  <div class='ocr_page' id='page_1' title='image "/cluster/home/n/w/nwhite01/storage/ocr_20150623/126/umn.31951002477419r/108.png"; bbox 0 0 4072 6310; ppageno 0'>
   <div class='ocr_carea' id='block_1_1' title="bbox 237 254 342 310">
    <p class='ocr_par' dir='ltr' id='par_1_1' title="bbox 237 254 342 310">
     <span class='ocr_line' id='line_1_1' title="bbox 237 254 342 310; baseline -0.019 0"><span class='ocrx_word' id='word_1_1' title='bbox 237 254 342 310; x_wconf 76' lang='grc'><strong>1⁵77</strong></span> 
     </span>
    </p>
   </div>
   <div class='ocr_carea' id='block_1_2' title="bbox 1631 255 2004 314">
    <p class='ocr_par' dir='ltr' id='par_1_2' title="bbox 1631 255 2004 314">
     <span class='ocr_line' id='line_1_2' title="bbox 1631 255 2004 314; baseline -0.005 -2"><span class='ocrx_word' id='word_1_2' title='bbox 1631 255 2004 314; x_wconf 73' lang='lat' dir='ltr'><strong>EPISTOLE.</strong></span> 
     </span>
    </p>
   </div>
   <div class='ocr_carea' id='block_1_3' title="bbox 3439 255 3543 319">
    <p class='ocr_par' dir='ltr' id='par_1_3' title="bbox 3439 255 3543 319">
     <span class='ocr_line' id='line_1_3' title="bbox 3439 255 3543 319; baseline -0.029 -1"><span class='ocrx_word' id='word_1_3' title='bbox 3439 255 3543 319; x_wconf 76' lang='grc'><strong>178</strong></span> 
     </span>
    </p>
   </div>
   <div class='ocr_carea' id='block_1_4' title="bbox 232 377 3540 453">
    <p class='ocr_par' dir='ltr' id='par_1_4' title="bbox 232 377 3540 453">
     <span class='ocr_line' id='line_1_4' title="bbox 232 377 3540 453; baseline 0.003 -20"><span class='ocrx_word' id='word_1_4' title='bbox 232 377 557 449; x_wconf 73' lang='lat' dir='ltr'><strong>iuramentis</strong></span> <span class='ocrx_word' id='word_1_5' title='bbox 597 377 941 450; x_wconf 76' lang='lat' dir='ltr'><strong>contemptis,</strong></span> <span class='ocrx_word' id='word_1_6' title='bbox 985 377 1119 435; x_wconf 90' lang='lat' dir='ltr'><strong>illud</strong></span> <span class='ocrx_word' id='word_1_7' title='bbox 1149 394 1377 452; x_wconf 82' lang='lat' dir='ltr'><strong>regnum</strong></span> <span class='ocrx_word' id='word_1_8' title='bbox 1417 379 1564 452; x_wconf 89' lang='lat' dir='ltr'><strong>quod</strong></span> <span class='ocrx_word' id='word_1_9' title='bbox 1577 379 1846 436; x_wconf 87' lang='lat' dir='ltr'><strong>.Lothario</strong></span> <span class='ocrx_word' id='word_1_10' title='bbox 1871 380 1928 442; x_wconf 86' lang='lat' dir='ltr'><strong>A</strong></span> <span class='ocrx_word' id='word_1_11' title='bbox 1947 381 2248 437; x_wconf 89' lang='lat' dir='ltr'><strong>secundum</strong></span> <span class='ocrx_word' id='word_1_12' title='bbox 2287 380 2535 438; x_wconf 85' lang='lat' dir='ltr'><strong>ordinem</strong></span> <span class='ocrx_word' id='word_1_13' title='bbox 2577 382 2860 452; x_wconf 68' lang='lat' dir='ltr'><strong>Ecclesiae,</strong></span> <span class='ocrx_word' id='word_1_14' title='bbox 2893 383 3007 442; x_wconf 86' lang='lat' dir='ltr'><strong>sive</strong></span> <span class='ocrx_word' id='word_1_15' title='bbox 3035 381 3179 443; x_wconf 90' lang='lat' dir='ltr'><strong>ultro</strong></span> <span class='ocrx_word' id='word_1_16' title='bbox 3207 384 3540 453; x_wconf 88' lang='lat' dir='ltr'><strong>confessum,</strong></span> 
     </span>
    </p>
   </div>
   <div class='ocr_carea' id='block_1_5' title="bbox 241 466 1846 540">
    <p class='ocr_par' dir='ltr' id='par_1_5' title="bbox 241 466 1846 540">
     <span class='ocr_line' id='line_1_5' title="bbox 241 466 1846 540; baseline 0.001 -18"><span class='ocrx_word' id='word_1_17' title='bbox 241 467 579 538; x_wconf 78' lang='lat' dir='ltr'><strong>imperatore</strong></span> <span class='ocrx_word' id='word_1_18' title='bbox 607 466 865 524; x_wconf 87' lang='lat' dir='ltr'><strong>defuncto</strong></span> <span class='ocrx_word' id='word_1_19' title='bbox 894 468 1116 524; x_wconf 90' lang='lat' dir='ltr'><strong>domino</strong></span> <span class='ocrx_word' id='word_1_20' title='bbox 1147 467 1500 524; x_wconf 85' lang='lat' dir='ltr'><strong>serenissimo</strong></span> <span class='ocrx_word' id='word_1_21' title='bbox 1528 468 1846 540; x_wconf 74' lang='lat' dir='ltr'><strong>imperatori</strong></span> 
     </span>
    </p>
   </div>
   <div class='ocr_carea' id='block_1_6' title="bbox 244 555 1841 626">
    <p class='ocr_par' dir='ltr' id='par_1_6' title="bbox 244 555 1841 626">
     <span class='ocr_line' id='line_1_6' title="bbox 244 555 1841 626; baseline -0.001 -14"><span class='ocrx_word' id='word_1_22' title='bbox 244 555 354 612; x_wconf 85' lang='lat' dir='ltr'><strong>ﬁlio</strong></span> <span class='ocrx_word' id='word_1_23' title='bbox 384 557 504 626; x_wconf 83' lang='lat' dir='ltr'><strong>ejus</strong></span> <span class='ocrx_word' id='word_1_24' title='bbox 535 556 770 612; x_wconf 79' lang='lat' dir='ltr'><strong>debetur</strong></span> <span class='ocrx_word' id='word_1_25' title='bbox 787 557 1004 623; x_wconf 81' lang='lat' dir='ltr'><strong>invasit,</strong></span> <span class='ocrx_word' id='word_1_26' title='bbox 1031 565 1083 612; x_wconf 90' lang='lat' dir='ltr'><strong>et</strong></span> <span class='ocrx_word' id='word_1_27' title='bbox 1097 555 1262 614; x_wconf 86' lang='lat' dir='ltr'><strong>ﬁdem</strong></span> <span class='ocrx_word' id='word_1_28' title='bbox 1277 557 1519 613; x_wconf 85' lang='lat' dir='ltr'><strong>debitam</strong></span> <span class='ocrx_word' id='word_1_29' title='bbox 1537 557 1800 613; x_wconf 80' lang='lat' dir='ltr'><strong>violavit?</strong></span> <span class='ocrx_word' id='word_1_30' title='bbox 1819 579 1841 608; x_wconf 80' lang='grc'><strong>»</strong></span> 
     </span>
    </p>
   </div>
   <div class='ocr_carea' id='block_1_7' title="bbox 247 645 1844 718">
    <p class='ocr_par' dir='ltr' id='par_1_7' title="bbox 247 645 1844 718">
     <span class='ocr_line' id='line_1_7' title="bbox 247 645 1844 718; baseline 0.001 -17"><span class='ocrx_word' id='word_1_31' title='bbox 247 645 592 701; x_wconf 69' lang='lat' dir='ltr'><strong>Reverentia:</strong></span> <span class='ocrx_word' id='word_1_32' title='bbox 647 653 848 701; x_wconf 74' lang='lat' dir='ltr'><strong>vestrae</strong></span> <span class='ocrx_word' id='word_1_33' title='bbox 891 645 1070 700; x_wconf 84' lang='lat' dir='ltr'><strong>debita</strong></span> <span class='ocrx_word' id='word_1_34' title='bbox 1125 645 1422 701; x_wconf 89' lang='lat' dir='ltr'><strong>humilitate</strong></span> <span class='ocrx_word' id='word_1_35' title='bbox 1479 646 1844 718; x_wconf 85' lang='lat' dir='ltr'><strong>respondebo,</strong></span> 
     </span>
    </p>
   </div>
   <div class='ocr_carea' id='block_1_8' title="bbox 247 733 1846 806">
    <p class='ocr_par' dir='ltr' id='par_1_8' title="bbox 247 733 1846 806">
     <span class='ocr_line' id='line_1_8' title="bbox 247 733 1846 806; baseline 0.002 -18"><span class='ocrx_word' id='word_1_36' title='bbox 247 733 508 806; x_wconf 87' lang='lat' dir='ltr'><strong>quoniam</strong></span> <span class='ocrx_word' id='word_1_37' title='bbox 536 733 644 790; x_wconf 86' lang='lat' dir='ltr'><strong>etsi</strong></span> <span class='ocrx_word' id='word_1_38' title='bbox 669 733 746 789; x_wconf 87' lang='lat' dir='ltr'><strong>ita</strong></span> <span class='ocrx_word' id='word_1_39' title='bbox 773 750 896 790; x_wconf 89' lang='lat' dir='ltr'><strong>esse</strong></span> <span class='ocrx_word' id='word_1_40' title='bbox 923 741 982 788; x_wconf 93' lang='lat' dir='ltr'><strong>ut</strong></span> <span class='ocrx_word' id='word_1_41' title='bbox 1011 733 1248 790; x_wconf 89' lang='lat' dir='ltr'><strong>scribitis</strong></span> <span class='ocrx_word' id='word_1_42' title='bbox 1296 734 1516 802; x_wconf 88' lang='lat' dir='ltr'><strong>scirem,</strong></span> <span class='ocrx_word' id='word_1_43' title='bbox 1561 751 1685 790; x_wconf 91' lang='lat' dir='ltr'><strong>cum</strong></span> <span class='ocrx_word' id='word_1_44' title='bbox 1728 735 1846 806; x_wconf 90' lang='lat' dir='ltr'><strong>ipse</strong></span> 
     </span>
    </p>
   </div>
   <div class='ocr_carea' id='block_1_9' title="bbox 244 821 1848 897">
    <p class='ocr_par' dir='ltr' id='par_1_9' title="bbox 244 821 1848 897">
     <span class='ocr_line' id='line_1_9' title="bbox 244 821 1848 897; baseline 0.001 -19"><span class='ocrx_word' id='word_1_45' title='bbox 244 838 339 878; x_wconf 82' lang='lat' dir='ltr'><strong>rex</strong></span> <span class='ocrx_word' id='word_1_46' title='bbox 371 822 609 879; x_wconf 79' lang='lat' dir='ltr'><strong>Carolus</strong></span> <span class='ocrx_word' id='word_1_47' title='bbox 635 822 709 878; x_wconf 89' lang='lat' dir='ltr'><strong>ita</strong></span> <span class='ocrx_word' id='word_1_48' title='bbox 736 839 860 878; x_wconf 90' lang='lat' dir='ltr'><strong>esse</strong></span> <span class='ocrx_word' id='word_1_49' title='bbox 888 837 999 878; x_wconf 89' lang='lat' dir='ltr'><strong>non</strong></span> <span class='ocrx_word' id='word_1_50' title='bbox 1027 821 1370 893; x_wconf 87' lang='lat' dir='ltr'><strong>conﬁteatur,</strong></span> <span class='ocrx_word' id='word_1_51' title='bbox 1415 839 1519 879; x_wconf 88' lang='lat' dir='ltr'><strong>nec</strong></span> <span class='ocrx_word' id='word_1_52' title='bbox 1559 823 1646 879; x_wconf 90' lang='lat' dir='ltr'><strong>vel</strong></span> <span class='ocrx_word' id='word_1_53' title='bbox 1682 823 1848 897; x_wconf 83' lang='lat' dir='ltr'><strong>legali</strong></span> 
     </span>
    </p>
   </div>
   <div class='ocr_carea' id='block_1_10' title="bbox 248 911 1848 984">
    <p class='ocr_par' dir='ltr' id='par_1_10' title="bbox 248 911 1848 984">
     <span class='ocr_line' id='line_1_10' title="bbox 248 911 1848 984; baseline 0.001 -17"><span class='ocrx_word' id='word_1_54' title='bbox 248 911 332 967; x_wconf 87' lang='lat' dir='ltr'><strong>vel</strong></span> <span class='ocrx_word' id='word_1_55' title='bbox 387 911 632 982; x_wconf 82' lang='lat' dir='ltr'><strong>regulari</strong></span> <span class='ocrx_word' id='word_1_56' title='bbox 683 911 888 980; x_wconf 91' lang='lat' dir='ltr'><strong>judicio</strong></span> <span class='ocrx_word' id='word_1_57' title='bbox 944 911 1072 967; x_wconf 92' lang='lat' dir='ltr'><strong>inde</strong></span> <span class='ocrx_word' id='word_1_58' title='bbox 1110 911 1390 968; x_wconf 89' lang='lat' dir='ltr'><strong>convictus</strong></span> <span class='ocrx_word' id='word_1_59' title='bbox 1449 919 1732 984; x_wconf 85' lang='lat' dir='ltr'><strong>appareat,</strong></span> <span class='ocrx_word' id='word_1_60' title='bbox 1795 921 1848 968; x_wconf 92' lang='lat' dir='ltr'><strong>et</strong></span> 
     </span>
    </p>
   </div>
   <div class='ocr_carea' id='block_1_11' title="bbox 250 999 1848 1074">
    <p class='ocr_par' dir='ltr' id='par_1_11' title="bbox 250 999 1848 1074">
     <span class='ocr_line' id='line_1_11' title="bbox 250 999 1848 1074; baseline 0.001 -19"><span class='ocrx_word' id='word_1_61' title='bbox 250 999 434 1055; x_wconf 88' lang='lat' dir='ltr'><strong>multis</strong></span> <span class='ocrx_word' id='word_1_62' title='bbox 462 999 842 1074; x_wconf 87' lang='lat' dir='ltr'><strong>attestantibus</strong></span> <span class='ocrx_word' id='word_1_63' title='bbox 871 999 1102 1056; x_wconf 87' lang='lat' dir='ltr'><strong>fateatur</strong></span> <span class='ocrx_word' id='word_1_64' title='bbox 1128 1002 1271 1056; x_wconf 89' lang='lat' dir='ltr'><strong>hanc</strong></span> <span class='ocrx_word' id='word_1_65' title='bbox 1298 1001 1457 1074; x_wconf 83' lang='lat' dir='ltr'><strong>regni</strong></span> <span class='ocrx_word' id='word_1_66' title='bbox 1499 1009 1714 1072; x_wconf 88' lang='lat' dir='ltr'><strong>partem</strong></span> <span class='ocrx_word' id='word_1_67' title='bbox 1743 1001 1848 1056; x_wconf 90' lang='lat' dir='ltr'><strong>sibi</strong></span> 
     </span>
    </p>
   </div>
   <div class='ocr_carea' id='block_1_12' title="bbox 251 1087 1846 1162">
    <p class='ocr_par' dir='ltr' id='par_1_12' title="bbox 251 1087 1846 1162">
     <span class='ocr_line' id='line_1_12' title="bbox 251 1087 1846 1162; baseline 0.001 -18"><span class='ocrx_word' id='word_1_68' title='bbox 251 1104 281 1144; x_wconf 85' lang='lat' dir='ltr'><strong>a</strong></span> <span class='ocrx_word' id='word_1_69' title='bbox 305 1096 460 1160; x_wconf 83' lang='lat' dir='ltr'><strong>patre</strong></span> <span class='ocrx_word' id='word_1_70' title='bbox 488 1087 762 1145; x_wconf 88' lang='lat' dir='ltr'><strong>Ludovico</strong></span> <span class='ocrx_word' id='word_1_71' title='bbox 801 1091 1068 1162; x_wconf 80' lang='lat' dir='ltr'><strong>Augusto,</strong></span> <span class='ocrx_word' id='word_1_72' title='bbox 1119 1105 1389 1145; x_wconf 90' lang='lat' dir='ltr'><strong>consensu</strong></span> <span class='ocrx_word' id='word_1_73' title='bbox 1415 1097 1524 1145; x_wconf 89' lang='lat' dir='ltr'><strong>tam</strong></span> <span class='ocrx_word' id='word_1_74' title='bbox 1555 1091 1846 1162; x_wconf 90' lang='lat' dir='ltr'><strong>episcopo-</strong></span> 
     </span>
    </p>
   </div>
   <div class='ocr_carea' id='block_1_13' title="bbox 251 1179 1848 1250">
    <p class='ocr_par' dir='ltr' id='par_1_13' title="bbox 251 1179 1848 1250">
     <span class='ocr_line' id='line_1_13' title="bbox 251 1179 1848 1250; baseline 0.001 -18"><span class='ocrx_word' id='word_1_75' title='bbox 251 1193 368 1232; x_wconf 90' lang='lat' dir='ltr'><strong>rum</strong></span> <span class='ocrx_word' id='word_1_76' title='bbox 426 1192 595 1250; x_wconf 90' lang='lat' dir='ltr'><strong>quam</strong></span> <span class='ocrx_word' id='word_1_77' title='bbox 659 1183 984 1234; x_wconf 72' lang='lat' dir='ltr'><strong>caeterorum</strong></span> <span class='ocrx_word' id='word_1_78' title='bbox 1050 1193 1344 1249; x_wconf 88' lang='lat' dir='ltr'><strong>procerum</strong></span> <span class='ocrx_word' id='word_1_79' title='bbox 1416 1179 1578 1234; x_wconf 85' lang='lat' dir='ltr'><strong>totius</strong></span> <span class='ocrx_word' id='word_1_80' title='bbox 1632 1179 1848 1250; x_wconf 89' lang='lat' dir='ltr'><strong>imperii</strong></span> 
     </span>
    </p>
   </div>
   <div class='ocr_carea' id='block_1_14' title="bbox 253 1265 1846 1338">
    <p class='ocr_par' dir='ltr' id='par_1_14' title="bbox 253 1265 1846 1338">
     <span class='ocr_line' id='line_1_14' title="bbox 253 1265 1846 1338; baseline 0.003 -18"><span class='ocrx_word' id='word_1_81' title='bbox 253 1265 524 1335; x_wconf 80' lang='lat' dir='ltr'><strong>traditam,</strong></span> <span class='ocrx_word' id='word_1_82' title='bbox 571 1273 623 1322; x_wconf 94' lang='lat' dir='ltr'><strong>et</strong></span> <span class='ocrx_word' id='word_1_83' title='bbox 671 1281 704 1322; x_wconf 89' lang='lat' dir='ltr'><strong>a</strong></span> <span class='ocrx_word' id='word_1_84' title='bbox 732 1265 893 1322; x_wconf 87' lang='lat' dir='ltr'><strong>fratre</strong></span> <span class='ocrx_word' id='word_1_85' title='bbox 940 1267 1195 1322; x_wconf 90' lang='lat' dir='ltr'><strong>Lothario</strong></span> <span class='ocrx_word' id='word_1_86' title='bbox 1238 1275 1577 1324; x_wconf 88' lang='lat' dir='ltr'><strong>sacramento</strong></span> <span class='ocrx_word' id='word_1_87' title='bbox 1631 1267 1846 1338; x_wconf 90' lang='lat' dir='ltr'><strong>publice</strong></span> 
     </span>
    </p>
   </div>
   <div class='ocr_carea' id='block_1_15' title="bbox 251 1353 1848 1426">
    <p class='ocr_par' dir='ltr' id='par_1_15' title="bbox 251 1353 1848 1426">
     <span class='ocr_line' id='line_1_15' title="bbox 251 1353 1848 1426; baseline 0.001 -15"><span class='ocrx_word' id='word_1_88' title='bbox 251 1353 642 1425; x_wconf 84' lang='lat' dir='ltr'><strong>conﬁrmatam,</strong></span> <span class='ocrx_word' id='word_1_89' title='bbox 701 1355 1040 1426; x_wconf 86' lang='lat' dir='ltr'><strong>sequendum</strong></span> <span class='ocrx_word' id='word_1_90' title='bbox 1103 1363 1284 1412; x_wconf 89' lang='lat' dir='ltr'><strong>tamen</strong></span> <span class='ocrx_word' id='word_1_91' title='bbox 1355 1355 1486 1410; x_wconf 90' lang='lat' dir='ltr'><strong>mihi</strong></span> <span class='ocrx_word' id='word_1_92' title='bbox 1554 1356 1848 1412; x_wconf 86' lang='lat' dir='ltr'><strong>arbitrarer</strong></span> 
     </span>
    </p>
   </div>
   <div class='ocr_carea' id='block_1_16' title="bbox 252 1443 1846 1514">
    <p class='ocr_par' dir='ltr' id='par_1_16' title="bbox 252 1443 1846 1514">
     <span class='ocr_line' id='line_1_16' title="bbox 252 1443 1846 1514; baseline 0 -16"><span class='ocrx_word' id='word_1_93' title='bbox 252 1443 395 1514; x_wconf 89' lang='lat' dir='ltr'><strong>quod</strong></span> <span class='ocrx_word' id='word_1_94' title='bbox 439 1443 732 1514; x_wconf 65' lang='lat' dir='ltr'><strong>praemisso</strong></span> <span class='ocrx_word' id='word_1_95' title='bbox 769 1443 976 1512; x_wconf 90' lang='lat' dir='ltr'><strong>judicio</strong></span> <span class='ocrx_word' id='word_1_96' title='bbox 1021 1443 1150 1498; x_wconf 89' lang='lat' dir='ltr'><strong>dicit</strong></span> <span class='ocrx_word' id='word_1_97' title='bbox 1193 1443 1508 1500; x_wconf 81' lang='lat' dir='ltr'><strong>Africanum</strong></span> <span class='ocrx_word' id='word_1_98' title='bbox 1555 1443 1846 1500; x_wconf 86' lang='lat' dir='ltr'><strong>concilium</strong></span> 
     </span>
    </p>
   </div>
   <div class='ocr_carea' id='block_1_17' title="bbox 250 1531 1848 1604">
    <p class='ocr_par' dir='ltr' id='par_1_17' title="bbox 250 1531 1848 1604">
     <span class='ocr_line' id='line_1_17' title="bbox 250 1531 1848 1604; baseline -0.001 -16"><span class='ocrx_word' id='word_1_99' title='bbox 250 1533 398 1603; x_wconf 84' lang='lat' dir='ltr'><strong>(can.</strong></span> <span class='ocrx_word' id='word_1_100' title='bbox 432 1531 561 1602; x_wconf 85' lang='grc'><strong>100)</strong></span> <span class='ocrx_word' id='word_1_101' title='bbox 591 1548 610 1586; x_wconf 87' lang='lat'><strong>:</strong></span> <span class='ocrx_word' id='word_1_102' title='bbox 646 1553 669 1582; x_wconf 75' lang='grc' dir='ltr'><strong>α</strong></span> <span class='ocrx_word' id='word_1_103' title='bbox 704 1533 773 1588; x_wconf 89' lang='lat' dir='ltr'><strong>Ut</strong></span> <span class='ocrx_word' id='word_1_104' title='bbox 801 1531 980 1604; x_wconf 85' lang='lat' dir='ltr'><strong>magis</strong></span> <span class='ocrx_word' id='word_1_105' title='bbox 1022 1541 1210 1588; x_wconf 87' lang='lat' dir='ltr'><strong>caveat</strong></span> <span class='ocrx_word' id='word_1_106' title='bbox 1253 1533 1544 1604; x_wconf 91' lang='lat' dir='ltr'><strong>episcopus</strong></span> <span class='ocrx_word' id='word_1_107' title='bbox 1591 1548 1661 1588; x_wconf 92' lang='lat' dir='ltr'><strong>ne</strong></span> <span class='ocrx_word' id='word_1_108' title='bbox 1701 1533 1848 1588; x_wconf 84' lang='lat' dir='ltr'><strong>dicat</strong></span> 
     </span>
    </p>
   </div>
   <div class='ocr_carea' id='block_1_18' title="bbox 251 1619 1846 1692">
    <p class='ocr_par' dir='ltr' id='par_1_18' title="bbox 251 1619 1846 1692">
     <span class='ocr_line' id='line_1_18' title="bbox 251 1619 1846 1692; baseline 0.001 -18"><span class='ocrx_word' id='word_1_109' title='bbox 251 1619 306 1674; x_wconf 91' lang='lat' dir='ltr'><strong>in</strong></span> <span class='ocrx_word' id='word_1_110' title='bbox 359 1635 714 1692; x_wconf 88' lang='lat' dir='ltr'><strong>quemquam,</strong></span> <span class='ocrx_word' id='word_1_111' title='bbox 763 1621 912 1692; x_wconf 90' lang='lat' dir='ltr'><strong>quod</strong></span> <span class='ocrx_word' id='word_1_112' title='bbox 958 1619 1076 1674; x_wconf 89' lang='lat' dir='ltr'><strong>aliis</strong></span> <span class='ocrx_word' id='word_1_113' title='bbox 1123 1620 1466 1678; x_wconf 87' lang='lat' dir='ltr'><strong>documentis</strong></span> <span class='ocrx_word' id='word_1_114' title='bbox 1519 1621 1846 1677; x_wconf 90' lang='lat' dir='ltr'><strong>convincere</strong></span> 
     </span>
    </p>
   </div>
   <div class='ocr_carea' id='block_1_19' title="bbox 248 1715 647 1780">
    <p class='ocr_par' dir='ltr' id='par_1_19' title="bbox 248 1715 647 1780">
     <span class='ocr_line' id='line_1_19' title="bbox 248 1715 647 1780; baseline 0.005 -16"><span class='ocrx_word' id='word_1_115' title='bbox 248 1723 355 1764; x_wconf 92' lang='lat' dir='ltr'><strong>non</strong></span> <span class='ocrx_word' id='word_1_116' title='bbox 382 1715 584 1780; x_wconf 89' lang='lat' dir='ltr'><strong>potest.</strong></span> <span class='ocrx_word' id='word_1_117' title='bbox 622 1729 647 1756; x_wconf 74' lang='grc' dir='ltr'><strong><em>ι</em></strong></span> 
     </span>
    </p>
   </div>
   <div class='ocr_carea' id='block_1_20' title="bbox 1942 469 3037 543">
    <p class='ocr_par' dir='ltr' id='par_1_20' title="bbox 1942 469 3037 543">
     <span class='ocr_line' id='line_1_20' title="bbox 1942 469 3037 543; baseline 0.001 -19"><span class='ocrx_word' id='word_1_118' title='bbox 1942 469 2061 525; x_wconf 89' lang='lat' dir='ltr'><strong>sive</strong></span> <span class='ocrx_word' id='word_1_119' title='bbox 2094 479 2428 538; x_wconf 85' lang='lat' dir='ltr'><strong>accusatum,</strong></span> <span class='ocrx_word' id='word_1_120' title='bbox 2461 479 2622 543; x_wconf 88' lang='lat' dir='ltr'><strong>atque</strong></span> <span class='ocrx_word' id='word_1_121' title='bbox 2652 472 2976 530; x_wconf 90' lang='lat' dir='ltr'><strong>convictum.</strong></span> <span class='ocrx_word' id='word_1_122' title='bbox 3015 495 3037 525; x_wconf 68' lang='grc' dir='ltr'><strong>ι</strong></span> 
     </span>
    </p>
   </div>
   <div class='ocr_carea' id='block_1_21' title="bbox 2018 558 3544 636">
    <p class='ocr_par' dir='ltr' id='par_1_21' title="bbox 2018 558 3544 636">
     <span class='ocr_line' id='line_1_21' title="bbox 2018 558 3544 636; baseline 0.004 -22"><span class='ocrx_word' id='word_1_123' title='bbox 2018 558 2154 614; x_wconf 88' lang='lat' dir='ltr'><strong>Sunt</strong></span> <span class='ocrx_word' id='word_1_124' title='bbox 2185 559 2330 615; x_wconf 91' lang='lat' dir='ltr'><strong>enim</strong></span> <span class='ocrx_word' id='word_1_125' title='bbox 2351 560 2526 633; x_wconf 83' lang='lat' dir='ltr'><strong>leges,</strong></span> <span class='ocrx_word' id='word_1_126' title='bbox 2559 569 2612 616; x_wconf 92' lang='lat' dir='ltr'><strong>et</strong></span> <span class='ocrx_word' id='word_1_127' title='bbox 2631 576 2890 628; x_wconf 85' lang='lat' dir='ltr'><strong>canones,</strong></span> <span class='ocrx_word' id='word_1_128' title='bbox 2915 577 2979 618; x_wconf 90' lang='lat' dir='ltr'><strong>ac</strong></span> <span class='ocrx_word' id='word_1_129' title='bbox 2995 563 3215 618; x_wconf 87' lang='lat' dir='ltr'><strong>decreta</strong></span> <span class='ocrx_word' id='word_1_130' title='bbox 3235 564 3384 620; x_wconf 89' lang='lat' dir='ltr'><strong>sedis</strong></span> <span class='ocrx_word' id='word_1_131' title='bbox 3409 579 3544 636; x_wconf 89' lang='lat' dir='ltr'><strong>apo-</strong></span> 
     </span>
    </p>
   </div>
   <div class='ocr_carea' id='block_1_22' title="bbox 1947 646 3544 724">
    <p class='ocr_par' dir='ltr' id='par_1_22' title="bbox 1947 646 3544 724">
     <span class='ocr_line' id='line_1_22' title="bbox 1947 646 3544 724; baseline 0.003 -23"><span class='ocrx_word' id='word_1_132' title='bbox 1947 646 2152 703; x_wconf 70' lang='lat' dir='ltr'><strong>stolicae</strong></span> <span class='ocrx_word' id='word_1_133' title='bbox 2179 663 2244 703; x_wconf 87' lang='lat' dir='ltr'><strong>ex</strong></span> <span class='ocrx_word' id='word_1_134' title='bbox 2289 649 2492 704; x_wconf 91' lang='lat' dir='ltr'><strong>eisdem</strong></span> <span class='ocrx_word' id='word_1_135' title='bbox 2543 651 2838 705; x_wconf 89' lang='lat' dir='ltr'><strong>canonibus</strong></span> <span class='ocrx_word' id='word_1_136' title='bbox 2875 651 3236 724; x_wconf 81' lang='lat' dir='ltr'><strong>promulgata,</strong></span> <span class='ocrx_word' id='word_1_137' title='bbox 3269 669 3390 724; x_wconf 72' lang='lat' dir='ltr'><strong>quae</strong></span> <span class='ocrx_word' id='word_1_138' title='bbox 3417 667 3544 706; x_wconf 84' lang='lat' dir='ltr'><strong>ma-</strong></span> 
     </span>
    </p>
   </div>
   <div class='ocr_carea' id='block_1_23' title="bbox 1945 734 3548 812">
    <p class='ocr_par' dir='ltr' id='par_1_23' title="bbox 1945 734 3548 812">
     <span class='ocr_line' id='line_1_23' title="bbox 1945 734 3548 812; baseline 0.004 -23"><span class='ocrx_word' id='word_1_139' title='bbox 1945 734 2200 791; x_wconf 87' lang='lat' dir='ltr'><strong>nifestant</strong></span> <span class='ocrx_word' id='word_1_140' title='bbox 2247 737 2478 809; x_wconf 84' lang='lat' dir='ltr'><strong>qualiter</strong></span> <span class='ocrx_word' id='word_1_141' title='bbox 2521 746 2572 793; x_wconf 90' lang='lat' dir='ltr'><strong>et</strong></span> <span class='ocrx_word' id='word_1_142' title='bbox 2599 755 2630 792; x_wconf 88' lang='lat' dir='ltr'><strong>a</strong></span> <span class='ocrx_word' id='word_1_143' title='bbox 2658 738 2876 811; x_wconf 90' lang='lat' dir='ltr'><strong>quibus,</strong></span> <span class='ocrx_word' id='word_1_144' title='bbox 2922 738 3010 794; x_wconf 86' lang='lat' dir='ltr'><strong>vel</strong></span> <span class='ocrx_word' id='word_1_145' title='bbox 3038 739 3132 794; x_wconf 91' lang='lat' dir='ltr'><strong>ubi</strong></span> <span class='ocrx_word' id='word_1_146' title='bbox 3177 739 3298 812; x_wconf 89' lang='lat' dir='ltr'><strong>quis</strong></span> <span class='ocrx_word' id='word_1_147' title='bbox 3352 741 3548 796; x_wconf 87' lang='lat' dir='ltr'><strong>debeat</strong></span> 
     </span>
    </p>
   </div>
   <div class='ocr_carea' id='block_1_24' title="bbox 1947 825 3542 900">
    <p class='ocr_par' dir='ltr' id='par_1_24' title="bbox 1947 825 3542 900">
     <span class='ocr_line' id='line_1_24' title="bbox 1947 825 3542 900; baseline 0.003 -20"><span class='ocrx_word' id='word_1_148' title='bbox 1947 825 2194 880; x_wconf 88' lang='lat' dir='ltr'><strong>accusari</strong></span> <span class='ocrx_word' id='word_1_149' title='bbox 2225 825 2311 882; x_wconf 90' lang='lat' dir='ltr'><strong>vel</strong></span> <span class='ocrx_word' id='word_1_150' title='bbox 2333 826 2568 900; x_wconf 86' lang='lat' dir='ltr'><strong>judicari</strong></span> <span class='ocrx_word' id='word_1_151' title='bbox 2593 845 2607 890; x_wconf 84' lang='lat'><strong>;</strong></span> <span class='ocrx_word' id='word_1_152' title='bbox 2631 828 2700 882; x_wconf 89' lang='lat' dir='ltr'><strong>de</strong></span> <span class='ocrx_word' id='word_1_153' title='bbox 2730 828 2928 898; x_wconf 90' lang='lat' dir='ltr'><strong>quibus</strong></span> <span class='ocrx_word' id='word_1_154' title='bbox 2959 835 3178 886; x_wconf 87' lang='lat' dir='ltr'><strong>sanctus</strong></span> <span class='ocrx_word' id='word_1_155' title='bbox 3208 829 3542 900; x_wconf 77' lang='lat' dir='ltr'><strong>Augustinus</strong></span> 
     </span>
    </p>
   </div>
   <div class='ocr_carea' id='block_1_25' title="bbox 1945 911 3543 990">
    <p class='ocr_par' dir='ltr' id='par_1_25' title="bbox 1945 911 3543 990">
     <span class='ocr_line' id='line_1_25' title="bbox 1945 911 3543 990; baseline 0.003 -23"><span class='ocrx_word' id='word_1_156' title='bbox 1945 911 2002 967; x_wconf 89' lang='lat' dir='ltr'><strong>in</strong></span> <span class='ocrx_word' id='word_1_157' title='bbox 2031 913 2171 968; x_wconf 88' lang='lat' dir='ltr'><strong>libro</strong></span> <span class='ocrx_word' id='word_1_158' title='bbox 2200 914 2270 969; x_wconf 91' lang='lat' dir='ltr'><strong>de</strong></span> <span class='ocrx_word' id='word_1_159' title='bbox 2299 930 2432 970; x_wconf 88' lang='lat' dir='ltr'><strong>vera</strong></span> <span class='ocrx_word' id='word_1_160' title='bbox 2461 915 2745 986; x_wconf 81' lang='lat' dir='ltr'><strong>Religione</strong></span> <span class='ocrx_word' id='word_1_161' title='bbox 2775 917 2922 990; x_wconf 87' lang='lat' dir='ltr'><strong>(cap.</strong></span> <span class='ocrx_word' id='word_1_162' title='bbox 2955 917 3047 989; x_wconf 89' lang='grc'><strong>31)</strong></span> <span class='ocrx_word' id='word_1_163' title='bbox 3079 917 3208 973; x_wconf 90' lang='lat' dir='ltr'><strong>dicit</strong></span> <span class='ocrx_word' id='word_1_164' title='bbox 3235 934 3250 971; x_wconf 89' lang='lat'><strong>:</strong></span> <span class='ocrx_word' id='word_1_165' title='bbox 3284 937 3307 968; x_wconf 72' lang='grc' dir='ltr'>ι</span> <span class='ocrx_word' id='word_1_166' title='bbox 3333 918 3394 972; x_wconf 86' lang='lat' dir='ltr'><strong>In</strong></span> <span class='ocrx_word' id='word_1_167' title='bbox 3421 917 3543 972; x_wconf 87' lang='lat' dir='ltr'><strong>istis</strong></span> 
     </span>
    </p>
   </div>
   <div class='ocr_carea' id='block_1_26' title="bbox 1945 1001 3544 1080">
    <p class='ocr_par' dir='ltr' id='par_1_26' title="bbox 1945 1001 3544 1080">
     <span class='ocr_line' id='line_1_26' title="bbox 1945 1001 3544 1080; baseline 0.004 -27"><span class='ocrx_word' id='word_1_168' title='bbox 1945 1001 2334 1072; x_wconf 86' lang='lat' dir='ltr'><strong>temporalibus</strong></span> <span class='ocrx_word' id='word_1_169' title='bbox 2388 1003 2624 1074; x_wconf 80' lang='lat' dir='ltr'><strong>legibus,</strong></span> <span class='ocrx_word' id='word_1_170' title='bbox 2683 1021 2989 1080; x_wconf 84' lang='lat' dir='ltr'><strong>quanquam</strong></span> <span class='ocrx_word' id='word_1_171' title='bbox 3043 1005 3113 1061; x_wconf 89' lang='lat' dir='ltr'><strong>de</strong></span> <span class='ocrx_word' id='word_1_172' title='bbox 3169 1005 3252 1060; x_wconf 87' lang='lat' dir='ltr'><strong>his</strong></span> <span class='ocrx_word' id='word_1_173' title='bbox 3293 1005 3544 1061; x_wconf 87' lang='lat' dir='ltr'><strong>homines</strong></span> 
     </span>
    </p>
   </div>
   <div class='ocr_carea' id='block_1_27' title="bbox 1939 1089 3543 1160">
    <p class='ocr_par' dir='ltr' id='par_1_27' title="bbox 1939 1089 3543 1160">
     <span class='ocr_line' id='line_1_27' title="bbox 1939 1089 3543 1160; baseline 0.003 -16"><span class='ocrx_word' id='word_1_174' title='bbox 1939 1089 2184 1160; x_wconf 89' lang='lat' dir='ltr'><strong>judicent</strong></span> <span class='ocrx_word' id='word_1_175' title='bbox 2213 1107 2338 1148; x_wconf 90' lang='lat' dir='ltr'><strong>cum</strong></span> <span class='ocrx_word' id='word_1_176' title='bbox 2369 1107 2464 1147; x_wconf 89' lang='lat' dir='ltr'><strong>eas</strong></span> <span class='ocrx_word' id='word_1_177' title='bbox 2494 1093 2797 1159; x_wconf 89' lang='lat' dir='ltr'><strong>instituunt,</strong></span> <span class='ocrx_word' id='word_1_178' title='bbox 2847 1101 3027 1150; x_wconf 88' lang='lat' dir='ltr'><strong>tamen</strong></span> <span class='ocrx_word' id='word_1_179' title='bbox 3074 1111 3197 1152; x_wconf 90' lang='lat' dir='ltr'><strong>cum</strong></span> <span class='ocrx_word' id='word_1_180' title='bbox 3227 1094 3429 1149; x_wconf 89' lang='lat' dir='ltr'><strong>fuerint</strong></span> <span class='ocrx_word' id='word_1_181' title='bbox 3455 1095 3543 1149; x_wconf 92' lang='lat' dir='ltr'><strong>in-</strong></span> 
     </span>
    </p>
   </div>
   <div class='ocr_carea' id='block_1_28' title="bbox 1945 1177 3542 1255">
    <p class='ocr_par' dir='ltr' id='par_1_28' title="bbox 1945 1177 3542 1255">
     <span class='ocr_line' id='line_1_28' title="bbox 1945 1177 3542 1255; baseline 0.004 -23"><span class='ocrx_word' id='word_1_182' title='bbox 1945 1177 2142 1235; x_wconf 77' lang='lat' dir='ltr'><strong>stitutas</strong></span> <span class='ocrx_word' id='word_1_183' title='bbox 2185 1187 2348 1252; x_wconf 90' lang='lat' dir='ltr'><strong>atque</strong></span> <span class='ocrx_word' id='word_1_184' title='bbox 2395 1179 2639 1248; x_wconf 63' lang='lat' dir='ltr'><strong>ﬁrmatas,</strong></span> <span class='ocrx_word' id='word_1_185' title='bbox 2691 1197 2801 1237; x_wconf 89' lang='lat' dir='ltr'><strong>non</strong></span> <span class='ocrx_word' id='word_1_186' title='bbox 2845 1181 3026 1239; x_wconf 89' lang='lat' dir='ltr'><strong>licebit</strong></span> <span class='ocrx_word' id='word_1_187' title='bbox 3069 1183 3240 1253; x_wconf 90' lang='lat' dir='ltr'><strong>judici</strong></span> <span class='ocrx_word' id='word_1_188' title='bbox 3283 1183 3352 1238; x_wconf 92' lang='lat' dir='ltr'><strong>de</strong></span> <span class='ocrx_word' id='word_1_189' title='bbox 3409 1183 3542 1255; x_wconf 89' lang='lat' dir='ltr'><strong>ipsis</strong></span> 
     </span>
    </p>
   </div>
   <div class='ocr_carea' id='block_1_29' title="bbox 1939 1266 3546 1342">
    <p class='ocr_par' dir='ltr' id='par_1_29' title="bbox 1939 1266 3546 1342">
     <span class='ocr_line' id='line_1_29' title="bbox 1939 1266 3546 1342; baseline 0.004 -21"><span class='ocrx_word' id='word_1_190' title='bbox 1939 1266 2206 1336; x_wconf 88' lang='lat' dir='ltr'><strong>judicare,</strong></span> <span class='ocrx_word' id='word_1_191' title='bbox 2241 1269 2339 1325; x_wconf 88' lang='lat' dir='ltr'><strong>sed</strong></span> <span class='ocrx_word' id='word_1_192' title='bbox 2367 1271 2668 1326; x_wconf 87' lang='lat' dir='ltr'><strong>secundum</strong></span> <span class='ocrx_word' id='word_1_193' title='bbox 2697 1270 2864 1342; x_wconf 87' lang='lat' dir='ltr'><strong>ipsas.</strong></span> <span class='ocrx_word' id='word_1_194' title='bbox 2893 1292 2916 1322; x_wconf 68' lang='grc' dir='ltr'><strong>ι</strong></span> <span class='ocrx_word' id='word_1_195' title='bbox 2950 1273 3018 1326; x_wconf 91' lang='lat' dir='ltr'><strong>Et</strong></span> <span class='ocrx_word' id='word_1_196' title='bbox 3046 1280 3264 1328; x_wconf 88' lang='lat' dir='ltr'><strong>sanctus</strong></span> <span class='ocrx_word' id='word_1_197' title='bbox 3294 1271 3546 1328; x_wconf 89' lang='lat' dir='ltr'><strong>Gelasius</strong></span> 
     </span>
    </p>
   </div>
   <div class='ocr_carea' id='block_1_30' title="bbox 1941 1354 3543 1432">
    <p class='ocr_par' dir='ltr' id='par_1_30' title="bbox 1941 1354 3543 1432">
     <span class='ocr_line' id='line_1_30' title="bbox 1941 1354 3543 1432; baseline 0.002 -22"><span class='ocrx_word' id='word_1_198' title='bbox 1941 1354 2002 1410; x_wconf 91' lang='lat' dir='ltr'><strong>in</strong></span> <span class='ocrx_word' id='word_1_199' title='bbox 2029 1358 2266 1414; x_wconf 87' lang='lat' dir='ltr'><strong>decretis</strong></span> <span class='ocrx_word' id='word_1_200' title='bbox 2297 1357 2409 1413; x_wconf 91' lang='lat' dir='ltr'><strong>suis</strong></span> <span class='ocrx_word' id='word_1_201' title='bbox 2437 1359 2505 1414; x_wconf 92' lang='lat' dir='ltr'><strong>ad</strong></span> <span class='ocrx_word' id='word_1_202' title='bbox 2534 1358 2841 1415; x_wconf 86' lang='lat' dir='ltr'><strong>Orientales</strong></span> <span class='ocrx_word' id='word_1_203' title='bbox 2869 1359 3157 1432; x_wconf 89' lang='lat' dir='ltr'><strong>episcopos</strong></span> <span class='ocrx_word' id='word_1_204' title='bbox 3183 1379 3196 1416; x_wconf 93' lang='lat'>:</span> <span class='ocrx_word' id='word_1_205' title='bbox 3227 1381 3248 1411; x_wconf 75' lang='grc' dir='ltr'>ι</span> <span class='ocrx_word' id='word_1_206' title='bbox 3280 1361 3428 1426; x_wconf 86' lang='lat' dir='ltr'><strong>Ideo,</strong></span> <span class='ocrx_word' id='word_1_207' title='bbox 3459 1360 3543 1415; x_wconf 87' lang='lat' dir='ltr'><strong>in-</strong></span> 
     </span>
    </p>
   </div>
   <div class='ocr_carea' id='block_1_31' title="bbox 1947 1447 3539 1522">
    <p class='ocr_par' dir='ltr' id='par_1_31' title="bbox 1947 1447 3539 1522">
     <span class='ocr_line' id='line_1_31' title="bbox 1947 1447 3539 1522; baseline -0.001 -19"><span class='ocrx_word' id='word_1_208' title='bbox 1947 1449 2077 1522; x_wconf 90' lang='lat' dir='ltr'><strong>quit,</strong></span> <span class='ocrx_word' id='word_1_209' title='bbox 2113 1454 2338 1502; x_wconf 89' lang='lat' dir='ltr'><strong>vocatur</strong></span> <span class='ocrx_word' id='word_1_210' title='bbox 2367 1448 2435 1502; x_wconf 91' lang='lat' dir='ltr'><strong>ad</strong></span> <span class='ocrx_word' id='word_1_211' title='bbox 2457 1447 2724 1517; x_wconf 90' lang='lat' dir='ltr'><strong>judicium</strong></span> <span class='ocrx_word' id='word_1_212' title='bbox 2751 1455 2899 1504; x_wconf 89' lang='lat' dir='ltr'><strong>certa</strong></span> <span class='ocrx_word' id='word_1_213' title='bbox 2920 1465 3260 1521; x_wconf 68' lang='lat' dir='ltr'><strong>quaecunque</strong></span> <span class='ocrx_word' id='word_1_214' title='bbox 3280 1465 3539 1520; x_wconf 89' lang='lat' dir='ltr'><strong>persona,</strong></span> 
     </span>
    </p>
   </div>
   <div class='ocr_carea' id='block_1_32' title="bbox 1945 1535 3545 1608">
    <p class='ocr_par' dir='ltr' id='par_1_32' title="bbox 1945 1535 3545 1608">
     <span class='ocr_line' id='line_1_32' title="bbox 1945 1535 3545 1608; baseline 0 -16"><span class='ocrx_word' id='word_1_215' title='bbox 1945 1545 2002 1592; x_wconf 89' lang='lat' dir='ltr'><strong>ut</strong></span> <span class='ocrx_word' id='word_1_216' title='bbox 2028 1544 2119 1592; x_wconf 88' lang='lat' dir='ltr'><strong>aut</strong></span> <span class='ocrx_word' id='word_1_217' title='bbox 2161 1535 2398 1592; x_wconf 85' lang='lat' dir='ltr'><strong>fateatur</strong></span> <span class='ocrx_word' id='word_1_218' title='bbox 2433 1537 2666 1606; x_wconf 89' lang='lat' dir='ltr'><strong>objecta,</strong></span> <span class='ocrx_word' id='word_1_219' title='bbox 2709 1544 2799 1592; x_wconf 88' lang='lat' dir='ltr'><strong>aut</strong></span> <span class='ocrx_word' id='word_1_220' title='bbox 2839 1537 3088 1592; x_wconf 89' lang='lat' dir='ltr'><strong>vincatur</strong></span> <span class='ocrx_word' id='word_1_221' title='bbox 3131 1537 3378 1608; x_wconf 86' lang='lat' dir='ltr'><strong>objectis.</strong></span> <span class='ocrx_word' id='word_1_222' title='bbox 3418 1557 3443 1588; x_wconf 67' lang='grc' dir='ltr'><strong>ν</strong></span> <span class='ocrx_word' id='word_1_223' title='bbox 3475 1537 3545 1592; x_wconf 90' lang='lat' dir='ltr'><strong>Et</strong></span> 
     </span>
    </p>
   </div>
   <div class='ocr_carea' id='block_1_33' title="bbox 1945 1625 3542 1698">
    <p class='ocr_par' dir='ltr' id='par_1_33' title="bbox 1945 1625 3542 1698">
     <span class='ocr_line' id='line_1_33' title="bbox 1945 1625 3542 1698; baseline 0.001 -19"><span class='ocrx_word' id='word_1_224' title='bbox 1945 1625 2138 1680; x_wconf 85' lang='lat' dir='ltr'><strong>iterum</strong></span> <span class='ocrx_word' id='word_1_225' title='bbox 2171 1625 2248 1696; x_wconf 87' lang='lat' dir='ltr'><strong>(II</strong></span> <span class='ocrx_word' id='word_1_226' title='bbox 2274 1627 2396 1696; x_wconf 85' lang='lat' dir='ltr'><strong>Reg.</strong></span> <span class='ocrx_word' id='word_1_227' title='bbox 2431 1627 2529 1696; x_wconf 84' lang='lat' dir='ltr'><strong>xu)</strong></span> <span class='ocrx_word' id='word_1_228' title='bbox 2563 1642 2576 1680; x_wconf 89' lang='lat'><strong>:</strong></span> <span class='ocrx_word' id='word_1_229' title='bbox 2614 1647 2637 1676; x_wconf 73' lang='grc' dir='ltr'>ι</span> <span class='ocrx_word' id='word_1_230' title='bbox 2671 1626 2888 1680; x_wconf 83' lang='lat' dir='ltr'><strong>Nathan</strong></span> <span class='ocrx_word' id='word_1_231' title='bbox 2931 1626 3198 1697; x_wconf 86' lang='lat' dir='ltr'><strong>propheta</strong></span> <span class='ocrx_word' id='word_1_232' title='bbox 3225 1626 3406 1696; x_wconf 86' lang='lat' dir='ltr'><strong>palam</strong></span> <span class='ocrx_word' id='word_1_233' title='bbox 3435 1643 3542 1698; x_wconf 90' lang='lat' dir='ltr'><strong>pu-</strong></span> 
     </span>
    </p>
   </div>
   <div class='ocr_carea' id='block_1_34' title="bbox 1875 1712 3544 1800">
    <p class='ocr_par' dir='ltr' id='par_1_34' title="bbox 1875 1712 3544 1800">
     <span class='ocr_line' id='line_1_34' title="bbox 1875 1712 3544 1800; baseline 0.001 -32"><span class='ocrx_word' id='word_1_234' title='bbox 1875 1741 1930 1800; x_wconf 84' lang='lat' dir='ltr'><strong>B</strong></span> <span class='ocrx_word' id='word_1_235' title='bbox 1947 1713 2194 1786; x_wconf 89' lang='lat' dir='ltr'><strong>bliceque</strong></span> <span class='ocrx_word' id='word_1_236' title='bbox 2222 1714 2279 1766; x_wconf 90' lang='lat' dir='ltr'><strong>in</strong></span> <span class='ocrx_word' id='word_1_237' title='bbox 2311 1712 2446 1770; x_wconf 86' lang='lat' dir='ltr'><strong>facie</strong></span> <span class='ocrx_word' id='word_1_238' title='bbox 2475 1713 2624 1785; x_wconf 87' lang='lat' dir='ltr'><strong>regis</strong></span> <span class='ocrx_word' id='word_1_239' title='bbox 2652 1714 2823 1769; x_wconf 91' lang='lat' dir='ltr'><strong>David</strong></span> <span class='ocrx_word' id='word_1_240' title='bbox 2853 1723 2906 1768; x_wconf 90' lang='lat' dir='ltr'><strong>et</strong></span> <span class='ocrx_word' id='word_1_241' title='bbox 2931 1715 3280 1772; x_wconf 90' lang='lat' dir='ltr'><strong>commissum</strong></span> <span class='ocrx_word' id='word_1_242' title='bbox 3303 1730 3544 1786; x_wconf 87' lang='lat' dir='ltr'><strong>pronun-</strong></span> 
     </span>
    </p>
   </div>
   <div class='ocr_carea' id='block_1_35' title="bbox 316 1797 3546 1873">
    <p class='ocr_par' dir='ltr' id='par_1_35' title="bbox 316 1797 3546 1873">
     <span class='ocr_line' id='line_1_35' title="bbox 316 1797 3546 1873; baseline 0.002 -20"><span class='ocrx_word' id='word_1_243' title='bbox 316 1797 477 1854; x_wconf 89' lang='lat' dir='ltr'><strong>Unde</strong></span> <span class='ocrx_word' id='word_1_244' title='bbox 534 1805 756 1853; x_wconf 89' lang='lat' dir='ltr'><strong>sanctus</strong></span> <span class='ocrx_word' id='word_1_245' title='bbox 821 1798 1176 1870; x_wconf 80' lang='lat' dir='ltr'><strong>Augustinus,</strong></span> <span class='ocrx_word' id='word_1_246' title='bbox 1235 1798 1328 1871; x_wconf 88' lang='lat' dir='ltr'><strong>qui</strong></span> <span class='ocrx_word' id='word_1_247' title='bbox 1383 1799 1562 1854; x_wconf 90' lang='lat' dir='ltr'><strong>eidem</strong></span> <span class='ocrx_word' id='word_1_248' title='bbox 1615 1797 1848 1855; x_wconf 91' lang='lat' dir='ltr'><strong>concilio</strong></span> <span class='ocrx_word' id='word_1_249' title='bbox 1876 1797 1920 1800; x_wconf 68' lang='lat'>_</span> <span class='ocrx_word' id='word_1_250' title='bbox 1949 1801 2100 1858; x_wconf 84' lang='lat' dir='ltr'><strong>tiavit</strong></span> <span class='ocrx_word' id='word_1_251' title='bbox 2129 1818 2396 1868; x_wconf 89' lang='lat' dir='ltr'><strong>errorem,</strong></span> <span class='ocrx_word' id='word_1_252' title='bbox 2429 1810 2482 1856; x_wconf 90' lang='lat' dir='ltr'><strong>et</strong></span> <span class='ocrx_word' id='word_1_253' title='bbox 2509 1803 2688 1873; x_wconf 86' lang='lat' dir='ltr'><strong>ipsum</strong></span> <span class='ocrx_word' id='word_1_254' title='bbox 2739 1803 3089 1858; x_wconf 90' lang='lat' dir='ltr'><strong>commissum</strong></span> <span class='ocrx_word' id='word_1_255' title='bbox 3132 1819 3243 1858; x_wconf 89' lang='lat' dir='ltr'><strong>non</strong></span> <span class='ocrx_word' id='word_1_256' title='bbox 3272 1802 3456 1869; x_wconf 90' lang='lat' dir='ltr'><strong>tacuit,</strong></span> <span class='ocrx_word' id='word_1_257' title='bbox 3490 1811 3546 1858; x_wconf 93' lang='lat' dir='ltr'><strong>et</strong></span> 
     </span>
    </p>
   </div>
   <div class='ocr_carea' id='block_1_36' title="bbox 247 1885 1847 1959">
    <p class='ocr_par' dir='ltr' id='par_1_36' title="bbox 247 1885 1847 1959">
     <span class='ocr_line' id='line_1_36' title="bbox 247 1885 1847 1959; baseline 0.003 -19"><span class='ocrx_word' id='word_1_258' title='bbox 247 1885 560 1941; x_wconf 82' lang='lat' dir='ltr'><strong>interfuisse</strong></span> <span class='ocrx_word' id='word_1_259' title='bbox 615 1885 836 1959; x_wconf 86' lang='lat' dir='ltr'><strong>legitur,</strong></span> <span class='ocrx_word' id='word_1_260' title='bbox 889 1903 923 1941; x_wconf 90' lang='lat' dir='ltr'><strong>a</strong></span> <span class='ocrx_word' id='word_1_261' title='bbox 969 1887 1100 1943; x_wconf 92' lang='lat' dir='ltr'><strong>sede</strong></span> <span class='ocrx_word' id='word_1_262' title='bbox 1147 1887 1461 1958; x_wconf 91' lang='lat' dir='ltr'><strong>apostolica,</strong></span> <span class='ocrx_word' id='word_1_263' title='bbox 1513 1887 1674 1942; x_wconf 90' lang='lat' dir='ltr'><strong>beato</strong></span> <span class='ocrx_word' id='word_1_264' title='bbox 1717 1888 1847 1944; x_wconf 68' lang='lat' dir='ltr'><strong>C(13-</strong></span> 
     </span>
    </p>
   </div>
   <div class='ocr_carea' id='block_1_37' title="bbox 247 1974 1848 2047">
    <p class='ocr_par' dir='ltr' id='par_1_37' title="bbox 247 1974 1848 2047">
     <span class='ocr_line' id='line_1_37' title="bbox 247 1974 1848 2047; baseline 0.001 -17"><span class='ocrx_word' id='word_1_265' title='bbox 247 1974 442 2030; x_wconf 86' lang='lat' dir='ltr'><strong>lestino</strong></span> <span class='ocrx_word' id='word_1_266' title='bbox 498 1975 752 2040; x_wconf 87' lang='lat' dir='ltr'><strong>docente,</strong></span> <span class='ocrx_word' id='word_1_267' title='bbox 812 1990 914 2045; x_wconf 91' lang='lat' dir='ltr'><strong>pro</strong></span> <span class='ocrx_word' id='word_1_268' title='bbox 967 1975 1076 2032; x_wconf 89' lang='lat' dir='ltr'><strong>vita</strong></span> <span class='ocrx_word' id='word_1_269' title='bbox 1133 1991 1228 2030; x_wconf 85' lang='lat' dir='ltr'><strong>sua</strong></span> <span class='ocrx_word' id='word_1_270' title='bbox 1291 1983 1456 2047; x_wconf 90' lang='lat' dir='ltr'><strong>atque</strong></span> <span class='ocrx_word' id='word_1_271' title='bbox 1523 1976 1730 2031; x_wconf 88' lang='lat' dir='ltr'><strong>meritis</strong></span> <span class='ocrx_word' id='word_1_272' title='bbox 1783 1991 1848 2033; x_wconf 90' lang='lat' dir='ltr'><strong>ac</strong></span> 
     </span>
    </p>
   </div>
   <div class='ocr_carea' id='block_1_38' title="bbox 245 2063 1844 2138">
    <p class='ocr_par' dir='ltr' id='par_1_38' title="bbox 245 2063 1844 2138">
     <span class='ocr_line' id='line_1_38' title="bbox 245 2063 1844 2138; baseline 0 -20"><span class='ocrx_word' id='word_1_273' title='bbox 245 2078 447 2136; x_wconf 87' lang='lat' dir='ltr'><strong>magna</strong></span> <span class='ocrx_word' id='word_1_274' title='bbox 475 2063 708 2119; x_wconf 89' lang='lat' dir='ltr'><strong>scientia</strong></span> <span class='ocrx_word' id='word_1_275' title='bbox 735 2063 874 2119; x_wconf 89' lang='lat' dir='ltr'><strong>inter</strong></span> <span class='ocrx_word' id='word_1_276' title='bbox 899 2065 1196 2138; x_wconf 77' lang='lat' dir='ltr'><strong>magistros</strong></span> <span class='ocrx_word' id='word_1_277' title='bbox 1242 2063 1476 2134; x_wconf 87' lang='lat' dir='ltr'><strong>optimus</strong></span> <span class='ocrx_word' id='word_1_278' title='bbox 1519 2064 1757 2128; x_wconf 89' lang='lat' dir='ltr'><strong>habitus,</strong></span> <span class='ocrx_word' id='word_1_279' title='bbox 1791 2065 1844 2118; x_wconf 93' lang='lat' dir='ltr'><strong>in</strong></span> 
     </span>
    </p>
   </div>
   <div class='ocr_carea' id='block_1_39' title="bbox 245 2143 1844 2226">
    <p class='ocr_par' dir='ltr' id='par_1_39' title="bbox 245 2143 1844 2226">
     <span class='ocr_line' id='line_1_39' title="bbox 245 2143 1844 2226; baseline 0.001 -20"><span class='ocrx_word' id='word_1_280' title='bbox 245 2151 386 2207; x_wconf 90' lang='lat' dir='ltr'><strong>libro</strong></span> <span class='ocrx_word' id='word_1_281' title='bbox 413 2152 486 2207; x_wconf 91' lang='lat' dir='ltr'><strong>de</strong></span> <span class='ocrx_word' id='word_1_282' title='bbox 515 2151 838 2207; x_wconf 74' lang='lat' dir='ltr'><strong>Pmnitentia</strong></span> <span class='ocrx_word' id='word_1_283' title='bbox 858 2152 987 2208; x_wconf 91' lang='lat' dir='ltr'><strong>dicit</strong></span> <span class='ocrx_word' id='word_1_284' title='bbox 1017 2143 1351 2224; x_wconf 27' lang='lat' dir='ltr'><strong>(homil.‘50,</strong></span> <span class='ocrx_word' id='word_1_285' title='bbox 1373 2171 1496 2226; x_wconf 85' lang='lat' dir='ltr'><strong>cap.</strong></span> <span class='ocrx_word' id='word_1_286' title='bbox 1531 2156 1586 2224; x_wconf 89' lang='lat'><strong>3)</strong></span> <span class='ocrx_word' id='word_1_287' title='bbox 1612 2171 1625 2207; x_wconf 90' lang='lat'>:</span> <span class='ocrx_word' id='word_1_288' title='bbox 1663 2175 1686 2204; x_wconf 78' lang='grc' dir='ltr'><strong>α</strong></span> <span class='ocrx_word' id='word_1_289' title='bbox 1720 2152 1844 2208; x_wconf 89' lang='lat' dir='ltr'><strong>Ple-</strong></span> 
     </span>
    </p>
   </div>
   <div class='ocr_carea' id='block_1_40' title="bbox 247 2239 1847 2312">
    <p class='ocr_par' dir='ltr' id='par_1_40' title="bbox 247 2239 1847 2312">
     <span class='ocr_line' id='line_1_40' title="bbox 247 2239 1847 2312; baseline 0 -16"><span class='ocrx_word' id='word_1_290' title='bbox 247 2241 404 2312; x_wconf 87' lang='lat' dir='ltr'><strong>rique</strong></span> <span class='ocrx_word' id='word_1_291' title='bbox 430 2240 561 2296; x_wconf 90' lang='lat' dir='ltr'><strong>boni</strong></span> <span class='ocrx_word' id='word_1_292' title='bbox 595 2240 884 2296; x_wconf 87' lang='lat' dir='ltr'><strong>Christiani</strong></span> <span class='ocrx_word' id='word_1_293' title='bbox 924 2249 1216 2312; x_wconf 88' lang='lat' dir='ltr'><strong>propterea</strong></span> <span class='ocrx_word' id='word_1_294' title='bbox 1265 2249 1464 2310; x_wconf 88' lang='lat' dir='ltr'><strong>tacent,</strong></span> <span class='ocrx_word' id='word_1_295' title='bbox 1499 2249 1552 2296; x_wconf 90' lang='lat' dir='ltr'><strong>et</strong></span> <span class='ocrx_word' id='word_1_296' title='bbox 1577 2239 1847 2297; x_wconf 81' lang='lat' dir='ltr'><strong>sufferunt</strong></span> 
     </span>
    </p>
   </div>
   <div class='ocr_carea' id='block_1_41' title="bbox 247 2329 1846 2402">
    <p class='ocr_par' dir='ltr' id='par_1_41' title="bbox 247 2329 1846 2402">
     <span class='ocr_line' id='line_1_41' title="bbox 247 2329 1846 2402; baseline 0 -16"><span class='ocrx_word' id='word_1_297' title='bbox 247 2329 422 2386; x_wconf 87' lang='lat' dir='ltr'><strong>aliena</strong></span> <span class='ocrx_word' id='word_1_298' title='bbox 451 2337 681 2402; x_wconf 85' lang='lat' dir='ltr'><strong>peccata</strong></span> <span class='ocrx_word' id='word_1_299' title='bbox 711 2346 834 2402; x_wconf 68' lang='lat' dir='ltr'><strong>qum</strong></span> <span class='ocrx_word' id='word_1_300' title='bbox 861 2339 1146 2398; x_wconf 86' lang='lat' dir='ltr'><strong>noverunt,</strong></span> <span class='ocrx_word' id='word_1_301' title='bbox 1179 2331 1303 2402; x_wconf 90' lang='lat' dir='ltr'><strong>quia</strong></span> <span class='ocrx_word' id='word_1_302' title='bbox 1332 2331 1671 2387; x_wconf 90' lang='lat' dir='ltr'><strong>documentis</strong></span> <span class='ocrx_word' id='word_1_303' title='bbox 1699 2347 1846 2402; x_wconf 84' lang='lat' dir='ltr'><strong>saepe</strong></span> 
     </span>
    </p>
   </div>
   <div class='ocr_carea' id='block_1_42' title="bbox 245 2419 1846 2491">
    <p class='ocr_par' dir='ltr' id='par_1_42' title="bbox 245 2419 1846 2491">
     <span class='ocr_line' id='line_1_42' title="bbox 245 2419 1846 2491; baseline 0.001 -17"><span class='ocrx_word' id='word_1_304' title='bbox 245 2420 592 2486; x_wconf 88' lang='lat' dir='ltr'><strong>deseruntur,</strong></span> <span class='ocrx_word' id='word_1_305' title='bbox 627 2426 680 2474; x_wconf 89' lang='lat' dir='ltr'><strong>et</strong></span> <span class='ocrx_word' id='word_1_306' title='bbox 707 2434 773 2474; x_wconf 89' lang='lat' dir='ltr'><strong>ea</strong></span> <span class='ocrx_word' id='word_1_307' title='bbox 803 2435 926 2491; x_wconf 74' lang='lat' dir='ltr'><strong>quae</strong></span> <span class='ocrx_word' id='word_1_308' title='bbox 951 2419 1057 2490; x_wconf 90' lang='lat' dir='ltr'><strong>ipsi</strong></span> <span class='ocrx_word' id='word_1_309' title='bbox 1085 2419 1264 2476; x_wconf 88' lang='lat' dir='ltr'><strong>sciunt</strong></span> <span class='ocrx_word' id='word_1_310' title='bbox 1289 2419 1561 2489; x_wconf 85' lang='lat' dir='ltr'><strong>indicibus</strong></span> <span class='ocrx_word' id='word_1_311' title='bbox 1578 2419 1846 2477; x_wconf 88' lang='lat' dir='ltr'><strong>ecclesia-</strong></span> 
     </span>
    </p>
   </div>
   <div class='ocr_carea' id='block_1_43' title="bbox 241 2507 1846 2580">
    <p class='ocr_par' dir='ltr' id='par_1_43' title="bbox 241 2507 1846 2580">
     <span class='ocr_line' id='line_1_43' title="bbox 241 2507 1846 2580; baseline 0 -16"><span class='ocrx_word' id='word_1_312' title='bbox 241 2508 390 2566; x_wconf 88' lang='lat' dir='ltr'><strong>sticis</strong></span> <span class='ocrx_word' id='word_1_313' title='bbox 417 2509 662 2580; x_wconf 89' lang='lat' dir='ltr'><strong>probare</strong></span> <span class='ocrx_word' id='word_1_314' title='bbox 691 2523 804 2564; x_wconf 91' lang='lat' dir='ltr'><strong>non</strong></span> <span class='ocrx_word' id='word_1_315' title='bbox 831 2516 1079 2580; x_wconf 88' lang='lat' dir='ltr'><strong>possunt.</strong></span> <span class='ocrx_word' id='word_1_316' title='bbox 1115 2507 1374 2577; x_wconf 82' lang='lat' dir='ltr'><strong>Quamvis</strong></span> <span class='ocrx_word' id='word_1_317' title='bbox 1405 2509 1710 2565; x_wconf 86' lang='lat' dir='ltr'><strong>enim-vera</strong></span> <span class='ocrx_word' id='word_1_318' title='bbox 1739 2509 1846 2564; x_wconf 87' lang='lat' dir='ltr'><strong>sint</strong></span> 
     </span>
    </p>
   </div>
   <div class='ocr_carea' id='block_1_44' title="bbox 247 2597 1843 2670">
    <p class='ocr_par' dir='ltr' id='par_1_44' title="bbox 247 2597 1843 2670">
     <span class='ocr_line' id='line_1_44' title="bbox 247 2597 1843 2670; baseline 0 -18"><span class='ocrx_word' id='word_1_319' title='bbox 247 2598 520 2670; x_wconf 63' lang='lat' dir='ltr'><strong>quadam,</strong></span> <span class='ocrx_word' id='word_1_320' title='bbox 575 2612 688 2653; x_wconf 91' lang='lat' dir='ltr'><strong>non</strong></span> <span class='ocrx_word' id='word_1_321' title='bbox 739 2604 922 2652; x_wconf 89' lang='lat' dir='ltr'><strong>tamen</strong></span> <span class='ocrx_word' id='word_1_322' title='bbox 959 2597 1127 2666; x_wconf 91' lang='lat' dir='ltr'><strong>judici</strong></span> <span class='ocrx_word' id='word_1_323' title='bbox 1172 2597 1330 2653; x_wconf 86' lang='lat' dir='ltr'><strong>facile</strong></span> <span class='ocrx_word' id='word_1_324' title='bbox 1374 2599 1650 2654; x_wconf 89' lang='lat' dir='ltr'><strong>credenda</strong></span> <span class='ocrx_word' id='word_1_325' title='bbox 1698 2606 1843 2666; x_wconf 88' lang='lat' dir='ltr'><strong>sunt,</strong></span> 
     </span>
    </p>
   </div>
   <div class='ocr_carea' id='block_1_45' title="bbox 247 2686 1847 2745">
    <p class='ocr_par' dir='ltr' id='par_1_45' title="bbox 247 2686 1847 2745">
     <span class='ocr_line' id='line_1_45' title="bbox 247 2686 1847 2745; baseline 0 -3"><span class='ocrx_word' id='word_1_326' title='bbox 247 2687 349 2742; x_wconf 86' lang='lat' dir='ltr'><strong>nisi</strong></span> <span class='ocrx_word' id='word_1_327' title='bbox 375 2686 546 2744; x_wconf 87' lang='lat' dir='ltr'><strong>certis</strong></span> <span class='ocrx_word' id='word_1_328' title='bbox 575 2686 793 2744; x_wconf 85' lang='lat' dir='ltr'><strong>indiciis</strong></span> <span class='ocrx_word' id='word_1_329' title='bbox 821 2687 1280 2743; x_wconf 87' lang='lat' dir='ltr'><strong>demonstrentur.</strong></span> <span class='ocrx_word' id='word_1_330' title='bbox 1325 2688 1440 2741; x_wconf 91' lang='lat' dir='ltr'><strong>Nos</strong></span> <span class='ocrx_word' id='word_1_331' title='bbox 1469 2703 1601 2742; x_wconf 90' lang='lat' dir='ltr'><strong>vero</strong></span> <span class='ocrx_word' id='word_1_332' title='bbox 1628 2704 1660 2742; x_wconf 91' lang='lat' dir='ltr'><strong>a</strong></span> <span class='ocrx_word' id='word_1_333' title='bbox 1689 2702 1847 2745; x_wconf 89' lang='lat' dir='ltr'><strong>com-</strong></span> 
     </span>
    </p>
   </div>
   <div class='ocr_carea' id='block_1_46' title="bbox 247 2775 1849 2849">
    <p class='ocr_par' dir='ltr' id='par_1_46' title="bbox 247 2775 1849 2849">
     <span class='ocr_line' id='line_1_46' title="bbox 247 2775 1849 2849; baseline -0.001 -17"><span class='ocrx_word' id='word_1_334' title='bbox 247 2775 503 2832; x_wconf 87' lang='lat' dir='ltr'><strong>munione</strong></span> <span class='ocrx_word' id='word_1_335' title='bbox 531 2791 864 2849; x_wconf 89' lang='lat' dir='ltr'><strong>quemquam</strong></span> <span class='ocrx_word' id='word_1_336' title='bbox 885 2775 1178 2846; x_wconf 87' lang='lat' dir='ltr'><strong>prohibere</strong></span> <span class='ocrx_word' id='word_1_337' title='bbox 1198 2791 1308 2830; x_wconf 90' lang='lat' dir='ltr'><strong>non</strong></span> <span class='ocrx_word' id='word_1_338' title='bbox 1323 2791 1633 2846; x_wconf 90' lang='lat' dir='ltr'><strong>possumus,</strong></span> <span class='ocrx_word' id='word_1_339' title='bbox 1657 2792 1849 2848; x_wconf 86' lang='lat' dir='ltr'><strong>quam-</strong></span> 
     </span>
    </p>
   </div>
   <div class='ocr_carea' id='block_1_47' title="bbox 245 2863 1846 2936">
    <p class='ocr_par' dir='ltr' id='par_1_47' title="bbox 245 2863 1846 2936">
     <span class='ocr_line' id='line_1_47' title="bbox 245 2863 1846 2936; baseline -0.002 -15"><span class='ocrx_word' id='word_1_340' title='bbox 245 2865 327 2921; x_wconf 89' lang='lat' dir='ltr'><strong>vis</strong></span> <span class='ocrx_word' id='word_1_341' title='bbox 357 2866 475 2921; x_wconf 66' lang='lat' dir='ltr'><strong>hmc</strong></span> <span class='ocrx_word' id='word_1_342' title='bbox 521 2864 816 2936; x_wconf 87' lang='lat' dir='ltr'><strong>prohibitio</strong></span> <span class='ocrx_word' id='word_1_343' title='bbox 861 2865 1104 2920; x_wconf 90' lang='lat' dir='ltr'><strong>nondum</strong></span> <span class='ocrx_word' id='word_1_344' title='bbox 1133 2863 1202 2918; x_wconf 90' lang='lat' dir='ltr'><strong>sit</strong></span> <span class='ocrx_word' id='word_1_345' title='bbox 1229 2864 1494 2931; x_wconf 89' lang='lat' dir='ltr'><strong>mortalis,</strong></span> <span class='ocrx_word' id='word_1_346' title='bbox 1541 2865 1640 2920; x_wconf 92' lang='lat' dir='ltr'><strong>sed</strong></span> <span class='ocrx_word' id='word_1_347' title='bbox 1669 2865 1846 2920; x_wconf 91' lang='lat' dir='ltr'><strong>medi-</strong></span> 
     </span>
    </p>
   </div>
   <div class='ocr_carea' id='block_1_48' title="bbox 246 2951 1847 3026">
    <p class='ocr_par' dir='ltr' id='par_1_48' title="bbox 246 2951 1847 3026">
     <span class='ocr_line' id='line_1_48' title="bbox 246 2951 1847 3026; baseline 0 -16"><span class='ocrx_word' id='word_1_348' title='bbox 246 2953 457 3021; x_wconf 89' lang='lat' dir='ltr'><strong>cinalis,</strong></span> <span class='ocrx_word' id='word_1_349' title='bbox 507 2953 615 3008; x_wconf 90' lang='lat' dir='ltr'><strong>nisi</strong></span> <span class='ocrx_word' id='word_1_350' title='bbox 657 2961 745 3008; x_wconf 90' lang='lat' dir='ltr'><strong>aut</strong></span> <span class='ocrx_word' id='word_1_351' title='bbox 789 2961 982 3024; x_wconf 89' lang='lat' dir='ltr'><strong>sponte</strong></span> <span class='ocrx_word' id='word_1_352' title='bbox 1025 2951 1358 3024; x_wconf 91' lang='lat' dir='ltr'><strong>confessum,</strong></span> <span class='ocrx_word' id='word_1_353' title='bbox 1388 2961 1480 3009; x_wconf 90' lang='lat' dir='ltr'><strong>aut</strong></span> <span class='ocrx_word' id='word_1_354' title='bbox 1507 2953 1688 3026; x_wconf 89' lang='lat' dir='ltr'><strong>aliquo</strong></span> <span class='ocrx_word' id='word_1_355' title='bbox 1732 2954 1847 3010; x_wconf 90' lang='lat' dir='ltr'><strong>sive</strong></span> 
     </span>
    </p>
   </div>
   <div class='ocr_carea' id='block_1_49' title="bbox 249 3041 1848 3115">
    <p class='ocr_par' dir='ltr' id='par_1_49' title="bbox 249 3041 1848 3115">
     <span class='ocr_line' id='line_1_49' title="bbox 249 3041 1848 3115; baseline -0.001 -16"><span class='ocrx_word' id='word_1_356' title='bbox 249 3042 514 3108; x_wconf 58' lang='lat' dir='ltr'><strong>saeculari,</strong></span> <span class='ocrx_word' id='word_1_357' title='bbox 551 3041 668 3098; x_wconf 79' lang='lat' dir='ltr'><strong>sive</strong></span> <span class='ocrx_word' id='word_1_358' title='bbox 695 3041 1066 3098; x_wconf 87' lang='lat' dir='ltr'><strong>ecclesiastico</strong></span> <span class='ocrx_word' id='word_1_359' title='bbox 1091 3042 1296 3111; x_wconf 90' lang='lat' dir='ltr'><strong>judicio</strong></span> <span class='ocrx_word' id='word_1_360' title='bbox 1315 3042 1654 3098; x_wconf 89' lang='lat' dir='ltr'><strong>nominatum</strong></span> <span class='ocrx_word' id='word_1_361' title='bbox 1683 3051 1848 3115; x_wconf 89' lang='lat' dir='ltr'><strong>atque</strong></span> 
     </span>
    </p>
   </div>
   <div class='ocr_carea' id='block_1_50' title="bbox 249 3129 1849 3202">
    <p class='ocr_par' dir='ltr' id='par_1_50' title="bbox 249 3129 1849 3202">
     <span class='ocr_line' id='line_1_50' title="bbox 249 3129 1849 3202; baseline 0.001 -16"><span class='ocrx_word' id='word_1_362' title='bbox 249 3130 573 3187; x_wconf 85' lang='lat' dir='ltr'><strong>convictum.</strong></span> <span class='ocrx_word' id='word_1_363' title='bbox 605 3129 742 3200; x_wconf 83' lang='lat' dir='ltr'><strong>Quis</strong></span> <span class='ocrx_word' id='word_1_364' title='bbox 769 3131 914 3186; x_wconf 90' lang='lat' dir='ltr'><strong>enim</strong></span> <span class='ocrx_word' id='word_1_365' title='bbox 943 3130 1046 3184; x_wconf 91' lang='lat' dir='ltr'><strong>sibi</strong></span> <span class='ocrx_word' id='word_1_366' title='bbox 1074 3137 1363 3202; x_wconf 89' lang='lat' dir='ltr'><strong>utrumque</strong></span> <span class='ocrx_word' id='word_1_367' title='bbox 1393 3131 1555 3186; x_wconf 89' lang='lat' dir='ltr'><strong>audet</strong></span> <span class='ocrx_word' id='word_1_368' title='bbox 1597 3147 1849 3188; x_wconf 89' lang='lat' dir='ltr'><strong>assume-</strong></span> 
     </span>
    </p>
   </div>
   <div class='ocr_carea' id='block_1_51' title="bbox 249 3219 1848 3290">
    <p class='ocr_par' dir='ltr' id='par_1_51' title="bbox 249 3219 1848 3290">
     <span class='ocr_line' id='line_1_51' title="bbox 249 3219 1848 3290; baseline 0 -16"><span class='ocrx_word' id='word_1_369' title='bbox 249 3235 323 3286; x_wconf 92' lang='lat' dir='ltr'><strong>re,</strong></span> <span class='ocrx_word' id='word_1_370' title='bbox 355 3228 417 3274; x_wconf 90' lang='lat' dir='ltr'><strong>ut</strong></span> <span class='ocrx_word' id='word_1_371' title='bbox 445 3219 701 3290; x_wconf 82' lang='lat' dir='ltr'><strong>cuiquam</strong></span> <span class='ocrx_word' id='word_1_372' title='bbox 737 3219 856 3290; x_wconf 90' lang='lat' dir='ltr'><strong>ipse</strong></span> <span class='ocrx_word' id='word_1_373' title='bbox 901 3219 970 3273; x_wconf 91' lang='lat' dir='ltr'><strong>sit</strong></span> <span class='ocrx_word' id='word_1_374' title='bbox 1017 3227 1302 3275; x_wconf 88' lang='lat' dir='ltr'><strong>accusator</strong></span> <span class='ocrx_word' id='word_1_375' title='bbox 1330 3227 1384 3275; x_wconf 92' lang='lat' dir='ltr'><strong>et</strong></span> <span class='ocrx_word' id='word_1_376' title='bbox 1407 3219 1575 3288; x_wconf 88' lang='lat' dir='ltr'><strong>judex</strong></span> <span class='ocrx_word' id='word_1_377' title='bbox 1596 3221 1624 3274; x_wconf 87' lang='lat'><strong><em>?</em></strong></span> <span class='ocrx_word' id='word_1_378' title='bbox 1650 3219 1848 3288; x_wconf 89' lang='lat' dir='ltr'><strong>Cujus-</strong></span> 
     </span>
    </p>
   </div>
   <div class='ocr_carea' id='block_1_52' title="bbox 248 3308 1848 3382">
    <p class='ocr_par' dir='ltr' id='par_1_52' title="bbox 248 3308 1848 3382">
     <span class='ocr_line' id='line_1_52' title="bbox 248 3308 1848 3382; baseline 0 -18"><span class='ocrx_word' id='word_1_379' title='bbox 248 3309 392 3364; x_wconf 87' lang='lat' dir='ltr'><strong>modi</strong></span> <span class='ocrx_word' id='word_1_380' title='bbox 420 3309 670 3382; x_wconf 85' lang='lat' dir='ltr'><strong>regulam</strong></span> <span class='ocrx_word' id='word_1_381' title='bbox 699 3308 863 3365; x_wconf 88' lang='lat' dir='ltr'><strong>etiam</strong></span> <span class='ocrx_word' id='word_1_382' title='bbox 891 3309 1089 3364; x_wconf 83' lang='lat' dir='ltr'><strong>Paulus</strong></span> <span class='ocrx_word' id='word_1_383' title='bbox 1117 3309 1398 3380; x_wconf 90' lang='lat' dir='ltr'><strong>apostolus</strong></span> <span class='ocrx_word' id='word_1_384' title='bbox 1428 3309 1485 3364; x_wconf 92' lang='lat' dir='ltr'><strong>in</strong></span> <span class='ocrx_word' id='word_1_385' title='bbox 1511 3308 1759 3380; x_wconf 86' lang='lat' dir='ltr'><strong>Epistola</strong></span> <span class='ocrx_word' id='word_1_386' title='bbox 1779 3309 1848 3364; x_wconf 87' lang='lat' dir='ltr'><strong>ad</strong></span> 
     </span>
    </p>
   </div>
   <div class='ocr_carea' id='block_1_53' title="bbox 247 3397 1848 3472">
    <p class='ocr_par' dir='ltr' id='par_1_53' title="bbox 247 3397 1848 3472">
     <span class='ocr_line' id='line_1_53' title="bbox 247 3397 1848 3472; baseline -0.001 -18"><span class='ocrx_word' id='word_1_387' title='bbox 247 3397 555 3454; x_wconf 89' lang='lat' dir='ltr'><strong>Corinthios</strong></span> <span class='ocrx_word' id='word_1_388' title='bbox 583 3397 826 3454; x_wconf 84' lang='lat' dir='ltr'><strong>breviter</strong></span> <span class='ocrx_word' id='word_1_389' title='bbox 854 3397 1162 3454; x_wconf 88' lang='lat' dir='ltr'><strong>insinuasse</strong></span> <span class='ocrx_word' id='word_1_390' title='bbox 1193 3397 1532 3472; x_wconf 83' lang='lat' dir='ltr'><strong>intelligitur,</strong></span> <span class='ocrx_word' id='word_1_391' title='bbox 1565 3413 1688 3454; x_wconf 89' lang='lat' dir='ltr'><strong>cum</strong></span> <span class='ocrx_word' id='word_1_392' title='bbox 1720 3398 1848 3470; x_wconf 90' lang='lat' dir='ltr'><strong>qui-</strong></span> 
     </span>
    </p>
   </div>
   <div class='ocr_carea' id='block_1_54' title="bbox 247 3487 1847 3554">
    <p class='ocr_par' dir='ltr' id='par_1_54' title="bbox 247 3487 1847 3554">
     <span class='ocr_line' id='line_1_54' title="bbox 247 3487 1847 3554; baseline 0 -12"><span class='ocrx_word' id='word_1_393' title='bbox 247 3487 470 3542; x_wconf 89' lang='lat' dir='ltr'><strong>busdam</strong></span> <span class='ocrx_word' id='word_1_394' title='bbox 501 3487 702 3543; x_wconf 87' lang='lat' dir='ltr'><strong>talibus</strong></span> <span class='ocrx_word' id='word_1_395' title='bbox 729 3487 1166 3544; x_wconf 86' lang='lat' dir='ltr'><strong>commemoratis</strong></span> <span class='ocrx_word' id='word_1_396' title='bbox 1194 3487 1535 3554; x_wconf 88' lang='lat' dir='ltr'><strong>criminibus,</strong></span> <span class='ocrx_word' id='word_1_397' title='bbox 1579 3487 1847 3544; x_wconf 89' lang='lat' dir='ltr'><strong>ecclesia-</strong></span> 
     </span>
    </p>
   </div>
   <div class='ocr_carea' id='block_1_55' title="bbox 246 3574 1848 3649">
    <p class='ocr_par' dir='ltr' id='par_1_55' title="bbox 246 3574 1848 3649">
     <span class='ocr_line' id='line_1_55' title="bbox 246 3574 1848 3649; baseline 0 -19"><span class='ocrx_word' id='word_1_398' title='bbox 246 3575 361 3632; x_wconf 90' lang='lat' dir='ltr'><strong>stici</strong></span> <span class='ocrx_word' id='word_1_399' title='bbox 383 3575 580 3646; x_wconf 88' lang='lat' dir='ltr'><strong>judicii</strong></span> <span class='ocrx_word' id='word_1_400' title='bbox 607 3574 840 3631; x_wconf 88' lang='lat' dir='ltr'><strong>formam</strong></span> <span class='ocrx_word' id='word_1_401' title='bbox 871 3577 942 3632; x_wconf 90' lang='lat' dir='ltr'><strong>ad</strong></span> <span class='ocrx_word' id='word_1_402' title='bbox 969 3577 1156 3632; x_wconf 89' lang='lat' dir='ltr'><strong>omnia</strong></span> <span class='ocrx_word' id='word_1_403' title='bbox 1201 3576 1395 3632; x_wconf 88' lang='lat' dir='ltr'><strong>similia</strong></span> <span class='ocrx_word' id='word_1_404' title='bbox 1425 3592 1491 3632; x_wconf 86' lang='lat' dir='ltr'><strong>ex</strong></span> <span class='ocrx_word' id='word_1_405' title='bbox 1523 3575 1848 3649; x_wconf 89' lang='lat' dir='ltr'><strong>quibusdam</strong></span> 
     </span>
    </p>
   </div>
   <div class='ocr_carea' id='block_1_56' title="bbox 247 3664 1849 3740">
    <p class='ocr_par' dir='ltr' id='par_1_56' title="bbox 247 3664 1849 3740">
     <span class='ocr_line' id='line_1_56' title="bbox 247 3664 1849 3740; baseline 0.001 -20"><span class='ocrx_word' id='word_1_406' title='bbox 247 3665 419 3732; x_wconf 89' lang='lat' dir='ltr'><strong>daret,</strong></span> <span class='ocrx_word' id='word_1_407' title='bbox 438 3664 512 3720; x_wconf 89' lang='lat' dir='ltr'><strong>ait</strong></span> <span class='ocrx_word' id='word_1_408' title='bbox 547 3681 560 3720; x_wconf 92' lang='lat'><strong>:</strong></span> <span class='ocrx_word' id='word_1_409' title='bbox 591 3665 807 3738; x_wconf 88' lang='lat' dir='ltr'><strong>Scripsi</strong></span> <span class='ocrx_word' id='word_1_410' title='bbox 824 3666 973 3722; x_wconf 85' lang='lat' dir='ltr'><strong>vobis</strong></span> <span class='ocrx_word' id='word_1_411' title='bbox 988 3667 1053 3722; x_wconf 89' lang='lat' dir='ltr'><strong>in</strong></span> <span class='ocrx_word' id='word_1_412' title='bbox 1069 3666 1336 3740; x_wconf 81' lang='lat' dir='ltr'><strong>Epistola,</strong></span> <span class='ocrx_word' id='word_1_413' title='bbox 1357 3682 1474 3722; x_wconf 90' lang='lat' dir='ltr'><strong>non</strong></span> <span class='ocrx_word' id='word_1_414' title='bbox 1493 3667 1849 3722; x_wconf 76' lang='lat' dir='ltr'><strong>commisceri</strong></span> 
     </span>
    </p>
   </div>
   <div class='ocr_carea' id='block_1_57' title="bbox 244 3754 1847 3827">
    <p class='ocr_par' dir='ltr' id='par_1_57' title="bbox 244 3754 1847 3827">
     <span class='ocr_line' id='line_1_57' title="bbox 244 3754 1847 3827; baseline 0 -15"><span class='ocrx_word' id='word_1_415' title='bbox 244 3756 595 3827; x_wconf 85' lang='lat' dir='ltr'><strong>fornicariis,</strong></span> <span class='ocrx_word' id='word_1_416' title='bbox 671 3761 726 3810; x_wconf 90' lang='lat' dir='ltr'><strong>et</strong></span> <span class='ocrx_word' id='word_1_417' title='bbox 767 3754 976 3826; x_wconf 90' lang='lat' dir='ltr'><strong>reliqua</strong></span> <span class='ocrx_word' id='word_1_418' title='bbox 1019 3755 1068 3825; x_wconf 89' lang='grc' dir='ltr'>(Ι</span> <span class='ocrx_word' id='word_1_419' title='bbox 1101 3756 1221 3812; x_wconf 87' lang='lat' dir='ltr'><strong>Cor.</strong></span> <span class='ocrx_word' id='word_1_420' title='bbox 1254 3771 1310 3822; x_wconf 91' lang='lat' dir='ltr'><strong>v,</strong></span> <span class='ocrx_word' id='word_1_421' title='bbox 1343 3759 1436 3822; x_wconf 88' lang='lat'><strong>9);</strong></span> <span class='ocrx_word' id='word_1_422' title='bbox 1469 3763 1522 3811; x_wconf 90' lang='lat' dir='ltr'><strong>et</strong></span> <span class='ocrx_word' id='word_1_423' title='bbox 1557 3755 1847 3827; x_wconf 88' lang='lat' dir='ltr'><strong>aliquando</strong></span> 
     </span>
    </p>
   </div>
   <div class='ocr_carea' id='block_1_58' title="bbox 247 3844 1849 3918">
    <p class='ocr_par' dir='ltr' id='par_1_58' title="bbox 247 3844 1849 3918">
     <span class='ocr_line' id='line_1_58' title="bbox 247 3844 1849 3918; baseline 0 -19"><span class='ocrx_word' id='word_1_424' title='bbox 247 3852 369 3916; x_wconf 90' lang='lat' dir='ltr'><strong>post</strong></span> <span class='ocrx_word' id='word_1_425' title='bbox 401 3861 418 3898; x_wconf 90' lang='lat'><strong>:</strong></span> <span class='ocrx_word' id='word_1_426' title='bbox 450 3844 512 3900; x_wconf 89' lang='lat' dir='ltr'><strong>Si</strong></span> <span class='ocrx_word' id='word_1_427' title='bbox 541 3844 666 3918; x_wconf 89' lang='lat' dir='ltr'><strong>quis</strong></span> <span class='ocrx_word' id='word_1_428' title='bbox 689 3847 876 3916; x_wconf 80' lang='lat' dir='ltr'><strong>frater</strong></span> <span class='ocrx_word' id='word_1_429' title='bbox 902 3845 1236 3901; x_wconf 81' lang='lat' dir='ltr'><strong>nominetur</strong></span> <span class='ocrx_word' id='word_1_430' title='bbox 1259 3848 1361 3901; x_wconf 87' lang='lat' dir='ltr'><strong>aut</strong></span> <span class='ocrx_word' id='word_1_431' title='bbox 1387 3845 1724 3916; x_wconf 80' lang='lat' dir='ltr'><strong>fornicator,</strong></span> <span class='ocrx_word' id='word_1_432' title='bbox 1744 3849 1849 3900; x_wconf 89' lang='lat' dir='ltr'><strong>aut</strong></span> 
     </span>
    </p>
   </div>
   <div class='ocr_carea' id='block_1_59' title="bbox 248 3933 1844 4006">
    <p class='ocr_par' dir='ltr' id='par_1_59' title="bbox 248 3933 1844 4006">
     <span class='ocr_line' id='line_1_59' title="bbox 248 3933 1844 4006; baseline -0.001 -16"><span class='ocrx_word' id='word_1_433' title='bbox 248 3949 451 4006; x_wconf 71' lang='lat' dir='ltr'><strong>rapax,</strong></span> <span class='ocrx_word' id='word_1_434' title='bbox 485 3949 618 3990; x_wconf 88' lang='lat' dir='ltr'><strong>cum</strong></span> <span class='ocrx_word' id='word_1_435' title='bbox 649 3933 925 4005; x_wconf 78' lang='lat' dir='ltr'><strong>ejusmodi</strong></span> <span class='ocrx_word' id='word_1_436' title='bbox 952 3949 1057 3990; x_wconf 89' lang='lat' dir='ltr'><strong>nec</strong></span> <span class='ocrx_word' id='word_1_437' title='bbox 1089 3935 1274 3990; x_wconf 83' lang='lat' dir='ltr'><strong>cibum</strong></span> <span class='ocrx_word' id='word_1_438' title='bbox 1309 3934 1530 4006; x_wconf 85' lang='lat' dir='ltr'><strong>quidem</strong></span> <span class='ocrx_word' id='word_1_439' title='bbox 1549 3934 1724 3990; x_wconf 81' lang='lat' dir='ltr'><strong>simul</strong></span> <span class='ocrx_word' id='word_1_440' title='bbox 1743 3951 1844 3990; x_wconf 91' lang='lat' dir='ltr'><strong>su-</strong></span> 
     </span>
    </p>
   </div>
   <div class='ocr_carea' id='block_1_60' title="bbox 247 4022 1845 4095">
    <p class='ocr_par' dir='ltr' id='par_1_60' title="bbox 247 4022 1845 4095">
     <span class='ocr_line' id='line_1_60' title="bbox 247 4022 1845 4095; baseline 0 -17"><span class='ocrx_word' id='word_1_441' title='bbox 247 4025 402 4079; x_wconf 84' lang='lat' dir='ltr'><strong>mite.</strong></span> <span class='ocrx_word' id='word_1_442' title='bbox 433 4023 578 4092; x_wconf 83' lang='lat' dir='ltr'><strong>Quid</strong></span> <span class='ocrx_word' id='word_1_443' title='bbox 597 4023 752 4078; x_wconf 89' lang='lat' dir='ltr'><strong>enim</strong></span> <span class='ocrx_word' id='word_1_444' title='bbox 770 4023 916 4078; x_wconf 88' lang='lat' dir='ltr'><strong>mihi</strong></span> <span class='ocrx_word' id='word_1_445' title='bbox 929 4023 994 4079; x_wconf 91' lang='lat' dir='ltr'><strong>de</strong></span> <span class='ocrx_word' id='word_1_446' title='bbox 1017 4022 1106 4078; x_wconf 85' lang='lat' dir='ltr'><strong>his</strong></span> <span class='ocrx_word' id='word_1_447' title='bbox 1125 4023 1221 4095; x_wconf 86' lang='lat' dir='ltr'><strong>qui</strong></span> <span class='ocrx_word' id='word_1_448' title='bbox 1235 4025 1377 4094; x_wconf 84' lang='lat' dir='ltr'><strong>foris</strong></span> <span class='ocrx_word' id='word_1_449' title='bbox 1395 4027 1534 4079; x_wconf 86' lang='lat' dir='ltr'><strong>sunt</strong></span> <span class='ocrx_word' id='word_1_450' title='bbox 1551 4023 1845 4093; x_wconf 77' lang='lat' dir='ltr'><strong>iudicare?</strong></span> 
     </span>
    </p>
   </div>
   <div class='ocr_carea' id='block_1_61' title="bbox 247 4111 1846 4184">
    <p class='ocr_par' dir='ltr' id='par_1_61' title="bbox 247 4111 1846 4184">
     <span class='ocr_line' id='line_1_61' title="bbox 247 4111 1846 4184; baseline -0.001 -16"><span class='ocrx_word' id='word_1_451' title='bbox 247 4127 436 4168; x_wconf 84' lang='lat' dir='ltr'><strong>nonne</strong></span> <span class='ocrx_word' id='word_1_452' title='bbox 469 4112 539 4167; x_wconf 87' lang='lat' dir='ltr'><strong>de</strong></span> <span class='ocrx_word' id='word_1_453' title='bbox 568 4111 656 4167; x_wconf 86' lang='lat' dir='ltr'><strong>his</strong></span> <span class='ocrx_word' id='word_1_454' title='bbox 693 4127 816 4184; x_wconf 75' lang='lat' dir='ltr'><strong>quae</strong></span> <span class='ocrx_word' id='word_1_455' title='bbox 849 4115 986 4166; x_wconf 89' lang='lat' dir='ltr'><strong>sunt</strong></span> <span class='ocrx_word' id='word_1_456' title='bbox 1019 4112 1176 4167; x_wconf 87' lang='lat' dir='ltr'><strong>inter</strong></span> <span class='ocrx_word' id='word_1_457' title='bbox 1211 4128 1302 4168; x_wconf 86' lang='lat' dir='ltr'><strong>vos</strong></span> <span class='ocrx_word' id='word_1_458' title='bbox 1335 4112 1736 4184; x_wconf 82' lang='lat' dir='ltr'><strong>judicatis?de</strong></span> <span class='ocrx_word' id='word_1_459' title='bbox 1758 4113 1846 4168; x_wconf 87' lang='lat' dir='ltr'><strong>his</strong></span> 
     </span>
    </p>
   </div>
   <div class='ocr_carea' id='block_1_62' title="bbox 250 4200 1844 4272">
    <p class='ocr_par' dir='ltr' id='par_1_62' title="bbox 250 4200 1844 4272">
     <span class='ocr_line' id='line_1_62' title="bbox 250 4200 1844 4272; baseline -0.001 -16"><span class='ocrx_word' id='word_1_460' title='bbox 250 4204 442 4256; x_wconf 88' lang='lat' dir='ltr'><strong>autem</strong></span> <span class='ocrx_word' id='word_1_461' title='bbox 481 4200 579 4272; x_wconf 90' lang='lat' dir='ltr'><strong>qui</strong></span> <span class='ocrx_word' id='word_1_462' title='bbox 614 4200 756 4270; x_wconf 87' lang='lat' dir='ltr'><strong>foris</strong></span> <span class='ocrx_word' id='word_1_463' title='bbox 791 4204 928 4255; x_wconf 89' lang='lat' dir='ltr'><strong>sunt</strong></span> <span class='ocrx_word' id='word_1_464' title='bbox 963 4201 1235 4256; x_wconf 81' lang='lat' dir='ltr'><strong>Dominus</strong></span> <span class='ocrx_word' id='word_1_465' title='bbox 1275 4200 1568 4268; x_wconf 79' lang='lat' dir='ltr'><strong>iudicabit.</strong></span> <span class='ocrx_word' id='word_1_466' title='bbox 1610 4200 1844 4271; x_wconf 85' lang='lat' dir='ltr'><strong>Auferte</strong></span> 
     </span>
    </p>
   </div>
   <div class='ocr_carea' id='block_1_63' title="bbox 248 4287 1846 4361">
    <p class='ocr_par' dir='ltr' id='par_1_63' title="bbox 248 4287 1846 4361">
     <span class='ocr_line' id='line_1_63' title="bbox 248 4287 1846 4361; baseline 0 -17"><span class='ocrx_word' id='word_1_467' title='bbox 248 4290 467 4345; x_wconf 83' lang='lat' dir='ltr'><strong>malum</strong></span> <span class='ocrx_word' id='word_1_468' title='bbox 485 4305 522 4344; x_wconf 93' lang='lat' dir='ltr'><strong>a</strong></span> <span class='ocrx_word' id='word_1_469' title='bbox 540 4289 689 4345; x_wconf 83' lang='lat' dir='ltr'><strong>vobis</strong></span> <span class='ocrx_word' id='word_1_470' title='bbox 703 4289 842 4361; x_wconf 81' lang='lat' dir='ltr'><strong>ipsis</strong></span> <span class='ocrx_word' id='word_1_471' title='bbox 861 4288 1040 4360; x_wconf 88' lang='lat' dir='ltr'><strong>(ibid.,</strong></span> <span class='ocrx_word' id='word_1_472' title='bbox 1063 4291 1148 4358; x_wconf 87' lang='grc'><strong>11,</strong></span> <span class='ocrx_word' id='word_1_473' title='bbox 1177 4292 1262 4355; x_wconf 77' lang='grc'><strong>12,</strong></span> <span class='ocrx_word' id='word_1_474' title='bbox 1286 4291 1394 4357; x_wconf 87' lang='grc'><strong>13).</strong></span> <span class='ocrx_word' id='word_1_475' title='bbox 1429 4287 1638 4356; x_wconf 87' lang='lat' dir='ltr'><strong>Quibus</strong></span> <span class='ocrx_word' id='word_1_476' title='bbox 1661 4288 1846 4344; x_wconf 89' lang='lat' dir='ltr'><strong>verbis</strong></span> 
     </span>
    </p>
   </div>
   <div class='ocr_carea' id='block_1_64' title="bbox 248 4371 1846 4449">
    <p class='ocr_par' dir='ltr' id='par_1_64' title="bbox 248 4371 1846 4449">
     <span class='ocr_line' id='line_1_64' title="bbox 248 4371 1846 4449; baseline -0.001 -17"><span class='ocrx_word' id='word_1_477' title='bbox 248 4371 372 4432; x_wconf 79' lang='lat' dir='ltr'><strong>satis</strong></span> <span class='ocrx_word' id='word_1_478' title='bbox 407 4377 649 4434; x_wconf 89' lang='lat' dir='ltr'><strong>ostendit</strong></span> <span class='ocrx_word' id='word_1_479' title='bbox 668 4392 779 4434; x_wconf 91' lang='lat' dir='ltr'><strong>non</strong></span> <span class='ocrx_word' id='word_1_480' title='bbox 807 4385 1010 4432; x_wconf 89' lang='lat' dir='ltr'><strong>temere</strong></span> <span class='ocrx_word' id='word_1_481' title='bbox 1039 4384 1132 4431; x_wconf 91' lang='lat' dir='ltr'><strong>aut</strong></span> <span class='ocrx_word' id='word_1_482' title='bbox 1165 4377 1586 4449; x_wconf 84' lang='lat' dir='ltr'><strong>quomodolibet,</strong></span> <span class='ocrx_word' id='word_1_483' title='bbox 1626 4377 1722 4432; x_wconf 90' lang='lat' dir='ltr'><strong>sed</strong></span> <span class='ocrx_word' id='word_1_484' title='bbox 1745 4393 1846 4448; x_wconf 90' lang='lat' dir='ltr'><strong>per</strong></span> 
     </span>
    </p>
   </div>
   <div class='ocr_carea' id='block_1_65' title="bbox 1948 1889 3546 1964">
    <p class='ocr_par' dir='ltr' id='par_1_65' title="bbox 1948 1889 3546 1964">
     <span class='ocr_line' id='line_1_65' title="bbox 1948 1889 3546 1964; baseline 0 -18"><span class='ocrx_word' id='word_1_485' title='bbox 1948 1889 2290 1946; x_wconf 89' lang='lat' dir='ltr'><strong>confessione</strong></span> <span class='ocrx_word' id='word_1_486' title='bbox 2330 1899 2636 1946; x_wconf 90' lang='lat' dir='ltr'><strong>correctum</strong></span> <span class='ocrx_word' id='word_1_487' title='bbox 2683 1899 3082 1964; x_wconf 89' lang='lat' dir='ltr'><strong>consequenter</strong></span> <span class='ocrx_word' id='word_1_488' title='bbox 3122 1890 3372 1947; x_wconf 86' lang='lat' dir='ltr'><strong>absolvit.</strong></span> <span class='ocrx_word' id='word_1_489' title='bbox 3411 1913 3434 1942; x_wconf 71' lang='grc' dir='ltr'><strong>ι</strong></span> <span class='ocrx_word' id='word_1_490' title='bbox 3476 1892 3546 1948; x_wconf 89' lang='lat' dir='ltr'><strong>Et</strong></span> 
     </span>
    </p>
   </div>
   <div class='ocr_carea' id='block_1_66' title="bbox 1949 1977 3543 2052">
    <p class='ocr_par' dir='ltr' id='par_1_66' title="bbox 1949 1977 3543 2052">
     <span class='ocr_line' id='line_1_66' title="bbox 1949 1977 3543 2052; baseline 0.001 -18"><span class='ocrx_word' id='word_1_491' title='bbox 1949 1987 2170 2036; x_wconf 87' lang='lat' dir='ltr'><strong>sanctus</strong></span> <span class='ocrx_word' id='word_1_492' title='bbox 2199 1977 2508 2034; x_wconf 88' lang='lat' dir='ltr'><strong>Bonifacius</strong></span> <span class='ocrx_word' id='word_1_493' title='bbox 2539 1980 2702 2052; x_wconf 89' lang='lat' dir='ltr'><strong>longe</strong></span> <span class='ocrx_word' id='word_1_494' title='bbox 2729 1987 2854 2036; x_wconf 89' lang='lat' dir='ltr'><strong>ante</strong></span> <span class='ocrx_word' id='word_1_495' title='bbox 2892 1979 3134 2036; x_wconf 87' lang='lat' dir='ltr'><strong>decrevit</strong></span> <span class='ocrx_word' id='word_1_496' title='bbox 3169 1997 3182 2035; x_wconf 91' lang='lat'>:</span> <span class='ocrx_word' id='word_1_497' title='bbox 3221 2001 3244 2030; x_wconf 74' lang='grc' dir='ltr'><strong>α</strong></span> <span class='ocrx_word' id='word_1_498' title='bbox 3277 1980 3348 2034; x_wconf 91' lang='lat' dir='ltr'><strong>Et</strong></span> <span class='ocrx_word' id='word_1_499' title='bbox 3375 1995 3543 2036; x_wconf 89' lang='lat' dir='ltr'><strong>aecu-</strong></span> 
     </span>
    </p>
   </div>
   <div class='ocr_carea' id='block_1_67' title="bbox 1949 2067 3539 2140">
    <p class='ocr_par' dir='ltr' id='par_1_67' title="bbox 1949 2067 3539 2140">
     <span class='ocr_line' id='line_1_67' title="bbox 1949 2067 3539 2140; baseline -0.001 -17"><span class='ocrx_word' id='word_1_500' title='bbox 1949 2075 2097 2123; x_wconf 88' lang='lat' dir='ltr'><strong>satus</strong></span> <span class='ocrx_word' id='word_1_501' title='bbox 2125 2083 2390 2138; x_wconf 61' lang='lat' dir='ltr'><strong>praesens,</strong></span> <span class='ocrx_word' id='word_1_502' title='bbox 2423 2067 2467 2122; x_wconf 88' lang='lat' dir='ltr'><strong>si</strong></span> <span class='ocrx_word' id='word_1_503' title='bbox 2497 2068 2739 2136; x_wconf 87' lang='lat' dir='ltr'><strong>conﬁdit,</strong></span> <span class='ocrx_word' id='word_1_504' title='bbox 2771 2069 2840 2124; x_wconf 87' lang='lat' dir='ltr'><strong>ad</strong></span> <span class='ocrx_word' id='word_1_505' title='bbox 2870 2069 3080 2138; x_wconf 85' lang='lat' dir='ltr'><strong>objecta</strong></span> <span class='ocrx_word' id='word_1_506' title='bbox 3127 2069 3478 2140; x_wconf 87' lang='lat' dir='ltr'><strong>respondeat.</strong></span> <span class='ocrx_word' id='word_1_507' title='bbox 3517 2090 3539 2120; x_wconf 67' lang='grc' dir='ltr'><strong>ι</strong></span> 
     </span>
    </p>
   </div>
   <div class='ocr_carea' id='block_1_68' title="bbox 1946 2157 3545 2230">
    <p class='ocr_par' dir='ltr' id='par_1_68' title="bbox 1946 2157 3545 2230">
     <span class='ocr_line' id='line_1_68' title="bbox 1946 2157 3545 2230; baseline 0 -18"><span class='ocrx_word' id='word_1_508' title='bbox 1946 2157 2071 2212; x_wconf 86' lang='lat' dir='ltr'><strong>Non</strong></span> <span class='ocrx_word' id='word_1_509' title='bbox 2117 2157 2510 2230; x_wconf 68' lang='lat' dir='ltr'><strong>insul-gendum</strong></span> <span class='ocrx_word' id='word_1_510' title='bbox 2554 2173 2688 2230; x_wconf 87' lang='lat' dir='ltr'><strong>ergo</strong></span> <span class='ocrx_word' id='word_1_511' title='bbox 2717 2158 2850 2212; x_wconf 89' lang='lat' dir='ltr'><strong>mihi</strong></span> <span class='ocrx_word' id='word_1_512' title='bbox 2880 2167 2964 2214; x_wconf 90' lang='lat' dir='ltr'><strong>est</strong></span> <span class='ocrx_word' id='word_1_513' title='bbox 2989 2159 3166 2213; x_wconf 90' lang='lat' dir='ltr'><strong>visum</strong></span> <span class='ocrx_word' id='word_1_514' title='bbox 3195 2157 3266 2212; x_wconf 90' lang='lat' dir='ltr'><strong>ad</strong></span> <span class='ocrx_word' id='word_1_515' title='bbox 3287 2157 3545 2227; x_wconf 88' lang='lat' dir='ltr'><strong>judican-</strong></span> 
     </span>
    </p>
   </div>
   <div class='ocr_carea' id='block_1_69' title="bbox 1948 2245 3546 2318">
    <p class='ocr_par' dir='ltr' id='par_1_69' title="bbox 1948 2245 3546 2318">
     <span class='ocr_line' id='line_1_69' title="bbox 1948 2245 3546 2318; baseline 0.001 -18"><span class='ocrx_word' id='word_1_516' title='bbox 1948 2246 2076 2302; x_wconf 89' lang='lat' dir='ltr'><strong>dum</strong></span> <span class='ocrx_word' id='word_1_517' title='bbox 2124 2245 2274 2300; x_wconf 91' lang='lat' dir='ltr'><strong>illum</strong></span> <span class='ocrx_word' id='word_1_518' title='bbox 2323 2245 2416 2316; x_wconf 91' lang='lat' dir='ltr'><strong>qui</strong></span> <span class='ocrx_word' id='word_1_519' title='bbox 2459 2261 2570 2300; x_wconf 91' lang='lat' dir='ltr'><strong>non</strong></span> <span class='ocrx_word' id='word_1_520' title='bbox 2617 2246 2922 2312; x_wconf 84' lang='lat' dir='ltr'><strong>confessus,</strong></span> <span class='ocrx_word' id='word_1_521' title='bbox 2971 2255 3060 2302; x_wconf 89' lang='lat' dir='ltr'><strong>aut</strong></span> <span class='ocrx_word' id='word_1_522' title='bbox 3105 2247 3160 2300; x_wconf 92' lang='lat' dir='ltr'><strong>in</strong></span> <span class='ocrx_word' id='word_1_523' title='bbox 3205 2246 3388 2318; x_wconf 90' lang='lat' dir='ltr'><strong>aliquo</strong></span> <span class='ocrx_word' id='word_1_524' title='bbox 3431 2245 3546 2302; x_wconf 89' lang='lat' dir='ltr'><strong>sive</strong></span> 
     </span>
    </p>
   </div>
   <div class='ocr_carea' id='block_1_70' title="bbox 1948 2333 3546 2404">
    <p class='ocr_par' dir='ltr' id='par_1_70' title="bbox 1948 2333 3546 2404">
     <span class='ocr_line' id='line_1_70' title="bbox 1948 2333 3546 2404; baseline -0.001 -14"><span class='ocrx_word' id='word_1_525' title='bbox 1948 2333 2214 2400; x_wconf 83' lang='lat' dir='ltr'><strong>saeculari,</strong></span> <span class='ocrx_word' id='word_1_526' title='bbox 2275 2335 2390 2390; x_wconf 88' lang='lat' dir='ltr'><strong>sive</strong></span> <span class='ocrx_word' id='word_1_527' title='bbox 2437 2334 2806 2391; x_wconf 89' lang='lat' dir='ltr'><strong>ecclesiastico</strong></span> <span class='ocrx_word' id='word_1_528' title='bbox 2857 2335 3062 2404; x_wconf 90' lang='lat' dir='ltr'><strong>judicio</strong></span> <span class='ocrx_word' id='word_1_529' title='bbox 3104 2334 3414 2390; x_wconf 87' lang='lat' dir='ltr'><strong>nominatus</strong></span> <span class='ocrx_word' id='word_1_530' title='bbox 3461 2342 3546 2390; x_wconf 89' lang='lat' dir='ltr'><strong>est</strong></span> 
     </span>
    </p>
   </div>
   <div class='ocr_carea' id='block_1_71' title="bbox 1947 2423 3540 2496">
    <p class='ocr_par' dir='ltr' id='par_1_71' title="bbox 1947 2423 3540 2496">
     <span class='ocr_line' id='line_1_71' title="bbox 1947 2423 3540 2496; baseline 0 -18"><span class='ocrx_word' id='word_1_531' title='bbox 1947 2431 2105 2496; x_wconf 90' lang='lat' dir='ltr'><strong>atque</strong></span> <span class='ocrx_word' id='word_1_532' title='bbox 2133 2423 2460 2479; x_wconf 79' lang='lat' dir='ltr'><strong>convictus&#39;:</strong></span> <span class='ocrx_word' id='word_1_533' title='bbox 2492 2439 2595 2478; x_wconf 90' lang='lat' dir='ltr'><strong>nec</strong></span> <span class='ocrx_word' id='word_1_534' title='bbox 2623 2430 2908 2495; x_wconf 89' lang='lat' dir='ltr'><strong>utrumque</strong></span> <span class='ocrx_word' id='word_1_535' title='bbox 2937 2423 3011 2478; x_wconf 90' lang='lat' dir='ltr'><strong>fui</strong></span> <span class='ocrx_word' id='word_1_536' title='bbox 3041 2439 3205 2478; x_wconf 88' lang='lat' dir='ltr'><strong>ausus</strong></span> <span class='ocrx_word' id='word_1_537' title='bbox 3243 2437 3540 2490; x_wconf 88' lang='lat' dir='ltr'><strong>assumere,</strong></span> 
     </span>
    </p>
   </div>
   <div class='ocr_carea' id='block_1_72' title="bbox 1945 2511 3184 2583">
    <p class='ocr_par' dir='ltr' id='par_1_72' title="bbox 1945 2511 3184 2583">
     <span class='ocr_line' id='line_1_72' title="bbox 1945 2511 3184 2583; baseline 0 -17"><span class='ocrx_word' id='word_1_538' title='bbox 1945 2519 2005 2566; x_wconf 90' lang='lat' dir='ltr'><strong>ut</strong></span> <span class='ocrx_word' id='word_1_539' title='bbox 2034 2511 2149 2582; x_wconf 87' lang='lat' dir='ltr'><strong>ejus</strong></span> <span class='ocrx_word' id='word_1_540' title='bbox 2178 2513 2296 2583; x_wconf 90' lang='lat' dir='ltr'><strong>ipse</strong></span> <span class='ocrx_word' id='word_1_541' title='bbox 2325 2511 2500 2566; x_wconf 86' lang='lat' dir='ltr'><strong>forem</strong></span> <span class='ocrx_word' id='word_1_542' title='bbox 2529 2518 2580 2566; x_wconf 91' lang='lat' dir='ltr'><strong>et</strong></span> <span class='ocrx_word' id='word_1_543' title='bbox 2609 2519 2895 2566; x_wconf 89' lang='lat' dir='ltr'><strong>accusator</strong></span> <span class='ocrx_word' id='word_1_544' title='bbox 2923 2519 2976 2566; x_wconf 89' lang='lat' dir='ltr'><strong>et</strong></span> <span class='ocrx_word' id='word_1_545' title='bbox 2998 2511 3184 2580; x_wconf 86' lang='lat' dir='ltr'><strong>judex.</strong></span> 
     </span>
    </p>
   </div>
   <div class='ocr_carea' id='block_1_73' title="bbox 2018 2598 3544 2672">
    <p class='ocr_par' dir='ltr' id='par_1_73' title="bbox 2018 2598 3544 2672">
     <span class='ocr_line' id='line_1_73' title="bbox 2018 2598 3544 2672; baseline -0.001 -16"><span class='ocrx_word' id='word_1_546' title='bbox 2018 2602 2098 2656; x_wconf 93' lang='lat' dir='ltr'><strong>De</strong></span> <span class='ocrx_word' id='word_1_547' title='bbox 2127 2617 2193 2656; x_wconf 91' lang='lat' dir='ltr'><strong>eo</strong></span> <span class='ocrx_word' id='word_1_548' title='bbox 2223 2598 2371 2672; x_wconf 87' lang='lat' dir='ltr'><strong>quod</strong></span> <span class='ocrx_word' id='word_1_549' title='bbox 2397 2599 2655 2656; x_wconf 88' lang='lat' dir='ltr'><strong>sanctitas</strong></span> <span class='ocrx_word' id='word_1_550' title='bbox 2695 2607 2881 2656; x_wconf 89' lang='lat' dir='ltr'><strong>vestra</strong></span> <span class='ocrx_word' id='word_1_551' title='bbox 2927 2599 3206 2672; x_wconf 85' lang='lat' dir='ltr'><strong>exiguitati</strong></span> <span class='ocrx_word' id='word_1_552' title='bbox 3232 2615 3373 2656; x_wconf 72' lang='lat' dir='ltr'><strong>mea:</strong></span> <span class='ocrx_word' id='word_1_553' title='bbox 3401 2599 3544 2656; x_wconf 91' lang='lat' dir='ltr'><strong>scri-</strong></span> 
     </span>
    </p>
   </div>
   <div class='ocr_carea' id='block_1_74' title="bbox 1946 2687 3546 2762">
    <p class='ocr_par' dir='ltr' id='par_1_74' title="bbox 1946 2687 3546 2762">
     <span class='ocr_line' id='line_1_74' title="bbox 1946 2687 3546 2762; baseline -0.001 -18"><span class='ocrx_word' id='word_1_554' title='bbox 1946 2689 2074 2762; x_wconf 84' lang='lat' dir='ltr'><strong>psit,</strong></span> <span class='ocrx_word' id='word_1_555' title='bbox 2108 2689 2235 2762; x_wconf 90' lang='lat' dir='ltr'><strong>quia</strong></span> <span class='ocrx_word' id='word_1_556' title='bbox 2264 2689 2408 2755; x_wconf 89' lang='lat' dir='ltr'><strong>silui,</strong></span> <span class='ocrx_word' id='word_1_557' title='bbox 2443 2697 2494 2745; x_wconf 89' lang='lat' dir='ltr'><strong>et</strong></span> <span class='ocrx_word' id='word_1_558' title='bbox 2521 2697 2714 2744; x_wconf 90' lang='lat' dir='ltr'><strong>contra</strong></span> <span class='ocrx_word' id='word_1_559' title='bbox 2745 2689 2850 2744; x_wconf 88' lang='lat' dir='ltr'><strong>tale</strong></span> <span class='ocrx_word' id='word_1_560' title='bbox 2878 2687 3088 2745; x_wconf 88' lang='lat' dir='ltr'><strong>facinus</strong></span> <span class='ocrx_word' id='word_1_561' title='bbox 3131 2689 3322 2744; x_wconf 89' lang='lat' dir='ltr'><strong>saltem</strong></span> <span class='ocrx_word' id='word_1_562' title='bbox 3351 2689 3546 2746; x_wconf 89' lang='lat' dir='ltr'><strong>leviter</strong></span> 
     </span>
    </p>
   </div>
   <div class='ocr_carea' id='block_1_75' title="bbox 1947 2777 3542 2851">
    <p class='ocr_par' dir='ltr' id='par_1_75' title="bbox 1947 2777 3542 2851">
     <span class='ocr_line' id='line_1_75' title="bbox 1947 2777 3542 2851; baseline 0 -19"><span class='ocrx_word' id='word_1_563' title='bbox 1947 2795 2058 2833; x_wconf 92' lang='lat' dir='ltr'><strong>non</strong></span> <span class='ocrx_word' id='word_1_564' title='bbox 2087 2777 2380 2846; x_wconf 84' lang='lat' dir='ltr'><strong>insurrexi,</strong></span> <span class='ocrx_word' id='word_1_565' title='bbox 2413 2793 2523 2833; x_wconf 88' lang='lat' dir='ltr'><strong>non</strong></span> <span class='ocrx_word' id='word_1_566' title='bbox 2552 2777 2730 2834; x_wconf 91' lang='lat' dir='ltr'><strong>solum</strong></span> <span class='ocrx_word' id='word_1_567' title='bbox 2760 2793 3006 2844; x_wconf 88' lang='lat' dir='ltr'><strong>consors,</strong></span> <span class='ocrx_word' id='word_1_568' title='bbox 3039 2777 3138 2834; x_wconf 91' lang='lat' dir='ltr'><strong>sed</strong></span> <span class='ocrx_word' id='word_1_569' title='bbox 3181 2777 3362 2844; x_wconf 88' lang='lat' dir='ltr'><strong>etiam,</strong></span> <span class='ocrx_word' id='word_1_570' title='bbox 3398 2777 3542 2851; x_wconf 90' lang='lat' dir='ltr'><strong>quod</strong></span> 
     </span>
    </p>
   </div>
   <div class='ocr_carea' id='block_1_76' title="bbox 1948 2866 3541 2938">
    <p class='ocr_par' dir='ltr' id='par_1_76' title="bbox 1948 2866 3541 2938">
     <span class='ocr_line' id='line_1_76' title="bbox 1948 2866 3541 2938; baseline -0.001 -15"><span class='ocrx_word' id='word_1_571' title='bbox 1948 2876 2030 2923; x_wconf 90' lang='lat' dir='ltr'><strong>est</strong></span> <span class='ocrx_word' id='word_1_572' title='bbox 2077 2867 2332 2932; x_wconf 88' lang='lat' dir='ltr'><strong>deterius,</strong></span> <span class='ocrx_word' id='word_1_573' title='bbox 2382 2867 2544 2936; x_wconf 90' lang='lat' dir='ltr'><strong>hujus</strong></span> <span class='ocrx_word' id='word_1_574' title='bbox 2584 2866 2890 2938; x_wconf 86' lang='lat' dir='ltr'><strong>tyrannidis</strong></span> <span class='ocrx_word' id='word_1_575' title='bbox 2936 2873 3126 2923; x_wconf 87' lang='lat' dir='ltr'><strong>auctor</strong></span> <span class='ocrx_word' id='word_1_576' title='bbox 3170 2866 3289 2938; x_wconf 90' lang='lat' dir='ltr'><strong>ipse</strong></span> <span class='ocrx_word' id='word_1_577' title='bbox 3329 2866 3541 2934; x_wconf 91' lang='lat' dir='ltr'><strong>videor,</strong></span> 
     </span>
    </p>
   </div>
   <div class='ocr_carea' id='block_1_77' title="bbox 1949 2955 3541 3028">
    <p class='ocr_par' dir='ltr' id='par_1_77' title="bbox 1949 2955 3541 3028">
     <span class='ocr_line' id='line_1_77' title="bbox 1949 2955 3541 3028; baseline -0.001 -15"><span class='ocrx_word' id='word_1_578' title='bbox 1949 2972 2072 3013; x_wconf 90' lang='lat' dir='ltr'><strong>cum</strong></span> <span class='ocrx_word' id='word_1_579' title='bbox 2102 2956 2263 3012; x_wconf 85' lang='lat' dir='ltr'><strong>venia</strong></span> <span class='ocrx_word' id='word_1_580' title='bbox 2290 2965 2344 3010; x_wconf 91' lang='lat' dir='ltr'><strong>et</strong></span> <span class='ocrx_word' id='word_1_581' title='bbox 2369 2971 2504 3027; x_wconf 89' lang='lat' dir='ltr'><strong>pace</strong></span> <span class='ocrx_word' id='word_1_582' title='bbox 2533 2964 2731 3012; x_wconf 75' lang='lat' dir='ltr'><strong>vestrae</strong></span> <span class='ocrx_word' id='word_1_583' title='bbox 2760 2955 3108 3011; x_wconf 87' lang='lat' dir='ltr'><strong>sublimitatis</strong></span> <span class='ocrx_word' id='word_1_584' title='bbox 3135 2955 3279 3026; x_wconf 89' lang='lat' dir='ltr'><strong>dico,</strong></span> <span class='ocrx_word' id='word_1_585' title='bbox 3312 2955 3436 3028; x_wconf 89' lang='lat' dir='ltr'><strong>quia</strong></span> <span class='ocrx_word' id='word_1_586' title='bbox 3453 2955 3541 3013; x_wconf 86' lang='lat' dir='ltr'><strong>ille</strong></span> 
     </span>
    </p>
   </div>
   <div class='ocr_carea' id='block_1_78' title="bbox 1949 3043 3546 3116">
    <p class='ocr_par' dir='ltr' id='par_1_78' title="bbox 1949 3043 3546 3116">
     <span class='ocr_line' id='line_1_78' title="bbox 1949 3043 3546 3116; baseline 0 -16"><span class='ocrx_word' id='word_1_587' title='bbox 1949 3045 2042 3116; x_wconf 90' lang='lat' dir='ltr'><strong>qui</strong></span> <span class='ocrx_word' id='word_1_588' title='bbox 2071 3043 2210 3100; x_wconf 87' lang='lat' dir='ltr'><strong>forte</strong></span> <span class='ocrx_word' id='word_1_589' title='bbox 2237 3046 2342 3100; x_wconf 90' lang='lat' dir='ltr'><strong>hac</strong></span> <span class='ocrx_word' id='word_1_590' title='bbox 2371 3045 2646 3114; x_wconf 90' lang='lat' dir='ltr'><strong>opinione,</strong></span> <span class='ocrx_word' id='word_1_591' title='bbox 2681 3045 2779 3099; x_wconf 91' lang='lat' dir='ltr'><strong>sed</strong></span> <span class='ocrx_word' id='word_1_592' title='bbox 2807 3060 2916 3100; x_wconf 92' lang='lat' dir='ltr'><strong>non</strong></span> <span class='ocrx_word' id='word_1_593' title='bbox 2945 3043 3278 3116; x_wconf 85' lang='lat' dir='ltr'><strong>cognitione,</strong></span> <span class='ocrx_word' id='word_1_594' title='bbox 3313 3045 3380 3098; x_wconf 90' lang='lat' dir='ltr'><strong>ad</strong></span> <span class='ocrx_word' id='word_1_595' title='bbox 3405 3045 3546 3114; x_wconf 89' lang='lat' dir='ltr'><strong>inju-</strong></span> 
     </span>
    </p>
   </div>
   <div class='ocr_carea' id='block_1_79' title="bbox 1951 3132 3544 3203">
    <p class='ocr_par' dir='ltr' id='par_1_79' title="bbox 1951 3132 3544 3203">
     <span class='ocr_line' id='line_1_79' title="bbox 1951 3132 3544 3203; baseline 0 -15"><span class='ocrx_word' id='word_1_596' title='bbox 1951 3133 2087 3188; x_wconf 89' lang='lat' dir='ltr'><strong>riam</strong></span> <span class='ocrx_word' id='word_1_597' title='bbox 2117 3141 2170 3188; x_wconf 89' lang='lat' dir='ltr'><strong>et</strong></span> <span class='ocrx_word' id='word_1_598' title='bbox 2199 3133 2624 3203; x_wconf 89' lang='lat' dir='ltr'><strong>increpationem</strong></span> <span class='ocrx_word' id='word_1_599' title='bbox 2666 3148 2846 3188; x_wconf 86' lang='lat' dir='ltr'><strong>meam</strong></span> <span class='ocrx_word' id='word_1_600' title='bbox 2889 3133 3043 3188; x_wconf 91' lang='lat' dir='ltr'><strong>vobis</strong></span> <span class='ocrx_word' id='word_1_601' title='bbox 3073 3132 3368 3203; x_wconf 85' lang='lat' dir='ltr'><strong>suggessit,</strong></span> <span class='ocrx_word' id='word_1_602' title='bbox 3403 3133 3544 3188; x_wconf 91' lang='lat' dir='ltr'><strong>scire</strong></span> 
     </span>
    </p>
   </div>
   <div class='ocr_carea' id='block_1_80' title="bbox 1949 3219 3546 3294">
    <p class='ocr_par' dir='ltr' id='par_1_80' title="bbox 1949 3219 3546 3294">
     <span class='ocr_line' id='line_1_80' title="bbox 1949 3219 3546 3294; baseline 0 -18"><span class='ocrx_word' id='word_1_603' title='bbox 1949 3223 2215 3277; x_wconf 87' lang='lat' dir='ltr'><strong>debuerat</strong></span> <span class='ocrx_word' id='word_1_604' title='bbox 2243 3229 2438 3277; x_wconf 72' lang='lat' dir='ltr'><strong>vestrae</strong></span> <span class='ocrx_word' id='word_1_605' title='bbox 2467 3221 2803 3276; x_wconf 88' lang='lat' dir='ltr'><strong>auctoritatis</strong></span> <span class='ocrx_word' id='word_1_606' title='bbox 2850 3221 3174 3294; x_wconf 82' lang='lat' dir='ltr'><strong>gravitatem</strong></span> <span class='ocrx_word' id='word_1_607' title='bbox 3215 3219 3546 3278; x_wconf 80' lang='lat' dir='ltr'><strong>sufﬁcienter</strong></span> 
     </span>
    </p>
   </div>
   <div class='ocr_carea' id='block_1_81' title="bbox 1947 3309 3544 3383">
    <p class='ocr_par' dir='ltr' id='par_1_81' title="bbox 1947 3309 3544 3383">
     <span class='ocr_line' id='line_1_81' title="bbox 1947 3309 3544 3383; baseline 0.001 -18"><span class='ocrx_word' id='word_1_608' title='bbox 1947 3311 2189 3366; x_wconf 89' lang='lat' dir='ltr'><strong>recelere</strong></span> <span class='ocrx_word' id='word_1_609' title='bbox 2219 3311 2363 3382; x_wconf 90' lang='lat' dir='ltr'><strong>quod</strong></span> <span class='ocrx_word' id='word_1_610' title='bbox 2394 3309 2654 3382; x_wconf 88' lang='lat' dir='ltr'><strong>scriptum</strong></span> <span class='ocrx_word' id='word_1_611' title='bbox 2680 3317 2762 3364; x_wconf 89' lang='lat' dir='ltr'><strong>est</strong></span> <span class='ocrx_word' id='word_1_612' title='bbox 2796 3327 2810 3364; x_wconf 92' lang='lat'><strong>:</strong></span> <span class='ocrx_word' id='word_1_613' title='bbox 2847 3310 3090 3366; x_wconf 84' lang='lat' dir='ltr'><strong>Causam</strong></span> <span class='ocrx_word' id='word_1_614' title='bbox 3137 3327 3306 3383; x_wconf 87' lang='lat' dir='ltr'><strong>quam</strong></span> <span class='ocrx_word' id='word_1_615' title='bbox 3329 3312 3544 3366; x_wconf 87' lang='lat' dir='ltr'><strong>nescie-</strong></span> 
     </span>
    </p>
   </div>
   <div class='ocr_carea' id='block_1_82' title="bbox 1949 3397 3548 3471">
    <p class='ocr_par' dir='ltr' id='par_1_82' title="bbox 1949 3397 3548 3471">
     <span class='ocr_line' id='line_1_82' title="bbox 1949 3397 3548 3471; baseline -0.001 -15"><span class='ocrx_word' id='word_1_616' title='bbox 1949 3400 2078 3456; x_wconf 88' lang='lat' dir='ltr'><strong>bam</strong></span> <span class='ocrx_word' id='word_1_617' title='bbox 2095 3399 2535 3471; x_wconf 84' lang='lat' dir='ltr'><strong>diligentissime</strong></span> <span class='ocrx_word' id='word_1_618' title='bbox 2564 3399 2974 3471; x_wconf 76' lang='lat' dir='ltr'><strong>inuestigabam</strong></span> <span class='ocrx_word' id='word_1_619' title='bbox 3003 3399 3122 3471; x_wconf 82' lang='lat' dir='ltr'><strong>(Job</strong></span> <span class='ocrx_word' id='word_1_620' title='bbox 3148 3413 3312 3466; x_wconf 64' lang='lat' dir='ltr'><strong>xxxx,</strong></span> <span class='ocrx_word' id='word_1_621' title='bbox 3340 3397 3450 3468; x_wconf 86' lang='grc'><strong>16).</strong></span> <span class='ocrx_word' id='word_1_622' title='bbox 3473 3399 3548 3454; x_wconf 90' lang='lat' dir='ltr'><strong>Et</strong></span> 
     </span>
    </p>
   </div>
   <div class='ocr_carea' id='block_1_83' title="bbox 1946 3486 3540 3560">
    <p class='ocr_par' dir='ltr' id='par_1_83' title="bbox 1946 3486 3540 3560">
     <span class='ocr_line' id='line_1_83' title="bbox 1946 3486 3540 3560; baseline -0.002 -16"><span class='ocrx_word' id='word_1_623' title='bbox 1946 3495 2006 3544; x_wconf 88' lang='lat' dir='ltr'><strong>ut</strong></span> <span class='ocrx_word' id='word_1_624' title='bbox 2046 3488 2234 3543; x_wconf 89' lang='lat' dir='ltr'><strong>beatus</strong></span> <span class='ocrx_word' id='word_1_625' title='bbox 2278 3487 2408 3544; x_wconf 88' lang='lat' dir='ltr'><strong>dicit</strong></span> <span class='ocrx_word' id='word_1_626' title='bbox 2454 3487 2749 3559; x_wconf 90' lang='lat' dir='ltr'><strong>Gregorius</strong></span> <span class='ocrx_word' id='word_1_627' title='bbox 2795 3488 3007 3560; x_wconf 75' lang='lat' dir='ltr'><strong>(Horat.</strong></span> <span class='ocrx_word' id='word_1_628' title='bbox 3058 3503 3180 3551; x_wconf 72' lang='lat' dir='ltr'><strong>xm,</strong></span> <span class='ocrx_word' id='word_1_629' title='bbox 3232 3502 3349 3558; x_wconf 91' lang='lat' dir='ltr'><strong>cap.</strong></span> <span class='ocrx_word' id='word_1_630' title='bbox 3403 3486 3540 3557; x_wconf 68' lang='lat' dir='ltr'><strong>ii):</strong></span> 
     </span>
    </p>
   </div>
   <div class='ocr_carea' id='block_1_84' title="bbox 1953 3575 3540 3648">
    <p class='ocr_par' dir='ltr' id='par_1_84' title="bbox 1953 3575 3540 3648">
     <span class='ocr_line' id='line_1_84' title="bbox 1953 3575 3540 3648; baseline 0 -19"><span class='ocrx_word' id='word_1_631' title='bbox 1953 3599 1975 3629; x_wconf 75' lang='grc' dir='ltr'>ι</span> <span class='ocrx_word' id='word_1_632' title='bbox 2011 3577 2146 3632; x_wconf 90' lang='lat' dir='ltr'><strong>Cum</strong></span> <span class='ocrx_word' id='word_1_633' title='bbox 2188 3576 2368 3632; x_wconf 89' lang='lat' dir='ltr'><strong>omnia</strong></span> <span class='ocrx_word' id='word_1_634' title='bbox 2410 3576 2556 3632; x_wconf 90' lang='lat' dir='ltr'><strong>nuda</strong></span> <span class='ocrx_word' id='word_1_635' title='bbox 2603 3585 2656 3632; x_wconf 90' lang='lat' dir='ltr'><strong>et</strong></span> <span class='ocrx_word' id='word_1_636' title='bbox 2701 3583 2890 3648; x_wconf 89' lang='lat' dir='ltr'><strong>aperta</strong></span> <span class='ocrx_word' id='word_1_637' title='bbox 2937 3575 3044 3630; x_wconf 92' lang='lat' dir='ltr'><strong>sint</strong></span> <span class='ocrx_word' id='word_1_638' title='bbox 3089 3575 3260 3630; x_wconf 89' lang='lat' dir='ltr'><strong>oculis</strong></span> <span class='ocrx_word' id='word_1_639' title='bbox 3301 3575 3540 3642; x_wconf 87' lang='lat' dir='ltr'><strong>Domini,</strong></span> 
     </span>
    </p>
   </div>
   <div class='ocr_carea' id='block_1_85' title="bbox 1947 3663 3540 3738">
    <p class='ocr_par' dir='ltr' id='par_1_85' title="bbox 1947 3663 3540 3738">
     <span class='ocr_line' id='line_1_85' title="bbox 1947 3663 3540 3738; baseline -0.002 -17"><span class='ocrx_word' id='word_1_640' title='bbox 1947 3673 2128 3721; x_wconf 89' lang='lat' dir='ltr'><strong>tamen</strong></span> <span class='ocrx_word' id='word_1_641' title='bbox 2155 3665 2298 3720; x_wconf 89' lang='lat' dir='ltr'><strong>mala</strong></span> <span class='ocrx_word' id='word_1_642' title='bbox 2325 3665 2576 3721; x_wconf 74' lang='lat' dir='ltr'><strong>Sodomae</strong></span> <span class='ocrx_word' id='word_1_643' title='bbox 2605 3665 2776 3720; x_wconf 88' lang='lat' dir='ltr'><strong>noluit</strong></span> <span class='ocrx_word' id='word_1_644' title='bbox 2803 3664 2988 3720; x_wconf 89' lang='lat' dir='ltr'><strong>audita</strong></span> <span class='ocrx_word' id='word_1_645' title='bbox 3011 3664 3277 3734; x_wconf 88' lang='lat' dir='ltr'><strong>judicare,</strong></span> <span class='ocrx_word' id='word_1_646' title='bbox 3311 3663 3403 3738; x_wconf 89' lang='lat' dir='ltr'><strong>qui</strong></span> <span class='ocrx_word' id='word_1_647' title='bbox 3432 3664 3540 3720; x_wconf 87' lang='lat' dir='ltr'><strong>ait:</strong></span> 
     </span>
    </p>
   </div>
   <div class='ocr_carea' id='block_1_86' title="bbox 1947 3753 3543 3828">
    <p class='ocr_par' dir='ltr' id='par_1_86' title="bbox 1947 3753 3543 3828">
     <span class='ocr_line' id='line_1_86' title="bbox 1947 3753 3543 3828; baseline -0.001 -16"><span class='ocrx_word' id='word_1_648' title='bbox 1947 3755 2310 3824; x_wconf 87' lang='lat' dir='ltr'><strong>Descendam,</strong></span> <span class='ocrx_word' id='word_1_649' title='bbox 2343 3759 2403 3811; x_wconf 91' lang='lat' dir='ltr'><strong>et</strong></span> <span class='ocrx_word' id='word_1_650' title='bbox 2419 3755 2606 3811; x_wconf 85' lang='lat' dir='ltr'><strong>videbo</strong></span> <span class='ocrx_word' id='word_1_651' title='bbox 2634 3759 2832 3812; x_wconf 86' lang='lat' dir='ltr'><strong>utrum</strong></span> <span class='ocrx_word' id='word_1_652' title='bbox 2851 3755 3156 3811; x_wconf 81' lang='lat' dir='ltr'><strong>clamorem</strong></span> <span class='ocrx_word' id='word_1_653' title='bbox 3177 3755 3274 3828; x_wconf 89' lang='lat' dir='ltr'><strong>qui</strong></span> <span class='ocrx_word' id='word_1_654' title='bbox 3293 3755 3450 3810; x_wconf 81' lang='lat' dir='ltr'><strong>venit</strong></span> <span class='ocrx_word' id='word_1_655' title='bbox 3469 3753 3543 3810; x_wconf 88' lang='lat' dir='ltr'><strong>ad</strong></span> 
     </span>
    </p>
   </div>
   <div class='ocr_carea' id='block_1_87' title="bbox 1945 3845 3540 3917">
    <p class='ocr_par' dir='ltr' id='par_1_87' title="bbox 1945 3845 3540 3917">
     <span class='ocr_line' id='line_1_87' title="bbox 1945 3845 3540 3917; baseline -0.001 -17"><span class='ocrx_word' id='word_1_656' title='bbox 1945 3861 2036 3900; x_wconf 91' lang='lat' dir='ltr'><strong>me</strong></span> <span class='ocrx_word' id='word_1_657' title='bbox 2072 3860 2232 3917; x_wconf 87' lang='lat' dir='ltr'><strong>opere</strong></span> <span class='ocrx_word' id='word_1_658' title='bbox 2270 3845 2694 3917; x_wconf 85' lang='lat' dir='ltr'><strong>compleverint,</strong></span> <span class='ocrx_word' id='word_1_659' title='bbox 2735 3861 2812 3900; x_wconf 83' lang='lat' dir='ltr'><strong>an</strong></span> <span class='ocrx_word' id='word_1_660' title='bbox 2833 3860 2962 3916; x_wconf 64' lang='lat' dir='ltr'><strong>[non</strong></span> <span class='ocrx_word' id='word_1_661' title='bbox 3007 3847 3090 3900; x_wconf 85' lang='lat' dir='ltr'><strong>est</strong></span> <span class='ocrx_word' id='word_1_662' title='bbox 3119 3846 3222 3912; x_wconf 87' lang='lat' dir='ltr'><strong>ita,</strong></span> <span class='ocrx_word' id='word_1_663' title='bbox 3251 3848 3320 3900; x_wconf 87' lang='lat' dir='ltr'><strong>ut</strong></span> <span class='ocrx_word' id='word_1_664' title='bbox 3361 3845 3540 3900; x_wconf 86' lang='lat' dir='ltr'><strong>sciam</strong></span> 
     </span>
    </p>
   </div>
   <div class='ocr_carea' id='block_1_88' title="bbox 1945 3931 3541 4005">
    <p class='ocr_par' dir='ltr' id='par_1_88' title="bbox 1945 3931 3541 4005">
     <span class='ocr_line' id='line_1_88' title="bbox 1945 3931 3541 4005; baseline -0.003 -15"><span class='ocrx_word' id='word_1_665' title='bbox 1945 3933 2114 4004; x_wconf 81' lang='lat' dir='ltr'><strong>(Gen.</strong></span> <span class='ocrx_word' id='word_1_666' title='bbox 2135 3948 2297 4004; x_wconf 79' lang='lat' dir='ltr'><strong>xvm,</strong></span> <span class='ocrx_word' id='word_1_667' title='bbox 2329 3935 2442 4004; x_wconf 79' lang='grc'><strong>21).</strong></span> <span class='ocrx_word' id='word_1_668' title='bbox 2477 3931 2836 4004; x_wconf 90' lang='lat' dir='ltr'><strong>Omnipotens</strong></span> <span class='ocrx_word' id='word_1_669' title='bbox 2864 3933 3048 4005; x_wconf 89' lang='lat' dir='ltr'><strong>itaque</strong></span> <span class='ocrx_word' id='word_1_670' title='bbox 3068 3933 3330 3988; x_wconf 90' lang='lat' dir='ltr'><strong>Dominus</strong></span> <span class='ocrx_word' id='word_1_671' title='bbox 3351 3941 3403 3988; x_wconf 89' lang='lat' dir='ltr'><strong>et</strong></span> <span class='ocrx_word' id='word_1_672' title='bbox 3425 3948 3541 3989; x_wconf 92' lang='lat' dir='ltr'><strong>om-</strong></span> 
     </span>
    </p>
   </div>
   <div class='ocr_carea' id='block_1_89' title="bbox 1943 4020 3538 4092">
    <p class='ocr_par' dir='ltr' id='par_1_89' title="bbox 1943 4020 3538 4092">
     <span class='ocr_line' id='line_1_89' title="bbox 1943 4020 3538 4092; baseline -0.001 -14"><span class='ocrx_word' id='word_1_673' title='bbox 1943 4021 2036 4078; x_wconf 91' lang='lat' dir='ltr'><strong>nia</strong></span> <span class='ocrx_word' id='word_1_674' title='bbox 2066 4021 2263 4086; x_wconf 89' lang='lat' dir='ltr'><strong>sciens,</strong></span> <span class='ocrx_word' id='word_1_675' title='bbox 2297 4038 2394 4078; x_wconf 88' lang='lat' dir='ltr'><strong>cur</strong></span> <span class='ocrx_word' id='word_1_676' title='bbox 2423 4029 2548 4077; x_wconf 88' lang='lat' dir='ltr'><strong>ante</strong></span> <span class='ocrx_word' id='word_1_677' title='bbox 2575 4021 2947 4092; x_wconf 90' lang='lat' dir='ltr'><strong>probationem</strong></span> <span class='ocrx_word' id='word_1_678' title='bbox 2977 4021 3132 4092; x_wconf 89' lang='lat' dir='ltr'><strong>quasi</strong></span> <span class='ocrx_word' id='word_1_679' title='bbox 3173 4020 3400 4089; x_wconf 89' lang='lat' dir='ltr'><strong>dubitat,</strong></span> <span class='ocrx_word' id='word_1_680' title='bbox 3434 4021 3538 4076; x_wconf 89' lang='lat' dir='ltr'><strong>nisi</strong></span> 
     </span>
    </p>
   </div>
   <div class='ocr_carea' id='block_1_90' title="bbox 1944 4109 3541 4182">
    <p class='ocr_par' dir='ltr' id='par_1_90' title="bbox 1944 4109 3541 4182">
     <span class='ocr_line' id='line_1_90' title="bbox 1944 4109 3541 4182; baseline 0 -16"><span class='ocrx_word' id='word_1_681' title='bbox 1944 4118 2003 4166; x_wconf 92' lang='lat' dir='ltr'><strong>ut</strong></span> <span class='ocrx_word' id='word_1_682' title='bbox 2029 4109 2306 4182; x_wconf 87' lang='lat' dir='ltr'><strong>gravitatis</strong></span> <span class='ocrx_word' id='word_1_683' title='bbox 2335 4110 2492 4166; x_wconf 91' lang='lat' dir='ltr'><strong>nobis</strong></span> <span class='ocrx_word' id='word_1_684' title='bbox 2523 4111 2832 4180; x_wconf 84' lang='lat' dir='ltr'><strong>exemplum</strong></span> <span class='ocrx_word' id='word_1_685' title='bbox 2857 4117 3146 4180; x_wconf 89' lang='lat' dir='ltr'><strong>proponat,</strong></span> <span class='ocrx_word' id='word_1_686' title='bbox 3177 4125 3248 4166; x_wconf 87' lang='lat' dir='ltr'><strong>ne</strong></span> <span class='ocrx_word' id='word_1_687' title='bbox 3275 4111 3418 4164; x_wconf 87' lang='lat' dir='ltr'><strong>mala</strong></span> <span class='ocrx_word' id='word_1_688' title='bbox 3446 4111 3541 4166; x_wconf 92' lang='lat' dir='ltr'><strong>ho-</strong></span> 
     </span>
    </p>
   </div>
   <div class='ocr_carea' id='block_1_91' title="bbox 1944 4198 3536 4269">
    <p class='ocr_par' dir='ltr' id='par_1_91' title="bbox 1944 4198 3536 4269">
     <span class='ocr_line' id='line_1_91' title="bbox 1944 4198 3536 4269; baseline -0.001 -15"><span class='ocrx_word' id='word_1_689' title='bbox 1944 4199 2148 4254; x_wconf 90' lang='lat' dir='ltr'><strong>minum</strong></span> <span class='ocrx_word' id='word_1_690' title='bbox 2177 4206 2300 4253; x_wconf 89' lang='lat' dir='ltr'><strong>ante</strong></span> <span class='ocrx_word' id='word_1_691' title='bbox 2329 4214 2720 4268; x_wconf 65' lang='lat' dir='ltr'><strong>prmsumamus</strong></span> <span class='ocrx_word' id='word_1_692' title='bbox 2749 4198 2977 4252; x_wconf 87' lang='lat' dir='ltr'><strong>credere</strong></span> <span class='ocrx_word' id='word_1_693' title='bbox 3007 4214 3168 4269; x_wconf 90' lang='lat' dir='ltr'><strong>quam</strong></span> <span class='ocrx_word' id='word_1_694' title='bbox 3199 4199 3430 4268; x_wconf 89' lang='lat' dir='ltr'><strong>probare</strong></span> <span class='ocrx_word' id='word_1_695' title='bbox 3450 4199 3480 4254; x_wconf 86' lang='lat'><strong>?</strong></span> <span class='ocrx_word' id='word_1_696' title='bbox 3513 4220 3536 4245; x_wconf 71' lang='grc' dir='ltr'><strong><em>ι</em></strong></span> 
     </span>
    </p>
   </div>
   <div class='ocr_carea' id='block_1_92' title="bbox 1943 4285 3537 4358">
    <p class='ocr_par' dir='ltr' id='par_1_92' title="bbox 1943 4285 3537 4358">
     <span class='ocr_line' id='line_1_92' title="bbox 1943 4285 3537 4358; baseline -0.001 -14"><span class='ocrx_word' id='word_1_697' title='bbox 1943 4289 2083 4344; x_wconf 85' lang='lat' dir='ltr'><strong>Nam</strong></span> <span class='ocrx_word' id='word_1_698' title='bbox 2111 4295 2168 4342; x_wconf 93' lang='lat' dir='ltr'><strong>ut</strong></span> <span class='ocrx_word' id='word_1_699' title='bbox 2197 4295 2393 4342; x_wconf 69' lang='lat' dir='ltr'><strong>vestrae</strong></span> <span class='ocrx_word' id='word_1_700' title='bbox 2421 4285 2720 4358; x_wconf 86' lang='lat' dir='ltr'><strong>dignationi</strong></span> <span class='ocrx_word' id='word_1_701' title='bbox 2766 4285 3032 4341; x_wconf 89' lang='lat' dir='ltr'><strong>veraciter</strong></span> <span class='ocrx_word' id='word_1_702' title='bbox 3069 4285 3262 4350; x_wconf 88' lang='lat' dir='ltr'><strong>fatear,</strong></span> <span class='ocrx_word' id='word_1_703' title='bbox 3304 4301 3406 4340; x_wconf 90' lang='lat' dir='ltr'><strong>nec</strong></span> <span class='ocrx_word' id='word_1_704' title='bbox 3435 4302 3537 4342; x_wconf 83' lang='lat' dir='ltr'><strong>au-</strong></span> 
     </span>
    </p>
   </div>
   <div class='ocr_carea' id='block_1_93' title="bbox 1945 4373 3537 4447">
    <p class='ocr_par' dir='ltr' id='par_1_93' title="bbox 1945 4373 3537 4447">
     <span class='ocr_line' id='line_1_93' title="bbox 1945 4373 3537 4447; baseline -0.003 -13"><span class='ocrx_word' id='word_1_705' title='bbox 1945 4385 2080 4442; x_wconf 91' lang='lat' dir='ltr'><strong>ctor,</strong></span> <span class='ocrx_word' id='word_1_706' title='bbox 2112 4391 2216 4433; x_wconf 90' lang='lat' dir='ltr'><strong>nec</strong></span> <span class='ocrx_word' id='word_1_707' title='bbox 2262 4391 2510 4442; x_wconf 88' lang='lat' dir='ltr'><strong>consors,</strong></span> <span class='ocrx_word' id='word_1_708' title='bbox 2557 4391 2660 4432; x_wconf 90' lang='lat' dir='ltr'><strong>nec</strong></span> <span class='ocrx_word' id='word_1_709' title='bbox 2690 4390 2992 4431; x_wconf 90' lang='lat' dir='ltr'><strong>consensor</strong></span> <span class='ocrx_word' id='word_1_710' title='bbox 3033 4374 3196 4430; x_wconf 88' lang='lat' dir='ltr'><strong>ullius</strong></span> <span class='ocrx_word' id='word_1_711' title='bbox 3236 4373 3537 4447; x_wconf 82' lang='lat' dir='ltr'><strong>tyrannidis</strong></span> 
     </span>
    </p>
   </div>
   <div class='ocr_carea' id='block_1_94' title="bbox 243 4458 3540 4538">
    <p class='ocr_par' dir='ltr' id='par_1_94' title="bbox 243 4458 3540 4538">
     <span class='ocr_line' id='line_1_94' title="bbox 243 4458 3540 4538; baseline -0.001 -16"><span class='ocrx_word' id='word_1_712' title='bbox 243 4467 506 4536; x_wconf 89' lang='lat' dir='ltr'><strong>judicium</strong></span> <span class='ocrx_word' id='word_1_713' title='bbox 537 4465 865 4522; x_wconf 85' lang='lat' dir='ltr'><strong>auferendos</strong></span> <span class='ocrx_word' id='word_1_714' title='bbox 894 4482 1018 4522; x_wconf 89' lang='lat' dir='ltr'><strong>esse</strong></span> <span class='ocrx_word' id='word_1_715' title='bbox 1036 4466 1210 4522; x_wconf 88' lang='lat' dir='ltr'><strong>malos</strong></span> <span class='ocrx_word' id='word_1_716' title='bbox 1225 4466 1294 4522; x_wconf 90' lang='lat' dir='ltr'><strong>ab</strong></span> <span class='ocrx_word' id='word_1_717' title='bbox 1315 4465 1574 4522; x_wconf 83' lang='lat' dir='ltr'><strong>Ecclesiae</strong></span> <span class='ocrx_word' id='word_1_718' title='bbox 1593 4481 1840 4521; x_wconf 89' lang='lat' dir='ltr'><strong>commu-</strong></span> <span class='ocrx_word' id='word_1_719' title='bbox 1867 4458 1920 4518; x_wconf 94' lang='lat' dir='ltr'><strong>D</strong></span> <span class='ocrx_word' id='word_1_720' title='bbox 1943 4482 2198 4538; x_wconf 88' lang='lat' dir='ltr'><strong>unquam,</strong></span> <span class='ocrx_word' id='word_1_721' title='bbox 2231 4465 2318 4520; x_wconf 89' lang='lat' dir='ltr'><strong>vel</strong></span> <span class='ocrx_word' id='word_1_722' title='bbox 2365 4480 2538 4538; x_wconf 91' lang='lat' dir='ltr'><strong>usque</strong></span> <span class='ocrx_word' id='word_1_723' title='bbox 2565 4465 2633 4520; x_wconf 88' lang='lat' dir='ltr'><strong>ab</strong></span> <span class='ocrx_word' id='word_1_724' title='bbox 2660 4464 2794 4535; x_wconf 89' lang='lat' dir='ltr'><strong>ipsis</strong></span> <span class='ocrx_word' id='word_1_725' title='bbox 2838 4463 3122 4520; x_wconf 88' lang='lat' dir='ltr'><strong>cunabulis</strong></span> <span class='ocrx_word' id='word_1_726' title='bbox 3159 4465 3416 4520; x_wconf 84' lang='lat' dir='ltr'><strong>hactenus</strong></span> <span class='ocrx_word' id='word_1_727' title='bbox 3447 4480 3540 4519; x_wconf 86' lang='lat' dir='ltr'><strong>ex-</strong></span> 
     </span>
    </p>
   </div>
   <div class='ocr_carea' id='block_1_95' title="bbox 248 4555 1845 4626">
    <p class='ocr_par' dir='ltr' id='par_1_95' title="bbox 248 4555 1845 4626">
     <span class='ocr_line' id='line_1_95' title="bbox 248 4555 1845 4626; baseline 0 -16"><span class='ocrx_word' id='word_1_728' title='bbox 248 4555 406 4612; x_wconf 90' lang='lat' dir='ltr'><strong>nione</strong></span> <span class='ocrx_word' id='word_1_729' title='bbox 423 4571 436 4612; x_wconf 95' lang='lat'>:</span> <span class='ocrx_word' id='word_1_730' title='bbox 453 4562 506 4612; x_wconf 91' lang='lat' dir='ltr'><strong>et</strong></span> <span class='ocrx_word' id='word_1_731' title='bbox 525 4555 573 4610; x_wconf 91' lang='lat' dir='ltr'><strong>si</strong></span> <span class='ocrx_word' id='word_1_732' title='bbox 593 4571 696 4626; x_wconf 90' lang='lat' dir='ltr'><strong>per</strong></span> <span class='ocrx_word' id='word_1_733' title='bbox 707 4555 970 4624; x_wconf 88' lang='lat' dir='ltr'><strong>judicium</strong></span> <span class='ocrx_word' id='word_1_734' title='bbox 991 4555 1189 4612; x_wconf 88' lang='lat' dir='ltr'><strong>auferri</strong></span> <span class='ocrx_word' id='word_1_735' title='bbox 1209 4571 1320 4610; x_wconf 93' lang='lat' dir='ltr'><strong>non</strong></span> <span class='ocrx_word' id='word_1_736' title='bbox 1339 4563 1584 4626; x_wconf 90' lang='lat' dir='ltr'><strong>possunt,</strong></span> <span class='ocrx_word' id='word_1_737' title='bbox 1607 4555 1845 4610; x_wconf 81' lang='lat' dir='ltr'><strong>toleren-</strong></span> 
     </span>
    </p>
   </div>
   <div class='ocr_carea' id='block_1_96' title="bbox 249 4645 1846 4718">
    <p class='ocr_par' dir='ltr' id='par_1_96' title="bbox 249 4645 1846 4718">
     <span class='ocr_line' id='line_1_96' title="bbox 249 4645 1846 4718; baseline -0.001 -18"><span class='ocrx_word' id='word_1_738' title='bbox 249 4655 335 4700; x_wconf 90' lang='lat' dir='ltr'><strong>tur</strong></span> <span class='ocrx_word' id='word_1_739' title='bbox 363 4645 566 4717; x_wconf 86' lang='lat' dir='ltr'><strong>potius,</strong></span> <span class='ocrx_word' id='word_1_740' title='bbox 608 4661 678 4700; x_wconf 93' lang='lat' dir='ltr'><strong>ne</strong></span> <span class='ocrx_word' id='word_1_741' title='bbox 710 4661 969 4716; x_wconf 86' lang='lat' dir='ltr'><strong>perverse</strong></span> <span class='ocrx_word' id='word_1_742' title='bbox 1003 4645 1180 4700; x_wconf 90' lang='lat' dir='ltr'><strong>malos</strong></span> <span class='ocrx_word' id='word_1_743' title='bbox 1217 4645 1468 4700; x_wconf 89' lang='lat' dir='ltr'><strong>evitando</strong></span> <span class='ocrx_word' id='word_1_744' title='bbox 1507 4645 1734 4718; x_wconf 89' lang='lat' dir='ltr'><strong>quisque</strong></span> <span class='ocrx_word' id='word_1_745' title='bbox 1777 4645 1846 4700; x_wconf 90' lang='lat' dir='ltr'><strong>ab</strong></span> 
     </span>
    </p>
   </div>
   <div class='ocr_carea' id='block_1_97' title="bbox 249 4733 1846 4806">
    <p class='ocr_par' dir='ltr' id='par_1_97' title="bbox 249 4733 1846 4806">
     <span class='ocr_line' id='line_1_97' title="bbox 249 4733 1846 4806; baseline -0.001 -16"><span class='ocrx_word' id='word_1_746' title='bbox 249 4733 494 4790; x_wconf 87' lang='lat' dir='ltr'><strong>Ecclesia</strong></span> <span class='ocrx_word' id='word_1_747' title='bbox 514 4733 634 4806; x_wconf 91' lang='lat' dir='ltr'><strong>ipse</strong></span> <span class='ocrx_word' id='word_1_748' title='bbox 656 4733 966 4804; x_wconf 88' lang='lat' dir='ltr'><strong>discedens,</strong></span> <span class='ocrx_word' id='word_1_749' title='bbox 991 4749 1088 4790; x_wconf 91' lang='lat' dir='ltr'><strong>eos</strong></span> <span class='ocrx_word' id='word_1_750' title='bbox 1104 4750 1240 4806; x_wconf 92' lang='lat' dir='ltr'><strong>quos</strong></span> <span class='ocrx_word' id='word_1_751' title='bbox 1261 4733 1452 4805; x_wconf 88' lang='lat' dir='ltr'><strong>fugere</strong></span> <span class='ocrx_word' id='word_1_752' title='bbox 1484 4733 1700 4790; x_wconf 88' lang='lat' dir='ltr'><strong>videtur</strong></span> <span class='ocrx_word' id='word_1_753' title='bbox 1722 4733 1846 4788; x_wconf 90' lang='lat' dir='ltr'><strong>vin-</strong></span> 
     </span>
    </p>
   </div>
   <div class='ocr_carea' id='block_1_98' title="bbox 250 4822 1848 4895">
    <p class='ocr_par' dir='ltr' id='par_1_98' title="bbox 250 4822 1848 4895">
     <span class='ocr_line' id='line_1_98' title="bbox 250 4822 1848 4895; baseline -0.001 -16"><span class='ocrx_word' id='word_1_754' title='bbox 250 4822 350 4879; x_wconf 87' lang='lat' dir='ltr'><strong>ciat</strong></span> <span class='ocrx_word' id='word_1_755' title='bbox 371 4823 444 4878; x_wconf 92' lang='lat' dir='ltr'><strong>ad</strong></span> <span class='ocrx_word' id='word_1_756' title='bbox 459 4823 790 4894; x_wconf 86' lang='lat' dir='ltr'><strong>gehennam.</strong></span> <span class='ocrx_word' id='word_1_757' title='bbox 809 4823 878 4878; x_wconf 93' lang='lat' dir='ltr'><strong>Et</strong></span> <span class='ocrx_word' id='word_1_758' title='bbox 893 4823 1054 4878; x_wconf 90' lang='lat' dir='ltr'><strong>item:</strong></span> <span class='ocrx_word' id='word_1_759' title='bbox 1076 4824 1136 4880; x_wconf 88' lang='lat' dir='ltr'><strong>Si</strong></span> <span class='ocrx_word' id='word_1_760' title='bbox 1155 4825 1278 4895; x_wconf 87' lang='lat' dir='ltr'><strong>quis</strong></span> <span class='ocrx_word' id='word_1_761' title='bbox 1303 4826 1488 4895; x_wconf 87' lang='lat' dir='ltr'><strong>frater</strong></span> <span class='ocrx_word' id='word_1_762' title='bbox 1513 4823 1848 4878; x_wconf 88' lang='lat' dir='ltr'><strong>nominatur</strong></span> 
     </span>
    </p>
   </div>
   <div class='ocr_carea' id='block_1_99' title="bbox 251 4910 1846 4984">
    <p class='ocr_par' dir='ltr' id='par_1_99' title="bbox 251 4910 1846 4984">
     <span class='ocr_line' id='line_1_99' title="bbox 251 4910 1846 4984; baseline -0.003 -16"><span class='ocrx_word' id='word_1_763' title='bbox 251 4914 584 4982; x_wconf 86' lang='lat' dir='ltr'><strong>fornicator,</strong></span> <span class='ocrx_word' id='word_1_764' title='bbox 605 4915 708 4968; x_wconf 87' lang='lat' dir='ltr'><strong>aut</strong></span> <span class='ocrx_word' id='word_1_765' title='bbox 729 4915 941 4984; x_wconf 85' lang='lat' dir='ltr'><strong>raptor,</strong></span> <span class='ocrx_word' id='word_1_766' title='bbox 961 4920 1014 4968; x_wconf 90' lang='lat' dir='ltr'><strong>et</strong></span> <span class='ocrx_word' id='word_1_767' title='bbox 1030 4912 1254 4984; x_wconf 88' lang='lat' dir='ltr'><strong>reliqua.</strong></span> <span class='ocrx_word' id='word_1_768' title='bbox 1277 4912 1432 4979; x_wconf 90' lang='lat' dir='ltr'><strong>Eam,</strong></span> <span class='ocrx_word' id='word_1_769' title='bbox 1452 4911 1643 4984; x_wconf 87' lang='lat' dir='ltr'><strong>inquit,</strong></span> <span class='ocrx_word' id='word_1_770' title='bbox 1667 4910 1846 4966; x_wconf 87' lang='lat' dir='ltr'><strong>nomi-</strong></span> 
     </span>
    </p>
   </div>
   <div class='ocr_carea' id='block_1_100' title="bbox 251 4999 1847 5074">
    <p class='ocr_par' dir='ltr' id='par_1_100' title="bbox 251 4999 1847 5074">
     <span class='ocr_line' id='line_1_100' title="bbox 251 4999 1847 5074; baseline -0.001 -19"><span class='ocrx_word' id='word_1_771' title='bbox 251 5001 524 5058; x_wconf 89' lang='lat' dir='ltr'><strong>nationem</strong></span> <span class='ocrx_word' id='word_1_772' title='bbox 557 5000 788 5072; x_wconf 85' lang='lat' dir='ltr'><strong>intelligi</strong></span> <span class='ocrx_word' id='word_1_773' title='bbox 825 5001 1119 5072; x_wconf 83' lang='lat' dir='ltr'><strong>Apostolus</strong></span> <span class='ocrx_word' id='word_1_774' title='bbox 1138 5001 1326 5067; x_wconf 88' lang='lat' dir='ltr'><strong>voluit,</strong></span> <span class='ocrx_word' id='word_1_775' title='bbox 1359 5017 1479 5074; x_wconf 67' lang='lat' dir='ltr'><strong>quae</strong></span> <span class='ocrx_word' id='word_1_776' title='bbox 1499 4999 1559 5056; x_wconf 90' lang='lat' dir='ltr'><strong>ﬁt</strong></span> <span class='ocrx_word' id='word_1_777' title='bbox 1577 5001 1634 5055; x_wconf 90' lang='lat' dir='ltr'><strong>in</strong></span> <span class='ocrx_word' id='word_1_778' title='bbox 1652 5015 1847 5072; x_wconf 90' lang='lat' dir='ltr'><strong>quem-</strong></span> 
     </span>
    </p>
   </div>
   <div class='ocr_carea' id='block_1_101' title="bbox 251 5088 1852 5162">
    <p class='ocr_par' dir='ltr' id='par_1_101' title="bbox 251 5088 1852 5162">
     <span class='ocr_line' id='line_1_101' title="bbox 251 5088 1852 5162; baseline -0.002 -16"><span class='ocrx_word' id='word_1_779' title='bbox 251 5106 434 5162; x_wconf 89' lang='lat' dir='ltr'><strong>quam,</strong></span> <span class='ocrx_word' id='word_1_780' title='bbox 465 5105 590 5146; x_wconf 89' lang='lat' dir='ltr'><strong>cum</strong></span> <span class='ocrx_word' id='word_1_781' title='bbox 619 5090 885 5144; x_wconf 87' lang='lat' dir='ltr'><strong>sententia</strong></span> <span class='ocrx_word' id='word_1_782' title='bbox 915 5090 1120 5145; x_wconf 77' lang='lat' dir='ltr'><strong>ordine</strong></span> <span class='ocrx_word' id='word_1_783' title='bbox 1130 5090 1418 5158; x_wconf 88' lang='lat' dir='ltr'><strong>judiciario</strong></span> <span class='ocrx_word' id='word_1_784' title='bbox 1447 5097 1607 5160; x_wconf 90' lang='lat' dir='ltr'><strong>atque</strong></span> <span class='ocrx_word' id='word_1_785' title='bbox 1626 5088 1852 5160; x_wconf 86' lang='lat' dir='ltr'><strong>integri-</strong></span> 
     </span>
    </p>
   </div>
   <div class='ocr_carea' id='block_1_102' title="bbox 248 5177 1850 5251">
    <p class='ocr_par' dir='ltr' id='par_1_102' title="bbox 248 5177 1850 5251">
     <span class='ocr_line' id='line_1_102' title="bbox 248 5177 1850 5251; baseline -0.001 -17"><span class='ocrx_word' id='word_1_786' title='bbox 248 5186 352 5236; x_wconf 87' lang='lat' dir='ltr'><strong>tate</strong></span> <span class='ocrx_word' id='word_1_787' title='bbox 381 5177 682 5251; x_wconf 89' lang='lat' dir='ltr'><strong>profertur.</strong></span> <span class='ocrx_word' id='word_1_788' title='bbox 714 5179 857 5234; x_wconf 91' lang='lat' dir='ltr'><strong>Nam</strong></span> <span class='ocrx_word' id='word_1_789' title='bbox 885 5179 932 5234; x_wconf 91' lang='lat' dir='ltr'><strong>si</strong></span> <span class='ocrx_word' id='word_1_790' title='bbox 961 5179 1254 5234; x_wconf 88' lang='lat' dir='ltr'><strong>nominatio</strong></span> <span class='ocrx_word' id='word_1_791' title='bbox 1285 5178 1496 5244; x_wconf 76' lang='lat' dir='ltr'><strong>sufﬁcit,</strong></span> <span class='ocrx_word' id='word_1_792' title='bbox 1521 5178 1675 5234; x_wconf 89' lang='lat' dir='ltr'><strong>multi</strong></span> <span class='ocrx_word' id='word_1_793' title='bbox 1695 5178 1850 5234; x_wconf 85' lang='lat' dir='ltr'><strong>dam-</strong></span> 
     </span>
    </p>
   </div>
   <div class='ocr_carea' id='block_1_103' title="bbox 251 5267 1850 5341">
    <p class='ocr_par' dir='ltr' id='par_1_103' title="bbox 251 5267 1850 5341">
     <span class='ocr_line' id='line_1_103' title="bbox 251 5267 1850 5341; baseline -0.001 -18"><span class='ocrx_word' id='word_1_794' title='bbox 251 5269 409 5324; x_wconf 89' lang='lat' dir='ltr'><strong>nandi</strong></span> <span class='ocrx_word' id='word_1_795' title='bbox 441 5275 568 5324; x_wconf 90' lang='lat' dir='ltr'><strong>sunt</strong></span> <span class='ocrx_word' id='word_1_796' title='bbox 596 5267 936 5335; x_wconf 88' lang='lat' dir='ltr'><strong>innocentes,</strong></span> <span class='ocrx_word' id='word_1_797' title='bbox 968 5268 1094 5341; x_wconf 91' lang='lat' dir='ltr'><strong>quia</strong></span> <span class='ocrx_word' id='word_1_798' title='bbox 1124 5285 1269 5339; x_wconf 68' lang='lat' dir='ltr'><strong>saepe</strong></span> <span class='ocrx_word' id='word_1_799' title='bbox 1292 5267 1430 5323; x_wconf 83' lang='lat' dir='ltr'><strong>falso</strong></span> <span class='ocrx_word' id='word_1_800' title='bbox 1451 5267 1504 5322; x_wconf 90' lang='lat' dir='ltr'><strong>in</strong></span> <span class='ocrx_word' id='word_1_801' title='bbox 1527 5283 1850 5340; x_wconf 90' lang='lat' dir='ltr'><strong>quemquam</strong></span> 
     </span>
    </p>
   </div>
   <div class='ocr_carea' id='block_1_104' title="bbox 251 5355 1851 5414">
    <p class='ocr_par' dir='ltr' id='par_1_104' title="bbox 251 5355 1851 5414">
     <span class='ocr_line' id='line_1_104' title="bbox 251 5355 1851 5414; baseline -0.001 0"><span class='ocrx_word' id='word_1_802' title='bbox 251 5358 455 5414; x_wconf 88' lang='lat' dir='ltr'><strong>crimen</strong></span> <span class='ocrx_word' id='word_1_803' title='bbox 483 5357 816 5414; x_wconf 89' lang='lat' dir='ltr'><strong>nominatur.</strong></span> <span class='ocrx_word' id='word_1_804' title='bbox 850 5357 1035 5412; x_wconf 88' lang='lat' dir='ltr'><strong>Noluit</strong></span> <span class='ocrx_word' id='word_1_805' title='bbox 1063 5357 1210 5414; x_wconf 90' lang='lat' dir='ltr'><strong>enim</strong></span> <span class='ocrx_word' id='word_1_806' title='bbox 1237 5357 1514 5412; x_wconf 90' lang='lat' dir='ltr'><strong>hominem</strong></span> <span class='ocrx_word' id='word_1_807' title='bbox 1535 5357 1605 5412; x_wconf 92' lang='lat' dir='ltr'><strong>ab</strong></span> <span class='ocrx_word' id='word_1_808' title='bbox 1631 5355 1851 5412; x_wconf 89' lang='lat' dir='ltr'><strong>homine</strong></span> 
     </span>
    </p>
   </div>
   <div class='ocr_carea' id='block_1_105' title="bbox 250 5445 1850 5518">
    <p class='ocr_par' dir='ltr' id='par_1_105' title="bbox 250 5445 1850 5518">
     <span class='ocr_line' id='line_1_105' title="bbox 250 5445 1850 5518; baseline -0.001 -16"><span class='ocrx_word' id='word_1_809' title='bbox 250 5446 482 5516; x_wconf 78' lang='lat' dir='ltr'><strong>iudicari</strong></span> <span class='ocrx_word' id='word_1_810' title='bbox 511 5463 580 5502; x_wconf 85' lang='lat' dir='ltr'><strong>ex</strong></span> <span class='ocrx_word' id='word_1_811' title='bbox 625 5445 853 5503; x_wconf 90' lang='lat' dir='ltr'><strong>arbitrio</strong></span> <span class='ocrx_word' id='word_1_812' title='bbox 903 5445 1248 5518; x_wconf 89' lang='lat' dir='ltr'><strong>suspicionis,</strong></span> <span class='ocrx_word' id='word_1_813' title='bbox 1281 5445 1365 5500; x_wconf 94' lang='lat' dir='ltr'><strong>vel</strong></span> <span class='ocrx_word' id='word_1_814' title='bbox 1391 5445 1554 5500; x_wconf 89' lang='lat' dir='ltr'><strong>etiam</strong></span> <span class='ocrx_word' id='word_1_815' title='bbox 1602 5453 1850 5502; x_wconf 82' lang='lat' dir='ltr'><strong>extraor-</strong></span> 
     </span>
    </p>
   </div>
   <div class='ocr_carea' id='block_1_106' title="bbox 257 5533 1848 5609">
    <p class='ocr_par' dir='ltr' id='par_1_106' title="bbox 257 5533 1848 5609">
     <span class='ocr_line' id='line_1_106' title="bbox 257 5533 1848 5609; baseline -0.003 -15"><span class='ocrx_word' id='word_1_816' title='bbox 257 5535 470 5594; x_wconf 85' lang='lat' dir='ltr'><strong>dinario</strong></span> <span class='ocrx_word' id='word_1_817' title='bbox 515 5543 782 5609; x_wconf 86' lang='lat' dir='ltr'><strong>usurpato</strong></span> <span class='ocrx_word' id='word_1_818' title='bbox 819 5535 1043 5606; x_wconf 89' lang='lat' dir='ltr'><strong>judicio,</strong></span> <span class='ocrx_word' id='word_1_819' title='bbox 1085 5537 1185 5594; x_wconf 91' lang='lat' dir='ltr'><strong>sed</strong></span> <span class='ocrx_word' id='word_1_820' title='bbox 1227 5535 1406 5608; x_wconf 90' lang='lat' dir='ltr'><strong>potius</strong></span> <span class='ocrx_word' id='word_1_821' title='bbox 1451 5550 1518 5591; x_wconf 85' lang='lat' dir='ltr'><strong>ex</strong></span> <span class='ocrx_word' id='word_1_822' title='bbox 1562 5535 1688 5608; x_wconf 83' lang='lat' dir='ltr'><strong>lege</strong></span> <span class='ocrx_word' id='word_1_823' title='bbox 1726 5533 1848 5604; x_wconf 91' lang='lat' dir='ltr'><strong>Dei,</strong></span> 
     </span>
    </p>
   </div>
   <div class='ocr_carea' id='block_1_107' title="bbox 1905 4553 3536 4627">
    <p class='ocr_par' dir='ltr' id='par_1_107' title="bbox 1905 4553 3536 4627">
     <span class='ocr_line' id='line_1_107' title="bbox 1905 4553 3536 4627; baseline -0.001 -17"><span class='ocrx_word' id='word_1_824' title='bbox 1905 4559 1911 4562; x_wconf 76' lang='grc'><strong>’</strong></span> <span class='ocrx_word' id='word_1_825' title='bbox 1946 4554 2074 4610; x_wconf 88' lang='lat' dir='ltr'><strong>stiti.</strong></span> <span class='ocrx_word' id='word_1_826' title='bbox 2115 4555 2242 4610; x_wconf 75' lang='lat' dir='ltr'><strong>Haec</strong></span> <span class='ocrx_word' id='word_1_827' title='bbox 2283 4554 2376 4627; x_wconf 90' lang='lat' dir='ltr'><strong>qui</strong></span> <span class='ocrx_word' id='word_1_828' title='bbox 2418 4554 2573 4610; x_wconf 92' lang='lat' dir='ltr'><strong>vobis</strong></span> <span class='ocrx_word' id='word_1_829' title='bbox 2620 4553 2751 4610; x_wconf 87' lang='lat' dir='ltr'><strong>talia</strong></span> <span class='ocrx_word' id='word_1_830' title='bbox 2786 4553 3070 4620; x_wconf 89' lang='lat' dir='ltr'><strong>nuntiavit,</strong></span> <span class='ocrx_word' id='word_1_831' title='bbox 3103 4553 3390 4622; x_wconf 88' lang='lat' dir='ltr'><strong>adjuvante</strong></span> <span class='ocrx_word' id='word_1_832' title='bbox 3419 4553 3536 4608; x_wconf 92' lang='lat' dir='ltr'><strong>Do-</strong></span> 
     </span>
    </p>
   </div>
   <div class='ocr_carea' id='block_1_108' title="bbox 1944 4641 3535 4716">
    <p class='ocr_par' dir='ltr' id='par_1_108' title="bbox 1944 4641 3535 4716">
     <span class='ocr_line' id='line_1_108' title="bbox 1944 4641 3535 4716; baseline -0.003 -16"><span class='ocrx_word' id='word_1_833' title='bbox 1944 4645 2112 4714; x_wconf 90' lang='lat' dir='ltr'><strong>mino,</strong></span> <span class='ocrx_word' id='word_1_834' title='bbox 2147 4643 2216 4700; x_wconf 92' lang='lat' dir='ltr'><strong>de</strong></span> <span class='ocrx_word' id='word_1_835' title='bbox 2245 4660 2334 4700; x_wconf 89' lang='lat' dir='ltr'><strong>me</strong></span> <span class='ocrx_word' id='word_1_836' title='bbox 2361 4644 2594 4716; x_wconf 88' lang='lat' dir='ltr'><strong>probare</strong></span> <span class='ocrx_word' id='word_1_837' title='bbox 2623 4660 2732 4699; x_wconf 90' lang='lat' dir='ltr'><strong>non</strong></span> <span class='ocrx_word' id='word_1_838' title='bbox 2761 4641 2978 4698; x_wconf 86' lang='lat' dir='ltr'><strong>valebit.</strong></span> <span class='ocrx_word' id='word_1_839' title='bbox 3011 4642 3080 4696; x_wconf 92' lang='lat' dir='ltr'><strong>Et</strong></span> <span class='ocrx_word' id='word_1_840' title='bbox 3111 4641 3234 4712; x_wconf 90' lang='lat' dir='ltr'><strong>quia</strong></span> <span class='ocrx_word' id='word_1_841' title='bbox 3261 4657 3368 4696; x_wconf 90' lang='lat' dir='ltr'><strong>non</strong></span> <span class='ocrx_word' id='word_1_842' title='bbox 3391 4641 3535 4712; x_wconf 90' lang='lat' dir='ltr'><strong>silui,</strong></span> 
     </span>
    </p>
   </div>
   <div class='ocr_carea' id='block_1_109' title="bbox 1946 4729 3542 4802">
    <p class='ocr_par' dir='ltr' id='par_1_109' title="bbox 1946 4729 3542 4802">
     <span class='ocr_line' id='line_1_109' title="bbox 1946 4729 3542 4802; baseline -0.001 -13"><span class='ocrx_word' id='word_1_843' title='bbox 1946 4742 1999 4790; x_wconf 93' lang='lat' dir='ltr'><strong>et</strong></span> <span class='ocrx_word' id='word_1_844' title='bbox 2033 4733 2087 4788; x_wconf 89' lang='lat' dir='ltr'><strong>in</strong></span> <span class='ocrx_word' id='word_1_845' title='bbox 2131 4733 2500 4789; x_wconf 87' lang='lat' dir='ltr'><strong>annuntiando</strong></span> <span class='ocrx_word' id='word_1_846' title='bbox 2541 4733 2629 4788; x_wconf 89' lang='lat' dir='ltr'><strong>vel</strong></span> <span class='ocrx_word' id='word_1_847' title='bbox 2675 4730 3023 4802; x_wconf 84' lang='lat' dir='ltr'><strong>exsequendo</strong></span> <span class='ocrx_word' id='word_1_848' title='bbox 3071 4745 3138 4784; x_wconf 88' lang='lat' dir='ltr'><strong>ea</strong></span> <span class='ocrx_word' id='word_1_849' title='bbox 3186 4745 3308 4800; x_wconf 84' lang='lat' dir='ltr'><strong>quae</strong></span> <span class='ocrx_word' id='word_1_850' title='bbox 3347 4729 3480 4786; x_wconf 89' lang='lat' dir='ltr'><strong>mihi</strong></span> <span class='ocrx_word' id='word_1_851' title='bbox 3507 4747 3542 4787; x_wconf 90' lang='lat' dir='ltr'><strong>a</strong></span> 
     </span>
    </p>
   </div>
   <div class='ocr_carea' id='block_1_110' title="bbox 1945 4817 3542 4892">
    <p class='ocr_par' dir='ltr' id='par_1_110' title="bbox 1945 4817 3542 4892">
     <span class='ocr_line' id='line_1_110' title="bbox 1945 4817 3542 4892; baseline -0.001 -14"><span class='ocrx_word' id='word_1_852' title='bbox 1945 4831 2124 4878; x_wconf 89' lang='lat' dir='ltr'><strong>vestra</strong></span> <span class='ocrx_word' id='word_1_853' title='bbox 2151 4823 2470 4879; x_wconf 88' lang='lat' dir='ltr'><strong>auctoritate</strong></span> <span class='ocrx_word' id='word_1_854' title='bbox 2499 4828 2770 4892; x_wconf 72' lang='lat' dir='ltr'><strong>prmcepta</strong></span> <span class='ocrx_word' id='word_1_855' title='bbox 2807 4827 2950 4884; x_wconf 90' lang='lat' dir='ltr'><strong>sunt,</strong></span> <span class='ocrx_word' id='word_1_856' title='bbox 2999 4833 3098 4889; x_wconf 89' lang='lat' dir='ltr'><strong>pro</strong></span> <span class='ocrx_word' id='word_1_857' title='bbox 3129 4817 3266 4874; x_wconf 91' lang='lat' dir='ltr'><strong>scire</strong></span> <span class='ocrx_word' id='word_1_858' title='bbox 3297 4827 3349 4875; x_wconf 90' lang='lat' dir='ltr'><strong>et</strong></span> <span class='ocrx_word' id='word_1_859' title='bbox 3375 4837 3542 4892; x_wconf 90' lang='lat' dir='ltr'><strong>posse</strong></span> 
     </span>
    </p>
   </div>
   <div class='ocr_carea' id='block_1_111' title="bbox 1945 4906 3542 4982">
    <p class='ocr_par' dir='ltr' id='par_1_111' title="bbox 1945 4906 3542 4982">
     <span class='ocr_line' id='line_1_111' title="bbox 1945 4906 3542 4982; baseline -0.001 -16"><span class='ocrx_word' id='word_1_860' title='bbox 1945 4928 2088 4977; x_wconf 88' lang='lat' dir='ltr'><strong>meo,</strong></span> <span class='ocrx_word' id='word_1_861' title='bbox 2121 4911 2286 4968; x_wconf 89' lang='lat' dir='ltr'><strong>deses</strong></span> <span class='ocrx_word' id='word_1_862' title='bbox 2313 4912 2402 4968; x_wconf 89' lang='lat' dir='ltr'><strong>vel</strong></span> <span class='ocrx_word' id='word_1_863' title='bbox 2431 4911 2616 4982; x_wconf 82' lang='lat' dir='ltr'><strong>segnis</strong></span> <span class='ocrx_word' id='word_1_864' title='bbox 2643 4925 2753 4964; x_wconf 90' lang='lat' dir='ltr'><strong>non</strong></span> <span class='ocrx_word' id='word_1_865' title='bbox 2781 4907 2980 4976; x_wconf 86' lang='lat' dir='ltr'><strong>exstiti,</strong></span> <span class='ocrx_word' id='word_1_866' title='bbox 3015 4906 3153 4964; x_wconf 88' lang='lat' dir='ltr'><strong>sicut</strong></span> <span class='ocrx_word' id='word_1_867' title='bbox 3181 4916 3234 4964; x_wconf 89' lang='lat' dir='ltr'><strong>et</strong></span> <span class='ocrx_word' id='word_1_868' title='bbox 3265 4916 3386 4964; x_wconf 90' lang='lat' dir='ltr'><strong>ante</strong></span> <span class='ocrx_word' id='word_1_869' title='bbox 3409 4909 3542 4966; x_wconf 87' lang='lat' dir='ltr'><strong>scri-</strong></span> 
     </span>
    </p>
   </div>
   <div class='ocr_carea' id='block_1_112' title="bbox 1944 4995 3544 5072">
    <p class='ocr_par' dir='ltr' id='par_1_112' title="bbox 1944 4995 3544 5072">
     <span class='ocr_line' id='line_1_112' title="bbox 1944 4995 3544 5072; baseline -0.001 -17"><span class='ocrx_word' id='word_1_870' title='bbox 1944 5001 2052 5072; x_wconf 89' lang='lat' dir='ltr'><strong>ptis</strong></span> <span class='ocrx_word' id='word_1_871' title='bbox 2080 5001 2311 5069; x_wconf 85' lang='lat' dir='ltr'><strong>ostendi,</strong></span> <span class='ocrx_word' id='word_1_872' title='bbox 2349 5009 2404 5057; x_wconf 87' lang='lat' dir='ltr'><strong>et</strong></span> <span class='ocrx_word' id='word_1_873' title='bbox 2431 5015 2614 5058; x_wconf 85' lang='lat' dir='ltr'><strong>coram</strong></span> <span class='ocrx_word' id='word_1_874' title='bbox 2638 4996 2822 5052; x_wconf 91' lang='lat' dir='ltr'><strong>missis</strong></span> <span class='ocrx_word' id='word_1_875' title='bbox 2848 4995 3043 5054; x_wconf 86' lang='lat' dir='ltr'><strong>vestris</strong></span> <span class='ocrx_word' id='word_1_876' title='bbox 3072 4996 3194 5055; x_wconf 90' lang='lat' dir='ltr'><strong>viva</strong></span> <span class='ocrx_word' id='word_1_877' title='bbox 3221 5013 3355 5055; x_wconf 87' lang='lat' dir='ltr'><strong>voce</strong></span> <span class='ocrx_word' id='word_1_878' title='bbox 3385 5015 3544 5054; x_wconf 91' lang='lat' dir='ltr'><strong>mon-</strong></span> 
     </span>
    </p>
   </div>
   <div class='ocr_carea' id='block_1_113' title="bbox 1949 5089 3310 5145">
    <p class='ocr_par' dir='ltr' id='par_1_113' title="bbox 1949 5089 3310 5145">
     <span class='ocr_line' id='line_1_113' title="bbox 1949 5089 3310 5145; baseline 0 -1"><span class='ocrx_word' id='word_1_879' title='bbox 1949 5089 2137 5145; x_wconf 88' lang='lat' dir='ltr'><strong>stravi.</strong></span> <span class='ocrx_word' id='word_1_880' title='bbox 3294 5090 3310 5102; x_wconf 87' lang='grc'><em>’</em></span> 
     </span>
    </p>
   </div>
   <div class='ocr_carea' id='block_1_114' title="bbox 2019 5175 3542 5250">
    <p class='ocr_par' dir='ltr' id='par_1_114' title="bbox 2019 5175 3542 5250">
     <span class='ocr_line' id='line_1_114' title="bbox 2019 5175 3542 5250; baseline -0.001 -16"><span class='ocrx_word' id='word_1_881' title='bbox 2019 5179 2100 5235; x_wconf 90' lang='lat' dir='ltr'><strong>De</strong></span> <span class='ocrx_word' id='word_1_882' title='bbox 2154 5180 2260 5236; x_wconf 85' lang='lat' dir='ltr'><strong>hoc</strong></span> <span class='ocrx_word' id='word_1_883' title='bbox 2313 5178 2459 5250; x_wconf 90' lang='lat' dir='ltr'><strong>quod</strong></span> <span class='ocrx_word' id='word_1_884' title='bbox 2513 5175 2710 5243; x_wconf 89' lang='lat' dir='ltr'><strong>dicitis,</strong></span> <span class='ocrx_word' id='word_1_885' title='bbox 2762 5176 2889 5250; x_wconf 89' lang='lat' dir='ltr'><strong>quia</strong></span> <span class='ocrx_word' id='word_1_886' title='bbox 2930 5178 3134 5233; x_wconf 85' lang='lat' dir='ltr'><strong>honore</strong></span> <span class='ocrx_word' id='word_1_887' title='bbox 3189 5185 3243 5233; x_wconf 90' lang='lat' dir='ltr'><strong>et</strong></span> <span class='ocrx_word' id='word_1_888' title='bbox 3285 5176 3542 5250; x_wconf 85' lang='lat' dir='ltr'><strong>dignitate</strong></span> 
     </span>
    </p>
   </div>
   <div class='ocr_carea' id='block_1_115' title="bbox 1949 5265 3540 5339">
    <p class='ocr_par' dir='ltr' id='par_1_115' title="bbox 1949 5265 3540 5339">
     <span class='ocr_line' id='line_1_115' title="bbox 1949 5265 3540 5339; baseline -0.003 -15"><span class='ocrx_word' id='word_1_889' title='bbox 1949 5267 2162 5324; x_wconf 72' lang='lat' dir='ltr'><strong>caeteris</strong></span> <span class='ocrx_word' id='word_1_890' title='bbox 2192 5267 2368 5322; x_wconf 86' lang='lat' dir='ltr'><strong>Caroli</strong></span> <span class='ocrx_word' id='word_1_891' title='bbox 2399 5265 2547 5337; x_wconf 88' lang='lat' dir='ltr'><strong>regis</strong></span> <span class='ocrx_word' id='word_1_892' title='bbox 2586 5265 2742 5339; x_wconf 88' lang='lat' dir='ltr'><strong>regni</strong></span> <span class='ocrx_word' id='word_1_893' title='bbox 2789 5266 3060 5338; x_wconf 87' lang='lat' dir='ltr'><strong>episcOpis</strong></span> <span class='ocrx_word' id='word_1_894' title='bbox 3087 5282 3208 5322; x_wconf 89' lang='lat' dir='ltr'><strong>sum</strong></span> <span class='ocrx_word' id='word_1_895' title='bbox 3237 5265 3540 5330; x_wconf 89' lang='lat' dir='ltr'><strong>sublimior,</strong></span> 
     </span>
    </p>
   </div>
   <div class='ocr_carea' id='block_1_116' title="bbox 1949 5353 3543 5428">
    <p class='ocr_par' dir='ltr' id='par_1_116' title="bbox 1949 5353 3543 5428">
     <span class='ocr_line' id='line_1_116' title="bbox 1949 5353 3543 5428; baseline -0.001 -18"><span class='ocrx_word' id='word_1_896' title='bbox 1949 5371 2190 5428; x_wconf 83' lang='lat' dir='ltr'><strong>suggero</strong></span> <span class='ocrx_word' id='word_1_897' title='bbox 2232 5355 2356 5426; x_wconf 90' lang='lat' dir='ltr'><strong>quia</strong></span> <span class='ocrx_word' id='word_1_898' title='bbox 2402 5353 2629 5409; x_wconf 89' lang='lat' dir='ltr'><strong>scientia</strong></span> <span class='ocrx_word' id='word_1_899' title='bbox 2665 5363 2718 5410; x_wconf 92' lang='lat' dir='ltr'><strong>et</strong></span> <span class='ocrx_word' id='word_1_900' title='bbox 2757 5355 2963 5411; x_wconf 90' lang='lat' dir='ltr'><strong>meritis</strong></span> <span class='ocrx_word' id='word_1_901' title='bbox 2990 5354 3320 5423; x_wconf 87' lang='lat' dir='ltr'><strong>inferiorem,</strong></span> <span class='ocrx_word' id='word_1_902' title='bbox 3353 5362 3405 5410; x_wconf 90' lang='lat' dir='ltr'><strong>et</strong></span> <span class='ocrx_word' id='word_1_903' title='bbox 3434 5370 3543 5410; x_wconf 91' lang='lat' dir='ltr'><strong>non</strong></span> 
     </span>
    </p>
   </div>
   <div class='ocr_carea' id='block_1_117' title="bbox 1949 5442 3541 5516">
    <p class='ocr_par' dir='ltr' id='par_1_117' title="bbox 1949 5442 3541 5516">
     <span class='ocr_line' id='line_1_117' title="bbox 1949 5442 3541 5516; baseline -0.002 -17"><span class='ocrx_word' id='word_1_904' title='bbox 1949 5443 2210 5514; x_wconf 86' lang='lat' dir='ltr'><strong>dignitate</strong></span> <span class='ocrx_word' id='word_1_905' title='bbox 2241 5459 2309 5500; x_wconf 89' lang='lat' dir='ltr'><strong>ac</strong></span> <span class='ocrx_word' id='word_1_906' title='bbox 2337 5445 2540 5500; x_wconf 87' lang='lat' dir='ltr'><strong>honore</strong></span> <span class='ocrx_word' id='word_1_907' title='bbox 2569 5443 2674 5501; x_wconf 91' lang='lat' dir='ltr'><strong>loci</strong></span> <span class='ocrx_word' id='word_1_908' title='bbox 2700 5445 2940 5516; x_wconf 87' lang='lat' dir='ltr'><strong>priorem</strong></span> <span class='ocrx_word' id='word_1_909' title='bbox 2969 5444 3177 5502; x_wconf 59' lang='lat' dir='ltr'><strong>caeteris</strong></span> <span class='ocrx_word' id='word_1_910' title='bbox 3225 5442 3541 5514; x_wconf 85' lang='lat' dir='ltr'><strong>metrOpoli-</strong></span> 
     </span>
    </p>
   </div>
   <div class='ocr_carea' id='block_1_118' title="bbox 1948 5531 3544 5607">
    <p class='ocr_par' dir='ltr' id='par_1_118' title="bbox 1948 5531 3544 5607">
     <span class='ocr_line' id='line_1_118' title="bbox 1948 5531 3544 5607; baseline -0.003 -17"><span class='ocrx_word' id='word_1_911' title='bbox 1948 5533 2092 5590; x_wconf 85' lang='lat' dir='ltr'><strong>tanis</strong></span> <span class='ocrx_word' id='word_1_912' title='bbox 2120 5548 2210 5590; x_wconf 89' lang='lat' dir='ltr'><strong>me</strong></span> <span class='ocrx_word' id='word_1_913' title='bbox 2237 5548 2360 5590; x_wconf 90' lang='lat' dir='ltr'><strong>esse</strong></span> <span class='ocrx_word' id='word_1_914' title='bbox 2403 5547 2696 5607; x_wconf 83' lang='lat' dir='ltr'><strong>cognosco.</strong></span> <span class='ocrx_word' id='word_1_915' title='bbox 2747 5534 2888 5604; x_wconf 90' lang='lat' dir='ltr'><strong>Quia</strong></span> <span class='ocrx_word' id='word_1_916' title='bbox 2933 5533 3071 5592; x_wconf 87' lang='lat' dir='ltr'><strong>sicut</strong></span> <span class='ocrx_word' id='word_1_917' title='bbox 3116 5531 3458 5589; x_wconf 89' lang='lat' dir='ltr'><strong>Innocentius</strong></span> <span class='ocrx_word' id='word_1_918' title='bbox 3489 5539 3544 5586; x_wconf 90' lang='lat' dir='ltr'><strong>et</strong></span> 
     </span>
    </p>
   </div>
  </div>
