4072 6302
551 252 655 306 175

1543 246 1886 302 IIlNCMARI
1921 241 2323 302 RHEMENSIS
2360 242 2914 301 ARCHIEPISCOPI.

3738 244 3849 297 176

547 374 857 447 apostolica
882 373 1000 430 sedi
1029 372 1338 439 remissum,
1375 371 1511 427 sicut
1536 387 1624 427 me
1653 388 1751 442 pro
1781 378 1965 427 vestro
2013 386 2147 427 con-
2175 370 2232 429 A
2251 369 2337 423 vel
2365 385 2474 424 non
2505 369 2808 425 resistendo
2858 368 3212 435 consenserit,
3273 385 3383 424 non
3423 368 3537 438 jam
3603 366 3847 438 pastoris

544 472 747 536 temptu
776 462 974 519 fecisse
1020 462 1235 534 penitus
1275 468 1505 528 constat,
1558 460 1775 532 quando
1819 476 1993 530 nuper
2039 476 2138 530 per

542 553 690 610 viros
721 553 919 608 missos
950 552 1006 605 in
1038 551 1335 606 Galliarum
1364 557 1549 620 partes
1582 549 1836 619 epistolas
1866 555 1976 604 tam
2006 547 2137 602 mihi

543 657 710 715 quam
738 641 858 696 aliis
874 640 1207 705 destinastis,
1239 648 1289 694 et
1318 638 1522 693 nullum
1550 638 1677 693 inde
1708 653 2028 708 responsum
2045 653 2136 692 re-

540 731 781 804 cepistis.
807 728 1092 785 Humiliter
1116 743 1373 800 suggero,
1407 726 1531 798 quia
1577 742 1854 797 nunquam
1874 741 1973 797 per
2000 741 2136 781 con-

538 828 803 892 temptum
819 834 851 874 a
872 817 1018 873 sedis
1034 816 1346 888 apostolicae
1358 815 1807 887 praeceptionibus
1828 813 2058 879 deviavi,
2085 821 2138 868 et

535 911 590 965 in
622 917 802 966 vestra
830 905 1057 978 epistola
1082 921 1180 977 per
1207 912 1662 961 commemoratos
1683 904 1880 958 missos
1900 910 2134 969 vestros,

537 998 763 1054 Paulum
813 996 1019 1051 scilicet
1068 1002 1121 1049 et
1150 994 1387 1049 Leonem
1436 992 1781 1048 venerabiles
1823 991 2133 1062 episcopos,

536 1084 815 1158 pusillitati
844 1100 982 1139 mea:
1010 1083 1218 1137 directa
1248 1080 1539 1152 scripsistis
1561 1081 1693 1152 quid
1722 1080 1848 1134 inde
1887 1095 2131 1150 agerem,

539 1175 638 1230 sed
666 1189 775 1229 non
802 1171 1097 1243 scripsistis
1127 1178 1185 1226 ut
1213 1170 1337 1225 inde
1386 1169 1542 1224 vobis
1589 1168 1968 1224 rescriberem.
2023 1167 2135 1222 Ve-

535 1271 842 1320 rumtamen
899 1260 1108 1316 eisdem
1154 1258 1337 1313 missis
1383 1258 1583 1314 vestris
1627 1258 1812 1313 verbis
1857 1255 2134 1327 respondi,

531 1369 634 1424 pro
664 1352 871 1407 viribus
899 1365 986 1405 me
1002 1349 1306 1418 jussionem
1327 1355 1566 1402 vestram
1593 1353 1995 1401 exsecuturum.
2030 1343 2136 1416 Egi

530 1449 710 1496 autem
759 1436 953 1494 exinde
1012 1443 1271 1508 quantum
1326 1433 1491 1500 valui,
1534 1441 1585 1489 et
1673 1440 1931 1506 quantum
2002 1431 2136 1486 mihi

532 1529 805 1603 agendum
833 1540 955 1583 esse
985 1524 1171 1580 videre
1200 1522 1369 1595 potui,
1403 1530 1456 1578 et
1485 1522 1631 1594 quod
1680 1538 1767 1577 me
1813 1537 1980 1593 agere
2025 1536 2137 1576 non

530 1633 694 1690 posse
724 1616 853 1683 vidi,
886 1615 956 1670 ad
986 1612 1270 1685 potestatis
1301 1619 1495 1667 vestrae
1522 1610 1896 1667 auctoritatem
1926 1618 2135 1666 tracta-

529 1709 675 1764 tione
703 1721 829 1761 mea
853 1702 1060 1761 referre
1091 1701 1299 1767 curavi,
1327 1700 1464 1756 sicut
1493 1708 1546 1755 et
1592 1700 1745 1755 vobis
1787 1699 2136 1754 innotescen-

533 1798 663 1853 dum
693 1796 846 1864 cujus
879 1792 960 1848 rei
988 1792 1188 1847 exitum
1218 1798 1270 1845 et
1300 1787 1525 1844 effectus
1553 1787 1932 1844 certitudinem
1978 1787 2131 1854 scivi,

536 1885 752 1959 quando
782 1881 1031 1954 praefatas
1056 1878 1448 1949 increpatorias
1475 1877 1683 1932 litteras
1718 1876 1847 1931 mihi
1889 1876 2130 1942 misistis,

534 1975 793 2049 parabam
823 1970 1046 2038 scilicet,
1098 1967 1371 2039 quomodo
1418 1966 1538 2037 ipsa
1582 1966 1689 2032 die,
1741 1966 1959 2038 quando
2022 1964 2135 2036 epi-

536 2063 704 2120 stolas
732 2068 931 2117 vestrae
959 2056 1289 2114 auctoritatis
1318 2054 1450 2110 mihi
1478 2054 1671 2110 Paulus
1702 2062 1755 2109 et
1813 2055 1921 2110 Leo
1964 2070 2134 2109 vene-

536 2151 743 2208 rabiles
771 2146 1015 2221 episcopi
1044 2146 1313 2201 dederunt
1353 2143 1475 2216 regi
1522 2151 1575 2199 et
1617 2142 1909 2214 episcOpis,
1961 2151 2014 2199 et
2043 2159 2135 2199 re-

537 2255 774 2315 gnorum
800 2236 1151 2309 primoribus,
1182 2234 1273 2307 qui
1304 2241 1412 2288 tam
1450 2233 1519 2288 de
1567 2248 1741 2305 regno
1783 2232 1927 2304 quod
1979 2240 2136 2287 antea

536 2331 768 2387 domnus
797 2325 1019 2382 Carolus
1046 2323 1250 2388 habuit,
1284 2338 1444 2394 quam
1475 2329 1526 2377 et
1554 2320 1622 2376 de
1651 2337 1823 2393 regno
1845 2320 1990 2392 quod
2005 2320 2135 2375 olim

536 2432 634 2475 rex
664 2415 949 2472 Lotharius
979 2412 1164 2468 habuit
1194 2410 1498 2479 adfuerunt,
1530 2409 1722 2483 relegi,
1755 2416 1809 2465 et
1835 2409 1914 2465 eis
1950 2417 2009 2465 ut
2061 2409 2136 2465 ita

536 2512 816 2565 servarent
845 2502 1163 2559 denuntiare
1183 2499 1384 2556 curavi.

610 2596 706 2651 His
748 2600 930 2650 autem
980 2591 1198 2663 quidem
1246 2588 1520 2660 episcopis
1568 2587 1727 2659 regni
1773 2586 1917 2659 quod
1973 2594 2133 2642 antea

536 2684 770 2742 domnus
819 2680 1043 2737 Carolus
1090 2679 1291 2741 habuit,
1316 2676 1624 2732 detulerunt
1685 2675 1988 2747 epistolam,
2062 2674 2133 2731 ad

537 2784 634 2834 eos
665 2772 994 2848 generaliter
1022 2768 1282 2823 directam
1312 2764 1602 2821 transmisi.
1648 2764 1884 2835 Indeque
1912 2762 2132 2835 episco-

534 2865 621 2938 pis
651 2871 762 2919 tam
782 2878 849 2918 ex
878 2873 1052 2931 regno
1080 2870 1181 2912 suo
1209 2854 1484 2927 quondam
1509 2852 1768 2919 Lotharii,
1803 2853 1895 2924 qui
1939 2852 1993 2906 in
2041 2854 2135 2907 At-

534 2953 731 3010 tiniaco
752 2951 908 3020 jussu
936 2945 1107 3017 ipsius
1135 2943 1321 2999 domni
1351 2941 1523 2997 Caroli
1546 2941 1692 3012 regis
1734 2948 2128 3007 convenerunt,

537 3041 784 3099 eamdem
834 3033 1116 3107 epistolam
1158 3030 1349 3104 relegi,
1400 3038 1452 3086 et
1496 3029 1722 3101 praefato
1767 3028 1968 3084 domno
2013 3029 2131 3101 regi

533 3130 747 3196 Carolo,
780 3125 878 3182 sed
906 3131 960 3181 et
1006 3120 1278 3194 episcopis
1324 3118 1478 3192 regni
1525 3119 1714 3190 ipsius,
1762 3126 1815 3173 et
1862 3117 2133 3190 episcopis

530 3218 690 3292 regni
720 3216 926 3271 dudum
953 3209 1211 3276 Lotharii,
1246 3216 1300 3264 et
1345 3208 1616 3279 episcopis
1666 3207 1819 3281 regni
1849 3206 2127 3276 Ludovici,

524 3308 624 3363 sed
652 3313 705 3361 et
735 3303 838 3375 ipsi
868 3299 1141 3356 Ludovico
1167 3297 1289 3369 regi
1318 3296 1627 3351 Germaniae
1655 3297 1796 3351 hanc
1816 3295 2132 3351 schedulam

527 3410 649 3468 quas
676 3388 1041 3462 subsequitur,
1066 3386 1505 3458 postjuramenta
1533 3384 1675 3439 inter
1704 3399 1866 3455 reges
1894 3383 2012 3439 sine
2041 3400 2129 3439 me

524 3484 681 3549 facta,
714 3480 861 3537 dedi.
919 3479 980 3533 In
1010 3491 1115 3549 qua
1145 3475 1223 3530 sic
1277 3471 1605 3529 auctoritatis
1661 3480 1852 3527 vestrae
1914 3487 2128 3542 praece-

516 3572 759 3646 ptionem
790 3568 978 3634 indixi,
1012 3573 1070 3620 ut
1097 3563 1354 3636 periculis
1371 3560 1777 3617 imminentibus
1798 3575 2128 3646 commemo-

519 3645 669 3726 ratis,
704 3656 977 3731 quomodo
1010 3655 1089 3709 eis
1118 3653 1360 3718 obviare,
1395 3660 1446 3706 et
1475 3651 1569 3706 illa
1598 3650 1782 3706 omnia
1811 3645 2026 3721 ﬁnitus
2074 3658 2128 3704 et

516 3748 738 3804 insimul
769 3759 1118 3803 commovere
1148 3757 1256 3797 non
1286 3749 1547 3812 poteram,
1585 3740 1849 3795 relatione
1897 3738 1966 3794 ad
2022 3754 2126 3793 au-

520 3836 819 3895 ctoritatem
848 3840 1105 3898 vestram,
1139 3837 1191 3886 et
1221 3830 1267 3885 si
1294 3845 1404 3885 non
1432 3827 1827 3894 resistentibus,
1860 3827 1947 3882 vel
1993 3821 2129 3881 mihi

517 3924 877 3985 consulerem.
915 3921 1037 3993 Ipsa
1094 3927 1276 3975 autem
1315 3917 1591 3985 schedula,
1658 3924 1710 3972 et
1760 3915 2002 3987 regibus,
2070 3922 2125 3971 et

518 4014 812 4088 episcopis,
864 4027 928 4067 ac
977 4025 1266 4082 regnorum
1308 4007 1636 4080 primoribus
1677 4022 1711 4062 a
1754 4022 1842 4061 me
1898 4004 2123 4061 recitata

515 4110 569 4160 et
595 4103 743 4169 data,
765 4102 840 4157 ita
870 4116 929 4155 se
957 4099 1123 4155 habet
1156 4116 1170 4152 :
1209 4119 1231 4149 α
1281 4097 1526 4153 Domnus
1556 4094 1891 4167 apostolicus
1929 4093 2123 4148 Adria-

517 4210 641 4260 nus,
674 4192 815 4249 sicut
843 4189 1026 4245 multis
1053 4195 1134 4244 est
1163 4187 1460 4261 cognitum,
1503 4194 1556 4241 et
1583 4183 1777 4240 litteris
1807 4184 1939 4251 suis,
1982 4199 2118 4256 quas

513 4299 630 4355 pra:
657 4281 909 4337 manibus
937 4278 1131 4344 habeo,
1165 4275 1441 4347 exiguitati
1472 4292 1609 4331 meae
1639 4275 1890 4347 dignatus
1920 4280 2003 4328 est
2045 4271 2122 4326 in-

512 4371 723 4434 timare,
773 4368 996 4440 regibus
1027 4374 1079 4421 et
1100 4366 1426 4436 praasulibus
1473 4380 1534 4419 ac
1582 4378 1879 4434 regnorum
1906 4360 2116 4432 primo-

2240 458 2338 512 sed
2367 457 2693 514 mercenarii
2737 459 2953 513 nomine
3003 475 3062 513 se
3110 458 3323 513 noverit
3371 457 3726 522 censendum,
3786 463 3844 510 et

2239 546 2365 618 quia
2407 548 2517 616 jam
2566 562 2674 601 non
2721 547 3006 618 pertinebit
3053 547 3120 601 ad
3159 564 3282 601 eum
3329 546 3397 601 de
3445 545 3656 614 ovibus,
3724 559 3845 599 non
3926 566 3933 571 ·

2236 631 2524 701 pertinebit
2572 639 2972 704 consequenter
3035 632 3103 686 de
3150 630 3519 701 pastoralibus
3592 628 3842 701 dignita-

2237 720 2402 774 tibus.
2456 719 2590 789 Quae
2637 728 2816 775 autem
2864 720 2919 774 in
2988 719 3230 791 epistolis
3287 720 3354 773 ad
3428 718 3718 789 episcopos
3789 724 3848 773 et

2236 824 2533 877 regnorum
2579 808 2844 879 primores
2900 809 3058 882 regni
3116 809 3390 880 quondam
3457 806 3695 862 Lotharii
3757 805 3845 860 di-

2237 897 2399 953 rectis
2445 898 2842 965 contineantur,
2892 898 3090 952 melius
3146 897 3252 968 ipsi
3333 895 3504 961 scitis,
3571 896 3664 967 qui
3738 910 3838 950 eas

2236 986 2464 1057 legistis.
2496 987 2694 1042 Audivi
2737 987 2902 1042 etiam
2937 987 3083 1059 quod
3128 986 3333 1040 similes
3380 984 3642 1057 epistolae,
3696 983 3844 1040 sicut

2237 1075 2436 1131 domno
2484 1085 2673 1131 nostro
2717 1076 2933 1143 Carolo,
2986 1084 3038 1131 et
3078 1075 3348 1145 episcOpis
3391 1090 3453 1129 ac
3500 1072 3842 1145 primoribus

2236 1165 2389 1237 regni
2419 1165 2588 1235 ipsius
2616 1165 2835 1221 directa:
2864 1173 3007 1235 sunt,
3044 1165 3243 1219 domno
3272 1162 3622 1218 nihilominus
3650 1162 3845 1217 Ludo-

2235 1253 2357 1309 vico
2385 1254 2501 1327 regi
2532 1254 2794 1325 glorioso,
2849 1262 2902 1309 et
2949 1252 3221 1325 episcopis
3259 1268 3323 1308 ac
3366 1251 3523 1322 regni
3567 1252 3685 1322 ejus
3724 1249 3845 1321 pri-

2235 1342 2477 1398 moribus
2510 1343 2692 1398 missae
2739 1350 2883 1409 sunt,
2931 1343 3077 1414 quod
3120 1358 3218 1398 vos
3269 1341 3362 1414 qui
3407 1341 3477 1396 de
3507 1355 3678 1414 regno
3724 1340 3849 1409 ejus

2236 1430 2366 1485 estis
2392 1431 2588 1487 certius
2619 1432 2787 1487 scitis.
2829 1432 2957 1485 Mihi
2996 1447 3212 1503 quoque
3256 1430 3455 1501 exiguo
3503 1430 3844 1485 Rhemorum

2237 1520 2493 1591 episcOpo
2535 1521 2851 1576 auctoritate
2882 1536 2979 1575 sua
3019 1521 3250 1575 domnus
3278 1518 3606 1590 apostolicus
3626 1518 3846 1589 specia-

2235 1607 2356 1663 liter
2387 1610 2807 1676 commendavit,
2851 1617 2909 1664 ut
2954 1608 3072 1665 vice
3120 1625 3219 1664 sua
3262 1617 3372 1663 tam
3420 1624 3599 1681 reges,
3655 1607 3846 1678 quand

2161 1706 2468 1790 Bcaeteros
2501 1699 2602 1753 Dei
2647 1714 2713 1754 ac
2758 1698 2945 1753 mundi
2989 1697 3265 1753 ministros
3287 1696 3649 1764 admonendo,
3707 1711 3841 1751 sua-

2238 1787 2437 1854 dendo,
2468 1803 2532 1843 ac
2560 1787 2901 1858 prohibendo
2932 1803 2963 1843 a
2994 1786 3302 1858 cupiditatis
3318 1785 3404 1843 vel
3425 1785 3663 1842 avaritiae
3683 1785 3840 1852 vitio,

2237 1882 2289 1929 et
2319 1882 2376 1929 ut
2407 1875 2582 1931 aliena
2612 1891 2721 1930 non
2751 1876 3067 1947 suscipiant,
3100 1884 3263 1947 atque
3295 1892 3528 1948 regnum
3558 1874 3840 1946 quondam

2235 1963 2474 2019 Lotharii
2504 1972 2555 2019 et
2586 1964 2833 2020 homines
2860 1965 2913 2018 in
2975 1981 3040 2019 eo
3091 1965 3355 2037 degentes
3401 1980 3510 2019 non
3556 1963 3836 2028 invadant,

2236 2053 2596 2124 comprimant
2624 2061 2678 2108 et
2706 2061 3074 2125 compescant.
3108 2052 3215 2108 Sed
3245 2061 3298 2108 et
3325 2069 3423 2124 per
3457 2052 3658 2107 multos
3705 2060 3760 2107 et
3805 2067 3841 2107 a

2235 2141 2420 2196 multis
2465 2142 2649 2210 audio,
2693 2142 3029 2214 divulgatum
3076 2142 3215 2198 inter
3259 2140 3531 2213 principes
3594 2149 3836 2208 nostros,

2236 2231 2487 2286 dominos
2517 2231 2726 2287 scilicet
2755 2246 2819 2286 ac
2851 2247 3010 2303 reges
3058 2230 3345 2301 gloriosos,
3392 2229 3591 2285 mutuis
3634 2245 3837 2285 sacra-

2234 2319 2431 2374 mentis
2461 2318 2752 2386 firmatum,
2784 2328 2841 2374 ut
2869 2320 3009 2375 inter
3046 2336 3142 2374 eos
3187 2319 3279 2391 qui
3325 2335 3384 2375 se
3430 2319 3616 2376 dicunt
3657 2318 3839 2389 ipsius

2234 2408 2391 2481 regni
2421 2408 2665 2465 haeredes
2696 2425 2817 2464 esse
2846 2425 3000 2481 aequa
3030 2408 3226 2463 divisio
3254 2408 3423 2479 ipsius
3470 2407 3625 2480 regni
3671 2406 3770 2462 ﬁat
3820 2426 3835 2464 :

2235 2514 2355 2570 quae
2383 2495 2609 2552 firmitas
2640 2498 2687 2552 si
2715 2496 2853 2553 facta
2880 2513 2990 2553 non
3017 2496 3227 2573 fuisset,
3261 2506 3319 2552 ut
3346 2497 3498 2552 multi
3540 2496 3833 2564 affirmant,

2229 2586 2343 2655 jam
2376 2586 2571 2642 seditio
2600 2585 2739 2641 inter
2769 2585 3000 2657 populos
3030 2585 3138 2640 illis
3169 2585 3446 2655 subjectos
3478 2592 3660 2641 exorta
3688 2584 3834 2640 fuis-

2234 2683 2336 2731 set.
2369 2677 2436 2730 Et
2465 2676 2510 2730 si
2539 2675 2657 2747 ipsa
2688 2674 2914 2730 firmitas
2961 2682 3214 2731 exsecuta
3256 2691 3365 2730 non
3408 2673 3586 2741 fuerit,
3638 2673 3837 2745 praelia

2234 2772 2287 2819 et
2317 2764 2632 2832 seditiones,
2668 2764 2803 2820 sicut
2826 2765 2939 2834 jam
2984 2762 3183 2820 fuerint
3233 2771 3356 2835 post
3397 2763 3599 2819 obitum
3642 2762 3836 2820 domni

2231 2852 2490 2908 Ludovici
2557 2852 2922 2925 imperatoris,
2998 2852 3141 2909 inter
3216 2868 3310 2910 eos
3380 2859 3693 2925 exsurgant,
3778 2860 3836 2908 et

2231 2941 2463 2995 maxima
2492 2949 2707 3015 strages
2736 2941 2923 3013 pepuli
2966 2957 3029 2997 ac
3073 2941 3309 3013 perditio
3348 2942 3653 2997 animarum
3702 2939 3835 2998 inde

2231 3030 2533 3101 proveniet,
2568 3031 2713 3102 quod
2731 3038 2920 3102 postea
2949 3030 3226 3087 emendari
3272 3046 3380 3086 non
3420 3030 3637 3101 poterit.
3681 3028 3834 3100 Qua-

2235 3127 2451 3191 prOpter
2477 3119 2619 3175 inter
2650 3128 2793 3175 tanta
2823 3128 2875 3175 et
2906 3119 3035 3174 talia
3078 3119 3336 3191 pericula,
3385 3118 3592 3175 scilicet
3639 3118 3832 3175 domni

2233 3207 2515 3279 apostolici
2544 3216 2875 3280 praeceptum
2907 3208 3208 3282 negligere,
3244 3215 3295 3264 et
3314 3217 3529 3280 pactum
3550 3208 3840 3277 juramen-

2233 3297 2301 3351 tis
2328 3296 2384 3353 in
2414 3297 2631 3353 nomine
2661 3297 2877 3353 Domini
2907 3305 2960 3352 et
2991 3305 3299 3353 sanctorum
3330 3299 3446 3367 ejus
3474 3298 3615 3352 inter
3662 3313 3833 3369 reges

2231 3394 2447 3442 nostros
2495 3385 2766 3442 firmatum
2812 3384 3219 3442 dissolvendum
3257 3385 3522 3457 judicare,
3569 3393 3622 3441 et
3674 3386 3832 3442 sedi-

2230 3474 2405 3530 tiones
2432 3475 2757 3546 populorum
2786 3490 2850 3531 ac
2885 3474 3073 3546 praelia
3099 3474 3518 3547 parvipendere,
3550 3481 3603 3530 et
3629 3482 3689 3529 ut
3734 3490 3833 3531 ec-

2231 3561 2522 3618 clesiarum
2553 3572 2795 3620 rectores
2824 3580 2886 3619 ac
2910 3562 3011 3620 viri
3040 3563 3273 3631 nobiles,
3306 3564 3373 3619 de
3419 3563 3604 3619 multis
3650 3563 3830 3635 parti-

2228 3650 2331 3706 bus
2360 3666 2394 3706 a
2436 3651 2666 3725 paganis
2707 3651 2954 3724 impetiti,
3007 3660 3059 3708 et
3107 3653 3224 3708 sine
3266 3669 3399 3727 rege
3446 3669 3511 3709 ac
3554 3652 3828 3724 principe,

2228 3740 2332 3794 nisi
2364 3756 2524 3811 quem
2554 3741 2658 3812 ipsi
2686 3749 2808 3813 post
2838 3747 3070 3797 mortem
3098 3741 3338 3797 Lotharii
3351 3758 3453 3814 pro
3476 3757 3573 3798 sua
3595 3741 3831 3815 quisque

2228 3830 2602 3885 convenientia
2655 3830 2938 3902 elegerint,
2998 3830 3136 3886 sicut
3190 3830 3446 3898 fatentur,
3506 3830 3826 3899 existentes,

2225 3934 2336 3974 non
2366 3918 2599 3974 debeant
2629 3920 2715 3976 vel
2744 3920 2880 3976 sicut
2907 3920 3112 3976 habent
3141 3920 3524 3977 necessitatem
3566 3936 3680 3976 non
3724 3921 3830 3976 ha-

2224 4007 2388 4062 beant
2442 4007 2739 4064 libertatem
2796 4016 3069 4065 rectorem
3118 4009 3342 4082 eligere,
3420 4010 3510 4081 qui
3585 4018 3833 4066 sanctam

2223 4095 2547 4164 Ecclesiam,
2606 4104 2660 4153 et
2714 4112 2807 4153 eos
2864 4106 3025 4170 atque
3081 4096 3536 4153 Christianitatem
3589 4098 3647 4152 in
3731 4098 3828 4154 illo

2222 4200 2395 4257 regno
2423 4185 2808 4241 consistentem
2838 4185 3095 4242 defendat
3125 4194 3177 4242 et
3205 4188 3491 4259 gubernet,
3524 4186 3708 4243 dicere
3723 4203 3831 4243 an-

2222 4274 2376 4329 xians
2408 4273 2525 4330 sine
2580 4275 2825 4347 generali
2852 4276 3202 4331 unanimitate
3252 4277 3634 4348 episcOporum
3662 4276 3827 4348 regni

2222 4362 2405 4418 domni
2434 4363 2631 4430 Caroli,
2667 4364 2863 4437 quibus
2893 4363 3124 4420 domnus
3174 4365 3503 4437 apostolicus
3540 4365 3609 4420 de
3657 4381 3824 4421 causa

512 4460 666 4516 ribus
696 4457 752 4511 in
779 4455 865 4511 his
895 4453 1195 4511 Galliarum
1222 4453 1455 4523 partium
1484 4451 1821 4524 regionibus,
1868 4457 1921 4505 et
1965 4449 2108 4505 inter
2126 4445 2184 4510 D
2213 4452 2372 4526 regni
2400 4452 2654 4519 Lotharii,
2689 4469 2838 4507 suam
2867 4452 3014 4508 misit
3042 4454 3346 4526 epistolam,
3380 4470 3543 4527 quam
3563 4454 3662 4519 eis,
3681 4452 3824 4510 sicut

498 4554 715 4606 uetera
772 4542 1091 4602 auctoritate
1147 4540 1434 4597 ministerii
1481 4540 1565 4595 sui
1592 4538 1882 4605 mandavit,
1913 4546 1969 4593 ut
2024 4554 2114 4594 re-

513 4652 682 4708 gnum
712 4634 989 4709 quondam
1019 4646 1085 4688 ac
1114 4630 1265 4703 regis
1286 4629 1541 4705 Lotharii,
1562 4629 1705 4701 quod
1727 4627 1928 4684 domno
1949 4627 2114 4699 impe-

414 4741 441 4753 -
514 4724 685 4779 ratori
738 4722 1012 4780 Ludovico
1071 4719 1337 4792 spirituali
1392 4717 1503 4774 ﬁlio
1569 4717 1687 4787 ejus
1769 4715 2113 4772 haereditario

509 4813 635 4883 jure
655 4812 895 4881 debetur,
927 4818 982 4867 et
1010 4810 1156 4882 quod
1205 4808 1273 4863 ad
1322 4824 1446 4863 eum
1491 4814 1616 4879 post
1660 4813 1890 4861 mortem
1941 4804 2113 4875 ipsius

514 4900 751 4958 Lotharii
779 4899 969 4969 rediet,
1005 4898 1091 4954 vel
1118 4898 1366 4954 homines
1409 4897 1464 4951 in
1512 4911 1577 4951 eo
1624 4895 1907 4966 degentes,
1957 4910 2111 4949 mor-

516 4989 702 5045 talium
729 4987 910 5043 nullus
928 4986 1169 5053 invadat,
1200 4986 1380 5041 nullus
1422 4991 1782 5049 commoveat,
1827 4981 2006 5037 nullus
2045 4983 2114 5038 ad

516 5094 579 5133 se
607 5083 836 5134 conetur
864 5075 1155 5131 inflectere.
1206 5071 1364 5144 Quod
1410 5074 1457 5129 si
1519 5073 1641 5145 quis
1698 5071 2108 5143 praesumpseri,

514 5182 625 5224 non
656 5166 834 5222 solum
880 5179 981 5236 per
1023 5179 1135 5219 sua;
1174 5163 1505 5219 auctoritatis
1552 5161 1912 5217 ministerium
1957 5160 2112 5217 infir-

513 5255 768 5321 mabitur,
800 5269 989 5310 verum
1019 5251 1180 5307 etiam
1208 5252 1399 5309 vinclis
1429 5250 1787 5307 anathematis
1820 5250 2111 5323 obligatus,

512 5344 732 5401 nomine
762 5341 1184 5398 Christianitatis
1213 5341 1471 5412 privatus,
1505 5356 1627 5397 cum
1644 5338 1861 5396 diabolo
1880 5339 2113 5413 jomnino

514 5433 813 5500 iocabitur;
860 5440 915 5488 et
992 5430 1038 5485 si
1096 5430 1217 5503 quis
1270 5436 1518 5485 nostrum
1571 5430 1640 5485 de
1684 5429 1954 5502 episcopis
2003 5438 2114 5485 tam

513 5520 739 5582 nefaria
781 5519 1098 5579 temeritatis
1159 5525 1436 5578 auctorem
1480 5518 1568 5577 vel
1624 5519 1853 5575 tacendo
1918 5517 2116 5590 fugerit

2210 4542 2342 4597 mihi
2372 4549 2455 4596 est
2483 4549 2817 4613 praeceptum
2849 4585 2862 4610 ,
2895 4542 3087 4607 direxi,
3137 4544 3206 4599 de
3254 4543 3339 4598 his
3388 4561 3508 4616 qua:
3548 4542 3816 4615 praemisi,

2214 4637 2472 4703 quantum
2504 4647 2569 4686 ex
2598 4646 2685 4686 me
2714 4637 2817 4699 est,
2850 4630 2983 4687 nulli
3010 4630 3310 4688 definitioni
3342 4633 3518 4689 audeo
3574 4647 3817 4707 consen-
3906 4674 3912 4680 .

2212 4719 2332 4789 tire,
2366 4725 2644 4776 reservato
2672 4736 2771 4792 per
2799 4720 2977 4775 omnia
2996 4720 3284 4795 privilegio
3300 4721 3583 4778 sententiae
3630 4721 3822 4777 domui

2211 4822 2385 4881 papae,
2421 4809 2575 4879 cujus
2603 4809 2915 4877 auctoritas,
2947 4808 2993 4864 si
3022 4808 3227 4881 aliquid
3255 4809 3325 4866 de
3353 4809 3489 4866 actis
3532 4809 3819 4881 corrigen-

2212 4896 2342 4952 dum
2369 4896 2544 4965 fuerit,
2593 4898 2962 4954 admonitione
3008 4907 3234 4971 paterna
3281 4900 3540 4973 corriget,
3592 4907 3646 4956 et
3692 4916 3818 4971 qua:

2213 4986 2532 5043 stabilienda
2562 4995 2684 5041 sunt
2712 4987 2908 5058 poterit
2927 4988 3209 5045 roborare.
3260 5010 3281 5038 ι

2282 5076 2362 5131 De
2392 5076 2497 5131 hoc
2526 5091 2658 5131 vero
2687 5076 2833 5147 quod
2858 5077 2988 5131 mihi
3009 5076 3304 5149 scripsistis
3320 5078 3565 5135 dicentes
3588 5096 3603 5135 :
3630 5099 3651 5130 ι
3680 5078 3820 5147 Quis

2210 5164 2406 5219 melius
2435 5172 2488 5219 te
2516 5164 2683 5233 novit,
2717 5166 2861 5238 quod
2888 5166 2982 5221 tilii
3012 5164 3285 5242 quondam
3332 5167 3590 5225 Ludovici
3634 5167 3819 5239 impe-

2212 5252 2430 5322 ratoris,
2458 5252 2514 5308 in
2542 5270 2707 5310 unum
2734 5254 3139 5323 convenientes,
3173 5272 3405 5329 regnum
3430 5257 3571 5312 inter
3617 5273 3678 5312 se
3724 5255 3816 5312 di-

2213 5342 2476 5409 viserunt,
2502 5343 2733 5416 jureque
2756 5343 2989 5414 jurando
3019 5344 3121 5399 sibi
3149 5343 3383 5402 invicem
3423 5345 3815 5418 promiserunt,

2213 5426 2271 5486 ut
2300 5431 2479 5487 nullus
2508 5448 2698 5489 eorum
2740 5449 2970 5505 regnum
3016 5432 3238 5490 alterius
3284 5434 3465 5491 fratris
3509 5435 3611 5491 sibi
3651 5452 3816 5492 usur-

2213 5529 2385 5593 paret,
2418 5528 2511 5578 aut
2541 5522 2759 5580 omnino
2786 5520 3129 5595 pervaderet,
3161 5531 3214 5580 et
3245 5531 3373 5582 tunc
3419 5523 3643 5581 Carolus
3694 5541 3816 5598 rex,
