4072 6330
253 255 358 311 177

1644 254 2018 314 EPISTOLE.

3453 255 3556 318 178

247 379 571 450 iuramentis
610 378 955 450 contemptis,
999 378 1133 435 illud
1162 394 1391 452 regnum
1431 379 1860 452 quod.Lothario
1885 380 1942 442 A
1961 381 2262 436 secundum
2301 381 2548 438 ordinem
2590 380 2874 451 Ecclesiae,
2906 382 3021 442 sive
3049 381 3192 442 ultro
3221 384 3554 452 confessum,

257 467 592 540 imperatore
621 467 878 524 defuncto
907 468 1130 524 domino
1161 468 1514 524 serenissimo
1542 469 1859 540 imperatori

260 556 369 612 ﬁlio
399 557 520 626 ejus
549 557 783 613 debetur
800 557 1018 624 invasit,
1045 565 1098 612 et
1111 555 1276 614 ﬁdem
1291 557 1532 614 debitam
1551 558 1813 614 violavit?
1832 579 1854 608 ι

261 645 606 702 Reverentia:
661 653 861 702 vestrae
903 646 1084 701 debita
1139 645 1436 702 humilitate
1493 647 1857 718 respondebo,

260 734 522 807 quoniam
551 735 656 792 etsi
682 735 757 790 ita
785 751 909 790 esse
936 743 996 789 ut
1024 734 1262 791 scribitis
1310 735 1530 803 scirem,
1575 752 1698 790 eum
1742 735 1861 807 ipse

258 839 354 879 rex
385 823 622 880 Carolus
650 823 723 878 ita
749 839 873 879 esse
901 839 1013 879 non
1041 821 1384 893 conﬁteatur,
1429 839 1533 880 nec
1574 823 1661 880 vel
1696 823 1862 897 legali

260 913 346 968 vel
401 911 646 983 regulari
696 911 902 980 judicio
959 911 1086 968 inde
1125 911 1404 968 convictus
1462 919 1746 985 appareat,
1809 920 1862 968 et

261 1000 448 1056 multis
477 1001 855 1056 attestantibus
885 999 1116 1056 fateatur
1143 1002 1284 1056 hanc
1311 1001 1471 1074 regni
1513 1008 1728 1072 partem
1757 1001 1862 1056 sibi

263 1105 294 1144 a
319 1097 476 1160 patre
502 1089 774 1146 Ludovico
815 1092 1082 1162 Augusto,
1133 1105 1402 1145 consensu
1429 1097 1538 1144 tam
1569 1091 1860 1162 episcopo-

262 1193 383 1233 rum
441 1193 608 1250 quam
673 1185 998 1234 ceterorum
1064 1194 1358 1250 procerum
1431 1178 1592 1234 totius
1646 1179 1862 1250 imperii

264 1266 539 1335 traditam,
585 1273 637 1322 et
685 1282 718 1322 a
745 1265 906 1323 fratre
953 1267 1209 1322 Lothario
1251 1275 1591 1324 sacramento
1645 1268 1865 1339 publice

263 1353 656 1426 conﬁrmatam,
715 1355 1054 1426 sequendum
1117 1363 1298 1412 tamen
1370 1357 1501 1410 mihi
1567 1357 1861 1412 arbitrarer

265 1443 410 1516 quod
455 1443 746 1515 pramisso
783 1443 989 1512 judicio
1037 1443 1165 1499 dicit
1207 1443 1522 1502 Africanum
1569 1444 1860 1502 concilium

263 1534 412 1604 (can.
447 1531 575 1602 400)
605 1549 624 1588 :
661 1553 684 1583 ι
719 1533 787 1589 Ut
815 1532 994 1605 magis
1037 1541 1224 1589 caveat
1267 1533 1558 1604 episcopus
1604 1549 1674 1588 ne
1716 1533 1861 1589 dicat

264 1620 320 1676 in
373 1635 728 1692 quemquam,
777 1621 926 1692 quod
972 1619 1091 1674 aliis
1137 1621 1481 1678 documentis
1533 1621 1860 1678 convincere

261 1723 369 1765 non
396 1717 598 1780 potest.
637 1730 662 1757 ι

331 1797 492 1855 Unde
548 1805 770 1854 sanctus
837 1799 1190 1872 Augustinus,
1249 1798 1342 1871 qui
1397 1799 1576 1854 eidem
1629 1798 1861 1856 concilio

261 1885 574 1942 interfuisse
630 1886 850 1960 legitur,
904 1903 938 1942 a
983 1887 1116 1943 sede
1161 1887 1476 1958 apostolica,
1527 1887 1689 1942 beato
1731 1888 1861 1944 Cm-

260 1975 458 2031 lestino
513 1976 766 2041 docente,
826 1991 928 2046 pro
981 1976 1090 2032 vita
1147 1992 1242 2030 sua
1307 1983 1470 2047 atque
1537 1976 1744 2032 meritis
1797 1991 1862 2032 ac

259 2079 463 2137 magna
490 2063 722 2120 scientia
749 2063 890 2119 inter
913 2065 1210 2138 magistros
1257 2064 1491 2135 optimus
1534 2065 1771 2130 habitus,
1804 2065 1860 2119 in

257 2152 402 2208 libro
429 2153 501 2208 de
531 2151 852 2208 Pmnitentia
873 2153 1001 2208 dicit
1032 2143 1366 2224 (homil.'50,
1387 2170 1510 2226 cap.
1546 2156 1601 2224 3)
1626 2171 1640 2207 :
1677 2173 1700 2204 α
1734 2153 1858 2208 Ple-

261 2241 420 2313 rique
447 2241 578 2296 boni
611 2241 899 2298 Christiani
939 2249 1231 2313 propterea
1280 2249 1479 2309 tacent,
1513 2249 1566 2296 et
1592 2240 1861 2296 sufferunt

261 2331 438 2387 aliena
466 2337 696 2402 peccata
725 2347 848 2402 quae
875 2338 1160 2398 noverunt,
1195 2331 1320 2402 quia
1347 2331 1685 2386 documentis
1714 2347 1860 2402 saepe

258 2421 609 2486 deseruntur,
643 2427 694 2475 et
722 2435 787 2475 ea
817 2435 940 2492 quae
965 2419 1071 2490 ipsi
1100 2419 1278 2476 sciunt
1304 2419 1576 2488 indicibus
1593 2419 1861 2476 ecclesia-

255 2509 406 2566 sticis
432 2509 678 2580 probare
705 2524 818 2564 non
845 2517 1094 2580 possunt.
1129 2507 1389 2578 Quamvis
1420 2509 1564 2564 enim
1593 2525 1724 2564 vera
1755 2509 1860 2564 sint

261 2599 536 2671 quaedam,
591 2613 704 2654 non
754 2605 936 2653 tamen
973 2597 1142 2667 judici
1186 2597 1344 2653 facile
1388 2597 1664 2653 credenda
1713 2605 1857 2664 sunt,

261 2687 362 2742 nisi
389 2687 564 2744 certis
592 2686 808 2744 indiciis
835 2687 1294 2743 demonstrentur.
1340 2688 1455 2742 Nos
1483 2703 1616 2743 vero
1643 2703 1675 2741 a
1703 2701 1862 2744 com-

261 2776 520 2832 munione
549 2791 880 2848 quemquam
899 2775 1193 2846 prohibere
1213 2791 1322 2831 non
1336 2791 1648 2846 possumus,
1673 2791 1862 2847 quam-

259 2865 340 2922 vis
371 2866 492 2921 hzec
539 2864 830 2936 prohibitio
875 2865 1118 2920 nondum
1147 2864 1216 2918 sit
1244 2864 1508 2931 mortalis,
1555 2865 1654 2920 sed
1682 2864 1862 2920 medi-

259 2954 473 3021 cinalis,
525 2953 630 3009 nisi
671 2961 760 3008 aut
804 2961 996 3025 sponte
1039 2952 1372 3024 confessum,
1402 2961 1494 3009 aut
1521 2953 1703 3025 aliquo
1746 2953 1862 3009 sive

262 3043 531 3108 saeculari,
567 3042 683 3098 sive
710 3041 1082 3099 ecclesiastico
1105 3042 1310 3112 judicio
1329 3042 1669 3098 nominatum
1698 3051 1862 3114 atque

263 3131 590 3188 convictum.
620 3130 756 3202 Quis
784 3131 928 3186 enim
957 3131 1061 3186 sibi
1089 3138 1377 3202 utrumque
1407 3131 1569 3187 audet
1611 3146 1863 3188 assume-

263 3237 338 3287 re,
371 3229 433 3276 ut
461 3219 716 3292 cuiquam
752 3220 872 3290 ipse
915 3219 985 3274 sit
1031 3227 1316 3276 accusator
1345 3227 1399 3276 et
1421 3221 1590 3290 judex
1609 3221 1639 3274 ?
1664 3220 1862 3288 Cujus-

261 3309 410 3366 modi
437 3309 684 3383 regulam
715 3309 878 3366 etiam
906 3309 1103 3365 Paulus
1133 3309 1412 3380 apostolus
1443 3309 1499 3364 in
1527 3309 1774 3380 Epistola
1793 3310 1862 3364 ad

261 3399 570 3455 Corinthios
600 3397 840 3454 breviter
868 3397 1178 3454 insinuasse
1206 3398 1546 3472 intelligitur,
1579 3414 1702 3454 cum
1735 3398 1862 3470 qui-

261 3488 487 3543 busdam
518 3487 718 3544 talibus
745 3487 1180 3544 commembratis
1209 3487 1550 3554 criminibus,
1594 3487 1862 3544 ecclesia-

261 3577 376 3634 stici
400 3576 597 3646 judicii
625 3575 856 3632 formam
885 3577 958 3633 ad
983 3577 1170 3632 omnia
1215 3576 1410 3632 similia
1439 3592 1506 3632 ex
1538 3577 1862 3649 quibusdam

262 3667 434 3734 daret,
453 3665 528 3721 ait
563 3681 575 3722 :
607 3666 822 3739 Scripsi
839 3667 988 3722 vobis
1003 3667 1067 3722 in
1083 3666 1351 3740 Epistola,
1372 3683 1489 3722 non
1507 3667 1863 3723 commisceri

259 3757 611 3828 fomicariis,
687 3763 741 3810 et
781 3755 990 3827 reliqua
1034 3755 1081 3826 (Ι
1115 3756 1234 3812 Cor.
1269 3771 1324 3822 v,
1358 3758 1450 3822 9);
1483 3763 1538 3810 et
1571 3755 1861 3827 aliquando

261 3853 386 3918 post
418 3861 434 3900 :
466 3845 529 3901 Si
557 3845 682 3918 quis
705 3847 890 3916 frater
916 3845 1250 3902 nominetur
1273 3848 1376 3900 aut
1402 3845 1739 3916 fornicator,
1759 3849 1864 3900 aut

263 3950 468 4007 rapax,
501 3951 634 3990 cum
664 3934 939 4006 ejusmodi
965 3949 1070 3991 nec
1103 3935 1290 3991 cibum
1323 3934 1546 4006 quidem
1565 3934 1739 3990 simul
1758 3950 1860 3990 su-

261 4025 420 4080 mite.
451 4023 594 4093 Quid
612 4025 766 4078 enim
785 4024 929 4080 mihi
943 4023 1009 4079 de
1031 4023 1120 4078 his
1139 4023 1235 4096 qui
1249 4025 1391 4094 foris
1409 4027 1549 4078 sunt
1567 4023 1860 4093 iudicare?

262 4127 452 4170 nonne
485 4113 554 4168 de
584 4112 672 4168 his
708 4127 831 4184 qua:
863 4115 1000 4167 sunt
1033 4113 1190 4168 inter
1225 4128 1316 4168 vos
1349 4112 1751 4184 judicatis?dc
1773 4112 1860 4167 his

265 4205 458 4257 autem
497 4200 595 4274 qui
629 4201 770 4272 foris
805 4204 943 4256 sunt
976 4201 1248 4257 Dominus
1289 4200 1584 4269 iudicabit.
1626 4200 1860 4270 Auferte

263 4291 483 4346 malum
501 4306 538 4345 a
555 4290 704 4346 vobis
719 4289 856 4362 ipsis
875 4289 1054 4360 (ibid.,
1078 4292 1162 4359 ll,
1190 4293 1276 4355 l2,
1300 4291 1408 4357 13).
1443 4287 1653 4356 Quibus
1678 4287 1861 4343 verbis

263 4373 388 4434 satis
423 4378 664 4434 ostendit
684 4393 794 4434 non
821 4385 1024 4434 temere
1054 4385 1146 4432 aut
1178 4377 1602 4450 quomodolibet,
1641 4377 1736 4432 sed
1761 4393 1862 4447 per

1956 469 2076 526 sive
2108 478 2440 538 accusatum,
2475 479 2634 544 atque
2665 472 2988 528 convictum.
3028 493 3050 524 ι

2032 559 2168 614 Sunt
2198 559 2343 615 enim
2365 559 2540 633 leges,
2572 569 2625 615 et
2645 577 2902 628 canones,
2927 577 2992 617 ac
3009 563 3228 618 decreta
3249 563 3398 619 sedis
3423 578 3558 635 apo-

1961 646 2165 703 stolicae
2192 664 2259 703 ex
2302 649 2506 704 eisdem
2555 650 2852 705 canonibus
2887 651 3250 724 promulgata,
3282 669 3404 723 quae
3431 667 3557 706 ma-

1959 734 2214 791 nifestant
2261 737 2492 809 qualiter
2535 746 2586 793 et
2613 754 2644 792 a
2671 739 2890 810 quibus,
2934 738 3024 794 vel
3051 739 3145 794 ubi
3190 740 3311 813 quis
3365 740 3561 796 debeat

1961 825 2208 880 accusari
2239 825 2324 882 vel
2347 825 2582 900 judicari
2607 845 2620 890 ;
2645 827 2714 882 de
2743 827 2941 899 quibus
2972 835 3192 885 sanctus
3222 829 3554 900 Augustinus

1959 911 2016 967 in
2044 913 2184 968 libro
2214 914 2283 970 de
2313 930 2446 970 vera
2475 914 2758 986 Religione
2789 917 2934 990 (cap.
2969 917 3061 990 3t)
3092 917 3220 972 dicit
3249 934 3262 970 :
3297 937 3320 968 α
3347 917 3406 972 In
3436 917 3556 972 istis

1960 1001 2347 1072 temporalibus
2402 1003 2638 1074 legibus,
2697 1021 3002 1080 quanquam
3057 1005 3126 1061 de
3181 1005 3266 1060 his
3306 1005 3556 1060 homines

1953 1089 2198 1160 judicent
2227 1107 2351 1147 cum
2383 1107 2478 1147 eas
2509 1092 2812 1159 instituunt,
2862 1101 3042 1149 tamen
3088 1110 3210 1152 cum
3240 1094 3442 1149 fuerint
3467 1093 3556 1148 in-

1959 1177 2156 1235 stitutae
2199 1188 2362 1252 atque
2409 1179 2653 1248 ﬁrmatae,
2704 1197 2815 1237 non
2858 1181 3039 1239 licebit
3083 1183 3254 1252 judici
3297 1183 3366 1238 de
3423 1182 3556 1254 ipsis

1953 1266 2220 1336 judicare,
2255 1269 2352 1325 sed
2381 1271 2682 1326 secundum
2711 1271 2877 1340 ipsas.
2907 1292 2930 1321 ι
2964 1271 3032 1326 Et
3060 1279 3278 1328 sanctus
3307 1271 3558 1326 Gelasius

1956 1353 2016 1409 in
2043 1357 2280 1414 decretis
2311 1357 2423 1412 suis
2451 1359 2520 1414 ad
2549 1358 2854 1414 Orientales
2883 1359 3170 1431 episcopos
3195 1377 3210 1415 :
3239 1381 3262 1410 α
3293 1359 3441 1424 ideo,
3472 1359 3556 1414 in-

1961 1448 2091 1522 quit,
2126 1453 2352 1502 vocatur
2381 1447 2450 1502 ad
2471 1446 2737 1516 judicium
2765 1455 2913 1502 certa
2934 1463 3274 1520 quacunque
3293 1463 3552 1520 persona,

1958 1545 2016 1592 ut
2043 1544 2134 1591 aut
2175 1535 2412 1591 fateatur
2449 1535 2680 1605 objecta,
2724 1543 2812 1590 aut
2854 1536 3102 1592 vincatur
3145 1537 3391 1606 objectis.
3433 1557 3455 1586 υ
3489 1537 3558 1592 Et

1958 1625 2153 1680 iterum
2185 1625 2261 1696 (ΙΙ
2289 1627 2411 1696 Reg.
2445 1626 2542 1695 xu)
2577 1641 2590 1680 :
2628 1647 2650 1676 α
2685 1625 2903 1680 Nathan
2945 1625 3212 1696 propheta
3239 1625 3420 1696 palam
3448 1642 3556 1697 pu-

1888 1741 1943 1801 B
1961 1713 2208 1786 bliceque
2237 1713 2293 1766 in
2325 1711 2461 1768 facie
2490 1713 2638 1784 regis
2667 1713 2837 1769 David
2867 1721 2920 1767 et
2945 1713 3294 1772 commissum
3317 1729 3558 1786 pronun-

1963 1803 2114 1858 tiavit
2143 1817 2411 1867 errorem,
2443 1809 2496 1856 et
2524 1802 2702 1872 ipsum
2753 1801 3104 1857 commissum
3146 1819 3257 1858 non
3286 1802 3470 1869 tacuit,
3503 1811 3560 1858 et

1961 1889 2304 1947 confessione
2344 1897 2650 1946 correctum
2697 1898 3096 1963 consequenter
3137 1890 3386 1947 absolvit.
3425 1911 3447 1942 ι
3490 1892 3560 1948 Et

1963 1987 2184 2036 sanctus
2212 1977 2521 2034 Bonifacius
2551 1979 2715 2052 longe
2743 1987 2868 2034 ante
2907 1978 3149 2035 decrevit
3183 1996 3197 2034 :
3235 2000 3257 2030 α
3291 1980 3362 2034 Et
3389 1995 3556 2036 accu-

1963 2077 2111 2123 satus
2139 2083 2404 2138 praesens,
2437 2067 2481 2122 si
2511 2067 2752 2136 conﬁdit,
2785 2069 2854 2122 ad
2883 2068 3095 2138 objecta
3142 2069 3492 2139 respondeat.
3531 2089 3552 2118 ι

1960 2157 2085 2212 Non
2130 2157 2524 2230 insurgendum
2567 2173 2702 2230 ergo
2731 2157 2864 2211 mihi
2895 2165 2978 2213 est
3003 2157 3179 2212 visum
3209 2157 3280 2212 ad
3301 2156 3558 2226 judican-

1961 2245 2090 2302 dum
2137 2245 2288 2300 illum
2337 2245 2429 2316 qui
2474 2261 2584 2300 non
2631 2244 2937 2312 confessus,
2985 2254 3075 2300 aut
3120 2245 3176 2300 in
3219 2245 3402 2316 aliquo
3444 2244 3559 2301 sive

1963 2333 2228 2400 saeculari,
2289 2335 2403 2389 sive
2449 2334 2820 2390 ecclesiastico
2871 2333 3076 2404 judicio
3119 2333 3428 2388 nominatus
3475 2341 3560 2390 est

1961 2431 2119 2494 atque
2147 2421 2473 2478 convictus':
2505 2438 2608 2478 nec
2635 2430 2924 2495 utrumque
2952 2422 3026 2476 fui
3055 2439 3220 2477 ausus
3257 2437 3554 2488 assumere,

1960 2517 2019 2566 ut
2047 2511 2163 2580 ejus
2191 2511 2310 2582 ipse
2339 2510 2515 2565 forem
2543 2518 2594 2566 et
2624 2519 2909 2566 accusator
2937 2518 2991 2566 et
3013 2510 3199 2578 judex.

2032 2601 2112 2654 De
2141 2615 2207 2654 eo
2237 2597 2384 2670 quod
2411 2599 2670 2655 sanctitas
2710 2607 2896 2655 vestra
2942 2599 3220 2672 exiguitati
3247 2615 3388 2655 meae
3415 2599 3557 2654 scri-

1960 2688 2089 2760 psit,
2123 2688 2250 2760 quia
2279 2688 2422 2754 silui,
2457 2696 2510 2744 et
2536 2695 2729 2744 contra
2757 2688 2864 2742 tale
2893 2687 3103 2744 facinus
3146 2687 3337 2744 saltem
3366 2687 3560 2745 leviter

1961 2793 2072 2832 non
2101 2777 2393 2844 insurrexi,
2427 2792 2538 2832 non
2567 2777 2745 2832 solum
2775 2792 3020 2843 consors,
3055 2777 3153 2832 sed
3196 2776 3378 2844 etiam,
3413 2777 3558 2850 quod

1963 2875 2045 2922 est
2091 2865 2346 2930 deterius,
2397 2865 2558 2935 hujus
2601 2865 2904 2938 tyrannidis
2951 2873 3140 2922 auctor
3185 2865 3304 2937 ipse
3343 2865 3554 2933 videor,

1964 2971 2087 3012 cum
2116 2955 2276 3011 venia
2305 2963 2358 3010 et
2382 2971 2518 3025 pace
2548 2963 2746 3011 vestra:
2775 2954 3123 3010 sublimitatis
3150 2954 3294 3025 dico,
3327 2954 3450 3028 quia
3469 2954 3556 3012 ille

1963 3045 2056 3116 qui
2084 3043 2224 3099 forte
2253 3045 2356 3098 hac
2386 3043 2661 3114 opinione,
2695 3043 2794 3098 sed
2822 3059 2932 3098 non
2960 3042 3292 3114 cognitione,
3327 3043 3395 3098 ad
3419 3043 3560 3112 inju-

1965 3133 2102 3188 riam
2131 3139 2185 3188 et
2213 3132 2638 3202 increpationem
2681 3147 2861 3187 meam
2903 3132 3058 3186 vobis
3089 3131 3382 3202 suggessit,
3417 3131 3560 3187 scire

1963 3221 2229 3276 debuerat
2258 3228 2453 3276 vestrae
2481 3220 2818 3276 auctoritatis
2865 3220 3188 3292 gravitatem
3229 3218 3560 3276 sufﬁcienter

1962 3310 2204 3366 recelere
2233 3309 2376 3382 quod
2409 3308 2669 3380 scriptum
2695 3316 2778 3364 est
2811 3327 2824 3364 :
2863 3310 3104 3366 Causam
3151 3325 3320 3382 quam
3343 3311 3558 3366 nescie-

1963 3400 2092 3456 bam
2110 3399 2550 3471 diligentissime
2579 3399 2989 3470 investigabam
3019 3399 3136 3472 (Job
3163 3413 3326 3465 xxxx,
3354 3397 3464 3468 t6).
3487 3399 3562 3453 Et

1959 3495 2019 3544 ut
2059 3488 2248 3543 beatus
2293 3487 2423 3544 dicit
2469 3487 2764 3559 Gregorius
2809 3487 3022 3558 (Horat.
3073 3503 3196 3552 xxx,
3247 3501 3364 3557 cap.
3417 3486 3554 3558 ll):

1966 3599 1989 3630 ι
2025 3577 2160 3632 Cum
2203 3577 2383 3632 omnia
2425 3576 2572 3632 nuda
2618 3585 2671 3632 et
2715 3583 2905 3647 aperta
2951 3575 3058 3630 sint
3103 3576 3274 3631 oculis
3316 3575 3554 3641 Domini,

1961 3674 2142 3722 tamen
2170 3665 2312 3721 mala
2340 3665 2591 3722 Sodomae
2620 3665 2790 3721 noluit
2819 3663 3004 3720 audita
3027 3665 3292 3734 judicare,
3326 3663 3417 3736 qui
3446 3664 3554 3720 ait:

1961 3755 2325 3825 Descendam,
2358 3759 2418 3811 et
2434 3755 2621 3812 videbo
2649 3759 2847 3811 utrum
2867 3755 3171 3812 clamorem
3192 3755 3291 3827 qui
3308 3755 3465 3810 venit
3485 3753 3557 3809 ad

1959 3862 2050 3900 me
2085 3860 2247 3918 opere
2285 3845 2709 3917 compleverint,
2749 3861 2827 3900 an
2849 3861 2976 3917 [non
3021 3847 3105 3900 est
3134 3845 3238 3913 ita,
3267 3847 3336 3900 ut
3375 3845 3554 3900 sciam

1960 3933 2128 4004 (Gen.
2149 3948 2312 4003 xvm,
2345 3935 2458 4004 21).
2491 3931 2850 4004 Omnipotens
2881 3933 3062 4004 itaque
3084 3933 3346 3988 Dominus
3367 3940 3418 3988 et
3439 3948 3554 3988 om-

1958 4021 2050 4078 nia
2080 4021 2278 4086 sciens,
2311 4038 2410 4078 cur
2437 4029 2562 4076 ante
2590 4021 2962 4092 probationem
2993 4021 3147 4093 quasi
3188 4021 3415 4090 dubitat,
3449 4021 3553 4076 nisi

1958 4119 2017 4166 ut
2043 4110 2321 4182 gravitatis
2349 4110 2506 4165 nobis
2537 4110 2846 4180 exemplum
2873 4117 3162 4180 proponat,
3193 4126 3263 4166 ne
3291 4111 3434 4164 mala
3461 4111 3555 4167 ho-

1959 4199 2163 4252 minum
2191 4206 2316 4252 ante
2344 4213 2734 4268 praesumamus
2763 4197 2992 4252 credere
3022 4214 3184 4268 quam
3215 4199 3446 4268 probare
3465 4200 3494 4254 εν
3527 4221 3551 4245 ι
3601 4199 3608 4204 ’

1957 4289 2098 4344 Nam
2125 4294 2184 4341 ut
2212 4294 2407 4342 vestrm
2435 4285 2734 4358 dignationi
2781 4284 3048 4342 veraciter
3083 4285 3278 4350 fatear,
3319 4301 3422 4340 nec
3450 4303 3552 4341 au-

1961 4383 2096 4443 ctor,
2128 4391 2231 4433 nec
2277 4391 2525 4442 consors,
2572 4391 2675 4432 nec
2705 4390 3007 4432 consensor
3048 4373 3211 4430 ullius
3252 4373 3552 4445 tyrannidis

257 4467 525 4537 judicium
553 4466 880 4523 auferendos
909 4483 1032 4522 esse
1051 4467 1224 4522 malos
1240 4467 1308 4522 ab
1329 4466 1589 4522 Ecclesiae
1609 4481 1856 4522 commu-
1882 4458 1936 4518 D
1959 4481 2214 4538 unquam,
2246 4465 2334 4520 vel
2381 4480 2552 4538 usque
2580 4466 2648 4520 ab
2675 4464 2810 4536 ipsis
2853 4463 3138 4520 cunabulis
3173 4464 3431 4519 hactenus
3461 4479 3554 4518 ex-

261 4556 423 4612 nione
439 4573 452 4612 :
468 4563 522 4612 et
542 4556 589 4612 si
609 4571 712 4628 per
721 4555 985 4626 judicium
1005 4555 1203 4610 auferri
1223 4571 1333 4611 non
1352 4563 1599 4626 possunt,
1623 4555 1861 4611 toleren-

265 4655 351 4701 tur
379 4645 582 4718 potius,
623 4662 693 4701 ne
725 4661 984 4716 perverse
1017 4645 1194 4701 malos
1231 4645 1482 4701 evitando
1521 4645 1750 4718 quisque
1793 4644 1862 4699 ab

265 4733 510 4791 Ecclesia
532 4733 650 4807 ipse
671 4733 982 4804 discedens,
1005 4749 1102 4790 eos
1118 4750 1254 4806 quos
1274 4733 1467 4805 fugere
1499 4734 1715 4790 videtur
1738 4733 1862 4789 vin-

265 4823 366 4880 ciat
387 4824 460 4878 ad
475 4823 806 4895 gehennam.
824 4823 893 4878 Et
909 4823 1068 4878 item:
1090 4824 1149 4880 Si
1169 4825 1292 4896 quis
1317 4827 1503 4895 frater
1527 4824 1865 4878 nominatur

265 4915 600 4984 fornicator,
621 4916 724 4969 aut
744 4916 956 4985 raptor,
976 4921 1028 4968 et
1045 4912 1269 4985 reliqua.
1292 4913 1448 4979 Eam,
1467 4911 1658 4984 inquit,
1683 4909 1862 4966 nomi-

266 5001 538 5058 nationem
571 5001 802 5072 intelligi
839 5001 1134 5074 Apostolus
1153 5001 1340 5068 voluit,
1373 5018 1494 5074 quae
1513 4999 1575 5056 ﬁt
1592 5001 1648 5055 in
1667 5015 1862 5072 quem-

265 5106 449 5164 quam,
481 5106 606 5146 cum
635 5090 901 5146 sententia
929 5091 1135 5146 ordine
1145 5090 1434 5160 judiciario
1463 5097 1623 5162 atque
1643 5089 1867 5161 integri-

263 5188 368 5236 tate
396 5178 697 5252 profertur.
729 5179 871 5234 Nam
900 5179 948 5234 si
975 5179 1270 5235 nominatio
1299 5179 1512 5245 sufﬁcit,
1536 5179 1690 5234 multi
1711 5179 1866 5234 dam-

264 5270 426 5325 nandi
457 5276 584 5325 sunt
611 5267 951 5336 innocentes,
983 5269 1109 5342 quia
1139 5285 1286 5340 saepe
1307 5268 1446 5324 falso
1467 5269 1520 5322 in
1543 5283 1867 5340 quemquam

264 5359 471 5414 crimen
499 5357 832 5414 nominatur.
865 5358 1050 5413 Noluit
1078 5358 1224 5414 enim
1255 5357 1530 5412 hominem
1551 5358 1621 5412 ab
1647 5356 1867 5412 homine

263 5447 497 5517 iudicari
526 5464 594 5503 ex
640 5446 868 5503 arbitrio
918 5447 1263 5518 suspicionis,
1297 5446 1382 5501 vel
1407 5445 1570 5500 etiam
1618 5453 1866 5502 extraor-

271 5537 484 5596 dinario
529 5544 797 5610 usurpato
833 5536 1058 5607 judicio,
1100 5537 1200 5594 sed
1243 5535 1422 5608 potius
1467 5550 1534 5592 ex
1578 5534 1705 5608 lege
1743 5533 1864 5604 Dei,

1920 4558 1926 4562 ’
1962 4555 2090 4610 stiti.
2131 4555 2258 4610 Haec
2299 4555 2392 4627 qui
2434 4554 2588 4611 vobis
2634 4554 2767 4610 talia
2801 4553 3086 4620 nuntiavit,
3119 4552 3405 4621 adjuvante
3435 4552 3550 4607 Do-

1960 4645 2129 4714 mino,
2163 4643 2232 4700 de
2262 4661 2350 4700 me
2377 4645 2609 4716 probare
2639 4661 2748 4699 non
2777 4642 2993 4700 valebit.
3027 4643 3095 4695 Et
3127 4641 3250 4711 quia
3276 4655 3384 4695 non
3405 4640 3550 4711 silui,

1963 4742 2015 4789 et
2049 4734 2104 4788 in
2147 4733 2517 4789 annuntiando
2557 4734 2644 4789 vel
2691 4731 3038 4803 exsequendo
3086 4743 3152 4784 ea
3201 4745 3323 4798 quae
3363 4729 3496 4786 mihi
3523 4746 3557 4786 a

1961 4831 2141 4878 vestra
2169 4823 2486 4878 auctoritate
2516 4828 2785 4892 praecepta
2823 4827 2965 4884 sunt,
3013 4832 3112 4889 pro
3143 4817 3282 4873 scire
3311 4827 3365 4875 et
3389 4836 3556 4891 posse

1961 4928 2105 4977 meo,
2139 4911 2302 4968 deses
2329 4911 2418 4966 vel
2447 4911 2631 4982 segnis
2659 4924 2768 4964 non
2797 4907 2995 4975 exstiti,
3029 4905 3168 4964 sicut
3197 4915 3250 4964 et
3279 4915 3402 4964 ante
3425 4909 3556 4966 scri-

1961 5001 2068 5072 ptis
2096 5000 2326 5066 ostendi,
2365 5007 2418 5054 et
2447 5014 2629 5054 coram
2654 4995 2836 5052 missis
2863 4995 3059 5053 vestris
3085 4997 3208 5055 viva
3237 5013 3370 5054 voce
3401 5014 3559 5054 mon-

1964 5089 2154 5144 stravi.
3310 5089 3325 5102 '

2035 5179 2116 5234 De
2171 5179 2277 5234 hoc
2329 5175 2474 5248 quod
2529 5174 2728 5242 dicitis,
2779 5175 2904 5248 quia
2945 5177 3150 5232 honore
3205 5184 3258 5231 et
3301 5175 3558 5250 dignitate

1965 5267 2178 5324 caeteris
2207 5265 2384 5322 Caroli
2415 5265 2564 5337 regis
2603 5265 2758 5338 regni
2806 5265 3076 5336 episcopis
3103 5280 3223 5320 sum
3253 5263 3556 5330 sublimior,

1967 5371 2207 5428 suggero
2249 5355 2372 5428 quia
2419 5352 2646 5408 scientia
2681 5361 2736 5408 et
2774 5353 2978 5409 meritis
3006 5352 3336 5421 inferiorem,
3369 5362 3422 5409 et
3451 5370 3560 5409 non

1965 5445 2227 5515 dignitate
2259 5460 2326 5501 ac
2353 5445 2556 5499 honore
2586 5441 2692 5498 loci
2717 5443 2956 5514 priorem
2985 5443 3194 5500 cateris
3241 5442 3558 5513 metropoli-

1965 5533 2108 5590 tanis
2136 5549 2226 5590 me
2253 5549 2377 5591 esse
2420 5547 2714 5606 cognosco.
2763 5531 2904 5602 Quia
2949 5531 3088 5590 sicut
3132 5531 3476 5588 Innocentius
3507 5537 3560 5584 et
