4072 6350
441 247 548 302 179

1410 243 1754 300 HINCMARI
1808 241 2210 300 RHEMENSIS
2263 242 2812 301 ARCHIEPISCOPI.

3647 248 3672 298 1
3686 245 3768 298 80‘

443 369 778 439 Bonifacius,
812 382 880 427 ac
906 367 1093 427 ceteri
1130 383 1304 427 sacrae
1351 368 1499 427 sedis
1541 369 1799 426 Romanae
1823 367 2048 440 pontiﬁ-
2069 369 2124 431 A
2149 367 2313 426 nione
2353 369 2440 428 vel
2494 368 2788 442 praesentia
2833 369 3172 436 subtraxero,
3219 369 3406 426 dicunt
3451 369 3759 426 secundum

447 475 545 517 ces
571 461 627 515 in
655 457 890 516 decretis
919 459 1035 516 suis
1063 475 1130 516 ex
1157 459 1334 516 sacris
1361 459 1662 516 canonibns
1689 458 2050 532 promulgatis

447 547 656 616 dicunt,
719 562 1060 621 unaquaeque
1121 549 1407 621 provincia
1471 564 1572 605 suo
1629 549 2048 620 metropolitano

451 636 614 694 debet
643 652 768 694 esse
817 643 1094 694 contenta.
1143 637 1224 693 De
1251 638 1356 694 hoc
1385 637 1533 709 quod
1569 637 1885 710 scripsistis,
1917 644 1976 692 ut
2003 637 2052 692 si

451 725 571 800 ipse
601 743 699 783 rex
727 725 956 782 Carolus
985 726 1044 782 in
1071 725 1450 782 obstinationis
1496 742 1608 783 suae.
1651 725 1881 798 perﬁdia
1927 732 2050 797 post

448 829 632 872 meam
659 815 1077 879 conventionem
1103 815 1396 887 persistere
1421 814 1689 886 maluerit,
1723 830 1886 888 quam
1899 815 2052 884 juxta

447 911 632 961 vestra
657 903 864 960 monita
892 903 1242 975 resipiscere,
1273 904 1342 960 ab
1373 903 1520 960 illius
1548 919 1638 960 me
1666 903 2051 960 communione

448 999 613 1064 atque
653 992 927 1050 consortio
966 999 1323 1065 sequestrem,
1373 1001 1426 1049 et
1469 992 1768 1049 secundum
1825 999 2049 1064 aposto-

452 1081 564 1139 lum
597 1097 610 1138 :
643 1083 720 1138 Ne
747 1098 847 1139 ave
875 1083 930 1138 ei
956 1083 1144 1140 dicam
1172 1083 1354 1148 (Joan.
1389 1098 1428 1148 ι,
1464 1083 1574 1154 10),
1607 1082 1654 1138 si
1683 1090 1880 1139 vestras
1901 1097 2051 1138 com-

453 1171 726 1228 munionis
753 1170 880 1228 volo
897 1187 1020 1228 esse
1049 1171 1342 1243 particeps,
1372 1171 1720 1244 praesentiam
1739 1171 1857 1241 ejus
1874 1171 2052 1227 modis

453 1259 707 1317 omnibus
725 1259 982 1328 devitem,
1002 1275 1127 1317 cum
1143 1275 1346 1334 magno
1363 1259 1542 1317 cordis
1557 1259 1747 1315 dolore
1765 1275 1828 1316 ac
1847 1260 2052 1333 gemitu

447 1347 592 1415 (ﬁco,
645 1349 900 1422 quoniam
943 1357 1000 1405 et
1049 1349 1407 1406 ecclesiastici
1436 1355 1492 1406 et
1519 1349 1799 1406 saecularis
1841 1349 2052 1404 ordinis

451 1437 574 1506 viri,
609 1437 702 1510 qui
729 1437 960 1494 diversis
987 1438 1058 1494 de
1085 1438 1276 1510 regnis
1295 1437 1518 1495 Rhemis
1543 1438 1814 1494 civitatem
1833 1438 2052 1510 plurimi

455 1527 830 1597 convenerint,
861 1543 1000 1600 quos
1037 1527 1354 1583 mandatum
1399 1535 1640 1584 vestrum
1685 1527 1890 1584 ibidem
1919 1527 2054 1584 mihi

455 1615 716 1686 delatum,
751 1616 876 1689 quia
903 1631 1014 1672 non
1043 1617 1248 1683 debuit,
1275 1616 1447 1673 latere
1476 1631 1588 1673 non
1615 1617 1806 1688 potuit,
1842 1616 2053 1690 exigui-

2151 458 2441 516 concilium
2487 459 2799 516 Africanum
2845 459 2996 532 (can.
3051 458 3196 531 100),
3249 458 3489 530 quandiu
3531 457 3614 514 illi
3641 472 3761 513 non

2151 549 2646 614 communicavero,
2677 555 2736 603 ut
2762 547 2896 604 mihi
2925 548 2997 604 ab
3026 547 3132 604 illis
3164 563 3275 603 non
3319 547 3762 604 communicatur

2151 635 2444 708 episcopis.
2477 637 2787 692 Praesertim
2814 651 2940 692 cum
2967 636 3086 707 ipse
3114 651 3210 692 rex
3238 651 3300 691 se
3323 636 3606 708 perjurum
3625 649 3758 691 esse

2150 725 2406 798 deneget,
2439 741 2498 780 se
2527 725 2842 782 invasorem
2883 725 3104 781 alterius
3147 733 3201 780 et
3241 741 3352 780 non
3379 724 3448 780 ad
3477 740 3538 780 se
3574 723 3760 797 perti-

2151 815 2329 870 nentis
2355 813 2512 886 regni
2541 813 2847 881 diffiteatur,
2879 828 2940 872 se
2969 822 3256 886 tyrannum
3301 829 3412 870 non
3451 829 3576 870 esse
3613 827 3759 870 con-

2149 901 2348 970 ﬁrmet,
2409 919 2470 958 se
2543 903 2857 959 haereticum
2909 903 2998 960 vel
3054 903 3477 970 schismaticum,
3551 902 3760 976 quibus

2151 991 2430 1063 apostolus
2475 1008 2577 1048 nec
2625 1007 2726 1048 ave
2775 1008 2808 1047 a
2853 1007 3128 1064 quoquam
3173 991 3282 1048 dici
3327 992 3606 1062 praecepit,
3641 1005 3760 1047 non

2153 1096 2274 1136 esse
2322 1079 2642 1138 conﬁteatur
2692 1099 2705 1135 :
2754 1080 2854 1136 sed
2896 1079 3241 1137 confessione
3286 1069 3451 1137 rectae
3497 1079 3647 1146 fidei,
3701 1087 3762 1135 et

2151 1169 2492 1240 amplexione
2535 1169 2918 1227 ecclesiasticae
2964 1169 3134 1241 pacis,
3166 1186 3228 1225 se
3257 1168 3585 1226 catholicum
3611 1175 3668 1226 et
3699 1168 3760 1224 in

2152 1274 2286 1330 pace
2333 1258 2707 1316 ecclesiastica
2745 1275 2976 1316 manere
3013 1266 3067 1314 et
3110 1273 3438 1330 permanere
3477 1258 3620 1314 velle
3649 1257 3762 1313 de-

2150 1353 2413 1404 monstret
2448 1364 2461 1403 :
2495 1355 2550 1403 et
2577 1348 2876 1404 secundum
2919 1347 3072 1421 leges
3100 1363 3167 1405 ac
3195 1361 3452 1415 canones,
3503 1363 3760 1419 praesens

2151 1436 2206 1490 in
2230 1437 2455 1506 judicio,
2486 1445 2577 1492 aut
2605 1437 2675 1492 ad
2719 1437 2936 1506 objecta
2980 1437 3334 1508 respondere,
3385 1444 3478 1492 aut
3523 1436 3761 1506 objectis

2152 1525 2422 1592 convinci,
2456 1541 2516 1581 se
2545 1541 2654 1582 non
2683 1526 2939 1598 refugere
2967 1525 3128 1581 dicat.
3160 1526 3228 1580 Et
3254 1532 3310 1581 ut
3338 1526 3408 1581 de
3437 1525 3595 1599 regia
3621 1541 3760 1597 per-

2152 1629 2306 1683 sona,
2337 1614 2605 1687 inquiunt,
2638 1615 2978 1682 reticeamus,
3011 1631 3113 1671 nec
3141 1615 3279 1671 sicut
3307 1615 3600 1688 quemlibet
3628 1614 3760 1685 ple-

453 1705 552 1762 tati
577 1721 736 1773 mem,
767 1705 860 1778 qui
887 1713 1150 1778 quantum
1179 1705 1314 1762 scivi
1337 1713 1392 1761 et
1415 1705 1567 1778 potui
1596 1721 1812 1777 semper
1839 1713 2125 1788 aposto-B
2157 1703 2339 1760 beium
2386 1703 2474 1760 vel
2513 1703 2672 1759 liberi
2717 1704 2908 1775 capitis
2952 1703 3146 1771 virum,
3179 1703 3235 1758 in
3263 1704 3382 1760 istis
3412 1703 3758 1778 regionibus,

453 1792 576 1851 licaa
601 1793 750 1851 sedis
771 1793 1127 1868 privilegium
1141 1793 1328 1861 extuli,
1353 1794 1772 1866 improperando
1799 1794 2054 1852 dixerunt

455 1889 511 1939 et
556 1881 743 1938 dicunt
777 1899 790 1937 :
821 1883 1114 1954 Nunquam
1159 1882 1470 1952 hujusmodi
1512 1883 1938 1955 praceptionem
1985 1883 2055 1939 ab

455 1969 550 2027 illa
587 1971 722 2028 sede
767 1971 864 2026 ulli
900 1971 1256 2028 deoessorum
1294 1985 1544 2028 meorum
1590 1971 1818 2028 missam
1862 1971 2056 2044 fuisse,

461 2074 587 2116 cum
627 2059 768 2115 inter
809 2074 971 2133 reges
1015 2059 1374 2116 sacramentis
1422 2060 1585 2118 etiam
1631 2060 2052 2132 confedmratos,

463 2148 561 2204 sed
587 2147 731 2204 inter
759 2155 970 2220 patrem
997 2155 1052 2204 et
1078 2147 1238 2216 filios,
1271 2163 1338 2206 ac
1365 2149 1504 2205 inter
1548 2148 1748 2206 fratres
1789 2149 1976 2220 praelia
2003 2157 2059 2207 et

464 2235 760 2294 seditiones
808 2251 998 2294 eorum
1040 2235 1378 2310 temporibus
1417 2237 1585 2295 fuisse
1639 2245 1948 2295 noscantur.
1991 2240 2059 2295 Et

461 2324 584 2382 aliis
611 2325 856 2398 peccatis
880 2325 1019 2383 meis
1046 2335 1256 2398 reputo,
1289 2343 1378 2383 me
1405 2328 1510 2384 hac
1529 2327 1840 2384 intentionis
1861 2335 2060 2386 vestra:

461 2415 882 2473 comminatione
923 2415 1274 2488 singulariter
1301 2417 1368 2471 ab
1397 2417 1718 2474 auctoritate
1746 2425 1930 2474 vestra
1959 2417 2060 2473 im-

462 2503 710 2577 petitum,
742 2519 866 2560 cum
895 2512 1125 2562 caeteros
1174 2504 1463 2577 episcopos
1510 2506 1666 2580 regni
1695 2507 1798 2574 sui,
1841 2505 2059 2563 confra-

463 2600 576 2651 tres
605 2593 814 2651 scilicet
838 2601 892 2650 et
920 2595 1342 2651 consacerdotes
1371 2611 1543 2661 meos,
1588 2602 1798 2652 tantum
1825 2611 2058 2653 monue-

463 2681 604 2751 ritis,
658 2682 1056 2755 increpueritis,
1116 2683 1508 2757 redargueritis
1560 2691 1615 2740 et
1667 2685 2054 2756 instruxeritis,

465 2784 579 2828 non
604 2779 790 2836 tamen
828 2771 969 2828 sicut
995 2787 1082 2828 me
1109 2771 1234 2828 illos
1264 2773 1332 2828 de
1360 2772 1770 2844 participatione
1817 2789 2060 2830 commu-

463 2859 643 2916 nionis
687 2867 884 2917 vestra
929 2859 1241 2917 intentando
1288 2861 1608 2918 comminari
1650 2861 1916 2930 voluistis,
1959 2878 2062 2921 nec

467 2947 630 3005 etiam
661 2964 758 3005 eos
785 2949 897 3022 qui,
930 2957 990 3005 ut
1016 2949 1240 3022 quidam
1267 2950 1472 3017 dicunt,
1503 2965 1694 3023 regem
1733 2958 1980 3006 nostrum
2005 2953 2063 3008 in

467 3053 702 3111 regnum
745 3038 1024 3112 quondam
1066 3039 1308 3096 Lotharii
1351 3054 1450 3111 pro
1478 3053 1580 3095 sua
1623 3039 1952 3097 necessitate
1979 3042 2061 3098 in-

465 3127 787 3199 vitaverunt,
821 3133 874 3184 et
901 3129 1236 3202 honoreslex
1264 3127 1460 3185 eodem
1489 3143 1663 3202 regno
1691 3129 2059 3198 obtinuerunt,

466 3230 644 3289 neque
699 3215 824 3274 illos
877 3217 970 3290 qui
1016 3217 1244 3290 regibus
1290 3226 1345 3274 et
1390 3233 1691 3292 regnorum
1735 3218 2065 3290 primoribus

466 3305 611 3362 sicut
649 3321 756 3378 ego
802 3313 1040 3362 vestram
1083 3306 1508 3379 praeceptionem
1537 3314 1590 3362 et
1617 3307 1686 3362 de
1723 3307 1842 3378 ipso
1891 3324 2065 3382 regno

465 3393 905 3451 interdictionem
965 3410 1078 3452 non
1151 3395 1553 3463 intimaverunt,
1609 3404 1662 3451 et
1713 3411 1778 3452 ex
1835 3397 2064 3454 adverso

467 3483 830 3540 ascendentes
873 3499 986 3541 non
1031 3484 1342 3540 restiterunt
1368 3492 1428 3540 ut
1455 3499 1581 3558 ego,
1629 3485 1721 3558 qui
1765 3485 2066 3542 secundum

469 3572 615 3646 quod
641 3573 793 3645 potui
816 3572 1118 3644 jussionem
1139 3581 1379 3631 vestram
1397 3572 1667 3646 perficere
1685 3573 1994 3646 procuravi,
2013 3583 2068 3632 et

467 3661 601 3718 nihil
629 3663 999 3730 emolumenti,
1031 3671 1085 3720 et
1119 3671 1378 3734 quantum
1407 3679 1598 3735 passus
1623 3671 1706 3720 est
1726 3664 1882 3736 pedis
1905 3663 1962 3720 in
1979 3680 2065 3723 re-

468 3751 572 3806 bus
601 3765 726 3808 cum
747 3751 934 3824 plures
963 3767 1030 3808 ex
1057 3752 1306 3809 Ecclesia
1333 3752 1466 3808 mihi
1482 3753 1776 3810 commissa
1795 3754 2066 3811 diuturnis

465 3840 804 3913 temporibus
847 3841 1130 3898 abstractae
1179 3842 1237 3897 in
1283 3843 1475 3898 eodem
1524 3859 1694 3917 regno
1736 3843 2062 3912 habeantur,

465 3945 571 3988 nec
597 3929 742 3986 aliud
773 3931 1135 4004 quodcunque
1167 3933 1532 3999 commodum,
1554 3932 1660 3989 nisi
1679 3933 2065 4005 impedimenta

468 4027 522 4076 et
548 4019 836 4092 dispendia
867 4020 970 4076 sim
999 4021 1251 4092 adeptus.

537 4109 647 4166 Sed
664 4116 716 4166 et
727 4110 928 4166 domno
944 4117 1134 4167 nostro
1153 4111 1273 4184 regi
1289 4110 1481 4168 Carolo
1496 4111 1564 4167 ad
1577 4111 2062 4186 exaggerationem

465 4198 663 4256 dicitur
687 4215 721 4255 a
750 4199 1096 4272 quibusdam,
1144 4201 1291 4274 quod
1339 4218 1442 4258 nec
1466 4216 1569 4274 pro
1615 4203 1890 4272 Lothario,
1924 4201 2064 4260 sicut

464 4288 757 4346 multorum
797 4297 944 4347 certa
990 4291 1199 4359 notitia,
1233 4298 1286 4346 et
1313 4290 1548 4348 infantes
1576 4291 1704 4348 inde
1733 4291 1903 4365 geniti
1932 4307 2062 4364 pro-

463 4379 642 4436 testati
689 4387 832 4449 sunt,
878 4379 1099 4451 publico
1157 4379 1422 4436 adulterio
1481 4381 1756 4446 denotato,
1819 4389 1871 4437 et
1917 4382 2063 4454 apud

2084 3089 2134 3154 C

2155 1793 2457 1849 secundum
2486 1792 2884 1849 ecclesiasticas
2933 1792 3154 1866 regulas
3183 1800 3237 1848 et
3266 1792 3564 1849 secundum
3600 1792 3761 1864 leges

2156 1881 2420 1954 publicas,
2479 1881 2632 1936 illum
2686 1890 2998 1938 accusatum
3051 1881 3138 1938 vel
3180 1889 3372 1954 sponte
3419 1881 3763 1948 confessum,

2157 1979 2248 2026 aut
2275 1970 2522 2044 legaliter
2549 1987 2616 2028 ac
2642 1971 2967 2042 regulariter
3011 1977 3197 2043 aperte
3243 1971 3552 2028 convictum
3597 1971 3763 2026 audi-

2157 2060 2358 2115 vimus.
2393 2061 2502 2116 Sed
2531 2059 2588 2114 in
2615 2060 2770 2115 libris
2799 2060 2893 2116 illa
2920 2060 3049 2116 satis
3073 2059 3356 2116 notissima
3374 2059 3442 2116 ad
3459 2059 3764 2133 legendum

2159 2148 2331 2204 oculis
2376 2148 2654 2222 ingerunt,
2701 2138 2930 2221 qualiter
2970 2163 3210 2220 proavus
3267 2165 3398 2204 suus
3454 2149 3678 2220 Pipinus
3725 2165 3765 2206 ι

2161 2239 2437 2308 Stephano
2468 2238 2638 2308 ipsius
2667 2239 2926 2294 auxilium
2953 2245 3192 2310 petente,
3225 2245 3280 2293 et
3305 2253 3408 2310 pro
3432 2237 3761 2294 liberatione

2159 2327 2420 2383 Romanae
2451 2325 2712 2383 Ecclesiae
2741 2327 2798 2384 in
2827 2327 3062 2384 Galliam
3087 2326 3358 2392 veniente,
3391 2327 3449 2382 in
3477 2342 3670 2400 regem
3691 2327 3767 2382 sit

2159 2424 2372 2486 unctus,
2423 2433 2548 2473 cum
2593 2417 2770 2472 adhuc
2811 2417 3041 2490 degeret
3082 2416 3329 2472 Romana
3369 2416 3618 2472 Ecclesia
3657 2416 3764 2471 sub

2161 2505 2381 2562 nomine
2410 2513 2463 2561 et
2490 2520 2601 2561 non
2629 2505 2828 2562 auxilio
2856 2505 3191 2562 defensionis
3239 2505 3553 2562 Graecorum
3577 2504 3764 2577 impe-

2161 2595 2372 2662 ratoris,
2434 2603 2488 2650 et
2538 2594 2683 2650 idem
2749 2594 2971 2666 Pipinus
3023 2609 3134 2652 non
3197 2594 3762 2650 excommunicatione

2161 2683 2477 2756 apostolica,
2529 2685 2627 2740 sed
2673 2683 2870 2741 virtute
2916 2683 3118 2751 hostili,
3152 2682 3476 2740 Haistulfum
3505 2684 3764 2756 qualem-

2163 2789 2376 2846 cunque
2433 2789 2625 2847 regem
2669 2772 3030 2829 Christianum
3085 2773 3376 2844 oppressit,
3435 2780 3489 2828 et
3541 2772 3766 2828 Italiam

2163 2862 2387 2931 domuit,
2419 2869 2580 2934 atque
2603 2862 2840 2932 justitias
2867 2861 3036 2918 sancti
3064 2862 3212 2918 Petri
3239 2861 3486 2918 obtinuit.

2235 2951 2489 3007 Similiter
2529 2959 2583 3006 et
2629 2969 2750 3024 quae
2797 2967 2934 3008 avus
2989 2951 3104 3020 ejus
3150 2951 3376 3007 Carolus
3423 2950 3768 3022 temporibus

2163 3039 2386 3096 Adriani
2417 3049 2470 3097 et
2497 3040 2767 3096 Desiderii
2797 3040 2948 3113 regis
2979 3041 3465 3114 Langobardorum
3485 3041 3682 3113 egerit,
3717 3049 3776 3097 et

2168 3129 2442 3202 quomodo
2466 3129 2802 3200 patriciatum
2843 3130 3147 3186 Romanum
3194 3129 3450 3200 suscepit,
3484 3129 3767 3202 quomodo

2167 3218 2330 3275 etiam
2359 3219 2696 3290 temporibus
2732 3219 2928 3274 Leonis
2974 3235 3129 3290 papae
3171 3234 3372 3274 nomen
3417 3218 3767 3290 imperatoris

2165 3309 2393 3380 adeptus
2422 3307 2541 3376 fuit,
2570 3315 2622 3363 et
2653 3324 2775 3380 quae
2804 3307 2860 3362 in
2889 3308 3061 3375 Italia,
3094 3316 3147 3362 et
3176 3315 3380 3379 quanta
3408 3323 3541 3380 erga
3569 3307 3769 3364 Roma-

2165 3412 2295 3453 nam
2342 3397 2645 3454 Ecclesiam
2691 3395 2918 3465 fecerit;
2951 3405 3004 3452 et
3049 3396 3322 3469 quomodo
3372 3397 3678 3468 Stephanus
3709 3397 3768 3453 in

2165 3485 2440 3559 Belgicam
2470 3486 2716 3554 veniens,
2750 3493 2804 3541 et
2830 3485 3024 3542 Rhemi
3053 3493 3266 3556 patrem
3295 3501 3450 3540 suum
3470 3485 3766 3556 imperato-

2166 3590 2284 3631 rem
2330 3590 2599 3631 coronans
2645 3575 2977 3642 sacraverit;
3027 3584 3082 3631 et
3129 3575 3402 3647 quomodo
3459 3575 3766 3646 Gregorius

2166 3663 2458 3734 subreptus
2503 3679 2628 3720 cum
2675 3663 2928 3720 Lothario
2975 3671 3130 3737 patre
3175 3679 3276 3720 suo
3321 3673 3662 3736 repugnante
3707 3665 3766 3720 in

2165 3753 2452 3809 Franciam
2484 3754 2650 3820 venit,
2702 3761 2756 3808 et
2796 3767 2903 3824 pax
2948 3760 3140 3824 postea
3163 3752 3221 3808 in
3258 3753 3486 3808 Francia
3513 3760 3572 3808 ut
3600 3761 3768 3810 antea

2165 3857 2276 3898 non
2305 3842 2423 3908 fuit,
2459 3850 2512 3898 et
2539 3843 2656 3913 ipse
2697 3857 2838 3914 papa
2883 3857 3009 3908 cum
3037 3843 3130 3896 tali
3157 3843 3366 3898 honore
3396 3841 3536 3898 sicut
3561 3842 3766 3899 decue-

2165 3939 2248 3987 rat
2276 3940 2328 3986 et
2357 3931 2441 3986 sui
2469 3937 2846 3988 antecessores
2873 3930 3137 3999 fecerunt,
3183 3932 3410 3987 Romam
3439 3947 3547 3988 non
3575 3931 3762 3988 rediit.

2164 4021 2234 4076 Et
2274 4028 2586 4092 computant
2627 4029 2831 4094 quanta
2875 4021 2977 4075 iste
3023 4021 3094 4075 ab
3142 4019 3412 4092 episcOpis
3467 4027 3518 4076 et
3559 4022 3768 4092 populo

2166 4111 2257 4182 qui
2281 4125 2469 4181 regem
2514 4125 2624 4164 non
2667 4109 2961 4176 habebant,
2994 4116 3046 4164 et
3075 4123 3106 4163 a
3133 4109 3363 4180 paganis
3406 4116 3460 4164 et
3489 4109 3767 4166 seditiosis

2165 4199 2579 4270 impetebantur,
2641 4198 2696 4253 in
2750 4215 2981 4271 regnum
3037 4197 3183 4270 qhod
3235 4197 3519 4253 Lotharius
3571 4199 3770 4254 habuit

2165 4289 2422 4346 invitatus
2463 4287 2785 4344 exordinata
2826 4287 3156 4343 ordinaverit
3189 4304 3203 4340 :
3236 4295 3290 4342 et
3318 4286 3504 4344 dicunt
3531 4287 3768 4343 smeula-

2164 4394 2280 4434 rem
2327 4378 2652 4448 scripturam
2693 4377 2894 4446 dicere,
2929 4375 3058 4448 quia
3097 4391 3258 4430 omne
3305 4391 3538 4448 regnum
3579 4377 3772 4433 smeuli

465 4469 655 4526 sedem
702 4467 1056 4540 apostolicam
1106 4476 1382 4535 accusato,
1415 4469 1470 4523 in
1497 4469 1652 4538 cujus
1699 4477 1856 4541 parte
1905 4457 2130 4543 regniD
2158 4469 2318 4536 hujus
2363 4467 2522 4522 bellis
2569 4466 2849 4538 quaeritur,
2896 4465 3138 4520 victoriis
3183 4473 3534 4536 propagatur,
3571 4473 3622 4520 et
3652 4471 3796 4522 non‘

463 4571 575 4613 non
601 4557 780 4614 solum
823 4572 956 4628 pars
997 4557 1272 4624 dioecesis,
1317 4570 1506 4612 verum
1536 4564 1592 4613 et
1617 4573 1746 4630 pars
1790 4558 2062 4629 parochias

467 4661 604 4703 meae
633 4645 920 4717 conjacuit,
952 4645 1115 4703 talem
1156 4646 1577 4718 praeceptionem
1602 4653 1655 4702 et
1679 4645 2062 4704 comminatio-

467 4749 593 4790 nem
636 4735 706 4790 ab
751 4743 1093 4792 antecessore
1134 4743 1318 4792 vestro
1363 4735 1542 4791 nullus
1589 4735 1972 4808 episcoporum
2009 4735 2066 4790 in

467 4822 572 4879 isto
627 4839 801 4896 regno
861 4825 1157 4898 acceperit,
1205 4841 1309 4882 nec
1356 4825 1514 4880 etiam
1546 4825 1614 4880 ab
1657 4825 2061 4895 haereticorum,

464 4910 554 4968 vel
608 4912 1097 4984 schismaticorum,
1148 4915 1266 4984 sive
1311 4913 1718 4987 tyrannicarum
1763 4913 2065 4985 imperato-

465 5015 588 5056 rum
617 5015 682 5056 ac
709 5017 922 5074 regum,
955 5004 1142 5075 quales
1169 5003 1387 5060 fuerunt
1416 5002 1764 5060 Constantius
1813 5003 2062 5070 Arianus,

467 5105 536 5146 ac
562 5097 810 5162 apostata
834 5091 1099 5159 Julianus,
1133 5102 1186 5148 et
1213 5093 1476 5148 Maximus
1504 5100 1792 5164 tyrannus,
1825 5109 2068 5164 praesen-

467 5177 541 5234 tia
569 5186 624 5234 et
651 5179 973 5236 salutatione
1003 5179 1104 5236 sivi
1137 5181 1516 5249 collocutione,
1560 5181 1708 5237 sedis
1755 5181 2069 5253 apostolicae

468 5267 772 5339 pontiﬁces,
809 5270 896 5326 vel
925 5269 1018 5326 alii
1043 5278 1260 5341 magna:
1297 5270 1630 5328 auctoritatis
1673 5278 1832 5344 atque
1864 5273 2068 5329 sancti-

469 5357 598 5413 tatis
624 5357 885 5430 episcopi,
919 5375 1042 5416 cum
1071 5359 1223 5416 locus
1251 5367 1306 5417 et
1331 5361 1472 5418 ratio
1503 5375 1570 5416 ac
1596 5375 1766 5418 causa
1793 5360 1977 5436 exigit,
2011 5377 2071 5417 se

472 5445 810 5505 subtraxisse
871 5449 1146 5524 leguntur.
1205 5450 1277 5506 Et
1333 5451 1400 5517 si,
1455 5449 1574 5506 aliis
1627 5449 1898 5523 episcopis
1953 5451 2070 5524 regi

471 5543 662 5596 nostro
692 5538 1240 5610 communicantibus,
1273 5555 1380 5618 ego
1411 5554 1502 5598 me
1530 5539 1598 5596 ab
1645 5539 1792 5598 illius
1821 5554 2070 5599 commu-

2161 4555 2444 4627 apostolici
2499 4555 2585 4611 vel
2653 4554 3034 4626 episcOporum
3108 4553 3768 4611 excommunicationibus

2163 4645 2456 4711 obtinetur,
2488 4651 2540 4699 et
2572 4643 2907 4714 Scripturam
2936 4643 3176 4698 divinam
3205 4651 3512 4715 proponunt
3535 4643 3720 4699 dicere
3749 4663 3766 4700 :

2167 4734 2307 4800 Quia
2319 4734 2542 4790 Domini
2555 4737 2638 4788 est
2657 4749 2914 4804 regnum,
2929 4749 3032 4804 per
3053 4749 3216 4806 quem
3235 4748 3391 4803 reges
3413 4737 3683 4805 regnant,
3705 4739 3769 4790 et

2165 4824 2261 4879 cui
2286 4823 2530 4880 voluerit
2550 4823 2650 4878 dat
2670 4821 2817 4877 illud
2847 4822 2943 4893 (Ps
2955 4823 3030 4877 al.
3055 4836 3178 4889 xxr,
3200 4825 3268 4880 29
3292 4840 3306 4888 ;
3325 4824 3486 4878 Prov.
3508 4837 3627 4888 vm,
3657 4825 3723 4876 15
3751 4841 3766 4889 ;

2165 4914 2310 4968 Dan.
2355 4927 2432 4981 IV,
2482 4912 2580 4983 29)
2605 4930 2620 4978 ;
2650 4909 2948 4966 ministerio
2993 4909 3311 4982 angelorum
3360 4918 3414 4966 et
3460 4910 3768 4966 hominum.

2167 5000 2378 5070 Quibus
2409 5017 2531 5057 cum
2561 5001 2731 5056 verba
2758 4999 2902 5054 beati
2936 4999 3125 5055 Jacobi
3155 5000 3388 5070 apostoli
3417 4999 3765 5070 opponimus,

2167 5091 2398 5146 dicentis
2423 5107 2436 5143 :
2474 5089 2624 5147 Unde
2655 5089 2801 5144 bella
2820 5093 2876 5144 et
2897 5089 3026 5146 lites
3050 5089 3206 5144 inter
3226 5093 3357 5144 vos?
3376 5090 3571 5146 Nonne
3594 5091 3730 5145 hinc
3747 5095 3773 5146 ?

2167 5181 2225 5236 id
2252 5187 2430 5236 estea:
2472 5179 2945 5250 concupiscentiis
2991 5181 3214 5246 vestris,
3248 5195 3369 5251 qua:
3409 5179 3670 5234 militant
3699 5181 3768 5235 in

2168 5268 2433 5326 membris
2463 5267 2712 5323 vestris?
2755 5267 3013 5339 Litigatis
3061 5271 3117 5322 et
3164 5267 3526 5339 belligeratt's,
3562 5271 3764 5323 etnon

2171 5359 2404 5424 habetis,
2451 5360 2748 5430 propterea
2791 5356 2933 5429 quod
2977 5372 3094 5412 non
3141 5357 3444 5425 postulatis
3487 5356 3626 5428 (Jac.
3680 5371 3760 5426 Iv,

2172 5451 2224 5516 4,
2255 5448 2332 5518 2).

2237 5536 2306 5592 Et
2325 5534 2468 5605 ideo,
2493 5537 2625 5609 quia
2638 5535 2867 5594 Domini
2885 5538 2970 5592 est
2985 5549 3240 5607 regnum,
3264 5539 3320 5593 et
3337 5550 3440 5609 per
3458 5551 3590 5592 eum
3604 5549 3762 5608 reges
