4072 6286
189 236 275 290 181
744 244 756 256 ’
1735 220 1806 278 ΕΙ

1906 220 2109 283 [‘OLE.

3390 220 3497 281 183

190 362 450 434 regnant,
471 357 543 413 ab
562 356 659 414 illo
674 369 908 429 regnum
921 353 1203 427 postulare
1224 352 1456 420 debetis,
1476 350 1569 425 qui
1596 348 1786 422 litiga-
1814 345 1872 407 A
1890 350 2156 419 viventes,
2181 351 2285 407 nisi
2300 366 2426 408 cum
2440 350 2636 406 talibus
2655 348 2964 420 vivere,nec
3000 362 3097 408 eos
3116 348 3252 406 lucri
3265 354 3503 420 possunt

191 451 252 504 tis
270 456 322 504 et
351 447 692 520 belligeratis
710 460 812 517 pro
824 443 1107 516 temporali
1130 443 1325 515 gloria,
1356 458 1503 507 cum,
1533 440 1581 495 si
1601 438 1787 494 Domi-

194 549 314 589 num
334 532 427 604 pia
454 530 757 587 intentione
787 528 1163 601 postularetis,
1195 527 1312 598 ipse
1341 526 1497 582 vobis
1522 538 1788 580 necessa-

196 622 269 678 ria
295 622 364 676 ad
407 636 574 676 usum
621 618 979 691 temporalem
1017 625 1069 673 et
1097 616 1167 673 ad
1195 615 1490 671 fruendum
1519 619 1787 685 perpetuo

197 725 426 783 superna
455 710 601 765 bona
629 709 917 764 tribueret.
957 708 1025 762 Et
1054 721 1178 762 cum
1218 710 1547 776 potestatem
1576 719 1606 756 a
1628 700 1788 757 Chri-

199 808 274 857 sto
302 807 494 855 sancto
531 798 697 854 Petro
743 797 921 868 primo
958 795 1353 866 apostolorum,
1396 801 1450 848 et
1489 792 1546 846 in
1583 805 1650 846 eo
1679 788 1791 844 suis

198 888 599 945 successoribus
627 886 827 953 datam,
862 885 960 941 sed
990 892 1044 940 et
1082 882 1362 955 apostolis,
1396 889 1448 938 et
1476 880 1532 935 in
1560 879 1639 936 eis
1669 879 1790 949 epi-

201 978 393 1050 scopis,
426 975 769 1048 pontificium
798 974 1004 1047 ligandi
1025 981 1079 1029 et
1108 972 1354 1029 solvendi
1388 970 1648 1027 collatum
1687 967 1793 1022 illis

201 1067 473 1123 insinuare
522 1065 790 1133 volumus,
832 1062 1166 1134 respondent
1200 1061 1308 1115 :Et
1337 1074 1435 1115 vos
1487 1074 1622 1131 ergo
1662 1056 1793 1112 solis

202 1154 532 1213 orationibus
581 1152 777 1209 vestris
813 1167 1046 1224 regnum
1099 1157 1289 1207 contra
1328 1150 1693 1204 Nortmannos
1741 1152 1795 1200 et

201 1246 325 1301 alios
352 1245 688 1315 impetentes
717 1240 1010 1306 defendite,
1043 1247 1097 1295 et
1133 1246 1379 1294 nostram
1419 1234 1796 1291 defensionem

199 1335 356 1391 nolite
389 1347 680 1405 quaerere;
713 1338 765 1386 et
796 1330 842 1384 si
885 1328 1049 1384 vultis
1086 1329 1156 1383 ad
1191 1325 1566 1382 defensionem
1595 1324 1795 1379 habere

202 1428 440 1476 nostrum
468 1416 749 1484 auxilium,
781 1414 917 1471 sicut
963 1413 1212 1469 volumus
1240 1412 1309 1467 de
1339 1409 1534 1467 vestris
1587 1408 1796 1464 oratio-

202 1509 351 1564 nibus
394 1506 603 1564 habere
644 1502 990 1574 adjutorium,
1030 1501 1197 1556 nolite
1254 1515 1504 1571 quaerere
1551 1504 1798 1553 nostrum

201 1595 563 1668 dispendium,
598 1601 652 1649 et
689 1592 856 1664 petite
885 1592 1145 1646 domuum
1175 1587 1554 1660 apostolicum,
1588 1593 1643 1641 ut
1670 1584 1799 1657 quia

1888 441 2070 498 facere
2088 441 2324 510 Christo,
2350 440 2396 496 si
2416 456 2606 495 eorum
2626 439 2955 511 colloquium
2972 437 3386 509 conviviumque
3401 436 3491 492 vi-

1889 530 2137 586 taverint.
2159 531 2317 586 Unde
2347 537 2401 585 et
2427 528 2693 584 Dominus
2722 543 2846 584 cum
2878 526 3181 597 publicanis
3209 534 3262 582 et
3290 540 3487 596 pecca-

1889 620 2095 675 toribus
2110 619 2406 675 comedens
2440 637 2452 672 :
2486 618 2608 674 Non
2636 620 2740 685 est,
2757 615 2948 687 inquit,
2984 631 3120 687 opus
3139 616 3296 670 sanis
3314 614 3491 670 medi-

1891 725 2007 775 cus,
2028 708 2124 764 sed
2137 709 2289 764 male
2311 707 2662 764 habentibus.
2687 706 2809 761 Non
2827 704 2958 760 veni
2972 703 3376 774 vocarejustos,
3393 700 3491 758 sed

1889 802 2208 872 peccatores
2229 798 2419 868 (Marc.
2442 810 2500 863 ιι,
2522 797 2632 865 17).
2646 795 2716 850 Et
2729 793 2890 864 paulo
2910 800 3034 863 post
3057 809 3072 846 :
3100 812 3123 841 ι
3141 789 3348 860 Quibus
3360 789 3491 845 satis

1892 886 2147 953 ostendit,
2172 901 2279 941 non
2310 892 2519 940 temere
2551 891 2605 939 et
2631 880 3056 955 quomodolibet,
3099 879 3199 935 sed
3224 893 3326 949 per
3339 877 3491 947 judi-

1895 976 2038 1032 cium
2055 974 2380 1030 auferendos
2400 989 2522 1028 esse
2538 970 2715 1027 malos
2726 971 2796 1026 ab
2816 968 3079 1026 Ecclesiae
3090 965 3492 1028 communione,

1896 1073 1948 1121 et
1981 1064 2024 1119 si
2057 1080 2155 1135 per
2178 1062 2444 1132 judicium
2489 1059 2693 1116 auferri
2749 1074 2858 1113 non
2905 1063 3154 1128 possunt,
3199 1054 3499 1111 tolerentur

1895 1153 2094 1226 potius,
2136 1168 2206 1207 ne
2261 1165 2524 1222 perverse
2567 1147 2741 1203 malos
2780 1146 3048 1211 evitando,
3092 1143 3378 1216 quisquam
3424 1142 3496 1197 ab

1895 1241 2150 1298 Ecclesia
2187 1240 2306 1311 ipse
2345 1237 2652 1302 discedens,
2702 1249 2796 1291 eos
2842 1249 2979 1307 quos
3026 1233 3221 1304 fugere
3276 1230 3493 1287 videtur

1895 1331 2098 1386 vinciat
2117 1330 2187 1383 ad
2227 1328 2555 1401 gehennam.
2590 1324 2726 1395 Quia
2771 1330 2824 1379 et
2861 1322 2930 1377 ad
2958 1324 3065 1378 hoc
3104 1319 3261 1377 nobis
3294 1318 3495 1374 suntin

1897 1417 2191 1490 Scripturis
2224 1416 2474 1486 exempla
2502 1413 2806 1485 proposita,
2854 1410 2943 1467 vel
2986 1410 3042 1464 in
3070 1424 3250 1465 messe
3268 1407 3491 1478 (Matth.

1898 1510 2000 1578 ιιι),
2029 1514 2088 1562 ut
2118 1506 2287 1577 paleae
2316 1502 2644 1559 sufferantur
2671 1515 2844 1573 usque
2873 1500 2942 1554 ad
2970 1498 3219 1553 ultimum
3264 1494 3497 1552 ventila-

1899 1598 2078 1663 brum,
2125 1595 2214 1650 vel
2244 1592 2382 1649 infra
2409 1592 2500 1646 illa
2527 1591 2664 1646 retia
2719 1590 2875 1659 (Luc.
2908 1587 2991 1659 v,)
3019 1586 3114 1642 ubi
3155 1586 3337 1657 pisces
3366 1581 3497 1638 boni

202 1702 290 1742 rex
313 1693 369 1740 et
397 1684 697 1756 episcopus
727 1681 888 1736 simul
916 1696 1039 1736 esse
1070 1695 1179 1734 non
1207 1685 1405 1749 potest,
1439 1683 1492 1732 et
1523 1675 1607 1730 sui
1637 1682 1797 1730 ante-
1817 1704 1870 1762 B
1901 1702 2025 1742 cum
2051 1683 2213 1739 malis
2240 1695 2415 1754 usque
2443 1680 2512 1734 ad
2541 1677 2998 1751 segregatione“),
3047 1689 3168 1746 qua
3195 1672 3373 1728 futura
3417 1672 3499 1726 est

202 1789 447 1832 cessores
488 1770 918 1829 ecclesiasticum
955 1768 1205 1824 ordinem
1236 1766 1381 1838 quod
1422 1780 1580 1819 suum
1608 1770 1709 1829 est,
1747 1769 1800 1817 et

201 1880 301 1920 non
342 1861 767 1933 rempublicam,
832 1858 979 1931 quod
1024 1872 1216 1928 regum
1245 1863 1345 1924 est,
1394 1855 1798 1925 disposuerunt,

201 1968 301 2009 non
326 1949 622 2023 pracipiat
664 1947 825 2004 nobis
869 1946 1076 2003 habere
1112 1961 1323 2018 regem,
1371 1943 1464 2015 qui
1492 1957 1598 1998 nos
1624 1941 1682 1998 in
1716 1940 1801 1997 sic

201 2041 513 2113 longinquis
542 2037 788 2111 partibus
818 2036 1076 2105 adjuvare
1096 2049 1207 2088 non
1226 2031 1401 2105 possit
1431 2039 1617 2088 contra
1647 2028 1801 2084 subi-

202 2140 382 2187 taneos
426 2137 482 2184 et
521 2127 838 2200 frequentes
896 2138 1236 2197 paganorum
1286 2123 1540 2191 impetus,
1589 2126 1643 2175 et
1701 2134 1803 2173 nos

203 2221 445 2277 Francos
501 2232 612 2273 non
637 2216 828 2285 jubeat
873 2213 1102 2280 servire,
1146 2211 1274 2284 quia
1316 2210 1461 2265 istud
1484 2210 1680 2282 jugum
1720 2206 1804 2262 sui

203 2317 585 2365 antecessores
628 2303 832 2360 nostris
878 2300 1325 2358 antecessoribus
1370 2315 1481 2353 non
1520 2298 1802 2368 imposue-

200 2407 338 2464 runt,
370 2404 429 2452 et
455 2410 560 2451 nos
594 2393 729 2448 illud
765 2399 988 2463 portare
1026 2406 1135 2445 non
1164 2403 1476 2460 possumus,
1536 2386 1627 2458 qui
1670 2385 1805 2440 scri-

199 2496 342 2559 ptum
362 2500 493 2542 esse
520 2483 579 2538 in
601 2481 803 2537 sanctis
830 2480 983 2536 libris
999 2479 1270 2545 audimus,
1298 2484 1355 2531 ut
1366 2492 1465 2547 pro
1476 2475 1725 2531 libertate
1748 2480 1802 2528 et

203 2574 515 2633 haereditate
556 2578 751 2627 nostra
799 2584 973 2641 usque
1009 2568 1079 2622 ad
1136 2574 1368 2621 mortem
1433 2572 1647 2620 certare
1703 2562 1805 2616 de-

204 2665 448 2720 beamus.
481 2659 620 2717 Etsi
649 2657 843 2730 aliquis
862 2657 1154 2728 episcopus
1181 2654 1417 2726 aliquem
1437 2651 1807 2708 Christianum

206 2761 391 2810 contra
447 2751 637 2824 legem
705 2745 1154 2811 excommunicat,
1207 2743 1312 2799 sibi
1366 2748 1690 2813 potestatem
1735 2738 1807 2794 li-

204 2843 367 2916 gandi
406 2840 568 2905 tollit,
605 2846 660 2893 et
695 2836 827 2892 nulli
873 2834 1042 2891 vitam
1096 2841 1360 2889 aeternam
1387 2838 1566 2902 potest
1594 2828 1803 2896 tollere,

204 2933 247 2987 si
274 2946 375 2986 sua
404 2935 632 3001 peccata
659 2925 736 2981 illi
765 2940 888 2980 eam
922 2936 1029 2979 non
1060 2921 1277 2977 tollunt.
1316 2922 1385 2976 Et
1408 2935 1519 2974 non
1557 2916 1811 2974 convenit

206 3020 292 3075 uni
327 3019 590 3090 episcopo
647 3014 853 3082 dicere,
900 3020 957 3067 ut
1006 3010 1390 3075 Christianum,
1453 3006 1544 3078 qui
1582 3022 1694 3061 non
1724 3011 1809 3061 est

205 3106 618 3180 incorrigibilis,
676 3118 787 3158 non
850 3108 1076 3172 propter
1136 3098 1358 3170 propria
1413 3095 1659 3161 crimina,
1712 3093 1811 3148 sed

205 3214 298 3271 pro
337 3205 561 3252 terreno
604 3207 776 3265 regno
820 3188 983 3246 alicui
1042 3188 1302 3252 tollendo,
1340 3185 1428 3242 vel
1473 3183 1809 3255 acquirendo

208 3286 425 3344 nomine
472 3278 890 3340 Christianitatis
925 3278 1119 3334 debeat
1161 3276 1395 3347 privare,
1437 3281 1491 3329 et
1525 3289 1649 3328 eum
1688 3287 1811 3327 cum

208 3375 421 3431 diabolo
463 3372 763 3435 collocare,
813 3384 977 3441 quem
1020 3365 1260 3421 Christus
1291 3378 1391 3418 sua
1419 3370 1593 3416 morte
1629 3368 1682 3415 et
1714 3375 1811 3415 suo

210 3464 472 3537 sanguine
505 3462 576 3517 de
625 3464 893 3531 potestate
948 3453 1151 3511 diaboli
1207 3452 1356 3509 venit
1401 3450 1693 3519 redimere,
1759 3455 1813 3502 et

208 3552 549 3610 Christianos
587 3563 688 3621 pro
732 3545 993 3602 fratribus
1038 3543 1151 3598 suis
1202 3542 1413 3597 animas
1456 3555 1584 3594 suas
1632 3536 1814 3593 docuit

208 3658 433 3715 ponere.
477 3641 775 3710 Propterea
805 3634 850 3689 si
871 3635 1104 3689 domnus
1136 3629 1469 3702 apostolicus
1491 3627 1604 3684 vult
1621 3642 1814 3698 pacem

207 3746 471 3804 quaerere,
504 3729 585 3784 sic
614 3741 807 3798 pacem
852 3729 1058 3796 quaerat
1115 3728 1173 3775 ut
1217 3719 1391 3774 rixam
1436 3733 1545 3772 non
1575 3723 1809 3783 moveat,

1900 1775 1955 1829 in
1976 1774 2176 1838 littore,
2208 1772 2313 1826 hoc
2345 1776 2427 1824 est
2452 1768 2511 1822 in
2554 1766 2661 1821 fine
2693 1765 2899 1831 saeculi,
2947 1777 3106 1835 aequo
3136 1761 3319 1816 animo
3349 1759 3493 1814 tole-

1902 1870 2107 1917 rentur.
2139 1883 2161 1909 »
2196 1861 2264 1914 Et
2290 1859 2420 1913 item
2440 1856 2584 1911 idem
2615 1870 2681 1909 ex
2712 1852 2977 1908 sententia
3003 1849 3190 1905 Pauli:
3228 1870 3250 1900 α
3272 1847 3496 1904 Duobus

1900 1950 2079 2007 modis
2100 1964 2210 2004 non
2238 1956 2293 2003 te
2323 1945 2561 2001 maculat
2588 1943 2784 2008 malus,
2809 1941 2856 1996 si
2884 1956 2997 1997 non
3017 1937 3347 2002 consentias,
3382 1935 3500 1991 etsi

1901 2040 2202 2111 redarguas
2235 2055 2247 2090 :
2281 2038 2386 2091 hoc
2414 2041 2498 2089 est
2524 2048 2636 2088 non
2663 2029 3081 2095 communicare,
3125 2042 3237 2082 non
3267 2040 3499 2082 consen-

1902 2129 2031 2184 tire.
2069 2123 2509 2181 Communicatur
2542 2120 2761 2192 quippe,
2808 2117 3023 2190 quando
3055 2115 3196 2171 facto
3226 2114 3343 2183 ejus
3371 2128 3503 2169 con-

1906 2211 2454 2273 sortium'voluntatis
2485 2218 2538 2266 et
2566 2206 2969 2280 approbationis
3000 2203 3331 2276 adjungitur.
3388 2203 3504 2258 Hoc
3596 2212 3597 2215 ‘

1906 2321 2040 2378 ergo
2056 2304 2356 2359 admonens
2374 2315 2486 2355 non
2514 2297 2808 2368 Apostolus
2836 2296 2948 2350 ait:
2984 2295 3167 2351 Nolite
3187 2291 3504 2348 communi-

1905 2411 2034 2451 care
2052 2392 2309 2466 operibus
2320 2388 2696 2461 infructuosis
2717 2385 3076 2440 tenebrarum
3096 2379 3498 2454 (Ephes.v,‘ll).

1906 2483 1974 2538 Et
2004 2482 2132 2554 quia
2160 2495 2353 2550 parum
2397 2483 2508 2531 erat
2565 2490 2676 2529 non
2726 2471 3049 2538 consentire,
3097 2469 3145 2524 si
3185 2473 3504 2539 sequeretur

1906 2568 2243 2641 negligentia
2252 2565 2574 2635 disciplinae,
2594 2565 2774 2633 magis
2789 2563 3003 2626 autem,
3023 2556 3215 2628 inquit,
3241 2560 3297 2612 et
3311 2554 3506 2611 redar-

1906 2660 2058 2731 guite
2087 2657 2289 2727 (ibid.).
2315 2653 2507 2710 Videte
2537 2648 2995 2723 quemadmodum
3023 2654 3317 2715 utrumque
3344 2658 3495 2698 com-

1907 2747 2099 2819 plexus
2128 2752 2229 2800 est.
2264 2744 2445 2800 Nolite
2474 2739 2913 2806 communicare,
2927 2736 3107 2808 magis
3121 2738 3314 2791 autem
3342 2735 3401 2788 et
3416 2746 3508 2788 re-

1911 2836 2166 2909 darguite
2178 2874 2192 2888 .
2219 2830 2364 2901 Quid
2384 2838 2485 2896 est,
2509 2829 2687 2886 nolite
2703 2826 3126 2883 communicare
3146 2826 3169 2879 ?
3184 2821 3365 2877 Nolite
3376 2834 3502 2877 con-

1913 2925 2134 2990 sentire,
2164 2922 2330 2978 nolite
2371 2919 2617 2983 laudare,
2667 2915 2836 2972 nolite
2881 2913 3204 2985 approbare.
3252 2909 3394 2980 Quid
3423 2916 3507 2964 est

1911 3022 2111 3080 autem,
2140 3012 2323 3083 magis
2354 3013 2410 3065 et
2448 3007 2814 3078 redarguite?
2868 3000 3287 3073 Reprehendite,
3338 2997 3527 3055 corri-'

1909 3103 2040 3175 pite,
2099 3106 2364 3156 coercete.
2417 3117 2439 3147 υ
2484 3097 2623 3151 Hoc~
2648 3093 2793 3148 enim
2856 3090 3158 3146 secundum
3185 3085 3509 3157 praeceptio-

1911 3207 2038 3247 nem
2084 3194 2324 3245 vestram
2360 3184 2542 3241 verbis
2603 3190 2655 3237 et
2684 3178 2903 3251 scriptis
2959 3177 3049 3249 egi
3079 3176 3401 3247 saepissime.
3433 3175 3504 3230 Et

1910 3281 1965 3335 in
1996 3278 2226 3350 epistola
2257 3272 2475 3331 concilii
2506 3270 2578 3327 ad
2624 3269 2933 3326 Donatistas
2958 3266 3146 3340 (epist.
3180 3268 3281 3321 152
3310 3265 3504 3335 Augu-

1913 3369 2098 3438 stini),
2130 3366 2277 3421 idem
2317 3363 2508 3419 doctor
2536 3358 2928 3416 solertissimus
2961 3354 3093 3412 dicit
3122 3371 3136 3409 :
3168 3377 3189 3402 ‹‹
3218 3351 3497 3424 Quisquis,

1911 3456 2105 3529 inquit,
2145 3455 2203 3509 in
2228 3455 2329 3508 hac
2358 3448 2607 3507 Ecclesia
2649 3448 2789 3502 bene
2814 3444 3029 3514 vixerit,
3060 3442 3192 3497 nihil
3218 3441 3274 3496 'ei
3305 3440 3508 3511 prteju-

1913 3547 2094 3603 dicant
2138 3543 2314 3599 aliena
2341 3546 2565 3612 peccata
2599 3555 2611 3590 :
2646 3534 2774 3607 quia
2801 3532 3174 3604 unusquisque
3199 3530 3253 3584 in
3289 3544 3355 3584 ea
3382 3543 3510 3599 pro-

1913 3635 2093 3706 prium
2121 3648 2258 3688 onus
2285 3627 2539 3700 portabit,
2576 3625 2715 3681 sicut
2764 3621 3057 3706 Apostolus
3084 3618 3212 3675 dicit
3236 3635 3249 3672 :
3283 3619 3353 3673 Et
3381 3616 3506 3689 qui-

1912 3702 2128 3794 cunque
2173 3720 2230 3774 in
2260 3734 2326 3774 ea
2354 3731 2552 3787 corpus
2591 3711 2792 3768 Christi
2818 3702 3225 3766 manducaverit
3253 3707 3503 3779 indigne,

208 3822 330 3893 quia
354 3835 470 3875 non
496 3832 599 3872 nos
615 3795 1026 3871 concredemus
1062 3817 1121 3865 ut
1153 3808 1310 3863 aliter
1337 3807 1406 3862 ad
1451 3821 1685 3879 regnum
1714 3801 1806 3858 Dei

1906 3812 2189 3885 judicium
2223 3808 2329 3864 sibi
2346 3806 2656 3862 manducet
2672 3805 2729 3857 et
2749 3801 2883 3857 bibit
2904 3799 2955 3870 (Ι
2974 3800 3095 3855 Cor.
3118 3811 3199 3863 x1,
3231 3798 3344 3867 29).
3372 3795 3508 3850 Cum

209 3891 499 3977 pervenire
530 3917 643 3957 non
662 3898 957 3971 possimus,
984 3893 1029 3950 si
1041 3894 1192 3949 illum
1215 3908 1378 3965 quem
1399 3891 1517 3962 ipse
1547 3903 1818 3945 commen-

210 3996 297 4051 dat
324 4003 609 4050 terrenum
640 4003 828 4060 regem
855 4001 965 4041 non
994 3982 1366 4039 habuerimus.
1403 3983 1472 4035 Et
1500 3979 1606 4034 alia
1628 3979 1696 4034 de
1721 3977 1814 4047 ju-

210 4083 490 4149 ramentis,
550 4086 603 4136 et
636 4075 908 4151 perjuriis,
944 4082 997 4130 et
1052 4074 1120 4127 de
1153 4070 1457 4143 tyrannide,
1508 4068 1577 4123 de
1620 4067 1815 4140 quibus

213 4170 528 4245 scripsistis,
590 4168 691 4223 sed
734 4174 787 4222 et
835 4165 903 4219 de
951 4161 1291 4217 ﬁrmitatibus
1326 4159 1616 4231 quaeinter
1657 4172 1815 4228 reges

213 4271 424 4319 nostros
468 4258 631 4315 factas
676 4256 915 4321 fuerunt,
962 4259 1015 4308 et
1058 4251 1126 4306 de
1170 4247 1512 4305 siditionibus
1557 4262 1676 4317 quae
1714 4259 1815 4315 pro

212 4351 301 4407 illo
328 4364 506 4423 regno
536 4353 741 4404 exortae
755 4344 991 4409 fuerunt,
1012 4348 1064 4396 et
1083 4339 1151 4393 ad
1180 4332 1814 4393 internecionemmulto-

1913 3883 2091 3956 autem
2140 3897 2269 3952 dicit
2289 3895 2577 3968 judicium
2621 3890 2728 3947 sibi
2755 3889 3086 3956 manducat,
3120 3885 3251 3941 satis
3271 3883 3509 3940 ostendit

1914 3990 2041 4063 quia
2068 4003 2179 4043 non
2217 3985 2368 4040 alteri
2400 3981 2665 4053 judicium
2697 3977 3009 4041 manducat,
3059 3975 3157 4031 sed
3203 3974 3305 4028 sibi
3338 3989 3351 4028 :
3383 3970 3509 4043 quia

1915 4060 2224 4135 communio
2268 4073 2533 4128 malorum
2601 4083 2711 4123 non
2752 4065 2986 4121 maculat
3033 4063 3267 4135 aliquem
3296 4060 3512 4132 partici-

1913 4167 2130 4239 patione
2173 4167 2651 4221 sacramentorum,
2700 4155 2798 4209 sed
2827 4150 3189 4210 consensione
3216 4150 3506 4217 factorum,

1912 4237 2054 4311 Nam
2083 4254 2128 4307 si
2154 4252 2211 4306 in
2239 4248 2396 4305 factis
2425 4245 2581 4301 malis
2608 4259 2720 4298 non
2748 4241 2829 4296 eis
2857 4240 3144 4312 quisquam
3184 4237 3505 4303 consentiat,

1914 4350 2091 4416 portat
2119 4340 2293 4396 malus
2321 4351 2538 4394 causam
2584 4347 2741 4388 suam
2789 4337 2841 4385 et
2877 4343 3169 4411 personam
3197 4338 3369 4394 suam,
3403 4326 3507 4381 nec

215 4458 328 4497 rum
356 4436 733 4513 pervenirent,
776 4432 879 4487 nisi
906 4432 1040 4502 ipsae
1069 4427 1349 4483 ﬁrmitates
1379 4430 1649 4480 exsecutae
1680 4420 1805 4476 fuis-

1914 4415 2231 4506 praejudicat
2265 4426 2437 4491 alteri,
2472 4438 2634 4496 quem
2663 4421 2719 4476 in
2765 4417 3127 4476 consensione
3173 4415 3300 4471 mali
3331 4415 3510 4487 operis

217 4510 550 4598 sena—nobis
599 4524 783 4579 dicunt
813 4536 934 4592 quae
971 4525 1165 4574 vestrae
1205 4513 1512 4572 auctoritati
1546 4510 1814 4567 mandare

216 4620 371 4676 nobis
396 4633 511 4673 non
549 4611 822 4672 convenit.
853 4608 1213 4679 Quapropter,
1243 4603 1515 4677 quomodo
1537 4601 1708 4673 ipsius
1729 4615 1818 4655 re-

215 4709 317 4783 gis,
346 4708 403 4763 in
444 4705 599 4774 cujus
630 4716 805 4775 regno
820 4697 1078 4770 parochia
1106 4703 1158 4751 et
1169 4693 1450 4773 provincia
1477 4707 1602 4746 mea
1631 4688 1816 4747 consi-

217 4778 322 4865 stit,
337 4805 391 4854 et
411 4809 605 4852 eorum
626 4790 719 4864 qui
737 4805 859 4845 cum
880 4802 945 4843 eo
965 4786 1189 4859 degunt,
1206 4784 1323 4838 sine
1344 4782 1538 4837 animae
1548 4778 1813 4852 periculo,

218 4895 267 4943 et
292 4885 427 4942 mihi
455 4880 767 4941 commissae
794 4874 1060 4934 Ecclesiae
1090 4872 1435 4938 detrimento,
1483 4868 1818 4926 consortium

220 4976 303 5032 vel
330 4971 682 5049 praesentiam
701 4967 908 5023 valeam
938 4963 1179 5020 devitarc
1205 4978 1313 5017 non
1332 4960 1510 5026 video,
1545 4973 1667 5014 cum
1684 4957 1818 5030 bea-

220 5073 303 5121 tus
324 5045 667 5137 Augustinus
686 5058 743 5113 in
768 5053 997 5128 praefato
1023 5052 1162 5107 libro
1192 5051 1260 5105 de
1291 5046 1614 5105 Poenitentia
1642 5045 1815 5101 dicat:

221 5155 434 5228 Scripsi
448 5151 621 5216 vobis,
653 5146 824 5219 inquit
844 5141 1137 5215 Apostolus
1158 5139 1214 5195 in
1232 5137 1498 5210 Epistola,
1522 5152 1638 5193 non
1665 5151 1819 5191 com-

223 5224 452 5301 misceri
491 5235 844 5313 fornicariis,
895 5249 1005 5290 non
1052 5232 1248 5303 utique
1286 5226 1618 5301 fornicariis
1651 5224 1820 5296 hujus

223 5333 443 5397 mundi,
477 5332 583 5386 aut
611 5328 818 5392 avaris,
853 5327 955 5379 aut
992 5319 1329 5394 raptoribus,
1363 5319 1465 5371 aut
1503 5314 1668 5369 idolis
1699 5329 1820 5368 ser-

224 5423 504 5479 vientibus
530 5436 545 5473 :
568 5417 822 5489 alioquin
859 5410 1177 5469 debueratis
1200 5407 1266 5463 de
1296 5407 1394 5461 hoc
1429 5403 1641 5459 mundo
1663 5403 1823 5457 exire

231 5520 408 5590 (ἴσον.
422 5534 483 5587 v,
514 5516 593 5589 9).
607 5515 732 5572 Non
752 5510 894 5568 enim
912 5514 1138 5583 possunt
1154 5503 1402 5561 homines
1421 5500 1477 5556 in
1494 5501 1599 5556 hoc
1619 5498 1823 5555 mundo

1918 4498 2126 4573 socium
2172 4529 2282 4569 non
2310 4513 2473 4566 habet
2519 4506 2777 4564 criminis.
2816 4504 2928 4559 »Ει
2956 4502 3012 4556 in
3056 4501 3233 4573 primo
3269 4500 3411 4554 libro
3444 4498 3514 4554 de

1916 4606 2188 4677 Baptismo
2214 4603 2360 4674 (cap.
2397 4599 2484 4669 l7)
2522 4596 2652 4653 dicit
2685 4612 2699 4649 :
2738 4616 2759 4644 α
2794 4590 3114 4664 Spirituales
3142 4590 3256 4677 sive
3280 4587 3374 4677 ad
3403 4588 3507 4643 hoc

1917 4674 2097 4767 ipsum
2123 4693 2213 4764 pio
2260 4689 2437 4745 studio
2484 4684 2849 4758 proficientes,
2896 4694 3005 4734 non
3034 4685 3162 4733 euut
3193 4675 3343 4742 foris,
3380 4674 3511 4747 quia

1919 4763 2107 4841 etcum
2125 4763 2317 4852 aliqua
2347 4776 2435 4833 vel
2462 4773 2843 4847 perversitate,
2874 4767 2960 4823 vel
2982 4764 3308 4821 necessitate
3336 4763 3510 4820 homi-

1919 4890 2049 4929 num
2078 4871 2327 4927 videntur
2356 4865 2570 4936 expelli,
2602 4861 2679 4917 ibi
2705 4858 2880 4931 magis
2907 4854 3142 4927 probant
3174 4870 3337 4928 quam
3363 4854 3511 4909 intus

1919 4966 2303 5035 permaneant,
2349 4971 2474 5012 cum
2524 4952 2786 5006 adversus
2842 4944 3143 5001 Ecclesiam
3201 4944 3506 4999 nullatenus

1921 5032 2217 5122 eriguntur,
2270 5045 2368 5101 sed
2413 5044 2469 5098 in
2524 5037 2698 5093 solida
2756 5034 2976 5091 unitatis
3014 5041 3166 5107 petra
3196 5032 3510 5090 fortissimas

1922 5121 2201 5195 charitatis
2243 5134 2437 5191 robore
2468 5127 2799 5184 radicantur.
2844 5125 2928 5180 Ad
2966 5125 3071 5181 hoc
3100 5123 3246 5179 enim
3275 5121 3510 5194 pertinet

1922 5228 2067 5302 quod
2096 5227 2152 5282 in
2182 5225 2274 5280 illo
2307 5219 2537 5278 Abraha:
2566 5213 2837 5271 sacrificio
2868 5213 3065 5271 dicitur
3097 5231 3110 5268 :
3142 5213 3280 5269 Aves
3316 5214 3509 5267 autem

1923 5335 2038 5391 non
2060 5314 2273 5371 divisit.
2313 5332 2335 5361 ν
3330 5296 3341 5315 ‘

1994 5403 2164 5477 Igitur
2191 5400 2282 5473 qui
2311 5415 2399 5454 me
2426 5413 2460 5453 a
2505 5396 2682 5453 solida
2709 5394 2929 5452 unitatis
2957 5391 3239 5450 catholicae
3267 5396 3321 5445 et
3344 5404 3506 5460 apos-

1924 5476 2099 5550 tolicae
2141 5488 2405 5547 Ecclesia:
2449 5494 2605 5559 petra
2660 5502 2772 5543 non
2800 5484 3002 5550 divido,
3053 5490 3105 5537 et
3153 5480 3293 5537 sicut
3338 5476 3512 5534 nostis
