4072 6316
505 238 622 292 183·

1391 223 1733 284 HINCMARI
1768 217 2170 280 RHEMENSIS
2215 215 2763 275 ARCHIEPISCOPI.

3693 217 3800 271 184

504 359 737 434 scriptis,
777 366 832 416 et
859 357 1022 416 etiam
1067 353 1431 429 praesentibus
1468 351 1664 408 vestris
1709 349 1912 419 missis,
1962 343 2170 405 adeoA
2197 346 2376 417 cipue,
2407 345 2464 400 in
2495 359 2656 417 quem
2685 350 2892 400 tantam
2921 341 3399 434 comminationem
3448 341 3788 434 intentastis,

508 465 576 506 ex
602 456 784 506 vestra
812 447 1061 518 jussione
1103 443 1288 501 verbis
1331 441 1504 499 restiti
1531 441 1671 512 regi,
1705 455 1767 495 ac
1805 453 2101 510 regnorum

507 537 857 610 primoribus,
881 543 942 591 ut
969 543 1022 592 et
1041 550 1227 592 coram
1247 531 1453 588 eisdem
1481 530 1664 586 missis
1683 527 2102 586 comminaretur

505 625 660 693 mihi,
714 625 976 697 quoniam
1020 623 1068 680 si
1113 623 1170 678 in
1215 637 1340 677 mea
1388 620 1655 676 sententia
1699 630 2098 690 permanerem,

507 715 578 772 ad
593 715 760 771 altare
787 713 1055 770 Ecclesiae
1094 727 1232 768 meae
1273 718 1490 768 cantare
1535 724 1777 780 possem,
1823 706 1894 762 de
1941 705 2101 761 rebus

506 818 640 860 vero
678 811 734 860 et
774 801 1084 858 hominibus
1125 800 1332 856 nullam
1375 805 1702 870 potestatem
1737 796 2016 860 haberem,
2070 809 2104 848 a

508 899 695 948 vestra
723 891 1104 948 communione
1130 904 1242 945 non
1259 889 1448 945 debeo.
1467 886 1710 958 separari
1747 884 1977 940 aliorum
2014 880 2101 937 fa-

507 980 776 1038 ctionibus
805 995 1058 1052 quorum,
1091 985 1351 1052 quantum
1380 993 1445 1032 ex
1461 992 1549 1031 me
1579 983 1680 1042 est,
1703 989 1815 1030 non
1853 987 2101 1029 commu-

508 1069 635 1127 nico
680 1084 1017 1142 quaecunque
1075 1075 1198 1124 sunt
1265 1065 1570 1122 tenebrosis
1629 1063 1910 1135 operibus.
1973 1061 2096 1129 Qui,

508 1157 684 1231 inquit
705 1157 988 1224 Dominus,
1010 1157 1332 1230 peccaverit
1347 1155 1510 1221 mihi,
1535 1153 1724 1210 delebo
1745 1169 1874 1209 eum
1885 1152 1950 1206 de
1966 1151 2102 1206 libro

507 1264 634 1304 meo
661 1245 881 1319 (Ezeeh.
915 1261 1035 1313 xrv,
1069 1246 1165 1316 9);
1198 1252 1252 1300 et
1296 1261 1310 1298 z
1353 1244 1560 1300 Anima
1597 1259 1720 1316 quae
1767 1241 2098 1314 peccaverit,

505 1336 920 1410 ipsamorietur
929 1335 1320 1408 (Eaechxvm,
1332 1333 1448 1404 20).
1468 1332 1578 1389 Sed
1589 1331 1709 1387 etin
1725 1329 2098 1402 peccantibus,

503 1431 564 1482 ut
591 1425 731 1482 bene
749 1423 941 1491 nostis,
965 1431 1019 1480 et
1032 1422 1228 1478 beatus
1255 1421 1385 1478 dicit
1401 1419 1720 1494 Gregorius,
1755 1434 1933 1474 causae
1961 1433 2103 1504 pen-

507 1514 694 1570 sandaa
722 1521 865 1580 sunt,
889 1521 942 1569 et
973 1520 1100 1568 tunc
1127 1511 1332 1584 ligandi
1361 1519 1526 1582 atque
1571 1508 1817 1566 solvendi
1864 1515 2104 1578 potestas

505 1601 825 1660 exercenda.
872 1599 1010 1671 Quae
1066 1608 1332 1672 potestas,
1382 1606 1440 1654 ut
1493 1599 1603 1655 Leo
1668 1597 1818 1668 dicit,
1866 1595 1924 1650 in
1967 1595 2104 1652 alios

2201 451 2336 508 erga
2363 450 2555 507 regem
2582 441 2828 489 nostrum
2858 447 3054 506 gerere
3089 431 3408 500 debeamus,
3440 447 3566 487 cum
3595 431 3796 487 beatus

2199 523 2532 596 Augustinus
2591 521 2836 593 Apostoli
2881 536 3163 592 exponens
3226 519 3549 576 sententiam
3592 521 3744 576 dicat
3779 539 3794 574 :

2206 633 2230 664 α
2263 611 2592 684 Apostolica,
2626 611 2819 682 inquit,
2842 609 3109 676 doctrina,
3133 617 3190 664 ut
3208 609 3384 666 omnis
3406 609 3584 664 anima
3611 609 3797 664 subli-

2200 700 2465 756 mioribus
2499 700 2860 771 potestatibus
2897 699 3113 754 subdita
3144 699 3232 765 sit,
3291 705 3345 753 et
3391 706 3449 753 ut
3489 698 3801 754 reddantur

2201 789 2452 846 omnibus
2482 789 2686 855 omnia,
2716 788 2804 844 cui
2845 789 3104 844 tributum
3132 788 3404 857 tributum,
3436 787 3524 844 cui
3557 788 3804 861 vectigal

2201 879 2455 952 vectigal,
2488 885 2540 934 et
2568 887 2786 945 caetera,
2820 878 2974 934 salvo
3003 877 3219 934 Domini
3248 877 3421 932 nostri
3447 877 3612 943 cultu,
3655 893 3804 932 con-

2203 967 2494 1024 stitutionis
2525 969 2776 1023 humanae,
2823 967 3159 1038 principibus
3216 967 3530 1034 reddamus,
3575 966 3803 1038 quando

2203 1065 2256 1114 et
2269 1057 2386 1128 ipse
2416 1056 2700 1123 Dominus,
2718 1065 2777 1111 ut
2803 1055 2962 1112 nobis
2990 1056 3152 1125 hujus
3174 1071 3344 1112 sacras
3361 1041 3626 1112 doctrinae
3645 1071 3804 1126 prte-

2202 1147 2357 1202 beret
2387 1147 2712 1218 exemplum,
2745 1161 2847 1217 pro
2865 1145 3040 1218 capite
3069 1145 3324 1212 hominis,
3357 1160 3464 1216 quo
3486 1152 3601 1200 erat
3631 1144 3806 1199 indu-

2202 1243 2308 1302 tus,
2339 1235 2601 1290 tributum
2631 1235 2847 1291 solvere
2867 1250 2979 1290 non
3017 1235 3345 1308 dedignatus
3386 1241 3488 1289 est.
3528 1233 3807 1289 Jubentur

2205 1324 2367 1380 etiam
2405 1324 2552 1380 servi
2599 1323 2888 1380 Christiani
2937 1330 2991 1378 et
3033 1322 3224 1379 ﬁdeles
3253 1323 3382 1378 boni
3419 1322 3655 1378 dominis
3686 1323 3808 1378 suis

2205 1413 2593 1484 temporalibus
2620 1412 3000 1486 aequanimiter
3029 1411 3364 1485 fideliterque
3393 1411 3626 1478 servire,
3662 1426 3810 1482 quos

2197 1502 2490 1574 judicaturi
2537 1509 2680 1570 sunt,
2723 1501 2770 1556 si
2807 1518 2978 1574 usque
3021 1501 3076 1557 in
3107 1499 3274 1556 tinem
3317 1500 3533 1574 iniquos
3572 1501 3811 1558 invene-

2205 1593 2334 1660 rint,
2366 1599 2459 1647 aut
2489 1607 2613 1646 cum
2658 1591 2856 1664 quibus
2895 1590 3178 1664 regnaturi
3233 1599 3376 1659 sunt,
3439 1589 3484 1645 si
3524 1597 3577 1644 et
3620 1590 3701 1644 illi
3737 1591 3814 1646 ad

503 1691 798 1766 apostolos,
831 1698 888 1747 et
913 1691 984 1745 ad
1011 1705 1204 1746 omnes
1232 1687 1496 1746 Ecclesiae
1523 1686 1802 1758 principes
1823 1701 2099 1743 commea-
2130 1703 2186 1765 Β
2205 1697 2397 1739 verum
2425 1681 2600 1736 Deum
2628 1681 2885 1738 conversi
2909 1679 3129 1736 fuerint.
3165 1678 3430 1736 Omnibus
3449 1687 3634 1734 tamen
3652 1683 3808 1752 prae-

501 1781 578 1838 vit
611 1795 625 1836 :
658 1779 756 1835 sed
775 1779 900 1835 ideo
931 1777 1284 1851 singulariter
1311 1778 1470 1832 Petro
1497 1775 1758 1842 creditur,
1793 1775 1924 1848 quia
1959 1791 2100 1831 cun-

501 1868 608 1926 ctis
647 1867 912 1925 Ecclesiae
977 1866 1279 1923 rectoribus
1323 1865 1468 1920 Petri
1526 1863 1700 1920 forma
1755 1864 2098 1936 proponitur.

505 1957 686 2013 Manet
730 1970 866 2028 ergo
899 1954 1046 2012 Petri
1073 1953 1440 2028 privilegium,
1486 1953 1798 2025 ubicunque
1848 1969 1914 2008 ex
1934 1951 2105 2024 ipsius

503 2045 678 2102 fertur
705 2044 960 2118 aequitate
981 2043 1248 2114 judicium
1271 2060 1284 2098 :
1308 2057 1411 2099 nec
1440 2041 1604 2098 nimia
1646 2049 1731 2098 est
1759 2043 1848 2098 vel
1896 2041 2102 2098 severi-

505 2143 614 2202 tas,
635 2134 723 2191 vel
753 2133 1023 2200 remissio,
1056 2133 1151 2189 ubi
1169 2131 1302 2188 nihil
1331 2138 1413 2189 est
1431 2132 1680 2206 ligatum,
1697 2130 1833 2186 nihil
1848 2131 2104 2201 solutum,

509 2224 617 2280 nisi
645 2224 791 2296 quod
820 2224 1011 2280 beatus
1041 2223 1234 2278 Petrus
1275 2229 1367 2278 aut
1412 2219 1686 2294 ligaverit,
1738 2228 1831 2276 aut
1861 2220 2099 2276 solverit.

507 2311 753 2384 Qualiter
781 2311 946 2368 etiam
971 2311 1140 2367 frater
1169 2318 1223 2366 et
1247 2310 1506 2367 sacerdos
1525 2317 1712 2366 noster
1750 2308 1890 2376 Odo,
1922 2308 2108 2366 Belva-

511 2401 692 2458 censis
720 2400 1028 2472 episcopus,
1061 2415 1276 2456 mecum
1303 2415 1404 2471 pro
1432 2398 1878 2472 obtemperandis
1911 2397 2104 2454 vestris

505 2487 843 2562 jussionibus
888 2489 1232 2555 laboraverit,
1265 2488 1430 2546 iidem
1487 2487 1655 2559 legati
1709 2487 1881 2543 vestri
1944 2486 2101 2543 vobis

509 2577 858 2636 innotescere
883 2585 1131 2650 possunt.
1179 2577 1290 2634 Sed
1325 2584 1380 2632 et
1421 2576 1542 2632 alia;
1570 2575 2020 2632 comminationes
2049 2575 2104 2631 in

511 2683 617 2724 nos
635 2675 762 2723 sunt
782 2666 1056 2737 jaculatse,
1091 2683 1226 2739 quas
1254 2666 1435 2722 adhuc
1475 2663 1605 2722 nolo
1633 2664 1905 2736 proferre,
1939 2680 2108 2738 quas-

513 2771 622 2830 que
651 2755 786 2826 scio,
809 2755 1132 2811 siDominus
1163 2755 1272 2810 illis
1302 2753 1628 2827 permiserit,
1660 2762 1718 2810 ut
1738 2755 1852 2824 jam
1897 2753 1954 2809 in
1983 2753 2114 2809 deli-

515 2843 813 2912 beratione,
875 2844 946 2900 ita
1003 2845 1122 2902 sine
1166 2844 1550 2901 retractatione
1606 2841 2000 2900 comminantes
2056 2843 2113 2898 in

515 2949 685 3007 opere
712 2941 1018 2991 monstrare
1055 2933 1346 2990 curabunt.
1385 2935 1453 2989 Et
1497 2940 1555 2990 ut
1583 2932 1716 2988 mihi
1745 2932 2114 3004 experimento

514 3022 748 3094 videtur,
778 3031 1000 3095 propter
1035 3038 1216 3079 meam
1253 3021 1709 3096 interdictionem,
1755 3022 1842 3079 vel
1889 3029 2116 3093 propter

513 3111 718 3186 linguae
762 3113 1017 3169 humanae
1063 3111 1324 3186 gladium,
1373 3111 1479 3167 nisi
1525 3111 1661 3168 alius
1699 3111 1779 3167 eis
1825 3110 2108 3182 obstiterit,

517 3217 617 3258 rex
642 3209 824 3259 vester
841 3202 930 3258 vel
958 3201 1113 3273 regni
1142 3202 1260 3272 ejus
1289 3199 1558 3272 primores
1585 3216 1696 3256 non
1731 3200 2020 3266 dimittent,
2052 3208 2112 3255 ut

517 3291 666 3364 quod
707 3290 973 3363 cmperint
1009 3297 1267 3362 quantum
1301 3297 1552 3361 poterunt
1585 3305 1696 3346 non
1727 3297 2110 3362 exsequantur.

515 3379 588 3436 Et
608 3379 796 3435 nescio
817 3378 1090 3451 quomodo
1109 3379 1280 3450 ipsius
1291 3379 1458 3452 regis,
1483 3379 1570 3436 vel
1591 3379 1733 3435 inter
1749 3394 1887 3450 quos
1907 3377 2110 3446 habito,

518 3467 866 3542 praesentiam
898 3475 951 3524 et
980 3467 1416 3526 communionem
1430 3467 1516 3524 vel
1546 3467 1880 3524 consortium
1902 3466 2117 3524 valeam

519 3557 784 3625 devitarc,
815 3572 940 3614 cum
970 3573 1068 3613 rex
1110 3565 1164 3612 et
1192 3557 1569 3614 cohabitantes
1599 3571 1815 3612 mecum
1843 3571 1954 3610 una
1991 3571 2116 3612 cum

515 3657 669 3714 rege,
697 3656 809 3698 non
854 3640 1032 3698 solum
1057 3640 1116 3695 in
1143 3641 1478 3714 parochiam,
1525 3656 1715 3698 verum
1745 3647 1796 3696 et
1823 3638 1881 3694 in
1925 3639 2116 3696 civita-

519 3737 631 3788 tem
649 3745 830 3786 meam
863 3746 1010 3802 saepe
1056 3731 1397 3799 conveniant,
1431 3738 1484 3787 et
1510 3731 1586 3786 ibi
1615 3729 1801 3784 tandiu
1831 3729 1971 3786 sicut
1998 3730 2118 3801 regi

522 3819 826 3891 complacet
855 3820 1076 3888 degant,
1109 3827 1164 3876 et
1191 3836 1314 3877 cum
1343 3827 1492 3876 tanta
1520 3817 1882 3886 multitudine,
1915 3825 2020 3873 tam
2050 3819 2118 3874 de

520 3923 698 3980 regno
727 3908 872 3980 quod
902 3917 1062 3966 antea
1089 3909 1291 3976 habuit,
1325 3925 1484 3982 quam
1540 3916 1592 3964 et
1639 3908 1707 3963 de
1746 3923 1916 3980 regno
1973 3908 2120 3979 quod

526 3996 816 4053 Lotharius
863 3999 1070 4065 habuit,
1129 4013 1345 4056 necnon
1392 3999 1460 4053 de
1505 3997 1624 4052 aliis
1655 3996 1842 4068 regnis
1872 3998 1940 4052 ad
1996 4014 2119 4053 eum

525 4085 944 4157 conﬂuentibus,
1007 4087 1145 4144 sicut
1185 4087 1339 4142 missi
1377 4086 1547 4142 vestri
1603 4086 1873 4154 viderunt,
1937 4087 2121 4144 ethoc

525 4191 691 4250 quam
719 4192 863 4247 saepe
893 4176 972 4231 illi
1001 4177 1233 4244 videtur,
1266 4176 1323 4231 in
1344 4175 1558 4232 civitate
1583 4191 1706 4230 mea
1737 4175 1997 4244 sustineo,
2029 4177 2122 4249 qui

526 4265 816 4324 ecclesiam
849 4274 902 4322 et
954 4266 1169 4337 plebem
1200 4265 1332 4320 mihi
1373 4265 1718 4320 commissam
1747 4265 2020 4332 deserere,
2070 4273 2120 4321 et

523 4355 780 4414 aliorsum
809 4363 868 4410 ut
896 4355 1264 4412 mercenarius
1291 4369 1402 4410 non
1439 4354 1594 4410 valeo
1638 4353 1848 4426 fugere,
1883 4371 1986 4411 nec
2015 4371 2121 4426 quo

2205 1770 2400 1842 cipitur
2429 1770 2634 1828 servire
2673 1769 2926 1825 humanis
2953 1769 3314 1840 potestatibus
3351 1777 3514 1841 atque
3544 1769 3806 1836 terrenis,

2208 1875 2316 1932 quo
2346 1875 2518 1932 usque
2549 1866 2672 1931 post
2704 1866 2916 1930 tempus
2945 1857 3292 1930 praeﬁnitum,
3324 1858 3395 1914 ab
3414 1858 3572 1914 istius
3621 1857 3815 1916 saeculi

2207 1947 2545 2018 confusione,
2580 1956 2840 2020 tanquam
2865 1949 2934 2004 de
2966 1947 3275 2019 captivitate
3305 1947 3635 2020 Babyloniae,
3669 1949 3817 2004 sicut

2208 2038 2547 2094 Hierusalem
2594 2037 2858 2093 liberetur
2882 2037 3156 2094 Ecclesia.
3189 2039 3270 2092 Ex
3299 2037 3454 2107 cuius
3483 2036 3816 2109 captivitatis

2209 2127 2520 2196 occasione,
2547 2127 2594 2182 si
2613 2127 2778 2182 etiam
2808 2127 3015 2182 terreni
3039 2143 3225 2199 reges,
3250 2126 3484 2183 desertis
3514 2125 3676 2182 idolis
3705 2143 3814 2198 pro

2208 2218 2402 2290 quibus
2457 2217 2918 2288 persequebantur
2989 2215 3346 2283 Christianos,
3403 2231 3570 2272 unum
3620 2232 3817 2272 verum

2208 2307 2384 2362 Deum
2414 2313 2467 2362 et
2509 2305 2783 2362 Christum
2811 2304 3104 2361 Dominum
3130 2305 3481 2377 cognoverint
3506 2313 3560 2360 et
3601 2305 3812 2372 colant,

2207 2412 2310 2468 pro
2348 2395 2544 2468 quibus
2573 2394 2770 2450 Paulus
2798 2395 3074 2467 apostolus
3099 2394 3256 2464 jubet
3291 2409 3450 2451 orare
3478 2393 3812 2465 Ecclesiam,

2209 2499 2335 2542 cum
2361 2491 2826 2556 persequerentur
2855 2484 3182 2554 Ecclesiam,
3203 2488 3270 2540 at
3285 2500 3545 2540 securam
3565 2489 3624 2540 et
3647 2489 3816 2540 tran-

2209 2575 2453 2648 quillam
2473 2575 2651 2630 vitam
2679 2590 2914 2646 agamus
2945 2591 3077 2630 cum
3106 2575 3264 2630 omni
3295 2575 3512 2646 pietate
3541 2577 3597 2630 et
3627 2577 3816 2630 casti-

2211 2667 2328 2720 tate
2349 2664 2402 2735 (Ι
2423 2665 2558 2719 Tim.
2593 2677 2650 2730 η,
2675 2664 2753 2734 2),
2780 2663 2916 2719 sicut
2945 2672 2996 2718 et
3025 2663 3118 2719 ille
3135 2663 3368 2734 p0pulus
3380 2663 3437 2718 in
3455 2662 3816 2735 Babyloniam

2211 2752 2404 2808 ductus
2431 2769 2532 2824 per
2562 2753 2853 2808 Jeremiam
2875 2752 3097 2822 jubetur
3138 2768 3298 2808 orare
3324 2768 3426 2824 pro
3463 2769 3598 2824 rege
3625 2753 3818 2824 Baby-

2210 2839 2390 2912 loniae,
2421 2849 2473 2897 et
2503 2841 2692 2897 beatus
2721 2843 2915 2898 Petrus
2945 2842 3072 2898 dicit
3105 2860 3118 2896 :
3157 2843 3404 2914 Sabjecti
3441 2846 3616 2899 estote
3655 2847 3821 2900 omni

2213 2932 2480 2988 humanae
2527 2936 2806 2988 creaturae
2852 2937 3082 3005 propter
3129 2933 3449 2998 Dominam,
3503 2922 3636 2990 sive
3666 2935 3816 3006 regi,

2144 3067 2193 3130 Ο
2213 3023 2374 3094 quasi
2401 3021 2822 3094 praecellentia
2846 3025 2999 3078 Petr.
3018 3036 3078 3092 ιι,
3112 3022 3220 3091 13);
3247 3029 3301 3076 et
3317 3021 3444 3076 item
3471 3037 3482 3076 :
3507 3023 3821 3078 Dominum

2223 3112 2439 3176 timete,
2465 3127 2650 3183 regem
2667 3111 3032 3180 honoriﬁcate
3043 3110 3201 3182 (ibid.
3212 3153 3226 3180 ,
3253 3110 3360 3180 17).
3377 3110 3542 3166 Omni
3559 3112 3822 3168 humana:

2217 3207 2503 3267 creaturae,
2531 3199 2703 3272 inquit
2733 3199 2924 3256 doctor
2943 3199 3356 3273 sagacissimus,
3387 3199 3538 3256 omni
3565 3199 3824 3274 dignitati

2215 3289 2518 3357 hominum,
2550 3289 2698 3344 omni
2727 3305 2994 3360 personas,
3029 3289 3178 3344 omni
3215 3289 3560 3362 principatui,
3591 3289 3680 3346 cui
3717 3307 3823 3348 vos
3907 3342 3914 3346 .

2218 3378 2399 3436 divina
2467 3377 2752 3450 dispositio
2821 3378 2981 3434 subdi
3019 3377 3271 3434 voluerit.
3328 3398 3352 3428 ι
3383 3378 3502 3435 Hoc
3541 3387 3625 3434 est
3668 3381 3823 3436 enim

2217 3468 2364 3540 quod
2392 3467 2467 3522 ait
2505 3471 2736 3540 propter
2764 3469 3086 3535 Dominum,
3117 3469 3250 3540 quia
3281 3484 3396 3524 non
3428 3472 3516 3524 est
3540 3472 3815 3538 potestas,
3855 3460 3860 3464 ’

2215 3558 2336 3614 nisi
2364 3575 2399 3614 a
2419 3559 2548 3623 Deo,
2581 3561 2636 3612 et
2673 3559 2769 3628 qui
2799 3560 3067 3630 potestati
3087 3557 3323 3624 resistit,
3347 3559 3448 3614 Dei
3462 3558 3822 3616 ordinationi

2218 3647 2439 3702 resistit
2463 3646 2638 3716 (Rom.
2662 3660 2785 3716 xm,
2807 3649 2856 3716 l,
2879 3648 2956 3717 2).
2987 3647 3053 3700 Et
3082 3646 3210 3701 item
3231 3654 3450 3702 sanctus
3477 3646 3822 3720 Augustinus

2218 3735 2274 3790 in
2297 3749 2546 3791 sermone
2561 3734 3085 3806 Evangeliiioannis
3105 3737 3296 3806 (serm.
3320 3736 3374 3807 6)
3407 3753 3422 3790 :
3458 3757 3481 3787 az
3515 3736 3818 3810 Leguntur,

2219 3822 2411 3896 inquit,
2430 3823 2586 3896 leges
2613 3823 2930 3893 manifestas,
2959 3824 3054 3880 ubi
3089 3832 3468 3896 praeceperunt
3513 3825 3822 3896 imperato-

2219 3928 2332 3980 res,
2367 3929 2463 3968 eos
2493 3912 2585 3984 qui
2633 3921 2828 3984 praeter
2857 3913 3140 3970 catholicae
3167 3914 3430 3970 Ecclesiae
3471 3915 3824 3973 communio-

2221 4017 2346 4058 nem
2388 4009 2656 4074 usurpant
2698 4001 2801 4056 sibi
2845 4019 3042 4058 nomen
3083 4003 3466 4070 Christianum,
3499 4019 3602 4060 nec
3631 4005 3827 4061 volunt

2219 4089 2276 4145 in
2286 4105 2423 4162 pace
2437 4090 2616 4146 colere
2645 4091 2797 4162 pacis
2828 4100 3124 4160 auctorem,
3156 4092 3289 4148 nihil
3307 4093 3526 4148 nomine
3551 4093 3827 4152 Ecclesiae

2220 4177 2456 4231 audeant
2510 4175 2814 4247 possidere.
2866 4177 2974 4232 Sed
3023 4177 3170 4248 quid,
3223 4177 3488 4249 inquiunt,
3548 4177 3708 4233 nobis
3769 4187 3825 4236 et

2220 4265 2582 4336 imperatori?
2611 4265 2718 4321 Sed
2743 4265 2855 4335 jam
2897 4265 3006 4320 dixi
3035 4266 3104 4321 de
3139 4266 3264 4335 jure
3307 4267 3546 4322 humano
3585 4267 3768 4340 agitur
3805 4287 3820 4324 :

2223 4362 2275 4410 et
2321 4363 2500 4410 tamen
2541 4355 2832 4426 Apostolus
2878 4355 3046 4411 voluit
3103 4355 3300 4412 serviri
3354 4356 3594 4428 regibus,
3645 4356 3826 4414 voluit

525 4453 678 4501 extra
706 4460 936 4518 regnum
968 4445 1084 4514 ejus
1130 4444 1338 4516 fugiam
1393 4444 1568 4500 habeo
1603 4461 1614 4496 :
1648 4443 1746 4498 sed
1791 4444 1948 4516 regio
1979 4444 2124 4500 cultu
2148 4432 2200 4493 D
2222 4444 2476 4500 honorari
2506 4460 2689 4517 reges,
2710 4453 2762 4500 et
2787 4444 2919 4498 dixit
2943 4461 2956 4498 :
2982 4448 3179 4517 Regem
3198 4446 3555 4501 reueremini.
3587 4445 3714 4500 Noli
3735 4446 3824 4501 di-

523 4549 590 4591 eo
618 4541 858 4605 recepto,
887 4533 956 4588 de
985 4532 1372 4590 ecclesiasticis
1403 4531 1764 4599 facultatibus,
1801 4532 1939 4588 sicut
1979 4549 2122 4604 prte-

527 4623 657 4696 cipit
683 4631 736 4678 et
773 4623 1016 4694 quandiu
1062 4622 1324 4694 praecipit,
1357 4621 1436 4677 illi
1465 4630 1518 4677 et
1561 4621 1664 4677 sibi
1695 4621 2123 4693 obsequentibus

530 4711 732 4778 servio,
763 4720 819 4768 ut
865 4712 1064 4784 quiete,
1126 4712 1424 4769 secundum
1480 4711 1627 4784 quod
1675 4711 1840 4766 instat
1883 4719 2118 4782 tempus,

530 4815 654 4858 cum
683 4800 815 4857 mihi
834 4801 1142 4858 commissis
1157 4802 1361 4874 degere
1390 4801 1617 4874 possim.
1649 4800 1792 4858 Dicit
1814 4799 1958 4856 enim
1986 4801 2124 4856 hanc

529 4897 856 4964 potestatem
911 4905 1040 4946 suos
1095 4891 1418 4948 decessores
1465 4890 1744 4958 habuisse,
1787 4906 1949 4962 quam
2005 4890 2123 4962 ipse

525 4979 726 5037 nullius
752 4978 1132 5038 interdictione
1151 4979 1406 5037 dimittet.

605 5069 740 5140 Quae
770 5069 956 5126 omnia
989 5085 1152 5142 supra
1181 5078 1234 5126 et
1268 5069 1408 5126 infra
1437 5069 1598 5136 dicta,
1641 5068 1779 5124 sicut
1804 5085 1913 5124 non
1941 5069 2010 5125 ad
2031 5085 2121 5126 ac-

531 5158 850 5226 cusandum,
911 5157 991 5216 sic
1047 5174 1151 5216 nec
1178 5159 1250 5216 ad
1278 5159 1646 5216 excusandum
1675 5157 1733 5212 in
1769 5159 2121 5216 advocatione

528 5247 738 5322 prafati
765 5235 914 5322 regis
943 5249 1208 5320 deprome
1233 5266 1246 5304 :
1279 5256 1491 5306 aetatem
1520 5247 1665 5304 enim
1695 5247 1874 5315 habet,
1906 5249 2023 5320 ipse
2053 5249 2121 5306 de

527 5355 589 5395 se
615 5337 882 5410 loquatur,
914 5354 1094 5411 neque
1137 5339 1205 5393 ad
1250 5337 1615 5394 resistendum
1658 5345 1850 5394 vestrae
1889 5339 2121 5394 auctori-

527 5426 638 5494 tati,
669 5443 853 5500 neque
902 5428 973 5483 ad
1007 5427 1488 5484 contradicendum
1520 5435 1716 5484 vestrae
1745 5428 2118 5500 praeceptioni,

530 5516 627 5574 sed
655 5516 1048 5581 consulendum
1078 5517 1314 5591 qualiter
1339 5533 1441 5573 nos
1471 5516 1731 5590 episcopi,
1767 5526 1821 5574 et
1850 5534 1954 5590 ego
1983 5533 2122 5590 prae-

2225 4531 2351 4589 cere
2383 4552 2397 4588 :
2431 4532 2574 4602 Quid
2596 4533 2726 4588 mihi
2761 4541 2813 4588 et
2851 4533 3016 4604 regi?
3054 4534 3168 4590 noli
3207 4534 3390 4590 dicere
3435 4534 3820 4606 possessiones

2224 4629 2366 4688 tuas,
2399 4623 2490 4694 qui
2520 4631 2573 4678 et
2603 4623 2719 4694 ipsa
2765 4623 3004 4678 humana
3055 4623 3181 4692 jura
3234 4623 3573 4689 renuntiasti,
3617 4624 3820 4696 quibus

2221 4710 2573 4782 possidentur
2617 4711 3014 4783 possessiones.
3044 4735 3064 4759 ιι
3099 4712 3168 4767 Ει
3224 4711 3270 4766 si
3317 4727 3417 4783 per
3460 4713 3586 4781 jura
3619 4729 3821 4784 regum

2222 4799 2578 4872 possidebunt
2615 4799 3014 4872 possessiones,
3065 4817 3175 4856 non
3215 4808 3444 4872 possunt
3487 4809 3546 4856 ut
3585 4801 3705 4874 regi
3747 4803 3820 4858 de

2218 4889 2608 4946 ecclesiasticis
2653 4889 3094 4960 possessionibus
3144 4891 3467 4964 obsequium
3500 4906 3611 4946 non
3653 4891 3819 4947 exhi-

2221 4979 2404 5050 beant,
2466 4981 2602 5034 sicut
2652 4986 3032 5037 antecessores
3067 4981 3176 5037 mei
3223 4980 3335 5035 suis
3376 4979 3822 5036 antecessoribus

2222 5069 2606 5126 exhibuerunt.

2289 5157 2656 5230 Quapropter,
2701 5157 2901 5215 domne
2930 5167 3088 5231 pater
3116 5158 3576 5231 reverentissime,
3609 5173 3820 5216 consu-

2219 5247 2310 5303 lite
2341 5247 2639 5304 secundum
2685 5248 3030 5320 privilegium
3060 5249 3208 5304 sedis
3255 5256 3452 5305 vestrae
3489 5248 3820 5318 subjectioni

2222 5344 2440 5404 nostrae,
2491 5353 2559 5393 ne
2632 5337 2757 5394 talia
2811 5339 2969 5393 nobis
3035 5339 3406 5410 cujuscunque
3459 5338 3817 5411 suggestione

2219 5426 2510 5494 mandetis,
2559 5428 2704 5483 unde
2757 5428 2900 5484 inter
2939 5427 3304 5498 episcopalem
3341 5427 3720 5484 auctoritatem
3759 5437 3817 5483 et

2220 5515 2460 5588 regalem
2486 5525 2828 5589 potestatem,
2860 5516 3002 5572 inter
3024 5516 3329 5575 Ecclesiam
3349 5525 3401 5574 et
3421 5516 3819 5589 rempublicam
