4072 6290
237 253 335 305 185

1625 244 2002 303 EPISTOLE.

3435 259 3536 310 186

237 382 443 430 tantum
476 373 798 430 scandalum
845 374 1020 446 possit
1057 374 1205 441 oriri,
1249 375 1394 446 quod
1435 375 1592 431 facile
1622 391 1688 430 ac
1724 374 1840 437 sine
1861 373 1919 434 A
1948 374 2088 430 sicut
2119 376 2302 432 multis
2332 385 2415 433 est
2445 385 2654 446 notum,
2689 379 2757 433 ab
2779 395 2844 435 eo
2871 380 3106 450 plurima
3144 380 3362 450 suffero,
3393 389 3447 437 et
3470 380 3542 436 ti-

237 464 528 536 dispendio
558 464 860 536 religionis,
893 465 979 519 vel
1009 465 1329 521 detrimento
1353 465 1851 520 ecclesiasticarum
1953 480 2076 521 meo
2105 482 2174 522 ne
2204 466 2259 520 in
2306 467 2595 538 Scripturae
2627 469 2918 524 sententias
2946 469 3148 525 incidat
3177 468 3373 541 quibus
3402 470 3541 525 dici-

239 553 601 619 rerum,unde
622 554 769 610 servi
800 561 852 609 et
881 553 1090 609 ancillae
1121 554 1221 609 Dei
1250 555 1485 609 debeant
1533 555 1744 621 nutriri,
1799 564 1853 611 et

238 643 610 699 ecclesiastica
642 643 861 716 negotia
891 643 1179 709 contineri,
1213 652 1404 714 postea
1436 659 1546 699 non
1559 643 1734 714 possit
1761 659 1848 698 se-

237 733 370 800 dari,
406 732 536 804 quia
573 733 714 787 sicut
743 733 1013 787 Abraham
1054 732 1185 787 dixit
1215 733 1284 786 ad
1315 733 1604 788 Dominum
1642 751 1654 786 :
1688 734 1846 788 Absit

240 823 334 878 hoc
355 839 391 877 a
425 825 500 887 te,
531 823 836 884 aDomine,
871 838 986 878 non
1018 825 1104 878 est
1135 823 1234 877 hoc
1270 826 1448 888 tuum,
1484 823 1580 894 qui
1615 823 1843 893 judicas

239 927 461 967 omnem
492 913 710 965 terram
730 911 748 980 (
759 911 891 966 Gen.
915 924 1077 975 xvm,
1101 912 1213 979 25).
1238 912 1305 965 Et
1324 912 1462 965 lianc
1477 926 1613 965 meas
1632 911 1844 979 subjec-

238 999 396 1054 tionis
417 998 778 1054 humillimam
801 999 1210 1071 suggestionem
1239 1015 1301 1054 ea
1315 999 1647 1070 benignitate
1661 999 1840 1054 susci-

239 1089 362 1158 pite,
397 1103 509 1158 qua
547 1087 758 1158 primus
806 1087 1178 1157 apostolorum
1227 1104 1334 1142 non
1393 1088 1570 1144 solum
1613 1088 1839 1143 minoris

238 1177 318 1231 sui
354 1176 593 1246 apostoli
622 1176 1064 1248 redargutionem
1094 1193 1196 1247 pro
1218 1177 1559 1232 simulatione
1576 1178 1832 1248 suscepit,

240 1281 420 1320 verum
453 1273 506 1320 et
536 1265 807 1320 minorum
830 1281 1045 1320 suorum
1079 1266 1453 1337 quaestionem,
1487 1282 1584 1322 cur
1612 1267 1681 1320 ad
1697 1282 1837 1337 prae-

238 1355 474 1426 putiatos
517 1353 825 1420 intraverit,
895 1353 1212 1411 satisfacere
1263 1371 1328 1410 ac
1393 1355 1562 1410 lenire
1606 1354 1831 1410 curavit.

238 1443 538 1513 Epistolam
567 1451 746 1498 autem
775 1443 1108 1515 generaliter
1135 1443 1405 1514 episcopis
1449 1443 1610 1515 regni
1651 1444 1836 1498 domni

238 1533 404 1587 nostri
435 1531 619 1587 Caroli
645 1548 678 1586 a
698 1532 853 1588 vobis
883 1532 1148 1588 directam
1177 1533 1495 1604 quantocius
1542 1533 1692 1604 potui
1720 1549 1835 1588 me-

235 1621 579 1692 tropolitanis
600 1620 760 1692 regni
789 1620 872 1675 sui
901 1621 1094 1690 direxi,
1117 1630 1173 1675 ut
1201 1630 1254 1676 et
1283 1621 1386 1693 ipsi
1413 1638 1513 1692 per
1541 1637 1670 1676 suos
1702 1637 1832 1677 coe-

1952 563 2070 609 tur:
2102 557 2207 624 Qui
2225 558 2434 612 mentis
2459 561 2543 612 est
2565 559 2721 612 dura:
2741 563 3004 613 corruet:
3035 561 3542 616 abominatioenim

1949 647 2180 701 Domino
2211 651 2294 701 est
2323 649 2508 702 omnis
2529 664 2800 718 arrogans
2822 649 3002 717 (Prov.
3047 663 3250 717 xxviii,
3288 652 3353 704 14
3380 668 3393 714 ;
3416 664 3536 717 xvr,

1948 734 2032 803 5);
2064 742 2152 789 et:
2189 735 2295 800 Qui
2324 752 2382 791 se
2411 737 2665 802 exultat,
2701 737 3100 792 humiliabitur
3133 736 3351 807 (Matth.
3371 751 3537 803 xxut,

1944 823 2055 893 22).
2097 824 2164 877 Et
2207 823 2346 880 sicut
2399 824 2491 878 illa
2521 825 2590 880 de
2619 825 2814 896 quibus
2843 825 2981 880 mihi
3008 841 3110 896 pro
3141 841 3206 880 eo
3247 825 3542 895 scripsistis

1943 912 2283 968 mendaciter
2313 912 2457 968 dicta
2489 921 2630 980 sunt,
2664 913 2826 970 etiam
2857 914 3052 984 aliquis
3082 914 3238 977 vobis
3269 914 3545 984 suggessit

1943 1001 2087 1072 quod
2101 1018 2225 1056 eum
2256 1002 2340 1057 ire
2372 1004 2602 1058 Romam
2628 1003 3026 1074 prohibuerim,
3045 1002 3132 1059 vel
3163 1003 3540 1068 dissuaserim,

1939 1091 2282 1146 mendacium
2315 1092 2471 1147 vobis
2517 1092 2868 1147 nihilominus
2908 1092 3062 1161 dixit,
3106 1092 3245 1147 sicut
3281 1100 3333 1146 et
3360 1092 3544 1162 plures

1936 1179 1992 1234 in
2022 1179 2141 1234 istis
2162 1181 2478 1250 regionibus
2522 1181 2713 1244 sciunt,
2757 1189 2809 1236 et
2861 1181 3078 1252 scriptis
3121 1182 3192 1236 ad
3239 1197 3362 1236 eum
3394 1196 3541 1252 sape

1938 1268 2162 1324 directis
2190 1285 2411 1340 possum
2444 1269 2750 1325 ostendere.

2008 1359 2087 1412 De
2118 1373 2183 1412 eo
2215 1359 2361 1429 quod
2408 1359 2688 1428 pusillitati
2738 1374 2875 1414 meae
2904 1368 3084 1414 vestra
3113 1359 3398 1431 rescripsit
3444 1377 3538 1416 su-

1936 1445 2191 1512 blimitas,
2223 1456 2276 1501 ut
2309 1448 2560 1503 eumdem
2591 1448 2967 1513 Hincmarum,
3007 1456 3060 1502 et
3091 1448 3228 1504 alios
3257 1457 3372 1504 tres
3419 1450 3538 1520 epi-

1937 1550 2133 1606 scopos
2145 1537 2385 1592 omnium
2402 1538 2784 1608 episcoporum
2805 1537 3157 1610 regnidomni
3171 1538 3350 1592 Caroli
3362 1538 3539 1594 vicem

1933 1623 2172 1680 ferentes
2197 1626 2264 1679 ad
2304 1627 2571 1697 synodum
2605 1628 2833 1682 Romam
2861 1627 3153 1695 mitterem,
3186 1635 3371 1681 vestra
3403 1627 3540 1682 sciat

235 1710 492 1783 piscOpos
521 1709 674 1764 illam
705 1709 1082 1775 transmittant,
1115 1718 1378 1782 quatenus
1411 1710 1644 1766 scientes
1686 1726 1833 1780 pras—
1870 1715 2246 1798 Bauctorilas,
2301 1715 2428 1785 quia
2483 1730 2586 1770 nec
2639 1715 2956 1785 praedictum
3012 1716 3378 1780 Ilincmarum,
3437 1731 3540 1770 nec

236 1799 542 1870 captionem
569 1806 828 1868 vestram,
863 1798 1009 1870 quod
1032 1799 1268 1867 jubeatis
1311 1799 1535 1870 exsequi
1566 1799 1837 1854 studeant.

236 1889 431 1943 Vestra
462 1887 702 1959 denique
730 1888 1022 1943 auctoritas
1042 1888 1192 1942 misit
1210 1889 1342 1942 mihi
1380 1889 1656 1959 praeterito
1699 1904 1841 1944 anno

235 1977 544 2048 epistolam,
571 1993 670 2046 per
705 1977 936 2032 missum
965 1977 1277 2047 coepiscopi
1325 1978 1491 2031 nostri
1539 1977 1837 2044 Hincmari,

232 2066 638 2137 praecipientem
667 2073 726 2120 ut
765 2065 877 2120 oris
923 2065 1031 2120 mei
1086 2064 1264 2121 ofﬁcio
1296 2067 1714 2132 Nortmannum,
1748 2067 1842 2137 qui

234 2170 320 2210 res
347 2155 622 2210 Ecclesiae
652 2154 1026 2208 Laudunensis
1073 2154 1362 2220 invaserat,
1397 2155 1838 2210 excommunica-

231 2259 370 2299 rem.
412 2243 525 2298 Sed
556 2242 673 2314 ipse
719 2243 1113 2313 Nortmannus,
1159 2243 1297 2298 sicut
1343 2243 1689 2298 manifestum
1733 2251 1836 2310 est,

234 2332 412 2388 multis
443 2332 499 2386 in
524 2332 646 2386 istis
677 2331 1015 2402 regionibus,
1036 2331 1092 2386 in
1121 2332 1320 2403 quibus
1349 2333 1503 2403 leges
1521 2341 1575 2387 et
1603 2348 1840 2389 canones

235 2430 450 2477 exortas
488 2435 687 2477 causas
744 2420 940 2493 agitari
999 2428 1050 2475 et
1108 2420 1321 2475 definiri
1379 2421 1717 2491 praecipiunt,
1751 2438 1838 2476 res

233 2510 400 2582 ipsius
430 2509 698 2565 Ecclesiae
724 2525 836 2565 non
854 2509 1070 2575 invasit,
1097 2525 1161 2566 ex
1193 2510 1388 2581 quibus
1409 2511 1673 2582 quasdam
1692 2510 1837 2565 idem

233 2601 558 2656 Hincmarus
603 2599 895 2670 episcopus
917 2599 1118 2654 domno
1161 2599 1281 2669 regi
1311 2600 1529 2668 Carolo,
1565 2599 1684 2654 sine
1715 2616 1836 2655 meo

232 2697 283 2745 et
309 2688 770 2760 coepiscoporum
798 2703 861 2743 ac
906 2687 1398 2742 comministrorum
1448 2705 1669 2743 suorum
1698 2705 1834 2743 con-

232 2794 394 2834 sensu
423 2776 721 2847 concessit,
750 2784 807 2830 ut
827 2792 922 2831 eas
942 2777 1281 2832 Nortmanno
1298 2776 1662 2846 beneﬁciaret,
1697 2778 1837 2833 sicut

235 2866 450 2936 plurimi
513 2865 712 2935 sciunt,
770 2872 822 2920 et
875 2865 930 2919 in
963 2865 1182 2936 scriptis
1212 2866 1327 2920 suis
1372 2867 1573 2921 domno
1597 2865 1737 2939 regi,
1781 2874 1834 2921 et

232 2956 360 3010 mihi
419 2955 647 3010 directis
703 2953 919 3009 fatetur.
980 2953 1128 3022 Quas
1185 2955 1456 3026 siquidem
1511 2972 1603 3011 res
1659 2971 1834 3026 nuper

231 3046 463 3101 domnus
493 3060 590 3098 rex
620 3043 882 3098 Ecclesiae
903 3044 1252 3098 Laudunensi
1281 3045 1532 3113 restituit,
1566 3045 1832 3115 quasdam

234 3134 388 3189 etiam
428 3149 521 3188 res
556 3132 850 3203 praedictus
899 3132 1190 3202 episcopus
1221 3131 1332 3187 {ilio
1361 3133 1683 3187 Nortmanni
1728 3133 1830 3188 sibi

231 3223 648 3278 commnendato
677 3221 735 3275 in
766 3219 1088 3276 beneficium
1118 3221 1287 3287 dedit,
1321 3237 1454 3292 quas
1477 3223 1544 3276 ab
1573 3238 1638 3276 eo
1670 3238 1828 3277 rece-

232 3321 348 3384 ptas
377 3320 550 3368 tenet.

297 3404 576 3458 Praeterea
616 3401 663 3455 si
697 3408 894 3456 vestrm
923 3400 1224 3471 complacet
1253 3400 1568 3466 auctoritati,
1613 3401 1829 3472 quando

231 3491 353 3546 talia
382 3499 437 3546 et
456 3490 772 3560 hujusmodi
792 3490 862 3544 ad
899 3505 998 3545 vos
1027 3489 1268 3555 veniunt,
1302 3497 1355 3544 et
1382 3489 1509 3544 inde
1529 3491 1829 3561 praecipere

229 3580 596 3652 postulamini,
630 3579 959 3649 interponite
980 3579 1026 3632 si
1052 3578 1122 3632 ita
1153 3587 1236 3633 est
1278 3587 1338 3632 ut
1379 3579 1534 3634 vobis
1578 3579 1826 3650 innotuit,

232 3679 495 3741 quatenus
527 3669 711 3723 sanius
757 3675 937 3724 vestra
960 3667 1136 3736 jussio
1173 3668 1316 3736 juste
1343 3677 1393 3723 et
1432 3667 1832 3723 rationabiliter

228 3759 522 3829 ponderata
552 3757 733 3813 valeat
763 3756 1005 3827 exsequi.
1040 3758 1106 3810 Et
1137 3757 1583 3827 metropolitanus
1615 3758 1825 3828 qualis-

232 3863 462 3920 cunque,
506 3846 598 3919 qui
630 3846 932 3902 secundum
963 3862 1148 3901 sacros
1179 3861 1416 3901 canones
1445 3847 1829 3901 excommuni-

233 3937 469 3992 cationes
517 3936 810 3991 intentatas
843 3951 874 3989 a
905 3935 1227 4005 provinciali
1277 3936 1553 4006 episcopo,
1601 3935 1646 3989 si
1705 3935 1830 3989 inde

234 4028 296 4081 ad
325 4042 413 4082 me
443 4025 656 4080 venerit
683 4025 1050 4096 proclamatio,
1095 4025 1269 4079 debeo
1311 4033 1630 4091 retractare,
1662 4025 1708 4080 si
1730 4041 1829 4080 ve—

233 4124 336 4169 stro
365 4115 614 4187 benigno
648 4115 801 4168 sedet
822 4114 1023 4179 animo,
1058 4114 1114 4167 in
1143 4114 1465 4185 obsequium
1494 4113 1638 4168 illius
1669 4129 1830 4184 paro-

233 4205 477 4260 chianum
526 4220 682 4258 suum
727 4203 907 4271 juberi
949 4219 1057 4257 non
1086 4204 1262 4258 debeo
1319 4204 1820 4259 excommunicare.

232 4294 468 4349 Alteram
498 4293 767 4364 siquidem
796 4292 927 4346 mihi
955 4309 1056 4362 pro
1087 4293 1309 4364 negotio
1349 4292 1519 4362 ipsius
1551 4293 1829 4347 Hincmari

233 4382 503 4438 direxistis
555 4381 841 4453 epistolam
892 4382 1174 4436 dicentes:
1214 4404 1234 4431 (ι
1272 4382 1520 4436 Miranda
1553 4390 1635 4436 est
1667 4381 1829 4452 plane

232 4481 405 4527 vestra
436 4470 763 4541 fraternitas,
799 4486 967 4541 quare
1007 4469 1306 4526 ministerio
1331 4471 1466 4539 juris
1498 4471 1825 4541 episcopalis
1854 4464 1904 4524 D

229 4560 279 4613 in
306 4529 632 4640 regionibuls
688 4559 795 4613 illis
842 4560 1112 4614 abutitur:
1145 4570 1195 4614 et
1252 4560 1544 4614 multorum
1590 4559 1824 4616 charitas

231 4651 532 4704 abundante
565 4648 808 4720 nequitia
846 4647 1206 4721 refrigescere
1237 4649 1458 4703 dicitur.
1501 4650 1826 4706 Hincmarus

231 4754 462 4810 namque
479 4753 654 4808 nepos
676 4745 727 4792 et
745 4738 1054 4808 aequivocus
1075 4746 1194 4792 tuus
1215 4738 1544 4794 venerabilis
1567 4739 1826 4792 duntaxat

229 4829 538 4899 episcopus,
577 4827 716 4882 sicut
744 4826 1069 4896 audivimus,
1103 4843 1211 4881 non
1242 4828 1461 4882 minima
1493 4827 1546 4882 in
1577 4845 1675 4882 sua
1715 4829 1824 4882 Ec-

231 4917 387 4972 clesia
409 4917 644 4972 sustinet
672 4917 1014 4982 detrimenta,
1049 4918 1148 4971 sed
1177 4917 1349 4985 vobis,
1384 4927 1442 4971 ut
1471 4917 1546 4972 ita
1575 4917 1820 4982 dixerim,

229 5007 650 5077 tepescentibus,
702 5005 909 5060 nullam
964 5005 1394 5061 consolationem
1451 5007 1621 5076 potuit
1667 5007 1823 5062 inve—

230 5096 360 5150 nire.
405 5117 427 5148 ι
465 5095 626 5151 Unde
675 5094 953 5149 humiliter
1000 5095 1301 5150 auctoritati
1345 5105 1538 5151 vestrae
1580 5096 1826 5151 rescribo

196 5186 198 5189 ’
231 5186 517 5256 quomodo,
556 5191 613 5238 ut
634 5183 897 5254 scriptum
929 5192 1026 5252 est,
1063 5184 1200 5240 sicut
1223 5186 1384 5240 audio
1410 5185 1612 5253 judico,
1648 5194 1699 5239 et
1730 5201 1826 5240 vos

232 5273 356 5328 sicut
407 5273 640 5329 audistis
698 5273 1023 5343 scripsistis;
1080 5275 1177 5328 sed
1235 5274 1325 5345 qui
1382 5283 1572 5329 vestra:
1629 5275 1826 5330 sancti-

232 5364 317 5417 tati
373 5365 494 5418 hec
523 5362 707 5417 verbis
763 5363 851 5418 vel
905 5363 1098 5418 litteris
1147 5363 1427 5428 intimavit,
1488 5364 1826 5419 mendacium

237 5452 379 5506 vobis
410 5452 570 5506 dixit.
605 5451 903 5506 Plurimum
933 5452 1078 5507 enim
1109 5469 1205 5523 pro
1237 5468 1300 5507 eo
1332 5459 1383 5505 et
1401 5453 1542 5521 apud
1565 5469 1754 5524 regem
1776 5462 1826 5508 et

235 5541 365 5611 apud
397 5541 536 5597 alios
582 5541 844 5610 laboravi,
880 5542 976 5596 sed
1034 5549 1085 5598 et
1113 5557 1142 5595 a
1172 5540 1602 5612 praecedentibus
1647 5542 1822 5607 annis,

1945 1803 2105 1858 etiam
2135 1804 2428 1874 quemlibet
2449 1805 2832 1874 episcoporum
2854 1805 3157 1861 dioeceseos
3185 1805 3536 1870 Rhemorum,

1942 1891 2164 1947 minime
2194 1900 2371 1947 autem
2409 1892 2638 1948 aliarum
2667 1893 3069 1964 provinciarum
3098 1893 3403 1964 episcopos,
3435 1892 3541 1947 nisi

1942 1974 2176 2036 domnus
2195 1997 2291 2035 rex
2323 1982 2430 2036 illis
2458 1982 2801 2052 praeceperit,
2837 1983 3083 2047 Romam,
3108 1982 3196 2038 vel
3217 1982 3272 2036 in
3299 1981 3538 2053 aliquam

1941 2077 2166 2140 partem,
2202 2086 2323 2126 mea
2365 2070 2834 2126 commendatione
2880 2071 3128 2126 mittendi
3174 2071 3354 2125 habeo
3385 2079 3540 2141 pote-

1943 2165 2157 2224 statem,
2191 2175 2293 2214 nec
2323 2159 2442 2230 ipso
2474 2176 2578 2232 ego
2610 2160 2751 2214 ultra
2780 2159 2916 2214 fines
2949 2160 3030 2214 sui
3052 2161 3210 2232 regni
3241 2160 3449 2231 absque
3477 2158 3543 2212 il-

1941 2247 2045 2301 lius
2105 2247 2331 2303 scientia
2389 2249 2652 2321 progredi
2707 2249 2882 2314 valeo,
2929 2249 3068 2304 sicut
3111 2249 3293 2302 missis
3348 2255 3542 2304 vestrae

1940 2336 2239 2391 sanctitatis
2271 2353 2455 2393 coram
2486 2338 2678 2393 Odone
2709 2337 3010 2392 venerabili
3041 2337 3319 2408 episcOpo,
3351 2345 3403 2391 et
3423 2338 3539 2390 An-

1902 2458 1908 2464 -
1940 2425 2123 2496 segiso
2155 2426 2413 2498 religioso
2440 2428 2756 2498 presbytero
2792 2435 2844 2481 et
2865 2428 3077 2492 abbate,
3113 2427 3308 2497 quibus
3337 2434 3540 2481 nostra:

1939 2529 2114 2568 causae
2143 2523 2265 2569 sunt
2299 2515 2550 2585 cognitae,
2598 2515 2727 2569 dixi.
2778 2515 3078 2585 Epistolam
3126 2531 3363 2586 quoque,
3397 2515 3537 2569 sicut

1937 2602 2069 2656 mihi
2118 2604 2436 2674 scripsistis,
2482 2605 2684 2658 domno
2715 2612 2904 2659 nostro
2936 2604 3057 2676 regi
3096 2603 3290 2658 Carolo
3319 2620 3353 2658 a
3382 2603 3538 2658 vobis

1937 2687 2219 2754 directam,
2254 2695 2305 2743 et
2334 2705 2470 2743 ame
2498 2689 2734 2744 dandam
2751 2704 2848 2759 pro
2870 2688 3185 2753 Hincmaro,
3212 2706 3335 2759 qua:
3363 2698 3420 2744 ut
3446 2706 3540 2745 co-

1936 2793 2052 2831 ram
2081 2776 2174 2832 illo
2205 2777 2562 2850 relegeretur,
2598 2786 2650 2832 et
2695 2779 2838 2850 quod
2868 2777 2924 2831 in
2953 2793 3019 2833 ea
3045 2777 3312 2848 petebatis
3341 2779 3537 2849 imple-

1935 2875 2017 2922 ret
2051 2883 2138 2921 me
2176 2867 2378 2921 instare
2402 2867 2660 2935 jussistis,
2701 2867 2870 2922 frater
2902 2867 3229 2922 Hincmarus
3261 2866 3396 2921 mihi
3430 2883 3540 2922 non

1936 2955 2103 3024 dedit,
2127 2972 2229 3011 nec
2259 2956 2419 3010 etiam
2457 2956 2630 3022 misit,
2667 2957 2763 3010 sed
2794 2955 2948 3025 sicut,
2987 2955 3184 3022 audivi,
3225 2973 3256 3009 a
3289 2956 3538 3027 Remigio

1936 3052 1987 3099 et
2044 3046 2316 3100 Harduiro
2375 3046 2802 3116 archiepiscopis
2849 3045 3076 3099 aliarum
3130 3046 3539 3115 provinciarum

1933 3150 2054 3190 eam
2086 3134 2207 3206 regi
2227 3134 2344 3188 dari
2370 3134 2620 3188 obtinuit.
2647 3135 2793 3188 Deus
2821 3133 3166 3203 omnipotens
3198 3134 3537 3188 sanctitatem

1933 3231 2187 3290 vestram,
2221 3223 2290 3276 ad
2322 3223 2586 3277 honorem
2617 3229 2818 3276 sanctae
2848 3221 3016 3290 sedis,
3052 3230 3105 3276 et
3136 3222 3536 3278 correctionem

1931 3319 2136 3367 sancta)
2165 3328 2278 3366 suae
2305 3311 2587 3377 Ecclesia,
2612 3311 2667 3365 in
2700 3326 2798 3366 suo
2836 3319 2961 3381 apto
2985 3310 3203 3366 servitio
3229 3326 3328 3381 per
3355 3327 3533 3366 anno-

1931 3417 2052 3456 rum
2095 3400 2267 3455 multa
2307 3400 2578 3456 curricula
2623 3415 2950 3455 conservare
2988 3399 3266 3470 dignetur,
3309 3401 3528 3455 domine

1931 3490 2274 3546 sanctissime
2305 3498 2358 3545 et
2405 3489 2844 3545 reverentissime
2889 3490 3110 3544 Patrum
3145 3489 3304 3544 Pater
3331 3489 3389 3543 in
3419 3491 3534 3545 Do-
3623 3528 3629 3532 ς

1930 3579 2098 3634 mino.

2416 3693 2756 3749 EPISTOLA
2781 3693 3031 3748 XXVIII.

2411 3824 2482 3864 AD
2522 3824 2814 3864 ADRIANUM
2851 3824 3054 3865 PAPAM.

2315 3928 2498 3982 Caroli
2532 3928 2686 3982 Calvi
2722 3927 2866 3998 regis
2896 3927 3146 3983 nomine.

1931 4035 2090 4106 (Vide
2118 4035 2258 4091 inter
2303 4034 2559 4106 epistolas
2591 4034 2768 4089 Caroli
2801 4033 2973 4099 Calvi,
3006 4033 3346 4107 Patrologiae,
3381 4041 3516 4089 tom.

2440 4149 2684 4215 CXXIV,
2731 4148 2837 4204 col.
2873 4151 3021 4219 881.)

2420 4276 2762 4332 EPISTULA
2819 4277 3027 4332 XXIX.

2176 4409 2246 4447 AD
2280 4408 2606 4450 ADV'ENTIUM
2635 4409 2943 4450 EPISCOPUM
2973 4409 3293 4451 METENSEM.

1931 4506 2042 4573 Quo
2065 4506 2299 4562 debeant
2320 4507 2514 4562 ordine
2529 4509 2852 4563 consecrari
2865 4510 3338 4580 metropolitanus
3359 4513 3524 4581 atque

2376 4596 2723 4653 diwcesanus
2755 4599 3060 4669 episcopus.

2010 4711 2168 4766 (Apud
2191 4711 2457 4761 Sirmond..
2481 4722 2541 4757 ex
2570 4711 2742 4757 codice
2765 4713 2812 4758 S.
2836 4709 3090 4756 Laurentii
3114 4710 3436 4768 Leodiensis.)

1998 4819 2342 4883 Hlxcmnus,
2377 4820 2709 4874 Rhemorum
2732 4817 3038 4887 episcopus,
3065 4817 3266 4873 domno
3296 4821 3523 4876 ADVEN-

1926 4923 2018 4962 TIO
2048 4908 2285 4979 glorioso
2314 4908 2556 4979 pontitici
2587 4908 2837 4962 salutem.

1999 5008 2148 5063 Sicut
2178 5007 2436 5076 jussistis,
2494 5007 2647 5060 mitto
2702 5005 2858 5060 vobis
2905 5009 3378 5064 consecrationem
3409 5010 3524 5082 epi-

1929 5097 2098 5167 scopi,
2132 5105 2182 5151 et
2200 5097 2478 5166 exemplar
2498 5094 2724 5163 decreti,
2751 5097 2897 5166 quod
2917 5097 2973 5152 in
2995 5099 3173 5168 ampla
3190 5115 3525 5170 pergamena

1928 5187 2090 5242 debet
2127 5186 2308 5253 scribi,
2360 5194 2414 5238 ut
2458 5182 2891 5241 confirmationes
2948 5187 3080 5243 cleri
3124 5196 3175 5242 et
3218 5187 3523 5259 legatorum

1929 5277 2260 5345 singulorum
2291 5272 2768 5340 monasteriorum,
2799 5284 2852 5330 et
2881 5277 3175 5346 primorum
3233 5277 3522 5347 presbyte-

1928 5381 2107 5418 rorum
2147 5362 2421 5432 parochize
2466 5378 2531 5417 ac
2560 5363 2753 5433 plebis,
2811 5366 2882 5418 ibi
2922 5366 3134 5420 valeant
3167 5366 3327 5421 scribi
3359 5383 3372 5418 :
3410 5367 3528 5421 etsi

1927 5453 2100 5507 isdem
2126 5452 2329 5506 electus
2367 5451 2424 5506 in
2446 5452 2679 5507 diaconii
2707 5455 2884 5525 gradu
2914 5455 3090 5510 adhuc
3119 5462 3218 5516 est,
3260 5454 3520 5510 canonico

1927 5549 2172 5612 tempore
2221 5540 2385 5596 debet
2441 5543 2732 5615 presbyter
2771 5543 3028 5599 ordinari.
3068 5544 3305 5600 Sabbato
3343 5551 3519 5598 autem
