4072 6306
506 233 613 288 18⁸7
1475 229 1821 288 HINCMARI
1871 227 2279 288 RHEMENSIS
2331 231 2891 290 ARCHIEPISCOPI.
3694 241 3808 293 188

497 356 843 428 praecedente
858 355 1219 424 Dominicam,
1250 355 1470 430 quando
1500 356 1704 414 electus
1722 364 1807 412 est
1827 356 2091 414 ordinan-
2119 357 2176 420 A
2199 359 2433 416 Domino
2446 361 2554 416 Deo
2581 363 2794 417 nostra.
2809 361 2878 416 Et
2896 360 3261 432 respondente
3281 362 3450 418 choro
3467 361 3537 418 ad
3555 362 3802 436 singula,

503 446 625 516 dus,
658 446 951 504 convenire
966 447 1170 502 debent
1187 445 1431 518 episcopi
1459 445 1764 502 dioeceseos
1795 447 1866 502 ad
1889 446 2100 518 princi-
2200 446 2422 518 incipiat
2449 449 2916 505 consecrationem
2944 451 3214 506 cantando
3250 467 3264 504 :
3305 452 3447 507 Vere
3483 451 3722 524 dignum
3743 455 3806 507 et

502 538 685 606 palem
713 536 1004 592 ecclesiam
1031 535 1366 606 metrOpolis,
1397 543 1453 590 et
1497 535 1716 606 publice
1763 551 1948 592 coram
1977 551 2100 591 om-
2189 539 2414 608 justam
2443 542 2547 605 est,
2581 554 2754 610 usque
2792 538 2864 594 ad
2908 543 3120 596 aeterne
3142 541 3324 607 Deus;
3378 548 3430 595 et
3472 547 3620 608 tunc,
3657 540 3803 597 sicut

501 623 662 680 nibus
689 625 852 680 debet
879 625 1100 681 recitari
1128 625 1426 692 decretum,
1446 631 1500 680 et
1524 624 1868 695 interrogare
1899 625 2101 679 debent

503 699 782 784 episcopi,
802 713 850 768 si
891 714 1134 770 omnium
1190 721 1335 782 vota,
1371 713 1510 769 sicut
1549 713 1627 767 ibi
1669 713 1994 782 continetur,
2045 712 2102 766 in

503 803 755 858 eumdem
784 803 1020 858 electum
1050 803 1400 859 concordent.
1434 804 1500 857 Et
1528 809 1652 874 post
1681 801 2100 874 responsionem

502 884 738 958 illorum,
761 887 963 942 debent
991 887 1334 959 interrogare
1366 887 1626 958 episcopi,
1652 886 1697 941 si
1714 887 1813 942 has
1847 885 2094 954 virtutes,

503 990 626 1046 qua:
653 975 856 1031 ibidem
901 976 1261 1043 continentur,
1310 975 1532 1032 credunt
1562 975 1645 1031 vel
1668 975 1844 1031 sciunt
1891 991 2016 1031 esse
2043 976 2101 1030 in

505 1064 698 1120 eodem
719 1063 911 1120 electo.
946 1066 1013 1119 Et
1039 1073 1263 1135 accepta
1305 1064 1432 1120 inde
1469 1064 1846 1134 responsione,
1896 1063 2100 1120 debent

502 1151 836 1226 interrogare
880 1153 1144 1224 episcOpi,
1178 1153 1225 1207 si
1267 1153 1466 1224 aliquis
1510 1152 1585 1207 ibi
1628 1160 1730 1219 est,
1781 1153 1874 1225 qui
1907 1160 2100 1209 contra

503 1241 754 1296 eumdem
783 1241 1014 1298 electum
1045 1241 1251 1313 aliquid
1267 1242 1472 1308 dicere,
1506 1241 1592 1297 vel
1621 1241 1947 1298 ordinationi
1977 1242 2098 1313 epi-

503 1330 710 1400 scOpali
737 1329 1068 1386 contrarium
1097 1329 1174 1384 illi
1195 1330 1323 1386 velit
1343 1331 1604 1400 objicere,
1643 1339 1702 1385 ut
1733 1338 1888 1386 exeat
1917 1339 1970 1386 et
2007 1331 2097 1386 di-

501 1427 588 1474 cat
616 1435 826 1476 memor
843 1418 1240 1476 communionis
1275 1435 1405 1474 suae.
1441 1418 1599 1489 Quod
1630 1419 1677 1475 si
1704 1419 1902 1492 aliquis
1932 1419 2096 1492 quid-

501 1507 628 1563 dam
651 1507 732 1564 illi
748 1508 1026 1578 objecerit,
1059 1507 1272 1564 habetis
1302 1507 1358 1563 in
1387 1508 1687 1564 canonibus
1715 1509 1844 1582 quid
1873 1509 2000 1565 inde
2029 1509 2100 1564 sit

499 1595 802 1653 faciendum
855 1597 951 1653 Sin
991 1605 1174 1653 autem
1219 1613 1410 1654 omnes
1457 1599 1757 1654 concordes
1803 1597 2004 1654 fuerint
2041 1598 2096 1653 in

2199 625 2321 696 ipsa
2346 628 2684 683 consecratio
2713 627 3088 699 consequitur,
3106 637 3161 684 et
3189 644 3409 699 semper
3431 637 3651 686 teneant
3669 645 3800 686 ma-

2199 729 2303 770 nus
2322 715 2544 770 dextras
2579 715 2820 787 episcopi
2849 732 3013 788 super
3053 725 3215 788 caput
3261 717 3568 774 ordinandi.
3598 720 3667 774 Ut
3697 733 3808 774 au—

2201 811 2311 858 tem
2349 812 2569 860 ventum
2597 803 2760 860 fuerit
2798 805 2868 860 ad
2911 805 3034 862 loca
3079 806 3136 861 in
3192 805 3390 878 quibus
3437 813 3560 862 sunt
3602 822 3804 864 cruces

2199 893 2442 964 signatae,
2476 893 2704 966 accipiat
2733 903 3082 951 consecrator
3108 911 3209 951 vas
3237 895 3548 953 chrismatis
3575 896 3633 951 in
3665 895 3804 952 sini-

2201 989 2310 1036 stra
2335 997 2517 1052 manu,
2541 991 2736 1038 etcum
2775 983 2972 1039 dextro
3001 984 3217 1055 pollice,
3263 992 3486 1040 cantans
3529 1001 3652 1057 quae
3695 984 3806 1040 ibi-

2200 1070 2324 1126 dem
2353 1071 2716 1140 continentur,
2749 1089 2846 1144 per
2877 1073 3092 1146 singula
3131 1073 3250 1130 loca
3292 1073 3452 1130 faciat
3478 1089 3699 1130 crucem
3729 1075 3806 1130 de

2199 1158 2490 1216 chrismate
2523 1161 2579 1216 in
2598 1161 2856 1218 verticem
2887 1161 3266 1229 consecrandi,
3300 1171 3353 1218 et
3381 1161 3626 1234 perfecta
3657 1177 3808 1219 con-

2199 1249 2516 1316 secratione,
2553 1257 2602 1304 et
2623 1250 3079 1320 respondentibus
3106 1251 3360 1306 omnibus
3381 1252 3576 1316 Amen,
3596 1249 3805 1306 tollan-

2198 1343 2286 1392 tur
2315 1337 2382 1391 ab
2413 1337 2682 1409 episcopis
2713 1339 3014 1410 Evangelia
3054 1339 3124 1394 de
3151 1339 3294 1395 collo
3341 1339 3477 1409 ejus,
3527 1347 3580 1394 et
3625 1339 3807 1394 mittat

2199 1425 2459 1482 annulum
2489 1426 2544 1480 in
2579 1427 2819 1483 dexterae
2866 1443 3058 1482 manus
3088 1427 3262 1500 digito
3301 1428 3394 1500 qui
3423 1427 3684 1500 praecedit
3701 1427 3808 1482 mi-

2197 1513 2425 1580 nimum,
2456 1515 2646 1572 dicens
2674 1515 2742 1571 ad
2765 1515 2894 1587 quid
2923 1516 3001 1570 illi
3028 1517 3264 1571 annulus
3283 1517 3458 1572 datur.
3479 1517 3705 1588 Signum
3717 1524 3810 1572 est

2199 1604 2344 1658 enim
2382 1601 2529 1671 ﬁdei,
2569 1612 2624 1659 ut
2662 1604 3006 1660 audientibus
3052 1621 3112 1660 se
3160 1621 3228 1660 ex
3283 1605 3482 1662 divinis
3522 1606 3806 1677 mysteriis

499 1685 616 1755 ejus
637 1685 922 1756 electione,
958 1686 1262 1777 referendae
1290 1694 1416 1777 sunt
1445 1687 1516 1777 ab
1542 1687 1798 1777 omnibus
1826 1688 1944 1743 Deo
1972 1687 2097 1777 lau-
2123 1717 2178 1777 Β
2200 1692 2378 1764 signet
2407 1709 2528 1763 quae
2556 1701 2610 1748 et
2637 1693 2834 1765 quibus
2863 1692 3132 1766 signanda
3162 1701 3303 1762 sunt,
3337 1701 3392 1750 et
3426 1694 3636 1764 aperiat
3674 1711 3806 1766 quas

500 1775 620 1842 des,
652 1783 705 1830 et
733 1775 1128 1831 examinandus
1183 1783 1267 1831 est
1293 1775 1440 1830 idem
1471 1775 1676 1832 electus
1703 1775 1770 1830 ab
1799 1776 2094 1848 episcopis,

499 1865 802 1920 secundum
841 1865 1142 1938 capitulum
1199 1865 1644 1936 Carthaginensis
1692 1865 1936 1932 concilii,
1990 1881 2099 1938 quo

499 1952 876 2009 manifestatur
907 1953 1081 2024 qualis
1109 1953 1308 2008 debeat
1327 1953 1570 2009 ordinari
1599 1953 1905 2025 episcopus.
1937 1953 1996 2010 Si
2023 1955 2099 2009 ita

501 2041 707 2113 credat,
741 2050 794 2097 et
828 2041 1168 2112 simplicibus
1197 2042 1380 2098 verbis
1409 2043 1729 2099 catholicam
1761 2041 1922 2098 ﬁdem
1963 2059 2098 2115 pro-

499 2127 729 2197 ﬁteatur,
763 2129 901 2187 sicut
925 2130 1127 2186 ibidem
1157 2130 1423 2202 scriptum
1453 2131 1698 2198 habetur,
1736 2139 1788 2186 et
1819 2139 1946 2188 tunc
1973 2147 2098 2187 mo-

499 2219 714 2276 nendus
745 2228 829 2276 est
881 2219 1028 2275 idem
1076 2219 1300 2288 electus,
1347 2228 1406 2275 ut
1433 2219 1553 2292 ipsa
1581 2229 1761 2290 nocte,
1799 2221 2101 2277 secundum

499 2308 841 2366 traditionem
899 2309 1274 2382 apostolicam,
1311 2325 1370 2366 se
1401 2309 1614 2366 studeat
1661 2309 1894 2367 Domino
1941 2325 2098 2367 com-

499 2398 782 2455 mendare.

569 2495 852 2553 Dominica
909 2503 1090 2553 autem
1149 2495 1236 2552 die
1279 2496 1542 2552 maturius
1599 2497 1842 2568 episcopi
1890 2496 2098 2554 dioece-

497 2599 623 2642 seos
651 2593 706 2642 et
733 2584 914 2642 clerus
954 2601 1020 2642 ac
1047 2585 1206 2656 plebs
1249 2586 1544 2642 convenire
1581 2585 1856 2642 debebunt
1895 2586 1967 2641 ad
2009 2585 2098 2642 lo-

499 2689 644 2741 cum,
675 2675 770 2729 ubi
798 2675 1100 2730 secundum
1145 2674 1598 2730 consuetudinem
1647 2675 1787 2730 solet
1813 2683 2091 2746 metropo-

492 2763 688 2819 litanus
716 2763 1006 2834 episcopus
1046 2763 1307 2818 ordinari.
1363 2765 1433 2818 Et
1464 2764 1791 2835 praeparatis
1821 2763 2094 2831 omnibus,

497 2860 550 2907 et
579 2852 853 2924 episcopis
881 2860 934 2908 et
962 2852 1346 2908 ecclesiasticis
1367 2853 1630 2907 ministris
1661 2852 1717 2907 in
1737 2853 1982 2909 vestibus
2011 2870 2100 2908 sa-

498 2941 624 3008 cris,
657 2949 712 2997 et
755 2941 1025 2996 stantibus
1065 2941 1336 3012 episcOpis
1389 2957 1550 2998 secus
1579 2942 1774 3010 altare,
1809 2941 1954 2997 idem
1982 2943 2099 2997 ele-

2199 1788 2253 1837 et
2279 1781 2478 1852 quibus
2507 1781 2802 1852 aperienda
2833 1790 2980 1838 sunt.
3022 1783 3230 1838 Deinde
3249 1783 3415 1839 donet
3437 1783 3513 1838 illi
3543 1783 3804 1840 baculum

2201 1870 2372 1927 sancti
2399 1870 2704 1944 regiminis,
2745 1881 2798 1927 et
2817 1871 2910 1928 det
2938 1887 2972 1930 a
2991 1887 3052 1928 se
3079 1871 3328 1928 ordinato
3373 1887 3588 1944 pacem,
3633 1880 3688 1928 et
3719 1873 3808 1929 sic

2198 1975 2296 2032 per
2313 1959 2559 2016 ordinem
2589 1960 2874 2016 ordinatus
2901 1961 3180 2018 osculetur
3223 1961 3510 2033 episcopos
3541 1969 3595 2018 et
3621 1977 3806 2033 pona-

2197 2056 2286 2104 tur
2313 2049 2449 2104 sella
2478 2050 2629 2118 juxta
2673 2065 2797 2104 eum
2825 2049 2916 2120 qui
2969 2049 3122 2105 illum
3155 2050 3445 2118 ordinavit,
3505 2058 3558 2105 et
3605 2049 3806 2108 sedeat

2199 2137 2272 2192 ibi
2303 2137 2756 2208 metropolitanus
2791 2138 3084 2210 episcopus
3116 2154 3130 2194 :
3165 2138 3406 2211 alioquin
3437 2137 3484 2194 si
3514 2154 3626 2194 non
3651 2149 3808 2196 esset

2197 2227 2666 2297 metropolitanus,
2699 2227 2756 2282 in
2785 2226 2978 2283 ordine
3008 2227 3431 2286 consecrationis
3461 2243 3571 2284 suat
3607 2229 3811 2285 sedere

2198 2316 2442 2372 deberet.
2489 2316 2559 2372 Et
2603 2324 2730 2372 tunc
2775 2315 2994 2388 legatur
3031 2317 3324 2388 Apostolus
3355 2333 3421 2374 ex
3454 2317 3702 2388 Epistola
3731 2317 3806 2372 ad

2198 2405 2564 2472 Timotheum,
2585 2404 2762 2478 qualis
2775 2405 2974 2462 debeat
3003 2421 3126 2462 esse
3155 2406 3446 2478 episcopus
3467 2425 3484 2474 ;
3503 2415 3558 2462 et
3587 2405 3810 2476 expleta

2198 2493 2386 2564 missa,
2416 2494 2703 2550 ordinatus
2744 2493 3193 2564 metropolitanus
3228 2493 3518 2566 episcopus
3545 2494 3805 2562 ducatur,

2199 2582 2287 2638 vel
2315 2581 2645 2654 deportetur,
2677 2583 2751 2639 ad
2792 2583 3116 2639 cathedram
3159 2583 3476 2654 principalis
3522 2583 3802 2650 ecclesia,

2199 2671 2544 2727 cantantibus
2571 2671 2788 2729 clericis
2819 2687 2886 2727 ea
2913 2689 3036 2744 qua:
3060 2672 3130 2728 ad
3149 2674 3254 2728 hoc
3281 2687 3418 2744 opus
3445 2671 3803 2729 conveniunt.

2198 2759 2334 2817 Illuc
2359 2769 2540 2816 autem
2566 2761 2895 2831 perveniens
2925 2761 3161 2817 resideat
3203 2761 3260 2815 in
3277 2761 3564 2832 principali
3605 2762 3809 2819 cathe—

2199 2849 2318 2914 dra,
2362 2858 2413 2904 et
2441 2849 2782 2906 commendet
2824 2849 3086 2905 ministris
3133 2849 3518 2906 ecclesiasticis
3545 2856 3604 2905 ut
3639 2865 3812 2906 unus-

2199 2937 2428 3010 quisque
2457 2938 2514 2993 in
2547 2953 2646 2995 suo
2676 2939 2868 2994 ordine
2888 2937 3159 2994 ministret
3187 2937 3292 2994 sibi
3313 2947 3478 3010 atque
3508 2937 3613 2994 sibi
3643 2954 3809 2996 com-

497 3037 615 3086 ctus
659 3029 877 3086 indutus
938 3029 1340 3101 pontificalibus
1395 3030 1638 3086 vestibus
1698 3047 1728 3086 a
1766 3031 2099 3102 primoribus
2130 3079 2175 3102 η
2198 3027 2384 3082 missas
2409 3027 2689 3084 Ecclesiae.
2723 3027 2855 3084 Inde
2875 3035 3070 3099 pergat
3095 3028 3149 3083 in
3181 3027 3504 3094 sacrarium,
3539 3036 3592 3082 et
3619 3027 3806 3084 incce-

496 3118 708 3175 clerieis
738 3119 984 3188 ejusdem
1004 3119 1321 3190 metrOpolis
1353 3119 1422 3174 de
1453 3119 1699 3175 sacrario
1728 3121 1890 3175 debet
1919 3119 2095 3186 educi,

497 3215 551 3263 et
577 3208 634 3262 in
663 3207 853 3264 ultimo
873 3208 996 3264 loco
1017 3216 1139 3279 post
1170 3208 1458 3280 episcopos
1489 3208 1770 3266 collocari.
1809 3209 1862 3263 Is
1918 3216 2098 3264 autem

495 3295 785 3368 episcopus
829 3295 1226 3364 dioecesaneus,
1252 3297 1344 3370 qui
1375 3297 1849 3354 consecrationem
1875 3296 2099 3352 fusurus

497 3393 582 3440 est
615 3401 780 3456 super
809 3401 952 3450 eum,
985 3385 1224 3456 incoepto
1252 3387 1501 3444 Introitu
1535 3387 1604 3440 ad
1635 3386 1867 3442 missam
1896 3401 2096 3442 secun-

501 3473 628 3528 dum
675 3489 886 3529 morem
915 3473 1196 3545 procedat.
1229 3475 1298 3531 Et
1319 3473 1469 3530 ﬁnito
1511 3476 1758 3531 Introitu
1779 3474 1990 3530 dicatur
2004 3477 2098 3546 Κει-

494 3565 578 3620 rie
610 3563 840 3629 eleison,
880 3571 1245 3635 prosequente
1273 3564 1342 3619 ab
1374 3564 1493 3635 ipso
1523 3563 1782 3635 episcopo
1815 3564 2003 3620 Gloria
2034 3565 2100 3620 in

493 3653 734 3708 excelsis
765 3654 896 3708 Deo.
920 3653 986 3706 Et
1012 3661 1135 3724 post
1183 3653 1374 3708 Gloria
1412 3654 1476 3708 in
1522 3653 1765 3709 excelsis
1785 3655 1918 3722 Deo,
1951 3651 2099 3708 dicat

496 3741 638 3796 hanc
667 3739 990 3808 orationem,
1015 3759 1137 3812 quze
1166 3741 1340 3812 prima
1383 3748 1465 3796 est
1495 3741 1551 3794 in
1587 3742 1764 3796 rotula
1803 3757 2097 3796 consecra-

495 3829 677 3884 tionis.
712 3829 900 3884 Statim
930 3838 1111 3886 autem
1149 3838 1272 3901 post
1301 3829 1628 3900 completam
1658 3831 1831 3900 ipsam
1892 3829 2098 3886 oratio-

497 3935 644 3985 nem,
675 3926 965 3990 antequam
1001 3919 1216 3992 legatur
1244 3919 1557 3990 Apostolus,
1591 3928 1937 3974 commoneat
1975 3919 2094 3974 cle-

495 4023 619 4062 rum
653 4015 706 4061 et
733 4007 950 4078 plebem
985 4015 1044 4062 ut
1072 4016 1228 4064 orent
1249 4022 1350 4078 pro
1371 4006 1678 4062 ordinando
1711 4007 1884 4062 electo
1917 4015 1970 4062 et
1995 4023 2098 4078 pro

497 4095 902 4151 ordinatoribus
959 4097 1097 4165 ejus,
1147 4103 1201 4152 et
1255 4095 1485 4166 accipiat
1520 4095 1754 4151 electum
1801 4111 1964 4150 manu
1995 4113 2094 4152 sua

494 4185 720 4242 dextera
747 4201 848 4256 per
893 4201 1111 4240 manum
1145 4183 1308 4253 illius,
1353 4192 1404 4240 et
1453 4184 1740 4256 incipiatur
1785 4185 1988 4255 litania,
2046 4193 2099 4241 et

493 4281 602 4329 tam
630 4273 748 4346 ipse
780 4289 904 4331 cum
943 4275 1138 4340 electo,
1183 4290 1348 4345 quam
1396 4281 1450 4329 et
1483 4275 1664 4331 caeteri
1695 4274 1787 4346 qui
1825 4274 2098 4330 adfuerint

494 4363 756 4436 episcopi,
790 4363 1137 4418 incurventur
1166 4371 1290 4417 ante
1318 4362 1510 4430 altare,
1543 4381 1714 4435 usque
1744 4364 1872 4418 dum
1904 4363 2092 4419 brevi-

2129 3079 2178 3142 C

2198 3123 2290 3187 pto
2319 3117 2568 3174 Introitu
2607 3116 2677 3171 ad
2705 3117 2933 3171 missam
2964 3117 3264 3172 secundum
3293 3131 3499 3173 morem
3527 3116 3802 3187 procidat,

2199 3213 2252 3260 et
2289 3205 2520 3260 salutato
2566 3205 2724 3260 altari
2761 3205 3020 3262 ascendat
3059 3205 3130 3259 ad
3160 3206 3346 3262 sedem
3377 3221 3550 3276 suam,
3583 3212 3640 3261 et
3697 3213 3810 3262 stet

2201 3293 2274 3348 ibi
2302 3294 2479 3350 donec
2509 3294 2564 3348 in
2595 3310 2694 3350 suo
2727 3293 2848 3350 loco
2869 3293 3088 3366 incipiat
3123 3295 3312 3351 Gloria
3341 3295 3660 3351 inexeelsis
3687 3297 3805 3352 Deo

2199 3383 2274 3438 de
2307 3383 2572 3454 gradibus
2595 3383 2763 3449 sedis,
2796 3390 2988 3454 etpost
3022 3383 3205 3438 datam
3229 3383 3526 3440 orationem
3554 3383 3799 3439 resideat

2198 3471 2255 3524 in
2278 3472 2410 3527 sede
2439 3488 2556 3537 sua,
2590 3471 3012 3528 consedentibus
3042 3487 3224 3528 secum
3271 3471 3545 3544 episcOpis
3575 3479 3630 3527 et
3665 3488 3806 3543 pre-

2199 3559 2459 3630 sbyteris.
2510 3560 2580 3614 Et
2613 3561 2882 3630 completa
2911 3560 3126 3629 misssa,
3159 3560 3357 3616 habeat
3386 3561 3678 3632 episcopus
3708 3562 3806 3632 qui

2199 3659 2324 3698 eum
2377 3643 2649 3700 ordinavit
2717 3643 2920 3699 litteras
2976 3645 3230 3700 manibus
3273 3644 3388 3700 suis
3429 3643 3801 3716 subscriptas,

2199 3748 2335 3804 quas
2367 3732 2508 3789 sacri
2542 3747 2783 3788 canones
2830 3733 3082 3788 ordinato
3109 3734 3180 3788 ab
3237 3733 3639 3789 ordinatoribus
3683 3733 3807 3788 suis

2191 3821 2384 3890 jubent
2412 3821 2678 3892 accipere,
2729 3821 3084 3892 praeferentes
3114 3822 3256 3878 diem
3293 3831 3346 3878 et
3383 3822 3666 3878 consulem
3698 3840 3712 3876 :
3748 3830 3806 3878 et

2197 3917 2488 3981 antequam
2509 3909 2790 3966 ordinatus
2823 3911 2891 3965 ab
2923 3910 3080 3968 altari
3121 3911 3386 3978 discedat,
3421 3911 3632 3965 mittant
3663 3925 3799 3966 eas-

2197 3998 2320 4054 dem
2361 3999 2569 4054 litteras
2607 4015 2772 4070 super
2829 4000 3018 4067 altare,
3078 3999 3223 4055 unde
3272 4016 3364 4056 eas
3417 3998 3690 4070 accipiant
3743 4009 3804 4056 et

2198 4087 2401 4144 donent
2429 4087 2552 4143 illas
2580 4104 2610 4142 a
2654 4105 2714 4143 se
2751 4088 3024 4154 ordinato,
3062 4096 3114 4143 et
3144 4088 3225 4146 sic
3251 4088 3507 4160 perfectis
3541 4088 3805 4144 omnibus

2197 4177 2550 4233 benedicatur
2578 4177 2863 4233 Dominus.
2897 4177 3165 4233 Caeterum
3201 4179 3420 4250 quando
3439 4177 3800 4249 provincialis

2196 4267 2480 4322 ordinat—ur
2497 4265 2809 4338 episcopus,
2841 4265 2974 4337 ipsze
3005 4266 3283 4322 canonica;
3313 4266 3506 4322 littera:
3535 4283 3566 4320 a
3594 4275 3803 4323 metro-

2197 4357 2440 4427 politano
2502 4363 2555 4410 et
2597 4355 2808 4410 caeteris
2876 4354 3150 4427 episcopis
3185 4355 3592 4412 subscribendas
3647 4364 3798 4423 sunt,

494 4461 577 4508 ter
619 4467 717 4524 pro
763 4459 1009 4522 tempore
1053 4451 1270 4505 ﬁniatur
1319 4451 1524 4506 litania.
1576 4454 1644 4508 Ut
1688 4460 1871 4506 autem
1915 4453 2095 4508 clerus
2123 4443 2441 4516 unandiu
2468 4444 2670 4516 legitur
2699 4443 2992 4515 Apostolus
3022 4452 3075 4500 et
3103 4453 3352 4500 cantatur
3382 4445 3805 4516 responsorium

491 4539 774 4612 incoeperit
801 4541 979 4596 dicere
1009 4540 1196 4611 Agnus
1223 4542 1342 4605 Dei,
1387 4540 1601 4611 erigant
1644 4556 1704 4595 se
1756 4539 2018 4611 episcopi,
2041 4549 2094 4596 et

491 4631 584 4703 qui
609 4629 798 4686 fundet
825 4629 1291 4685 consecrationem
1309 4629 1542 4699 accipiat
1572 4637 1804 4700 quatuor
1832 4631 2094 4701 Evange-

489 4719 583 4784 lia,
617 4727 670 4773 et
697 4719 905 4790 aperiat
935 4735 1032 4790 per
1059 4717 1318 4782 medium,
1351 4725 1404 4772 et
1433 4717 1717 4773 incurvato
1761 4717 1880 4788 ipso
1915 4724 2092 4774 etecto

491 4814 618 4863 ante
673 4807 859 4876 altare,
913 4808 1084 4862 mittat
1126 4807 1244 4878 ipse
1285 4807 1586 4878 Evangelia
1625 4822 1788 4876 super
1811 4807 2010 4862 collum
2042 4817 2096 4863 et

491 4895 762 4953 cervicem
791 4896 926 4964 ejus,
959 4905 1012 4952 et
1041 4905 1261 4952 teneant
1287 4897 1409 4968 ipsa
1438 4895 1736 4968 Evangelia
1766 4912 1932 4967 super
1961 4913 2084 4952 eum

491 4985 600 5041 duo
657 4983 918 5056 episcopi,
968 5002 1106 5040 unus
1138 5002 1204 5040 ex
1233 5002 1339 5040 una
1367 4993 1538 5056 parte,
1572 4984 1708 5039 alter
1725 5000 1790 5040 ex
1820 4985 2010 5054 altera,
2045 4994 2098 5042 et

491 5083 600 5130 tam
628 5081 979 5130 consecrator
1007 5091 1170 5146 quam
1190 5091 1380 5130 omnes
1408 5073 1672 5144 episcopi,
1709 5081 1928 5130 teneant
1971 5091 2092 5132 ma-

491 5179 594 5218 nus
624 5163 844 5218 dextras
876 5178 1002 5218 suas
1020 5179 1186 5233 super
1202 5161 1687 5234 caputordinandi,
1719 5172 1770 5218 et
1791 5163 1934 5220 dicat
1958 5181 2096 5220 eon-

492 5258 738 5308 secrator
761 5269 774 5306 :
801 5252 1052 5308 Oremus.
1076 5251 1414 5324 Propitiare,
1439 5254 1694 5322 Domine,
1721 5255 2088 5327 supplicatio-

492 5342 657 5397 nibus
683 5343 918 5409 nostris,
967 5349 1021 5396 et
1065 5339 1294 5412 reliqua.
1327 5342 1395 5395 Et
1423 5341 1668 5397 oratione
1716 5343 2006 5414 completa,
2045 5349 2099 5400 et

493 5431 953 5502 respondentibus
999 5429 1276 5500 omnibus,
1311 5432 1504 5499 Amen,
1539 5430 1682 5486 dicat
1713 5440 2096 5490 consecrator:

497 5521 763 5584 Dominus
790 5521 1096 5590 vobiscum,
1118 5522 1358 5577 Sursum
1388 5520 1576 5588 corda,
1613 5522 1837 5578 Gratias
1864 5537 2100 5594 agamus

2196 4541 2249 4588 et
2266 4534 2501 4600 alleluia,
2536 4541 2589 4588 et
2619 4533 2796 4587 statim
2842 4541 2966 4604 post
3005 4533 3228 4588 missam
3265 4533 3472 4589 finitam
3502 4534 3702 4588 dantur
3731 4535 3808 4589 ab

2197 4623 2471 4694 episcOpis
2503 4629 2628 4677 ante
2671 4621 2844 4676 altare
2872 4621 3124 4678 ordinato
3154 4623 3477 4694 provinciali
3499 4622 3789 4694 episcopo,

2198 4719 2250 4766 et
2277 4711 2720 4782 archiepiscopus
2743 4718 2794 4764 et
2825 4710 2916 4764 alii
2947 4711 3190 4783 episcopi
3220 4711 3422 4767 vadunt
3451 4711 3522 4766 ad
3539 4727 3652 4768 sua.
3676 4713 3806 4783 Ipse

2198 4809 2378 4856 autem
2407 4799 2688 4855 ordinatus
2717 4807 2894 4856 cantat
2915 4799 3140 4855 missam
3169 4801 3261 4856 ubi
3292 4801 3446 4857 locus
3474 4808 3557 4856 est
3589 4815 3803 4872 oppor-

2197 4897 2380 4944 tunus.

2269 4987 2351 5042 De
2379 4984 2464 5041 his
2503 4985 2756 5040 omnibus
2807 5001 2929 5058 qua:
2974 4985 3107 5041 mihi
3141 4985 3461 5054 mandastis,
3500 4993 3554 5041 et
3585 4985 3656 5040 de
3705 4986 3798 5043 his

2199 5075 2362 5130 etiam
2399 5089 2521 5146 quae
2562 5089 2670 5129 non
2725 5075 3046 5145 mandastis,
3101 5083 3157 5130 ut
3205 5075 3294 5144 sit,
3353 5075 3519 5131 veluti
3577 5073 3799 5144 dicitur,

2199 5163 2344 5236 quod
2374 5163 2876 5235 supererogaveris,
2910 5164 3066 5220 vobis
3097 5163 3351 5235 rescripsi
3381 5163 3612 5236 qualiter
3641 5163 3770 5218 ordi

2198 5251 2473 5307 nationem
2525 5267 2754 5324 agamus
2811 5252 3069 5324 episcopi,
3121 5261 3173 5308 et
3203 5252 3434 5324 qualiter
3475 5253 3532 5306 in
3560 5268 3649 5307 me
3679 5260 3808 5310 acta

2199 5340 2430 5397 fuerunt.
2463 5341 2754 5398 Decretum
2784 5350 2964 5398 autem
3001 5349 3054 5396 et
3083 5341 3548 5399 consecrationem
3584 5340 3806 5412 episco-

2199 5430 2400 5502 palem,
2437 5447 2558 5503 quae
2604 5431 2678 5486 ibi
2727 5438 3091 5500 memoratur,
3141 5446 3247 5504 ego
3293 5446 3402 5487 non
3451 5430 3635 5501 habui,
3679 5448 3808 5503 qua:

2201 5529 2382 5576 tamen
2408 5537 2506 5577 vos
2524 5521 2727 5578 habere
2755 5536 2921 5593 posse
2952 5535 3249 5591 cognosco.
