4072 6302
199 258 297 312 189

720 368 1063 439 EPISTOLA
1098 383 1281 442 XXX.

784 494 859 535 AD
894 496 1212 539 EPISCOPOS.

199 598 273 652 De
283 598 419 668 jure
436 597 1028 669 metropolitanorum,
1051 616 1181 655 cum
1197 600 1262 657 de
1278 599 1536 674 Ansegisi
1545 601 1805 675 primatu

855 691 1140 759 ageretur.

346 800 515 857 (Apud
537 800 789 857 eumdem,
815 811 877 848 ex
904 804 1130 859 Mogunt.
1159 802 1278 852 edit.
1300 806 1439 852 Joan.
1460 805 1663 858 Busan.)

264 899 305 954 Ι.
336 898 564 955 Domini
595 905 650 954 et
677 899 1003 975 sanctissimi
1041 917 1108 959 ac
1143 904 1589 960 reverendissimi
1632 904 1802 976 patris

198 987 360 1043 nostri
409 988 700 1058 apostolici
748 1005 902 1061 papae
957 990 1182 1047 Joannis
1235 992 1456 1050 decreta
1515 1010 1582 1049 ex
1629 994 1801 1050 sacris

198 1076 500 1134 canonibus
524 1077 894 1148 promulgata,
930 1080 1072 1136 sicut
1100 1088 1153 1136 et
1183 1082 1358 1138 sancti
1388 1083 1707 1139 decessores
1736 1099 1800 1139 ac

195 1165 634 1237 praedecessores
663 1166 749 1221 sui
768 1183 835 1223 ex
855 1167 1062 1225 eisdem
1081 1170 1253 1227 sacris
1284 1172 1585 1228 canonibus
1606 1171 1800 1243 spiritu

194 1254 290 1311 Dei
316 1255 579 1323 conditis,
614 1264 668 1311 et
696 1256 859 1312 totius
885 1258 1075 1313 mundi
1095 1260 1406 1316 reverentia
1437 1261 1796 1330 consecratis,

193 1344 700 1418 promulgaverunt,
749 1340 1007 1416 quantum
1037 1364 1103 1403 ex
1134 1349 1292 1405 nobis
1317 1358 1420 1418 est,
1451 1365 1562 1407 non
1590 1351 1797 1422 praaju-

193 1432 440 1489 dicantes
467 1435 754 1490 sententiis
782 1434 1011 1491 fratrum
1033 1445 1087 1492 et
1104 1439 1558 1510 coepiscoporum
1586 1447 1798 1495 nostro-

192 1538 325 1588 rum,
359 1522 457 1594 qui
501 1524 762 1580 absentes
807 1533 952 1596 sunt,
1001 1527 1071 1582 ad
1120 1543 1258 1599 quos
1306 1529 1425 1585 haec
1456 1544 1555 1584 sua
1593 1529 1799 1600 scripta

190 1610 494 1680 mittuntur,
528 1619 851 1670 reverenter
879 1614 1225 1688 suscipimus,
1260 1616 1492 1691 singulis
1521 1626 1797 1690 metropo-

1726 257 2101 319 EPISTOLE.

1825 385 1884 447 A
1903 385 2172 455 videatur,
2222 395 2275 444 et
2303 390 2743 447 constantissime
2782 399 3048 463 teneatur,
3098 396 3336 454 maxime
3374 398 3503 470 quia

3396 276 3499 330 190

1903 476 2195 549 unicuique
2237 488 2563 535 cencessum
2599 487 2700 547 est,
2735 480 2781 535 si
2805 482 3012 551 judicio
3051 484 3294 542 oﬂ'ensus
3342 486 3503 543 fuerit

1904 566 2261 637 cognitorum,
2294 568 2365 623 ad
2394 567 2685 624 concilium
2728 585 2841 626 suae
2879 572 3190 642 provincia,
3220 576 3308 632 vel
3337 576 3503 633 etiam

1901 654 2211 711 universale
2239 672 2556 727 provocare.
2598 679 2620 709 α
2654 659 2723 715 Ει
2751 659 2879 716 hinc
2907 668 3123 717 sanctus
3155 663 3499 732 Caelestinus,

1901 742 1973 798 ad
2031 744 2113 799 rei
2165 743 2480 801 ﬁrmitatem
2525 762 2963 804 commemorans
3015 749 3241 806 decreta
3294 752 3505 823 praefati

1899 831 2180 900 Bonifacii,
2213 834 2454 891 decrevit
2481 843 2538 891 ut
2567 853 2903 910 unaquaeque
2928 838 3209 909 provincia
3251 856 3350 897 suo
3378 857 3501 898 me-

1899 921 2228 992 tropolitano
2258 923 2454 979 debeat
2503 940 2627 981 esse
2677 934 2948 994 contenta,
2983 927 3175 984 dicens
3205 929 3300 999 (ad
3329 932 3499 1003 episo.

1903 1010 2118 1077 Gallice,
2153 1028 2202 1067 c.
2236 1015 2267 1067 4
2296 1012 2316 1085 )
2350 1031 2363 1068 :
2404 1033 2425 1066 ι
2445 1013 2702 1083 Primum,
2735 1023 2794 1070 ut
2814 1015 2965 1084 juxta
2993 1017 3214 1074 decreta
3230 1033 3503 1075 canonum

1898 1115 2235 1171 unaquaeque
2291 1101 2570 1172 provincia
2629 1120 2729 1159 suo
2775 1106 3196 1176 metropolitano
3247 1114 3504 1164 contenta

1900 1187 1986 1254 sit,
2021 1195 2081 1242 ut
2109 1187 2418 1245 decessoris
2465 1192 2637 1248 nostri
2679 1192 2808 1248 data
2836 1194 2905 1248 ad
2934 1195 3351 1251 Narbonensem
3380 1196 3501 1267 epi-

1899 1292 2124 1347 scopum
2155 1279 2433 1334 continent
2469 1280 2781 1352 constituta,
2828 1299 2930 1338 nec
2978 1284 3320 1354 usurpationi
3348 1285 3502 1341 locus

1898 1364 2061 1420 alicui
2096 1367 2368 1423 sacerdoti
2395 1368 2453 1423 in
2481 1369 2699 1425 alterius
2738 1372 3069 1427 concedatur
3116 1372 3387 1442 injuriam.
3423 1374 3504 1430 Sit

1897 1455 2174 1510 concessis
2205 1455 2310 1510 sibi
2335 1465 2620 1513 contentus
2646 1459 3022 1532 unusquisque
3050 1460 3330 1530 limitibus,
3360 1462 3503 1518 alter

1895 1541 1950 1596 in
1981 1543 2201 1599 alterius
2230 1545 2513 1616 provincia
2539 1546 2673 1602 nihil
2701 1555 3012 1619 praesumat.
3042 1569 3065 1599 ι
3098 1550 3166 1605 Et
3194 1549 3322 1606 item
3351 1550 3499 1606 idem

1896 1629 2003 1701 (Ad
2031 1633 2201 1704 episo.
2234 1634 2473 1706 Apuliae,
2507 1650 2556 1691 c.
2595 1634 2649 1707 1)
2683 1653 2696 1690 :
2732 1657 2755 1687 ι
2789 1635 2938 1692 Nulli
2966 1637 3240 1694 sacerdoti
3271 1653 3400 1694 suos
3429 1638 3500 1693 li-

191 1699 366 1809 ljmis
395 1717 503 1809 εξο
524 1703 917 1809 ἱιιςθξθτνδιο,
949 1705 1099 1762 velut
1124 1707 1358 1778 mystica
1382 1707 1604 1763 Nicaena
1634 1724 1796 1779 syno-
1824 1699 2013 1809 Bceat
2041 1699 2294 1777 anon...“
2311 1722 2584 1795 ignorare,
2628 1699 2739 1780 nec
2783 1724 3082 1797 quidquam
3120 1725 3318 1791 facere,
3351 1727 3499 1799 quod

192 1788 289 1844 dus
316 1790 785 1863 irrefragabiliter
803 1794 1011 1850 servari
1031 1795 1291 1863 decrevit,
1314 1796 1504 1853 dicens
1521 1798 1672 1869 (can.
1699 1798 1754 1870 6)
1778 1816 1792 1853 :

198 1903 217 1931 ι
241 1876 480 1952 Antiqua
493 1882 833 1938 consuetudo
853 1890 1101 1939 servetur
1117 1901 1216 1956 per
1234 1886 1546 1959 IEgyptum,
1569 1886 1795 1958 Libyam

195 1976 244 2023 et
270 1968 638 2040 Pentapolim,
668 1969 741 2026 ita
768 1978 827 2027 ut
853 1970 1257 2028 Alexandrinus
1286 1974 1576 2047 episcOpus
1595 1976 1792 2030 horum

192 2057 431 2114 omnium
460 2059 660 2114 habeat
684 2067 1026 2131 potestatem,
1060 2063 1186 2134 quia
1215 2071 1269 2118 et
1297 2064 1446 2118 urbis
1477 2065 1662 2121 Romae
1686 2065 1793 2136 epi-

193 2162 355 2219 scopo
384 2147 580 2219 parilis
605 2164 728 2204 mos
755 2157 856 2205 est.
907 2150 1166 2207 Similiter
1208 2159 1391 2208 autem
1417 2160 1471 2208 et
1499 2154 1647 2225 apud
1673 2157 1791 2209 An-

191 2235 445 2294 tiochiam
474 2245 811 2311 canterasque
857 2240 1168 2311 provincias
1198 2241 1312 2296 suis
1348 2242 1638 2316 privilegia
1666 2260 1790 2299 ser-

193 2332 382 2381 ventur
410 2325 701 2383 Ecclesiis.
737 2327 987 2383 Firmitas
1019 2337 1200 2385 autem
1222 2346 1432 2397 eorum,
1453 2348 1575 2404 quae
1594 2348 1794 2405 gerun-

194 2424 277 2470 tur
315 2432 417 2487 per
476 2430 923 2489 unamquamque
974 2419 1317 2490 provinciam
1371 2422 1790 2494 metropolitano

192 2504 458 2560 tribuatur
483 2504 765 2577 episcopo.
803 2526 825 2556 υ

255 2595 321 2648 Il.
354 2593 496 2663 Quae
546 2593 719 2669 sancti
747 2600 801 2649 et
829 2595 1014 2669 magni
1055 2596 1272 2653 concilii
1313 2597 1522 2655 Niczeni
1568 2599 1789 2656 decreta

191 2683 373 2739 beatus
427 2682 779 2739 Innocentius
834 2684 903 2739 ad
955 2685 1327 2743 Alexandrum
1391 2687 1787 2745 Antiochenum

192 2772 506 2844 episcOpum
534 2771 611 2827 ita
642 2772 907 2844 erplanat,
939 2774 1130 2831 dicens
1157 2775 1342 2849 (epist.
1374 2777 1466 2849 20)
1499 2795 1513 2832 :
1551 2778 1787 2835 «Revol-

191 2869 371 2918 ventes
403 2861 590 2932 itaque
617 2862 991 2918 auctoritatem
1022 2864 1258 2921 Nicaanae
1285 2866 1499 2938 synodi,
1532 2884 1652 2940 quae
1681 2884 1788 2923 una

190 2951 425 3006 omnium
456 2967 560 3022 per
600 2951 795 3008 orbem
838 2960 1108 3009 terrarum
1150 2962 1390 3012 mentem
1431 2957 1662 3028 explicat
1691 2973 1786 3013 sa-

190 3040 490 3106 cerdotum,
552 3056 675 3112 quas
730 3042 938 3098 censuit
1001 3043 1070 3099 de
1122 3044 1462 3101 Antiochena
1513 3047 1782 3115 Ecclesia,

1897 1808 2115 1864 Patrum
2158 1810 2331 1880 possit
2374 1812 2582 1883 regulis
2624 1812 2867 1870 obviare.
2915 1812 3049 1881 Qua:
3093 1815 3237 1870 enim
3279 1831 3311 1869 a
3339 1815 3500 1872 nobis

1895 1912 1983 1951 res
2016 1896 2185 1969 digna
2223 1900 2553 1972 servabitur,
2586 1901 2633 1956 si
2661 1902 3014 1959 decretalium
3054 1918 3249 1959 norma
3290 1903 3500 1960 consti-

1894 1993 2130 2061 tutorum
2158 2003 2257 2059 pro
2286 1988 2595 2060 aliquorum
2637 1990 2812 2058 libitu,
2861 1990 3084 2047 licentia
3131 1992 3347 2063 populis
3369 2008 3501 2064 per-

1892 2074 2065 2129 missa
2103 2074 2381 2149 frangatur
2408 2079 2438 2133 ?
2468 2099 2492 2129 ι
2527 2079 2597 2134 Et
2624 2087 2845 2135 sanctus
2884 2080 2995 2135 Leo
3038 2080 3107 2135 ad
3152 2081 3501 2137 Theodorum

1891 2163 2323 2232 Forojuliensem
2353 2167 2670 2238 episcopum
2691 2169 2878 2241 (epist.
2904 2168 2995 2239 92)
3016 2187 3031 2223 :
3055 2190 3078 2220 α
3106 2168 3501 2226 Sollicitudinis

1893 2251 2111 2323 quidem
2146 2261 2251 2309 tute
2277 2254 2324 2308 is
2353 2256 2487 2311 ordo
2516 2272 2641 2313 esse
2671 2257 2958 2327 debuerat,
2991 2265 3049 2313 ut
3078 2272 3201 2314 cum
3231 2265 3502 2329 metropo-

1889 2338 2057 2396 litano
2085 2348 2179 2398 tuo
2206 2343 2453 2414 primitus
2483 2344 2553 2401 de
2581 2361 2647 2401 eo
2684 2346 2832 2417 quod
2875 2347 3226 2418 quaerendum
3268 2346 3501 2403 videba-

1890 2437 1976 2485 tur
1998 2446 2125 2486 esse
2156 2432 2458 2499 conferres,
2491 2448 2557 2489 ac
2590 2433 2638 2489 si
2666 2433 2722 2489 id
2763 2435 2908 2506 quod
2953 2435 3238 2507 ignorabat
3284 2435 3506 2492 dilectio

1892 2527 2001 2585 tua,
2035 2520 2197 2575 etiam
2226 2521 2347 2591 ipse
2376 2522 2632 2589 nesciret,
2685 2523 2882 2577 instrui
2928 2538 3028 2579 vos
3071 2523 3274 2595 pariter
3297 2539 3502 2596 posce-

1889 2609 2042 2675 retis,
2077 2610 2203 2681 quia
2233 2610 2290 2665 in
2317 2611 2522 2681 causis,
2572 2628 2694 2683 quae
2723 2610 2789 2667 ad
2838 2613 3157 2685 generalem
3201 2613 3500 2670 observan-

1888 2698 2020 2753 tiam
2079 2699 2355 2770 pertinent
2399 2700 2643 2756 omnium
2689 2701 2910 2757 Domini
2950 2702 3318 2769 sacerdotum,
3378 2702 3498 2758 sine

1882 2786 2208 2857 primatibus
2234 2788 2368 2844 nihil
2398 2796 2621 2861 oportet
2656 2790 2881 2861 inquiri.
2918 2811 2942 2841 ι

1956 2876 2048 2931 IV.
2079 2878 2146 2931 Et
2174 2877 2305 2949 quia
2333 2887 2523 2934 sancta
2552 2880 2799 2935 Romana
2846 2878 3113 2947 Ecclesia,
3166 2879 3253 2936 cui
3283 2879 3495 2937 sollici-

1885 2965 2018 3020 tudo
2046 2966 2291 3022 omnium
2340 2967 2714 3023 Ecclesiarum
2743 2969 2800 3023 in
2829 2968 2989 3024 beato
3037 2969 3200 3025 Petro
3245 2969 3496 3042 principe

1890 3056 2263 3126 apostolorum
2292 3063 2377 3111 est
2403 3058 2713 3124 commissa,
2745 3057 2930 3128 plures
2965 3058 3412 3129 metrOpolitanos
3439 3058 3497 3113 in

190 3130 391 3186 cunctis
418 3107 697 3197 ﬁdelibus,
728 3146 797 3185 ne
826 3131 1058 3187 dixerim
1102 3134 1496 3202 sacerdotibus,
1538 3152 1662 3191 esse
1691 3152 1788 3191 ne-
1818 3107 1868 3171 Ο
1891 3107 2114 3214 speciali
2146 3160 2243 3199 sua
2272 3145 2497 3201 dioecesi
2545 3107 2728 3213 habet,
2746 3107 2914 3202 rsicut
2954 3107 3179 3203 sanan;
3215 3147 3324 3203 Leo
3353 3147 3496 3218 apud

189 3219 483 3275 cessarium
514 3219 813 3287 custodire,
844 3236 951 3292 qua
971 3237 1137 3293 super
1158 3223 1441 3280 diceeesim
1471 3240 1626 3280 suam
1652 3242 1787 3296 prae-

189 3306 374 3364 dictam
404 3308 737 3379 Ecclesium,
770 3325 877 3365 non
908 3327 1071 3382 super
1099 3311 1336 3384 aliquam
1364 3313 1527 3369 aliam
1556 3314 1784 3384 provin-

190 3397 316 3453 ciam
371 3398 822 3471 recognoscimus
877 3400 1242 3457 constitutam.
1282 3423 1304 3451 »
1350 3403 1421 3457 Et
1478 3403 1785 3459 Bonifacius

188 3503 320 3558 papa
347 3487 600 3543 scribens
627 3488 697 3542 ad
728 3487 991 3544 Hilarium
1020 3491 1436 3547 Narbonensem
1466 3492 1783 3564 episcopum

190 3578 362 3648 (epist.
397 3576 457 3647 3)
489 3595 504 3632 :
543 3598 567 3627 α
603 3577 888 3646 Convenit,
919 3579 1108 3651 inquit,
1143 3597 1245 3636 nos
1271 3589 1623 3652 paternarum
1652 3599 1783 3638 san-

190 3665 414 3721 ctionum
446 3665 742 3738 diligentes
770 3682 893 3722 esse
923 3669 1196 3724 custodes.
1232 3670 1380 3725 Nulli
1408 3671 1608 3727 etenim
1638 3672 1783 3728 vide-

185 3761 268 3808 tur
305 3754 591 3825 incognita
629 3755 824 3827 synodi
870 3757 1180 3813 constitutio
1234 3759 1493 3830 Nicaeum,
1548 3777 1670 3832 quae
1713 3761 1784 3816 ita

189 3843 441 3915 pmcipit,
492 3851 554 3898 ut
595 3844 792 3899 eadem
836 3846 1058 3917 proprie
1113 3849 1274 3903 verba
1331 3864 1620 3920 ponamus,
1678 3850 1783 3905 Per

188 3948 625 4005 unamquamque
653 3933 989 4004 provinciam
1012 3935 1102 4004 jus
1122 3938 1569 4009 metropolitanos
1592 3939 1781 4012 singu-

180 4020 250 4075 los
291 4023 505 4077 habere
551 4022 772 4089 debere,
825 4040 926 4080 nec
957 4025 1210 4097 cuiquam
1256 4028 1394 4082 duas
1462 4045 1585 4084 esse
1616 4044 1782 4100 posse

187 4110 471 4180 subjectae.
507 4109 668 4179 Quod
696 4111 793 4179 illi,
827 4113 951 4184 quia
978 4114 1137 4169 aliter
1175 4116 1504 4172 credendum
1534 4134 1644 4173 non
1674 4127 1780 4189 est,

190 4201 514 4256 servandum
543 4208 733 4257 sancto
764 4201 966 4272 Spiritu
995 4214 1325 4276 suggerente
1372 4202 1607 4273 sxbimet,
1643 4223 1779 4262 cen-

190 4296 423 4345 suerunt.
456 4309 487 4343 »
516 4290 586 4344 Et
632 4297 757 4360 post
803 4290 1079 4363 aliquanta
1113 4311 1126 4347 :
1166 4314 1188 4344 α
1224 4294 1383 4363 Quod
1414 4294 1617 4350 idcirco
1647 4296 1782 4351 dici-

190 4392 317 4447 mus,
362 4387 424 4433 ut
469 4378 718 4435 advertat
766 4380 1005 4436 charitas
1045 4389 1134 4437 tua
1191 4384 1327 4438 adeo
1371 4399 1473 4438 nos
1512 4400 1779 4441 canonum

1887 3232 2231 3287 Anastasium
2276 3233 2819 3290 Thessalonicensem
2867 3234 3186 3307 episcopum
3224 3242 3496 3291 monstrat

1887 3321 2073 3393 (epist.
2108 3324 2219 3393 88),
2254 3322 2506 3379 similiter
2534 3329 2587 3379 et
2613 3324 2981 3380 Alexandrina
3021 3324 3274 3381 Ecclesia
3302 3325 3360 3380 in
3389 3339 3491 3381 sua

1886 3409 2149 3478 dioecesi;
2180 3411 2280 3467 sed
2307 3420 2361 3467 et
2388 3412 2729 3469 Antiochena
2758 3414 2918 3469 sedes
2949 3413 3241 3470 nonnullos
3283 3422 3492 3470 metro-

1885 3499 2155 3571 politanos
2182 3501 2240 3556 in
2269 3518 2365 3556 sua
2389 3500 2616 3557 dioecesi
2645 3503 2827 3571 habet,
2870 3502 3011 3557 sicut
3059 3510 3279 3560 sanctus
3322 3505 3491 3558 Inno-

1885 3589 2094 3644 centius
2149 3590 2218 3645 ad
2264 3591 2635 3646 Alexandrum
2679 3591 2924 3660 ejusdem
2967 3591 3114 3646 sedis
3166 3590 3487 3663 episcopum

1886 3677 2075 3733 scribit
2121 3679 2310 3751 (epist.
2359 3681 2472 3750 20),
2524 3687 2577 3734 et
2620 3680 2677 3734 in
2720 3679 3113 3737 ecclesiasticis
3155 3679 3396 3736 historiis
3423 3695 3491 3737 ac

1884 3766 2234 3838 synodalibus
2255 3768 2427 3841 gestis
2446 3768 2775 3836 invenimus,
2804 3769 3014 3825 eisdem
3037 3769 3197 3825 etiam
3219 3778 3493 3841 metropo-

1883 3856 2084 3922 litanis,
2120 3873 2255 3929 quos
2288 3857 2400 3913 suis
2429 3857 2647 3914 vicariis
2692 3867 2875 3915 sancta
2921 3860 3171 3915 Romana
3217 3859 3492 3915 commisit

1883 3945 2150 4015 Ecclesia,
2184 3947 2480 4002 secundum
2509 3948 2763 4004 Nicaenos
2784 3962 2970 4004 sacros
2987 3963 3223 4005 canones
3246 3965 3348 4004 sua
3360 3950 3489 4019 jura

1879 4035 2119 4090 decrevit
2173 4036 2398 4103 servari,
2466 4036 2630 4092 veluti
2683 4038 2753 4091 ad
2809 4038 3062 4092 eumdem
3136 4038 3485 4095 Anastasium

1883 4122 2029 4178 idem
2060 4124 2249 4179 beatus
2278 4125 2387 4179 Leo
2436 4125 2679 4180 scribens
2709 4125 2899 4197 (epist.
2936 4127 3026 4196 88)
3063 4144 3076 4180 :
3116 4151 3138 4174 ε
3169 4126 3360 4199 Igitur,
3394 4127 3484 4182 in-

1882 4212 2014 4284 quit,
2048 4213 2349 4268 secundum
2388 4220 2704 4267 sanctorum
2735 4213 2956 4267 Patrum
2999 4229 3258 4283 canones,
3295 4215 3485 4285 spiritu

1881 4300 1981 4354 Dei
2010 4299 2276 4367 conditos,
2310 4308 2364 4356 et
2393 4300 2557 4356 totius
2594 4301 2784 4356 mundi
2828 4301 3134 4358 reverentia
3183 4317 3484 4359 consecra-

1880 4396 1983 4456 tos,
2026 4388 2475 4460 metropolitanos
2526 4389 2866 4463 singularum
2909 4389 3314 4462 provinciarum
3362 4389 3482 4461 epi-

190 4476 455 4539 przecepta
503 4483 741 4534 servare,
770 4476 829 4524 ut
857 4469 928 4524 ita
976 4471 1284 4527 constitutio
1329 4488 1545 4544 quoque
1588 4470 1844 4530 nostraD
1875 4494 2091 4551 sc0pos,
2142 4478 2339 4550 quibus
2385 4495 2450 4533 ex
2496 4479 2840 4551 delegatione
2883 4487 3073 4536 nostra
3130 4479 3481 4536 fraternitatis

189 4554 414 4626 diﬁiniat,
479 4564 744 4629 quatenus
798 4560 1200 4630 metropolitani
1273 4561 1357 4616 sui
1429 4578 1772 4635 unaquteque

186 4646 452 4713 provincia
501 4646 558 4700 in
608 4647 859 4702 omnibus
915 4649 1075 4703 rebus
1119 4650 1512 4706 ordinationem
1559 4669 1776 4725 semper

188 4742 469 4805 exspectet.
508 4756 531 4784 ι

248 4824 335 4879 IIl.
370 4825 441 4879 Et
471 4832 658 4880 sancta
702 4828 946 4897 synodus
995 4827 1376 4900 episcoporum
1416 4830 1611 4889 Africae
1638 4848 1774 4903 pro-

186 4911 363 4971 vincia
408 4914 659 4970 scribens
704 4916 775 4971 ad
805 4917 861 4972 S.
916 4917 1265 4975 Caelestinum
1304 4935 1505 4991 papam
1545 4922 1630 4994 (in
1662 4922 1774 4991 ﬁne

186 5004 372 5073 synodi
404 5004 719 5076 Africanae)
752 5023 765 5060 :
803 5026 825 5056 ι
861 5007 1107 5076 Decreta,
1152 5008 1343 5081 inquit,
1386 5010 1626 5078 Nicaena,
1660 5012 1774 5067 sive

188 5089 449 5148 inferioris
471 5093 680 5166 gradus
709 5094 956 5163 clericos,
993 5097 1107 5152 sive
1139 5097 1426 5169 episcopos
1455 5100 1626 5171 ipsos,
1662 5100 1775 5155 suis

186 5182 604 5254 metropolitanis
635 5183 974 5254 apertissime
1003 5186 1407 5243 commiserunt.
1455 5190 1774 5245 Prudentis-

190 5268 310 5325 sime
365 5271 515 5326 enim
569 5271 980 5345 justissimeque
1034 5276 1393 5346 providerunt
1439 5295 1775 5352 qumcunque

188 5360 391 5431 negotia
420 5361 476 5415 in
505 5360 624 5415 suis
658 5361 792 5417 locis
821 5363 913 5418 ubi
943 5372 1065 5419 orta
1093 5374 1219 5420 sunt
1248 5365 1504 5437 ﬁnienda,
1534 5384 1636 5424 nec
1657 5369 1776 5424 uni-

191 5447 366 5520 cuique
390 5450 693 5522 provincia:
724 5451 951 5524 gratiam
980 5456 1154 5512 sancti
1181 5455 1410 5526 Spiritus
1447 5455 1772 5526 defuturam,

192 5551 286 5606 qua
334 5539 567 5611 aequitas
605 5556 636 5595 a
686 5540 884 5599 Christi
943 5545 1332 5616 sacerdotibus,
1387 5553 1437 5602 et
1476 5547 1777 5618 prudenter

1875 4576 1980 4624 tuae
2027 4584 2157 4624 cura
2205 4567 2581 4639 praztenditur,
2628 4570 2718 4639 jus
2762 4570 2968 4625 traditae
3027 4569 3130 4624 sibi
3191 4568 3480 4641 antiquitus

1873 4657 2151 4728 dignitatis
2198 4657 2572 4713 intemeratum
2623 4658 2834 4713 habera
2890 4657 3254 4723 decrevimus,
3304 4657 3377 4712 ita
3421 4665 3479 4713 ut

1874 4762 1904 4800 a
1934 4746 2139 4820 regulis
2174 4748 2494 4818 praestitutis
2527 4747 2678 4802 nulla
2708 4754 2798 4801 aut
2828 4745 3184 4817 negligentia,
3217 4753 3307 4801 aut
3336 4762 3480 4817 prae-

1875 4836 2178 4907 sumptione
2220 4836 2526 4895 discedant.
2565 4857 2587 4886 »
2651 4834 3053 4890 Attendendurn
3111 4841 3194 4890 est
3229 4834 3405 4908 igitur
3433 4836 3479 4893 si

1875 4925 2174 4996 apostolica
2207 4926 2367 4981 sedes
2400 4922 2832 4995 metmpolitanis
2865 4938 2977 4977 suae
3007 4923 3263 4995 specialis
3283 4924 3480 4982 dicace-

1875 5030 2019 5081 seos,
2055 5014 2193 5070 sicut
2221 5015 2283 5068 in
2312 5014 2558 5085 epistolis
2589 5011 2734 5066 beati
2765 5011 3025 5085 Gregorii
3056 5029 3122 5069 ex
3152 5015 3478 5086 Regestole-

1875 5102 2074 5175 gimus,
2136 5120 2274 5175 quos
2328 5110 2553 5174 propter
2622 5100 3075 5173 longinquitatem
3144 5119 3270 5158 suas
3326 5104 3476 5162 vices

1875 5193 2161 5264 agentibus
2208 5191 2494 5262 delegavit,
2544 5205 2641 5244 sua
2661 5190 2784 5259 jura
2814 5192 3115 5248 secundum
3158 5208 3344 5249 sacros
3370 5192 3474 5249 Ni-

1875 5297 2056 5338 caa-nos
2084 5296 2321 5337 canones
2353 5277 2562 5334 servari
2604 5280 2885 5351 prmeepit,
2918 5280 3057 5337 sicut
3078 5288 3132 5336 et
3160 5281 3215 5335 in
3244 5282 3476 5353 epistola

1874 5369 2086 5442 praefati
2141 5367 2338 5423 Leonis
2389 5366 2457 5422 ad
2512 5367 2835 5438 praedictum
2888 5369 3236 5425 Anastasium
3277 5370 3475 5426 dicitur

1875 5460 2062 5531 (epist.
2087 5458 2279 5513 eadem
2308 5463 2434 5512 ante
2465 5458 2766 5530 superiora)
2802 5475 2815 5514 :
2861 5479 2881 5513 ι
2910 5458 2968 5515 Si
2998 5458 3127 5530 quid
3156 5473 3349 5531 grave,
3382 5459 3471 5515 in-

1877 5547 2089 5622 quiens,
2136 5544 2647 5620 intolerandumque
2688 5546 2954 5621 gessisset
2998 5547 3467 5620 metropolitanus,
