4072 6294
551 265 648 319 (Ol

1439 259 1784 318 HINCMARI
1810 257 2211 317 RHEMENSIS
2268 215 2821 317 xncmnriscorl.

3755 263 3864 319 192

553 395 736 444 nostra
767 393 886 442 erat
915 387 1284 458 exspectanda
1307 401 1560 452 censura,
1593 393 1652 440 ut
1679 385 1813 440 nihil
1850 385 2002 456 prius
2031 385 2149 456 ipse
2177 364 2435 452 A‘cuum,
2489 385 2750 460 quidquid
2796 387 2867 443 ab
2896 385 3112 443 illorum
3160 384 3322 440 fuerit
3357 385 3740 442 constitutione
3769 385 3862 441 di-

547 476 897 542 decerneres,
931 491 1096 547 quam
1127 474 1267 547 quid
1312 475 1470 530 nobis
1509 475 1768 546 placeret,
1797 489 2149 546 agnosceres.

438 559 443 566 ’
546 565 710 621 Vices
755 563 902 620 enim
950 571 1168 620 nostras
1208 563 1282 619 ita
1327 571 1434 618 tuas
1489 562 1824 619 credidimus
1878 562 2146 633 charitati,

548 661 605 708 ut
632 653 688 708 in
718 661 930 724 partem
976 653 1053 707 sis
1099 659 1321 708 vocatus
1365 651 1762 721 sollicitudinis,
1803 666 1913 706 non
1941 651 1998 706 in
2025 649 2150 721 ple-

548 741 852 798 nitudinem
878 742 1184 812 potestatis.
1231 761 1253 792 ι

623 830 689 886 ν.
722 829 836 886 Illis
861 829 1288 902 metropolitanis
1317 829 1434 902 (qui
1477 837 1530 885 et
1577 828 1838 902 primates
1875 827 2148 884 multoties

547 919 605 976 in
635 919 802 976 sacris
847 919 1144 976 canonibus
1173 917 1531 990 appellantur,
1579 918 1781 990 quique
1809 917 1864 972 in
1892 917 2014 973 loco
2043 917 2146 972 de-

547 1006 853 1064 functorum
914 1007 1445 1078 archiepiscOporum
1499 1015 1553 1062 et
1601 1006 2145 1077 metropolitanorum

548 1097 619 1151 ab
649 1096 920 1168 episcopis
949 1095 1371 1166 uniuscujusque
1421 1095 1715 1166 provinciae
1757 1095 1876 1150 sine
1905 1094 2143 1149 interro-

549 1185 770 1258 gatione
799 1184 1022 1240 alterius
1067 1184 1314 1255 primatis
1359 1183 1656 1256 praevalent
1699 1181 1964 1250 ordinari,
1996 1190 2050 1238 et
2078 1199 2144 1238 ex

547 1273 780 1345 antiquae
825 1272 1230 1329 consuetudinis
1277 1273 1419 1345 lege,
1453 1287 1486 1328 a
1517 1273 1647 1328 sede
1693 1272 2014 1344 apostolica,
2054 1272 2143 1328 cui

547 1361 853 1418 sollicitudo
882 1369 936 1418 et
958 1361 1206 1432 praelatio
1247 1361 1489 1418 omnium
1536 1361 1904 1418 Ecclesiarum
1939 1361 1996 1415 in
2021 1361 2142 1431 pri-

545 1457 694 1505 metu
722 1458 806 1506 est
833 1451 1004 1506 sancti
1035 1451 1179 1506 Petri
1209 1449 1420 1519 collata,
1472 1450 1620 1522 pallii
1658 1450 1836 1505 solent
1865 1449 2029 1522 genio
2059 1449 2142 1503 in-

546 1538 756 1611 signiri,
804 1545 858 1594 et
885 1539 941 1593 in
977 1538 1098 1594 loco
1144 1537 1520 1594 decedentium
1567 1538 1966 1610 episcoporum,
2022 1539 2140 1593 sine

539 1627 793 1682 consultu
838 1627 926 1683 vel
970 1626 1192 1683 licentia
1229 1627 1477 1698 primatis
1513 1625 1756 1694 alterius,
1792 1627 1846 1682 in
1878 1643 1976 1684 sua
2004 1645 2138 1700 pro-

541 1715 720 1771 vincia
747 1715 949 1788 quique
975 1723 1206 1786 possunt
1243 1716 1530 1786 episcopos
1566 1716 1864 1786 ordinare),
1897 1732 1996 1772 sua
2018 1717 2139 1786 jura

543 1804 745 1860 debent
795 1804 976 1860 modis
1031 1804 1284 1860 omnibus
1327 1804 1627 1860 secundum
1670 1805 1892 1860 eosdem
1951 1821 2137 1862 sacros

542 1892 799 1948 Nicenos
827 1907 1066 1949 canones
1101 1892 1415 1949 conservari
1445 1909 1460 1948 :
1492 1893 1584 1966 qui
1625 1893 2010 1950 inviolabiliter
2036 1895 2137 1950 de-

545 1990 855 2051 creverunt,
903 1989 960 2037 ut
1002 1981 1141 2036 sicut
1186 1981 1567 2038 Alexandrinae
1607 1981 1888 2048 Ecclesia,
1936 1983 2059 2055 quia
2086 1992 2141 2040 et

546 2069 697 2126 urbis
743 2070 930 2126 Romae
976 2069 1236 2140 episcopo
1279 2069 1468 2142 parilis
1511 2085 1630 2125 mos
1667 2078 1768 2136 est,
1812 2071 2059 2129 similiter
2087 2081 2141 2127 et

549 2158 694 2229 apud
743 2157 1104 2224 Antiochiam,
1153 2166 1491 2232 caeterasque
1535 2158 1844 2230 provincias
1883 2160 1993 2216 suis
2023 2161 2141 2232 pri-

548 2245 748 2320 vilegia
777 2256 1066 2304 serventur
1110 2247 1392 2304 Ecclesiis.
1423 2248 1506 2304 De
1531 2249 1726 2320 quibus
1774 2249 1946 2306 sacris
1973 2267 2142 2305 cano-

547 2330 708 2386 nibus
737 2331 994 2402 praefatus
1023 2340 1242 2388 sanctus
1270 2333 1380 2388 Leo
1405 2333 1474 2387 ad
1503 2333 1814 2389 Anatolium
1841 2334 2148 2390 Constanti-

546 2419 918 2491 nopolitanum
948 2420 1265 2492 episcopum
1295 2421 1369 2476 ita
1399 2421 1602 2493 passim
1632 2422 1763 2478 dicit
1791 2422 1978 2496 (epist.
2011 2426 2101 2494 56)
2128 2440 2141 2478 :

549 2533 572 2556 α
605 2509 732 2565 Post
773 2510 1245 2566 consecrationem
1308 2511 1630 2567 Antiocheni
1675 2511 1936 2583 episcopi,
1983 2529 2146 2585 quam

545 2597 758 2654 tibimet
784 2607 972 2655 contra
999 2599 1314 2656 canonicam
1363 2600 1609 2671 regulam
1647 2600 1952 2668 vindicasti,
1985 2602 2146 2658 doleo

549 2685 714 2742 etiam
739 2686 796 2741 in
821 2687 927 2742 hoc
967 2687 1313 2743 dilectionem
1359 2696 1505 2743 tuam
1554 2704 1676 2745 esse
1724 2689 2058 2761 prolapsam,
2089 2698 2149 2746 ut

549 2775 954 2832 sacratissimas
1005 2776 1355 2832 Nicaanorum
1411 2793 1685 2846 canonum,
1735 2779 2148 2835 constitutiones

547 2864 826 2920 conareris
854 2863 1174 2939 infringere,
1205 2873 1461 2938 tanquam
1490 2875 1795 2938 opportune
1828 2884 1888 2923 se
1920 2868 2016 2922 tibi
2045 2870 2148 2924 hoc

547 2960 760 3025 tempus
799 2953 1070 3021 obtulerit,
1119 2970 1226 3027 quo
1274 2955 1498 3012 secundi
1536 2955 1758 3010 honoris
1803 2955 2150 3030 privilegium

543 3043 704 3100 sedes
732 3043 1099 3100 Alexandrina
1126 3044 1446 3114 perdiderit,
1481 3052 1533 3099 et
1561 3044 1901 3100 Antiocltena
1938 3046 2138 3102 Eccle-

543 3131 626 3187 sia
652 3132 1039 3204 proprietatem
1087 3105 1258 3190 tertiaa
1303 3105 1583 3206 dignitatis
1626 3133 1887 3203 amiserit,
1945 3142 2002 3189 ut
2054 3135 2139 3189 his
2168 3105 2218 3169 ί]

542 3219 680 3278 locis
701 3222 810 3292 juri
837 3229 929 3278 tuo
961 3222 1212 3287 subditis,
1243 3238 1434 3278 omnes
1469 3222 1870 3294 Metropolitani
1897 3224 2142 3296 episcopi

544 3310 770 3381 pr0prio
795 3311 1002 3365 honore
1032 3311 1328 3381 priventur.
1379 3309 1590 3380 Quibus
1630 3311 1887 3367 inauditis
1919 3321 1971 3368 et
1996 3317 2141 3368 nun-

545 3413 711 3470 quam
766 3406 888 3454 ante
941 3399 1159 3454 tentatis
1212 3399 1284 3454 ita
1339 3399 1655 3470 praeveniris
1704 3401 2038 3470 excessibus,
2086 3410 2144 3458 ut

543 3495 786 3544 sanctam
809 3487 1103 3560 synodum,
1136 3488 1207 3543 ad
1236 3488 1690 3562 exstinguendam
1736 3489 1913 3546 solum
1960 3491 2140 3547 haere-

541 3576 664 3644 sim,
697 3585 751 3632 et
778 3575 1248 3634 conﬁrmationem
1277 3575 1404 3633 ﬁdei
1433 3579 1734 3647 catholicae,
1769 3578 1948 3636 studio
1977 3580 2141 3635 Chri-

543 3664 859 3720 stianissimi
913 3665 1178 3738 principis
1233 3676 1642 3740 congregatam,
1694 3668 1752 3722 in
1794 3668 2142 3724 occasionem

542 3753 778 3808 ambitus
807 3754 1013 3821 trahas,
1063 3762 1117 3810 et
1142 3763 1200 3811 ut
1241 3756 1641 3812 conniventiam
1666 3772 1822 3812 suam
1852 3757 1946 3814 tibi
1978 3758 2142 3814 dedat

541 3841 810 3914 impellas,
871 3851 1128 3915 tanquam
1187 3844 1413 3902 refutari
1468 3853 1704 3918 nequeat
1758 3847 1905 3918 quod
1957 3846 2143 3904 illicite

541 3931 772 3988 voluerit
798 3931 1100 3989 multitudo.
1140 3954 1162 3984 ι

614 4029 706 4085 VI.
755 4030 1009 4086 Consona
1049 4031 1134 4087 his
1181 4039 1235 4088 et
1279 4032 1336 4087 in
1395 4031 1516 4087 aliis
1557 4033 1792 4095 decretis
1831 4033 2141 4105 apostolicae

541 4119 704 4175 sedes
731 4120 1004 4176 habentur
1036 4139 1049 4176 :
1085 4143 1108 4174 α
1145 4120 1304 4190 Quod
1353 4121 1400 4177 si
1427 4130 1480 4178 et
1509 4139 1698 4178 omnes
1747 4124 2058 4179 sacerdotes
2090 4132 2143 4178 et

536 4210 772 4265 mundus
799 4211 1080 4280 assentiat,
1125 4211 1399 4268 damnatio
1446 4213 1850 4270 consentientes
1892 4213 2136 4278 involvit,

541 4315 649 4355 non
679 4299 1173 4370 praevaricationem
1215 4317 1517 4357 consensus
1557 4301 1806 4358 absolvit.
1841 4303 1962 4358 Non
1995 4302 2140 4358 enim

540 4388 751 4445 crimen
776 4389 1052 4456 minuitur,
1087 4389 1184 4444 sed
1213 4390 1497 4456 accrescit,
1543 4407 1664 4446 cum
1703 4392 1961 4462 generale
1988 4390 2044 4446 ﬁt
2073 4409 2140 4446 ex

2252 490 2492 529 versum.
2523 497 2546 525 ι
2579 476 2648 532 Ει
2676 477 2842 548 paulo
2871 484 2996 548 post
3023 494 3035 530 :
3065 497 3086 526 ιι
3111 475 3296 535 Sancti
3324 474 3401 530 illi
3432 484 3486 530 et
3515 475 3864 532 venerabiles

2253 563 2460 633 Patres,
2493 565 2584 636 qui
2613 567 2666 620 in
2699 567 2836 622 urbe
2866 566 3110 632 Nicama,
3144 564 3417 637 sacrilego
3449 565 3580 620 Ario
3601 579 3728 621 cum
3761 580 3864 620 sua

2249 651 2524 722 impietate
2553 654 2828 721 damnato,
2863 669 3152 709 mansuras
3181 669 3353 724 usque
3384 653 3441 706 in
3469 651 3634 708 ﬁnem
3665 653 3862 708 mundi

2247 740 2401 814 leges
2431 743 2920 802 ecclesiasticorum
2943 759 3212 798 canonum
3232 741 3614 810 condiderunt,
3633 748 3688 796 et
3709 743 3860 813 apud

2249 845 2350 886 nos
2381 829 2436 885 in
2464 838 2578 887 toto
2621 834 2755 888 orbe
2803 823 3072 889 terrarum
3123 831 3179 886 in
3219 830 3330 885 suis
3377 830 3858 887 constitutionibus

2252 918 2454 984 vivunt,
2487 928 2540 974 et
2570 920 2615 976 si
2645 921 2775 994 quid
2821 937 3054 992 usquam
3098 920 3258 976 aliter
3300 935 3464 991 quam
3505 919 3582 974 illi
3611 927 3858 976 statuere

2246 1009 2610 1078 praesumitur,
2644 1010 2763 1066 sine
2801 1009 3143 1066 cunctatione
3191 1016 3460 1076 cessatur,
3511 1015 3569 1062 ut
3617 1024 3738 1080 qua:
3784 1008 3859 1063 ad

2245 1105 2565 1168 perpetuam
2596 1098 2880 1154 utilitatem
2912 1097 3242 1172 generaliter
3267 1097 3509 1152 instituta
3537 1105 3680 1166 sunt,
3705 1095 3860 1152 nulla

2245 1186 2736 1243 communicatione
2769 1187 3064 1253 varientur,
3097 1201 3200 1242 nec
3230 1185 3298 1241 ad
3327 1185 3596 1256 privatum
3625 1186 3856 1240 trahan-

2244 1280 2329 1328 tur
2357 1277 2724 1342 commodum,
2760 1293 2882 1348 quae
2910 1277 2978 1331 ad
3010 1276 3212 1330 bonum
3244 1282 3364 1329 sunt
3395 1290 3684 1330 commune
3711 1289 3854 1346 prm-

2242 1361 2349 1418 iixa
2379 1381 2393 1417 :
2427 1372 2480 1418 et
2513 1365 2866 1420 manentibus
2893 1363 3138 1420 terminis
3168 1379 3305 1435 quos
3335 1363 3733 1418 constituerunt
3763 1362 3862 1417 Pa-

2241 1459 2370 1520 tres,
2422 1468 2584 1509 nemo
2629 1454 2684 1508 in
2709 1453 2799 1523 jus
2847 1453 3032 1509 tendat
3080 1452 3340 1522 alienum,
3395 1452 3492 1507 sed
3537 1451 3682 1506 intra
3711 1451 3857 1506 ﬁnes

2239 1541 2492 1612 proprios
2518 1549 2678 1615 atque
2707 1542 3003 1616 legitimos,
3037 1548 3200 1613 prout
3245 1541 3366 1614 quis
3395 1540 3646 1608 valuerit,
3677 1539 3734 1595 in
3762 1539 3856 1596 la-

2239 1629 2465 1686 titudine
2512 1631 2792 1686 charitatis
2843 1647 2902 1686 se
2952 1637 3226 1686 exerceat.
3265 1650 3286 1679 n
3322 1628 3481 1684 Aliud
3530 1629 3675 1685 enim
3724 1635 3858 1684 sunt

2167 1744 2222 1804 B
2244 1719 2424 1790 sedes,
2453 1720 2598 1775 aliud
2643 1721 3022 1792 praesidentes,
3057 1727 3110 1774 et
3137 1735 3370 1790 magnus
3422 1718 3715 1790 unicuique
3743 1717 3856 1774 ho-

2241 1824 2345 1864 nor
2373 1818 2454 1863 est
2483 1809 2772 1882 integritas
2806 1825 2922 1865 sua.

2317 1899 2432 1954 VlI.
2466 1899 2534 1954 Et
2579 1899 2704 1954 item
2753 1899 2899 1954 idem
2929 1899 3000 1954 ad
3027 1899 3298 1970 synodum
3347 1897 3855 1954 Chalcedonensem

2239 1987 2484 2043 scribens
2513 1987 2702 2060 (epist.
2739 1990 2828 2058 65)
2863 2005 2876 2042 :
2917 2008 2939 2039 ι
2971 1989 3048 2042 De
3079 1985 3468 2055 custodiendis,
3502 1985 3694 2059 inquit,
3731 2001 3858 2040 san-

2239 2083 2445 2131 ctorum
2475 2076 2692 2131 Patrum
2739 2075 2968 2143 statutis,
3017 2091 3139 2148 quae
3167 2075 3223 2130 in
3255 2076 3466 2146 synodo
3500 2073 3726 2130 Nicaeus
3755 2074 3852 2128 in-

2239 2165 2584 2220 violabilibus
2613 2172 2738 2220 sunt
2768 2163 2874 2220 ﬁxa
2910 2165 3164 2232 decretis,
3217 2163 3616 2220 observantiam
3641 2171 3845 2219 vestrae

2243 2253 2542 2310 sanctitatis
2595 2254 2884 2323 admoneo,
2917 2261 2974 2309 ut
3017 2253 3140 2321 jura
3183 2253 3576 2318 Ecclesiarum,
3609 2252 3750 2308 sicut
3779 2253 3851 2307 ab

2243 2341 2350 2396 illis
2377 2351 2594 2398 centum
2642 2343 2834 2398 decem
2864 2350 2917 2398 et
2948 2351 3068 2398 octo
3097 2341 3346 2396 Patribus
3385 2340 3641 2396 divinitus
3669 2341 3852 2412 inspi-

2243 2433 2376 2486 ratis
2405 2439 2529 2486 sunt
2565 2431 2805 2486 ordinata
2847 2439 3217 2502 permaneant.
3263 2429 3409 2484 Nihil
3452 2429 3689 2485 alienum
3737 2429 3851 2486 im-

2244 2522 2450 2592 probus
2481 2520 2717 2577 ambitus
2746 2520 3112 2591 concupiscat,
3146 2535 3248 2575 nec
3276 2535 3378 2590 per
3405 2518 3628 2573 alterius
3657 2518 3849 2575 immi-

2245 2609 2521 2665 nutionem
2549 2626 2706 2664 suum
2754 2609 2948 2681 aliquis
2991 2615 3199 2680 quaerat
3245 2614 3617 2680 augmentum.
3653 2607 3851 2676 Quan-

2246 2699 2494 2754 tumlibet
2525 2699 2669 2752 enim
2713 2698 2934 2754 extortis
2983 2696 3438 2753 assentationibus
3469 2712 3592 2752 sese
3619 2695 3856 2752 instruat

2245 2787 2498 2844 vanitatis
2538 2787 2720 2852 elatio,
2749 2795 2804 2842 et
2831 2787 3104 2857 appetitus
3134 2801 3262 2842 suos
3308 2784 3666 2841 conciliorum
3695 2785 3853 2840 aesti-

2247 2883 2356 2930 met
2410 2875 2629 2932 nomine
2688 2875 3048 2940 roborandos,
3105 2873 3382 2929 inﬁrmum
3423 2882 3584 2946 atque
3630 2873 3852 2930 irritum

2249 2964 2352 3018 erit
2381 2964 2643 3036 quidquid
2673 2980 2705 3018 a
2734 2965 3122 3036 praedictorum
3169 2965 3377 3018 Patrum
3426 2963 3730 3018 canonibus
3760 2964 3853 3018 di-

2247 3053 2521 3124 screparit.
2581 3052 2824 3122 Quorum
2877 3053 3082 3124 regulis
3137 3051 3433 3123 apostolica
3479 3051 3643 3107 sedes
3683 3069 3852 3124 quam

2248 3151 2562 3198 reverenter
2635 3149 2832 3209 utatur,
2913 3142 3237 3213 scriptorum
3307 3157 3574 3206 meorum,
3652 3141 3853 3212 quibus

2243 3231 2821 3302 Constantinopolitani
2869 3231 3120 3286 antistitis
3161 3238 3388 3286 conatus
3419 3229 3610 3300 repuli,
3646 3231 3854 3300 poterit

2243 3321 2498 3376 sanctitas
2545 3329 2725 3376 vestra
2773 3319 3005 3375 lectione
3047 3335 3406 3391 cognoscere,
3454 3327 3505 3374 et
3535 3335 3642 3385 me,
3687 3319 3851 3374 auxi-

2241 3408 2402 3465 liante
2434 3409 2666 3466 Domino
2705 3417 2909 3478 nostro,
2946 3417 2998 3464 et
3025 3408 3306 3465 catholicae
3349 3407 3477 3463 ﬁdei
3505 3416 3558 3462 et
3585 3415 3852 3478 paterna-

2241 3514 2363 3552 rum
2391 3497 2744 3553 traditionum
2775 3513 2897 3553 esse
2927 3499 3228 3552 custodem.
3267 3518 3289 3546 ν
3324 3497 3389 3551 Et
3419 3497 3488 3552 ad
3517 3495 3850 3551 Martianum

2241 3589 2546 3659 Augustum
2575 3587 2762 3659 (epist.
2797 3585 2924 3658 5'7):
2954 3608 2976 3637 α
2999 3585 3290 3658 Privilegia
3319 3585 3694 3642 Ecclesiarum
3728 3601 3854 3640 san-

2242 3684 2450 3732 ctorum
2498 3676 2717 3731 Patrum
2761 3675 3060 3732 canonibus
3105 3675 3366 3742 instituta,
3419 3682 3472 3730 et
3516 3674 3851 3730 venerabilis

2240 3765 2478 3821 Nicaenae
2505 3765 2701 3836 synodi
2731 3765 2834 3819 ﬁxa
2881 3765 3134 3833 decretis,
3187 3764 3335 3818 nulla
3376 3769 3604 3834 possunt
3633 3763 3851 3834 impro-

2242 3854 2406 3910 bitate
2433 3854 2684 3920 convelli,
2719 3853 2866 3909 nulla
2895 3854 3135 3910 novitate
3175 3853 3392 3908 mutari.
3426 3853 3486 3907 In
3516 3867 3624 3924 quo
3652 3867 3848 3924 opere,

2242 3943 2530 3998 auxiliante
2560 3944 2776 3998 Christo
2819 3942 3053 4000 ﬁdeliter
3101 3942 3470 4014 exsequendo,
3503 3956 3735 3998 necesse
3767 3951 3853 3997 est

2240 4049 2328 4088 me
2384 4040 2821 4104 perseverantem
2869 4033 3126 4087 exhibere
3186 4031 3522 4099 famulatum,
3583 4031 3852 4102 quoniam

2240 4121 2571 4192 dispensatio
2627 4121 2758 4176 mihi
2814 4121 3021 4177 credita
3075 4128 3176 4190 est,
3238 4129 3292 4176 et
3339 4121 3406 4174 ad
3449 4135 3633 4175 meum
3674 4121 3851 4175 tendit

2240 4219 2471 4276 reatum,
2505 4211 2550 4266 si
2571 4218 2911 4282 paternarum
2932 4210 3136 4281 regulae
3158 4209 3516 4275 sanctionum,
3541 4225 3663 4281 quae
3684 4209 3742 4263 in
3765 4227 3857 4282 sy-

2239 4303 2384 4356 nodo
2412 4301 2652 4368 Nicama,
2685 4301 2755 4356 ad
2787 4300 2947 4355 totius
2971 4299 3235 4356 Ecclesiae
3254 4298 3502 4371 regimen
3525 4297 3721 4369 spiritu
3744 4299 3851 4354 Dei

2239 4390 2540 4446 instruente
2573 4398 2696 4444 sunt
2727 4389 2980 4456 conditae,
3016 4405 3124 4458 me,
3157 4389 3301 4460 quod
3329 4388 3484 4457 absit,
3517 4387 3850 4444 connivente

540 4476 774 4548 privato.
838 4478 952 4532 lloc
1012 4476 1158 4531 enim
1211 4478 1358 4534 Deus
1413 4479 1654 4534 omnium
1711 4479 1984 4547 indicavit,
2047 4481 2138 4551 qui
2167 4473 2529 4544 Dviolentur,
2565 4487 2617 4534 et
2642 4479 2816 4548 major
2837 4478 2900 4532 sit
2920 4478 3064 4548 apud
3086 4494 3172 4532 me
3191 4476 3545 4532 uniusfratris
3564 4475 3844 4543 voluntas,

540 4567 799 4622 mundum
850 4574 1172 4638 peccantem
1228 4567 1468 4637 generali
1523 4568 1726 4624 diluvio
1784 4569 2072 4623 interemit.
2114 4590 2135 4618 »

546 4655 612 4710 Et
641 4655 768 4711 item
799 4656 856 4712 S.
890 4657 999 4711 Leo
1029 4655 1095 4710 ad
1134 4655 1420 4726 prznfatum
1464 4657 1774 4712 Anatolium
1806 4657 1984 4728 (ibid.,
2017 4663 2142 4730 post

545 4745 858 4814 superiora)
889 4766 908 4801 :
941 4767 962 4796 σι
991 4743 1108 4811 Illa,
1142 4745 1332 4816 inquit,
1365 4746 1714 4801 Nicaenorum
1744 4761 2012 4801 canonum
2041 4762 2141 4816 per

544 4839 788 4886 sanctum
833 4850 961 4888 vere
1023 4833 1283 4904 Spiritum
1335 4835 1584 4890 ordinata
1630 4833 1868 4890 conditio
1911 4835 1968 4890 in
1994 4834 2141 4890 nulla

543 4935 781 4991 unquam
811 4929 964 4990 parte
995 4931 1077 4976 est
1107 4922 1370 4979 solubilis.
1404 4923 1568 4978 Nulla
1599 4923 1814 4978 sibimet
1845 4923 1914 4978 de
1951 4923 2138 4978 multi-

541 5008 828 5081 plicatione
873 5011 1317 5082 congregationis
1366 5012 1648 5086 synodalia
1706 5012 1934 5068 concilia
1978 5013 2130 5068 blan-

545 5097 783 5166 diantur,
815 5113 994 5170 neque
1024 5101 1280 5156 trecentis
1309 5102 1414 5157 illis
1444 5103 1656 5168 decem,
1691 5109 1851 5174 atque
1879 5110 2001 5158 octo
2031 5103 2143 5174 epi-

543 5187 726 5258 scopis
753 5187 1148 5260 quantumlibet
1192 5191 1464 5260 copiosior
1510 5207 1766 5246 numerus
1795 5193 2138 5250 sacerdotum

542 5291 866 5347 comparare
901 5294 960 5332 se
989 5278 1182 5334 audeat
1227 5280 1312 5334 vel
1355 5280 1633 5352 prmferre,
1668 5296 1789 5336 cum
1818 5290 1966 5338 tanto
1994 5282 2137 5338 divi-

541 5365 684 5421 nitus
729 5365 1015 5440 privilegio
1059 5367 1282 5424 Nictena
1315 5369 1383 5424 sit
1426 5370 1665 5441 synodus
1707 5379 2048 5438 consecrata,
2082 5380 2140 5426 ut

543 5453 658 5511 sive
687 5471 785 5526 per
811 5456 1118 5526 pauciores,
1153 5457 1269 5514 sive
1299 5474 1399 5528 per
1425 5459 1613 5530 plures
1652 5461 2020 5517 ecclesiastica
2043 5461 2137 5528 ju-

541 5544 685 5602 dicia
730 5544 1094 5613 celebrentur,
1138 5547 1287 5604 omni
1332 5549 1549 5622 penitus
1597 5551 1913 5607 auctoritate
1944 5551 2010 5606 sit
2040 5565 2138 5605 va-

2245 4584 2402 4638 quam
2434 4567 2702 4622 universa}
2733 4567 2924 4623 domus
2956 4567 3170 4622 Domini
3207 4565 3510 4622 communis
3538 4565 3769 4620 utilitas.
3817 4587 3842 4617 ι

2316 4657 2454 4710 VIII.
2507 4657 2576 4711 Et
2619 4657 2688 4712 ad
2733 4656 3072 4712 Pulcheriam
3117 4659 3418 4728 Augustam
3461 4657 3648 4728 (epist.
3695 4655 3792 4725 58)
3828 4674 3843 4710 :

2247 4767 2269 4796 ι
2313 4746 2512 4800 Contra
2561 4753 2758 4801 statuta
2801 4754 3146 4816 paternorum
3207 4761 3495 4814 canonum,
3542 4760 3665 4816 quae
3712 4753 3845 4800 ante

2240 4833 2572 4907 longissimae
2601 4834 2776 4890 aetatis
2820 4850 2992 4888 annos
3021 4834 3077 4888 in
3105 4834 3236 4889 urbe
3266 4834 3490 4890 Nicaeua
3538 4833 3843 4904 spirituali-

2240 4923 2343 4978 bus
2373 4932 2497 4978 sunt
2525 4923 2741 4978 fundata
2771 4922 3023 4989 decretis,
3056 4923 3188 4978 nihil
3232 4923 3428 4994 cuique
3467 4922 3668 4978 audere
3699 4938 3842 4978 con-

2240 5013 2452 5069 ceditur
2483 5030 2496 5066 :
2529 5012 2598 5066 ita
2628 5019 2685 5066 ut
2714 5011 2762 5066 si
2803 5012 2924 5082 quis
2973 5011 3244 5067 diversum
3289 5011 3488 5084 aliquid
3535 5011 3843 5067 decernere

2239 5102 2388 5168 velit,
2422 5117 2481 5156 se
2511 5101 2687 5172 potius
2724 5101 2944 5167 minuat,
2996 5105 3156 5174 quam
3201 5101 3290 5155 illa
3339 5106 3668 5170 corrumpat.
3701 5097 3844 5168 Qum

2240 5192 2287 5246 si
2315 5199 2373 5245 ut
2401 5197 2613 5260 oportet
2640 5206 2672 5245 a
2703 5191 2912 5246 cunctis
2956 5189 3303 5261 pontiﬁcibus
3350 5190 3667 5244 intemerata
3712 5205 3842 5244 ser-

2239 5288 2450 5346 ventur,
2484 5296 2581 5350 per
2607 5279 2890 5336 universas
2935 5279 3214 5336 Ecclesias
3261 5277 3552 5350 tranquilla
3598 5277 3701 5333 erit
3731 5293 3844 5349 pax

2241 5377 2293 5425 et
2321 5368 2477 5424 ﬁrma
2505 5369 2813 5435 concordia,
2856 5369 3018 5424 nullae
3061 5369 3129 5422 dc
3173 5367 3446 5422 mensuris
3487 5368 3679 5421 harum
3708 5367 3835 5422 dis-

2241 5458 2542 5524 sensiones,
2585 5459 2748 5514 nulla:
2795 5458 2862 5512 de
2904 5457 3332 5513 ordinationibus
3379 5455 3522 5522 lites,
3563 5455 3728 5510 nullae
3767 5456 3842 5512 de

2239 5548 2542 5621 privilegiis
2570 5547 2967 5621 ambiguitates,
3000 5546 3146 5604 nulla
3192 5554 3350 5602 erunt
3378 5545 3448 5603 de
3476 5543 3640 5602 alieni
3666 5560 3842 5602 usur-
