4072 6288
208 236 304 296 193

1702 223 2081 302 ΕΡΙΞΤΟΙιΕ,

3415 221 3517 289 198

207 361 423 434 patione
453 361 770 428 certamina,
816 360 916 416 sed
945 376 1010 416 ea
1039 376 1160 432 qua
1184 361 1306 430 jure
1331 359 1608 417 charitatis
1645 359 1817 416 ratio-
1833 361 1889 422 A
1915 357 2246 432 transgredi,
2281 365 2334 414 et
2359 357 2428 413 ad
2472 356 2872 428 promotionem
2899 355 3184 412 ministerii
3213 355 3426 430 aliquos
3457 357 3514 413 in

205 450 399 506 nabilis
429 459 516 506 est
543 458 596 505 et
627 465 838 505 morum
867 457 919 504 et
947 448 1251 505 oﬁiciorum
1281 449 1587 506 servabitur
1613 449 1806 504 unani-

212 539 382 594 mitas.
435 539 506 594 Et
550 539 642 594 ille
689 555 819 595 vere
866 539 968 594 erit
1012 553 1266 611 magnus,
1315 538 1408 610 qui
1453 537 1616 594 fuerit
1644 539 1808 594 totius

209 625 516 684 ambitionis
571 627 801 694 alienus,
863 628 1078 683 dicente
1135 627 1370 683 Domino
1427 645 1442 681 :
1483 627 1809 700 Quicunque

209 717 451 777 uoluerit
479 719 638 773 inter
666 733 756 772 vos
786 719 969 789 major
994 717 1141 786 ﬁeri,
1165 719 1275 772 erit
1297 719 1479 772 vester
1507 717 1810 784 minister;

212 811 263 862 et
285 807 611 880 quicunque
637 806 878 862 voluerit
903 806 1059 861 inter
1077 822 1169 862 vos
1187 807 1408 878 primus
1430 821 1568 872 esse,
1589 807 1700 862 erit
1720 821 1809 860 ve-

210 899 324 952 ster
350 911 570 952 ser-vus.
611 896 770 952 Sicut
797 895 952 964 ﬁlius
983 895 1231 950 hominis
1264 911 1380 951 non
1417 896 1573 950 venit
1608 896 1810 950 minis-

213 985 372 1049 trari,
405 985 507 1040 sed
535 985 870 1040 ministrare
901 983 1123 1053 (Matth.
1156 997 1266 1048 xx;
1303 984 1472 1039 Marc.
1506 983 1582 1052 x).
1624 984 1692 1037 Et
1721 990 1808 1037 ta-

212 1087 330 1127 men
362 1073 486 1128 hac
529 1071 637 1126 illis
687 1079 812 1127 tunc
865 1071 1300 1136 insinuabantur,
1361 1071 1453 1142 qui
1499 1072 1567 1126 de
1612 1070 1810 1142 pusillo

213 1159 474 1216 volebant
495 1175 770 1229 crescere,
803 1167 856 1213 et
874 1159 943 1214 de
962 1158 1160 1214 inﬁmis
1180 1161 1248 1214 ad
1265 1175 1478 1215 summa
1497 1161 1750 1216 transire.
1783 1180 1804 1210 ιν

213 1249 274 1304 Et
300 1250 371 1304 ad
399 1249 698 1303 Maximum
719 1248 1113 1304 Antiochenam
1133 1249 1450 1319 episcopum
1469 1250 1656 1321 (epist.
1681 1249 1807 1320 66):

217 1358 238 1388 ι
266 1339 438 1393 Tanta
467 1338 616 1408 apud
642 1353 732 1392 me
760 1345 842 1393 est
870 1337 1217 1392 Nicanorum
1249 1353 1517 1392 canonum
1549 1353 1809 1393 reveren-

213 1427 298 1492 tia,
331 1435 390 1482 ut
418 1442 488 1483 ea
537 1443 659 1498 qua
705 1433 829 1481 sunt
873 1442 904 1481 a
955 1426 1156 1482 sanctis
1221 1427 1468 1498 patribus
1521 1426 1812 1482 constituta

214 1531 311 1572 nec
339 1515 708 1587 permiserim,
753 1530 858 1570 nec
895 1514 1074 1586 patiar
1115 1514 1293 1586 aliqua
1332 1515 1569 1570 novitate
1597 1514 1806 1571 violari.

213 1603 324 1662 Etsi
353 1604 506 1660 enim
533 1603 749 1660 diversa
778 1619 1166 1676 nonnunquam
1213 1611 1337 1658 sunt
1383 1603 1570 1659 merita
1598 1620 1812 1675 prasa-

207 1693 333 1758 lum,
385 1701 576 1748 tamen
625 1693 754 1763 jura
807 1699 1128 1764 permanent
1184 1693 1415 1758 sedium,
1476 1693 1672 1764 quibus
1711 1691 1813 1748 etsi

211 1789 435 1853 possunt
491 1781 674 1836 amuli
730 1780 1196 1852 perturbationem
1272 1781 1514 1853 aliquam
1571 1780 1814 1836 fortassis

212 1869 429 1936 inferre,
489 1886 600 1926 non
646 1878 830 1926 tamen
875 1879 1104 1941 possunt
1162 1869 1411 1926 minuere
1470 1870 1812 1943 dignitatem.

208 1960 360 2016 Nunc
387 1967 576 2015 autem
605 1959 677 2015 ad
706 1958 891 2014 omnia
919 1959 1250 2030 generaliter
1281 1959 1642 2030 pronuntiare
1671 1958 1816 2014 διιῆί-

213 2048 332 2114 ciat,
365 2049 522 2120 quod
563 2048 611 2103 si
657 2047 790 2120 quid
836 2063 871 2103 a
917 2063 1193 2120 quoquam
1240 2056 1432 2104 contra
1468 2049 1817 2104 Nicanorum

213 2151 482 2194 canonum
511 2144 716 2192 statuta
743 2136 798 2192 in
837 2152 1163 2208 quacunque
1195 2137 1404 2208 synodo
1435 2137 1522 2194 vel
1551 2144 1816 2192 tentatum

215 2234 310 2296 est,
341 2226 434 2282 vel
463 2227 536 2280 ad
564 2233 780 2296 tempus
810 2226 1026 2282 videtur
1055 2233 1346 2292 extortum,
1391 2226 1524 2280 nihil
1553 2225 1814 2296 prajudi-

213 2315 276 2371 cii
301 2323 486 2387 potest
519 2315 926 2370 inviolabilibus
964 2313 1167 2370 inferre
1210 2314 1465 2371 decretis.
1505 2315 1576 2370 Et
1604 2314 1816 2370 facilius

213 2404 309 2460 erit
373 2403 743 2476 quarumlibet
807 2403 1228 2460 consensionum
1289 2398 1509 2474 pactum
1565 2403 1812 2470 dissolvi,

213 2507 373 2564 quam
416 2493 792 2564 predictorum
837 2508 1110 2548 canonum
1156 2492 1380 2565 regulas
1427 2508 1494 2548 ex
1522 2492 1634 2548 ulla
1659 2499 1816 2564 parte

210 2582 504 2653 corrumpi.
544 2602 568 2633 ι
619 2580 892 2651 Quoniam
937 2581 1204 2638 universa
1245 2581 1400 2653 pacis
1455 2580 1816 2652 tranquillitas

210 2686 314 2726 non
344 2669 510 2726 aliter
527 2669 726 2741 poterit
755 2669 1038 2732 custodiri,
1091 2670 1196 2724 nisi
1245 2685 1342 2725 sua
1387 2670 1692 2726 canonibus
1719 2686 1816 2724 re-

211 2759 454 2815 verentia
475 2759 805 2814 intemerata
833 2766 1099 2814 servetur.
1135 2757 1413 2830 Quidquid
1442 2759 1588 2814 enim
1615 2766 1817 2830 prater

212 2842 478 2914 speciales
507 2858 706 2899 causas
727 2842 1072 2914 synodalium
1093 2841 1464 2899 Conciliorum
1487 2842 1559 2898 ad
1588 2859 1818 2900 examen

212 2931 540 3003 Episcopale
566 2930 828 2999 defertur,
873 2938 1052 3002 potest
1081 2931 1316 3002 aliquam
1343 2931 1680 3001 dijudicandi
1709 2933 1814 2986 ha-

215 3020 342 3075 bere
370 3020 661 3088 rationem,
695 3019 742 3074 si
769 3018 902 3074 nihil
948 3020 1018 3075 de
1049 3035 1114 3076 eo
1155 3028 1237 3075 est
1283 3035 1316 3076 a
1343 3021 1546 3076 sanctis
1574 3020 1817 3092 patribus

210 3109 346 3180 apud
399 3109 648 3166 Nicaam
705 3107 1011 3164 difﬁnitum.
1071 3109 1214 3164 Nam
1270 3109 1418 3181 quod
1472 3108 1544 3164 ab
1595 3109 1815 3164 illorum

215 3197 413 3269 regulis
443 3205 496 3253 et
538 3197 921 3254 constitutione
965 3197 1260 3265 discordat,
1312 3197 1626 3269 apostolica
1668 3197 1814 3254 sedis

215 3302 495 3359 nunquam
521 3287 723 3358 poterit
749 3286 997 3342 obtinere
1032 3301 1380 3343 consensum.

282 3386 376 3441 IX.
409 3387 482 3442 Et
510 3392 735 3441 sanctus
763 3401 907 3456 papa
935 3385 1154 3440 Hilarus
1201 3385 1272 3440 ad
1301 3383 1603 3453 Leontium,
1636 3385 1814 3438 Vera-

213 3491 338 3530 num
365 3483 421 3530 et
453 3473 756 3530 Victorium
784 3473 1091 3546 episcopos,
1127 3475 1266 3530 inter
1305 3481 1502 3530 catera
1532 3473 1603 3528 ad
1631 3473 1814 3530 locum

211 3565 392 3637 (epist.
429 3565 484 3636 4)
512 3581 526 3619 :
560 3565 644 3619 Ita
672 3570 872 3620 vestra
899 3563 1150 3620 charitati
1191 3563 1559 3636 cognitionem
1586 3562 1814 3618 adnexa

212 3652 564 3725 querimonia
591 3652 934 3726 delegamus,
967 3661 1025 3708 ut
1053 3652 1186 3707 nihil
1217 3653 1512 3708 adversum
1541 3668 1813 3708 veneran-

213 3741 309 3798 dos
337 3758 602 3812 canones,
643 3741 779 3796 nihil
829 3749 1017 3798 contra
1063 3749 1264 3798 sancta
1307 3740 1587 3797 memoria
1614 3742 1813 3796 deces-

214 3831 350 3887 soris
377 3831 492 3886 mei
513 3829 785 3902 judicium
812 3830 1020 3902 valeat,
1053 3831 1315 3902 quidquid
1337 3831 1626 3902 obreptum
1653 3829 1814 3886 nobis

215 3935 333 3976 esse
352 3919 678 3977 constiterit.
701 3919 967 3976 Nolumus
988 3935 1244 3993 namque,
1267 3918 1467 3976 fratres
1487 3917 1810 3986 charissimi,

209 4009 586 4066 Ecclesiarum
613 4008 925 4082 privilegia,
975 4025 1098 4080 qua
1145 4024 1364 4080 semper
1393 4015 1516 4064 sunt
1545 4008 1815 4064 servanda

212 4097 487 4166 confundi,
521 4114 625 4154 nec
653 4097 711 4153 in
757 4096 983 4152 alterius
1029 4097 1312 4169 provincia
1349 4097 1650 4153 sacerdotis
1679 4097 1814 4153 alte-

210 4203 327 4243 rum
347 4189 442 4258 jus
468 4187 674 4244 habere
695 4186 1074 4258 permittimus,
1099 4187 1226 4260 quia
1255 4203 1352 4258 per
1370 4189 1476 4244 hoc
1495 4203 1603 4242 non
1633 4186 1814 4242 minus

205 4274 258 4330 in
307 4283 622 4334 sanctarum
671 4275 1025 4332 traditionum
1083 4275 1416 4346 delinquitur
1472 4275 1809 4341 sanctiones,

1905 448 2170 504 Ecclesiis
2201 447 2480 513 ordinare,
2515 446 2646 502 licet
2689 461 3020 502 consensum
3043 445 3334 501 videantur
3369 463 3513 518 pra-

1909 537 2044 592 bere
2069 536 2334 603 nonnulli,
2367 535 2472 590 nisi
2499 534 2696 591 litteris
2735 543 2846 589 tam
2888 534 3314 605 metropolitani,
3349 551 3511 608 quam

1910 634 2232 682 caterorum
2261 624 2352 697 qui
2381 625 2505 680 cum
2553 640 2620 680 eo
2665 631 2790 678 sunt
2836 621 3238 694 episcoporum,
3287 631 3512 696 rogatus

1909 714 2182 782 adveniat,
2236 722 2290 770 et
2331 713 2412 769 sic
2461 713 2532 768 ad
2570 713 2841 770 actionem
2863 711 3139 767 ordinatio
3178 711 3423 768 accedat.
3457 712 3516 768 Si

1909 819 2041 860 vero
2096 803 2246 858 nullo
2293 809 2524 859 vocante
2588 801 2895 857 inordinata
2952 815 3106 855 more
3165 799 3509 871 deprOperet,

1909 907 2076 962 super
2130 891 2401 963 aliquibus
2458 889 2897 946 ordinationibus
2923 931 2936 956 ,
3017 896 3072 944 et
3129 887 3515 944 ecclesiasticis

1910 981 2342 1036 ordinationibus
2387 980 2458 1035 ad
2505 995 2628 1035 eum
2673 995 2784 1034 non
2831 978 3232 1050 pertinentibus
3285 993 3514 1048 compo-

1912 1070 2125 1136 nendis,
2157 1069 2313 1124 irrita
2340 1069 2559 1140 quidem
2587 1083 2710 1140 qua
2758 1068 2827 1123 ab
2861 1083 2928 1122 eo
2957 1074 3220 1139 geruntur
3258 1067 3512 1134 existant,

1911 1159 2028 1229 ipse
2072 1174 2206 1214 vero
2255 1157 2602 1228 incompositi
2653 1164 2831 1212 motus
2883 1157 2982 1223 sui,
3037 1164 3088 1212 et
3134 1155 3518 1210 irrationabilis

1911 1247 2152 1303 audacia
2184 1247 2380 1302 subeat
2426 1247 2708 1312 ultionem,
2760 1262 2828 1301 ex
2873 1246 2980 1302 hoc
3017 1245 3129 1314 jam
3165 1245 3457 1300 damnatus
3487 1259 3522 1300 ο.

1911 1344 2102 1392 sancto
2133 1336 2380 1392 concilio.
2421 1356 2444 1386 ν
2495 1337 2562 1390 Et
2612 1349 2852 1390 consona
2897 1333 3023 1390 huic
3065 1333 3196 1390 dicit
3239 1333 3294 1388 in
3343 1333 3519 1404 capite

1911 1424 2172 1481 vicesimo
2221 1424 2462 1480 secundo
2506 1424 2658 1494 cujus
2713 1421 2991 1479 conclusio
3041 1422 3165 1477 talis
3213 1429 3340 1477 est:
3399 1443 3422 1474 α
3461 1421 3519 1478 Si

1911 1513 2168 1569 ordinare
2194 1529 2304 1568 non
2335 1513 2589 1584 potuerit,
2623 1512 2930 1568 nullatenus
2953 1510 3242 1580 judicabit.
3289 1531 3312 1562 ι

1983 1623 2056 1678 Χ.
2089 1625 2157 1679 Et
2185 1623 2312 1680 hinc
2345 1631 2563 1678 sanctus
2593 1622 2843 1678 Gelasius
2874 1621 2931 1676 in
2961 1621 3194 1676 decretis
3221 1621 3290 1676 ad
3321 1621 3515 1678 omnes

1845 1711 2200 1784 Bepiscopos
2255 1713 2324 1768 de
2392 1711 2654 1766 Institutis
2720 1708 3105 1767 ecclesiasticis
3163 1711 3348 1783 (epist.
3401 1711 3456 1781 6)
3500 1725 3515 1764 :

1921 1822 1943 1850 α
1979 1801 2243 1872 Cumque,
2278 1801 2466 1872 inquit,
2497 1799 2654 1855 nobis
2688 1812 2878 1855 contra
2907 1798 3225 1854 salutarium
3251 1813 3516 1855 reveren-

1916 1888 2047 1944 tiam
2095 1888 2404 1960 regularum
2457 1889 2740 1960 cupiamus
2785 1895 2987 1943 temere
3029 1887 3160 1942 nihil
3209 1886 3405 1954 licere,
3464 1893 3520 1943 et

1915 1994 2039 2033 cum
2077 1977 2237 2034 sedes
2270 1975 2566 2048 apostolica
2599 1975 2846 2048 superior
2888 1975 2972 2030 his
3003 1975 3276 2043 omnibus,
3305 1974 3520 2031 favente

1917 2065 2170 2136 Domino,
2223 2083 2346 2138 qua
2391 2065 2633 2138 paternis
2679 2065 2980 2122 canonibus
3027 2072 3153 2120 sunt
3179 2063 3401 2137 praﬁxa
3427 2063 3520 2136 pio

1917 2155 2224 2228 devotoque
2261 2155 2478 2210 studeat
2506 2163 2694 2210 tenere
2739 2153 3042 2226 proposito,
3075 2153 3204 2209 satis
3233 2152 3520 2227 indignum

1919 2251 2002 2300 est
2023 2260 2358 2317 quemquam
2406 2244 2494 2301 vel
2538 2242 2856 2316 pontiﬁcum
2902 2243 2990 2300 vel
3038 2242 3294 2299 ordinum
3322 2243 3521 2298 subse-

1917 2333 2216 2406 quentium,
2269 2334 2406 2390 hanc
2449 2333 2850 2389 observantiam
2896 2331 3152 2400 refutare,
3187 2345 3352 2404 quam
3379 2329 3522 2388 beati

1917 2422 2061 2478 Petri
2090 2422 2277 2478 sedem
2308 2431 2361 2478 et
2389 2423 2542 2494 sequi
2570 2423 2751 2478 videat
2782 2431 2834 2477 et
2865 2421 3084 2488 docere,
3119 2421 3359 2493 satisque
3389 2435 3522 2478 con-

1917 2511 2144 2567 veniens
2183 2510 2271 2581 sit,
2305 2519 2362 2566 ut
2390 2519 2563 2568 totum
2603 2527 2801 2583 corpus
2848 2509 3112 2566 Ecclesia
3157 2510 3214 2564 in
3251 2511 3353 2566 hac
3379 2507 3520 2564 sibi-

1916 2608 2028 2655 met
2057 2601 2441 2656 observatione
2469 2601 2786 2668 concordet,
2832 2615 2994 2671 quam
3023 2599 3134 2656 illic
3161 2597 3350 2673 vigere
3381 2611 3520 2658 con-

1918 2689 2129 2760 spiciat,
2162 2689 2254 2744 ubi
2283 2689 2549 2746 Dominus
2577 2689 2740 2746 totius
2783 2687 3049 2746 Ecclesia
3089 2689 3272 2760 posuit
3311 2687 3520 2760 princi-

1915 2787 2118 2849 patum.
2176 2799 2200 2829 ι
2261 2779 2620 2834 Attendenda
2676 2793 3020 2849 summopere
3085 2785 3207 2832 sunt
3270 2775 3520 2833 omnibus

1917 2867 2252 2923 nostratibus
2296 2867 2439 2924 inter
2481 2875 2717 2926 caeteros
2761 2866 3036 2939 praecipue
3064 2867 3258 2923 horum
3285 2866 3518 2922 duorum

1917 2957 2148 3012 heroum
2180 2957 2480 3024 sententia,
2515 2956 2711 3013 Leonis
2741 2964 2791 3012 et
2833 2955 3058 3023 Gelasii,
3091 2971 3160 3012 ne
3186 2963 3519 3027 prasumant

1918 3045 2174 3116 discipuli
2223 3045 2371 3118 quod
2415 3045 2584 3102 licere
2633 3045 2736 3100 sibi
2773 3044 3018 3118 magistri
3056 3058 3165 3099 non
3207 3043 3514 3111 voluerunt,

1917 3143 1969 3190 et
1999 3133 2044 3188 si
2073 3135 2143 3190 ad
2170 3135 2302 3189 tanti
2333 3133 2549 3188 tonitrui
2576 3133 2960 3206 magnivocum
3009 3131 3242 3188 sonitum
3281 3139 3518 3188 tremunt

1915 3223 2086 3292 cedri,
2149 3223 2278 3294 quid
2338 3221 2650 3279 faciendum
2707 3221 2775 3278 sit
2828 3221 3048 3277 tabulis.
3089 3220 3176 3276 Ait
3222 3220 3370 3276 enim
3405 3221 3515 3276 Leo

1916 3311 2105 3384 (epist.
2140 3314 2228 3377 56,
2253 3310 2325 3366 ad
2345 3310 2716 3383 Anatolium),
2755 3332 2778 3362 κ
2812 3310 2956 3383 quod
2985 3310 3329 3366 Nicanorum
3356 3323 3520 3366 cano-

1915 3415 2046 3454 num
2072 3415 2173 3470 per
2199 3409 2448 3456 sanctum
2477 3417 2609 3457 vere
2640 3398 2896 3470 Spiritum
2930 3398 3173 3454 ordinata
3201 3397 3438 3454 conditio
3460 3397 3516 3454 in

1914 3488 2060 3543 nulla
2091 3488 2342 3561 cuiquam
2373 3489 2442 3544 sit
2471 3496 2624 3560 parte
2648 3487 2912 3544 solubilis.
2949 3507 2971 3538 an
3020 3489 3080 3541 In
3123 3501 3228 3558 qua
3250 3484 3518 3542 sententia

1915 3576 2064 3632 nulla
2094 3593 2326 3648 persona
2354 3575 2622 3648 excipitur
2645 3619 2658 3643 ,
2692 3591 3037 3649 quacumque
3065 3575 3296 3647 pradita
3324 3582 3514 3647 potes-

1916 3671 2026 3721 tate
2055 3666 2143 3722 vel
2175 3665 2461 3740 dignitate.
2493 3666 2563 3720 Et
2585 3665 2838 3720 Gelasius
2859 3665 3048 3738 (epist.
3073 3664 3129 3737 6)
3153 3681 3167 3718 :
3203 3685 3226 3716 ‹
3248 3664 3512 3737 Cumque,

1915 3753 2108 3826 inquit,
2141 3754 2298 3810 nobis
2329 3763 2521 3810 contra
2549 3753 2870 3810 salutarium
2905 3753 3264 3810 reverentiam
3294 3753 3516 3825 regula-

1914 3860 2036 3898 rum
2067 3843 2346 3914 cupiamus
2375 3851 2576 3900 temere
2601 3842 2734 3897 nihil
2761 3842 2947 3912 licere,
2971 3843 3101 3898 satis
3121 3841 3408 3916 indignum
3433 3850 3518 3898 est

1915 3949 2242 4004 quemquam
2268 3934 2407 3990 hanc
2437 3933 2835 3989 observantiam
2879 3931 3130 3999 refutare,
3178 3947 3342 4004 quam
3368 3931 3515 3986 beati

1913 4021 2058 4077 Petri
2087 4023 2276 4078 sedem
2307 4029 2363 4078 et
2391 4022 2545 4094 sequi
2575 4022 2756 4077 videat
2800 4029 2853 4077 et
2893 4021 3112 4088 docere,
3149 4041 3170 4070 ιο
3214 4021 3353 4077 Hinc
3383 4035 3516 4075 san-

1914 4118 2034 4166 ctus
2060 4111 2416 4184 Augustinus,
2468 4118 2716 4182 tempore
2759 4109 2922 4181 prior,
2971 4109 3092 4166 loco
3121 4109 3412 4180 posterior,
3444 4109 3514 4165 ab

1914 4199 2167 4254 omnibus
2196 4199 2344 4254 sedis
2386 4198 2698 4270 apostolica
2743 4197 3088 4268 pontificibus
3133 4197 3190 4250 in
3232 4213 3331 4252 suo
3370 4205 3513 4252 tem-

1913 4303 2063 4359 pore,
2116 4303 2178 4343 ac
2207 4294 2330 4358 post
2360 4303 2519 4342 suum
2561 4285 2786 4353 obitum,
2829 4285 2938 4340 imo
2955 4292 3012 4340 et
3043 4300 3076 4339 a
3099 4291 3292 4340 cuncta
3321 4286 3511 4340 catho-

209 4381 368 4436 quﬂm
413 4365 473 4420 in
519 4364 776 4435 injuriam
828 4364 1000 4436 iPSiuS
1046 4363 1266 4420 Domini
1320 4363 1626 4436 ΡΓοδΠῖιυΓ,
1688 4380 1844 4448 cum,
1912 4377 2016 4434 lica
2045 4377 2296 4433 Ecclesia
2321 4376 2462 4431 inter
2491 4375 2789 4448 magistros
2809 4374 3044 4447 Optimos
3074 4372 3508 4446 receptissimus.

207 4453 541 4526 exspectatio
587 4452 794 4510 fructus
843 4453 1018 4510 nostri
1058 4453 1367 4524 ministerii,
1405 4473 1428 4504 »
1460 4469 1571 4509 non
1615 4452 1671 4508 in
1726 4469 1810 4508 re-

1913 4465 1968 4520 in
1998 4465 2138 4522 libro
2167 4467 2234 4522 de
2263 4465 2406 4522 Vera
2433 4447 2720 4540 Religione
2751 4465 2898 4539 (cap.
2929 4464 3024 4537 21)
3057 4462 3188 4520 dicit
3220 4479 3234 4518 :
3273 4483 3297 4514 κ
3331 4461 3510 4533 Spiri—

205 4543 424 4616 gionum
453 4542 762 4610 latitudine,
814 4543 912 4599 sed
953 4542 1010 4598 in
1037 4542 1398 4616 acquisitione
1442 4543 1660 4614 ponitur
1687 4541 1810 4598 ani-

206 4647 432 4690 marum.
476 4653 500 4682 ι
553 4631 625 4686 Et
653 4631 784 4686 item
825 4631 976 4688 idem
1015 4633 1086 4687 ad
1129 4632 1418 4704 episcopos
1468 4631 1812 4688 diversarum

207 4721 612 4792 provinciarum
663 4721 854 4794 (epist.
913 4721 1004 4794 10)
1050 4739 1064 4776 :
1121 4742 1144 4772 α
1189 4721 1318 4778 Hac
1373 4720 1444 4776 ad
1500 4721 1811 4777 universam

205 4810 526 4866 charitatem
557 4816 798 4866 vestram
827 4817 880 4866 et
909 4809 1022 4879 jam
1051 4826 1150 4881 per
1175 4809 1400 4866 fratrem
1440 4818 1493 4864 et
1521 4810 1810 4882 coepisco-

210 4915 332 4970 pum
359 4907 616 4955 nostrum
657 4898 951 4955 Antonium
993 4899 1197 4971 scripta
1237 4898 1556 4955 direximus.
1601 4898 1810 4968 Quibus

207 4988 468 5045 admoniti
513 4988 822 5045 communis
877 4988 1119 5044 omnium
1173 4989 1481 5044 sollicitudo
1535 4996 1804 5060 procuret,

203 5092 268 5133 ne
296 5079 606 5150 quisquam.
623 5075 796 5134 frater
821 5076 878 5132 in
917 5077 1138 5133 alterius
1167 5086 1530 5149 prompturus
1559 5077 1808 5148 injuriam

206 5167 520 5224 trascendat
566 5165 832 5223 terminos
879 5166 1208 5222 venerandis
1255 5166 1504 5223 Patribus
1548 5166 1809 5224 constitu-

208 5263 306 5312 tos.
341 5277 364 5309 ι
399 5259 483 5313 De
531 5255 732 5328 quibus
769 5257 1018 5312 terminis
1064 5257 1462 5313 Antiochenam
1491 5257 1804 5324 concilium,

207 5343 260 5398 in
283 5361 488 5418 magna
515 5333 730 5418 sjnodo
759 5345 1190 5404 Chalcedonensi
1211 5345 1598 5413 collaudatum,
1631 5345 1808 5418 capite

211 5432 418 5493 decimo
447 5435 613 5492 tertio
633 5434 766 5490 dicit
792 5435 972 5507 (conc.
999 5435 1282 5502 Antioch,
1305 5435 1550 5506 canam)
1575 5451 1587 5490 :
1616 5455 1640 5486 ι
1673 5434 1810 5490 Nul-

209 5527 290 5586 lus
345 5533 646 5607 episcOpus
683 5548 750 5590 ex
803 5533 909 5590 alia
965 5533 1247 5606 provincia
1293 5531 1494 5590 audeat
1535 5531 1606 5588 ad
1646 5532 1806 5590 aliam

1913 4555 2073 4612 tualis
2121 4557 2284 4612 homo
2331 4555 2540 4626 judicat
2579 4555 2781 4621 omnia,
2823 4554 2942 4625 ipse
2992 4561 3173 4610 autem
3217 4567 3248 4606 a
3293 4550 3510 4606 nemine

1905 4645 2200 4716 judicatur,
2232 4647 2288 4701 id
2318 4653 2400 4701 est
2445 4661 2480 4700 a
2525 4645 2676 4700 nullo
2721 4643 2960 4712 homine,
3011 4641 3108 4696 sed
3153 4655 3187 4696 a
3229 4638 3349 4695 sola
3390 4638 3513 4712 ipsa

1911 4730 2055 4802 lege,
2098 4730 2399 4787 secundum
2447 4746 2612 4802 quam
2649 4728 2856 4800 judicat
2901 4725 3101 4792 omnia,
3153 4723 3412 4796 quoniam
3459 4733 3514 4781 et

1911 4818 2044 4874 illud
2099 4819 2385 4876 verissime
2442 4819 2648 4874 dictum
2701 4824 2784 4872 est
2825 4833 2838 4868 :
2881 4813 3110 4885 Oportet
3161 4828 3264 4868 nos
3319 4829 3513 4870 omnes

1913 4907 2160 4965 exhiberi
2188 4916 2314 4964 ante
2331 4907 2570 4962 tribunal
2611 4903 2827 4961 Christi.
2877 4901 3077 4958 Omnia
3123 4919 3260 4976 ergo
3282 4903 3508 4974 judicat,

1911 4998 2036 5070 quia
2065 5014 2232 5069 super
2261 4997 2442 5054 omnia
2475 5005 2556 5052 est
2587 4992 2802 5066 quando
2827 5008 2949 5048 cum
2970 4993 3086 5048 Deo
3115 4999 3232 5060 est;
3265 5007 3390 5049 cum
3418 4992 3513 5049 illo

1912 5095 2094 5144 autem
2124 5096 2225 5156 est,
2259 5086 2478 5160 quando
2528 5081 2821 5154 purissime
2851 5081 3122 5156 intelligit,
3157 5088 3209 5137 et
3239 5089 3348 5137 tota
3376 5082 3512 5139 cha-

1908 5177 2070 5234 ritate
2102 5177 2247 5250 quod
2276 5172 2528 5244 intelligit
2553 5169 2749 5245 diligit.
2799 5171 2882 5228 Ita
2921 5171 3084 5228 etiam
3121 5178 3386 5244 quantum
3411 5186 3510 5242 po-

1910 5271 2034 5329 test,
2089 5262 2176 5317 lex
2230 5261 2350 5331 ipsa
2405 5257 2566 5313 etiam
2625 5255 2703 5324 ﬁt,
2759 5257 3060 5314 secundum
3107 5271 3274 5328 quam
3303 5255 3514 5326 judicat

1909 5351 2110 5416 omnia,
2145 5355 2198 5405 et
2239 5348 2309 5403 de
2355 5362 2464 5418 qua
2498 5346 2743 5418 judicare
2789 5347 2969 5404 nullus
3013 5353 3192 5419 potest
3224 5362 3238 5400 :
3269 5343 3408 5401 sicut
3453 5344 3511 5400 in

1909 5439 2024 5494 istis
2051 5436 2444 5509 temporalibus
2472 5435 2704 5511 legibus,
2757 5451 3069 5510 quanquam
3116 5435 3187 5490 de
3212 5433 3297 5489 his
3324 5432 3506 5489 homi-

1907 5545 2008 5586 nes
2031 5527 2273 5600 judicent
2299 5541 2424 5584 cum
2469 5541 2562 5584 eas
2590 5525 2893 5596 instituunt,
2944 5533 3127 5582 tamen
3155 5539 3280 5582 cum
3307 5520 3506 5579 fuerint
