4072 6300
544 223 649 277 195
1550 217 1894 276 HINCMARI
1920 217 2326 276 RHEMENSIS
2352 215 2904 274 ARCHIEPISCOPI.
3735 215 3843 270 196

544 344 805 400 institutae
833 349 998 415 atque
1027 340 1274 410 firmatae,
1327 358 1436 398 non
1480 342 1666 399 licebit
1709 343 1878 414 judici
1917 344 1986 400 de
2011 343 2146 414 ipsis
2171 342 2229 405 Α
2249 349 2330 397 tes
2350 351 2568 399 nostras
2589 342 2833 413 ejusdem
2854 338 3096 396 remedio
3116 336 3549 410 dispensationis
3570 336 3860 394 excubias.

538 433 806 503 judicare,
832 431 930 488 sed
951 432 1252 489 secundum
1272 433 1440 504 ipsas.
1463 432 1725 488 Conditor
1745 441 1926 489 tamen
1959 433 2145 506 legum
2246 433 2314 488 Et
2341 432 2466 488 licet
2492 432 2561 488 de
2592 431 2822 504 singulis
2851 446 2960 485 non
2989 429 3241 502 indigeas
3269 427 3508 495 edoceri,
3543 443 3576 482 a
3604 443 3715 499 quo
3740 427 3860 496 jam

543 521 950 594 temporalium,
983 522 1032 576 si
1055 521 1140 578 vir
1159 522 1335 578 bonus
1355 529 1438 577 est
1459 530 1511 576 et
1533 522 1772 593 sapiens,
1802 522 1952 578 illam
1972 523 2146 594 ipsam

549 611 782 668 consulit
803 619 1086 677 aeternam,
1111 611 1178 666 de
1201 627 1309 684 qua
1329 610 1464 666 nulli
1484 611 1680 666 anima:
1694 612 1943 681 judicare
1959 613 2147 668 datum

545 709 648 766 est,
680 708 738 754 ut
768 700 1069 756 secundum
1098 700 1218 769 ejus
1237 699 1711 756 incommutabiles
1741 701 1980 774 regulas,
2016 701 2146 773 quid

542 790 612 844 sit
641 805 742 860 pro
793 797 1036 860 tempore
1077 789 1382 858 jubendum
1416 790 1816 861 velandumque
1847 789 2144 845 discernat.

544 879 822 934 Eternam
850 877 1014 949 igitur
1041 877 1226 951 legem
1252 879 1470 934 mundis
1493 879 1690 934 animis
1721 877 1800 934 fas
1831 887 1912 934 est
1942 895 2148 952 cogno-

541 980 720 1034 scere,
745 965 989 1036 judicare
1019 981 1130 1022 non
1158 967 1241 1022 fas
1271 976 1374 1023 est.
1415 989 1436 1018 ι

611 1056 709 1110 ΧΙ.
741 1055 907 1124 Cujus
950 1056 1275 1112 sententiam
1319 1065 1371 1111 et
1419 1057 1610 1112 beatus
1661 1057 1912 1113 Gelasius
1942 1057 2148 1114 confir-

539 1151 652 1200 mat
678 1144 736 1200 in
763 1145 1001 1201 decretis
1030 1145 1101 1201 ad
1130 1145 1418 1216 episcopos
1449 1163 1550 1217 per
1579 1147 1912 1203 Dardaniam
1943 1147 2149 1204 consti-

541 1241 706 1300 tutos,
740 1233 930 1289 dicens
957 1234 1146 1307 (epist,
1177 1239 1230 1301 2,
1266 1235 1368 1289 sub
1407 1235 1644 1306 initium)
1679 1252 1693 1291 :
1731 1258 1755 1287 ς
1790 1234 2148 1302 Conﬁdimus,

538 1323 689 1394 quod
751 1322 933 1378 nullus
989 1323 1107 1392 jam
1169 1323 1440 1380 veraciter
1508 1324 1846 1380 Christianus
1912 1326 2148 1398 ignoret,

537 1411 700 1466 unius
733 1411 995 1482 cujusque
1025 1412 1222 1483 synodi
1243 1413 1616 1481 constitutum,
1643 1414 1790 1486 quod
1819 1413 2152 1471 universalis

538 1499 802 1556 Ecclesiae
844 1501 1099 1570 probavit
1143 1517 1423 1569 assensus,
1477 1502 1688 1558 nullam
1717 1503 1897 1576 magis
1928 1501 2157 1576 exsequi

2247 521 2596 592 probavimus
2625 520 2832 577 acutius
2877 519 3132 574 universa
3171 517 3398 588 servari,
3431 516 3640 590 gratius
3672 523 3862 571 tamen

2249 625 2372 665 esse
2404 610 2558 676 solet,
2595 609 2641 664 si
2669 609 2824 664 ituris
2853 617 3053 665 trames
3083 607 3409 674 ostenditur,
3441 615 3493 662 et
3523 604 3858 662 laboraturis

2249 698 2471 768 injuncti
2511 699 2694 770 operis
2740 697 2921 754 forma
2967 704 3321 754 monstratur.
3373 697 3636 752 Paternas
3681 694 3861 768 igitur

2249 787 2492 860 regulas,
2526 795 2579 843 et
2608 787 2832 844 decreta
2861 786 3219 843 sanctissimis
3247 785 3472 841 diliinita
3501 783 3752 841 conciliis
3785 783 3858 839 ab

2249 877 2502 932 omnibus
2551 877 2823 932 servanda
2863 877 3201 932 mandamus.
3251 877 3312 930 In
3370 875 3455 929 his
3505 873 3856 947 vigilantiam

2250 975 2418 1036 tuam,
2452 966 2506 1021 in
2537 966 2622 1020 his
2651 983 2839 1022 curam
2870 974 2922 1022 et
2953 965 3202 1020 fraternae
3222 963 3427 1020 monita
3455 961 3858 1018 exhortationis

2249 1055 2606 1112 ostendimus.
2641 1055 2736 1110 His
2766 1071 2850 1120 ea,
2903 1063 3106 1126 quanta
3151 1053 3376 1125 dignum
3405 1060 3507 1120 est,
3539 1051 3858 1108 reverentia

2251 1144 2556 1215 custoditis,
2615 1145 2824 1199 nullum
2883 1143 3136 1215 relinquit
3192 1143 3366 1214 culpa:
3406 1142 3588 1198 locum
3645 1149 3862 1197 sancta

2253 1233 2650 1290 observationis
2697 1232 3056 1290 obstaculum.
3116 1232 3196 1286 Ibi
3244 1231 3328 1287 fas
3382 1230 3646 1303 nefasque
3701 1247 3860 1302 prae-

2255 1324 2519 1394 scriptum
2549 1330 2652 1388 est,
2684 1323 2758 1378 ibi
2783 1322 3137 1394 prohibitum,
3169 1321 3240 1378 ad
3270 1321 3418 1393 quod
3441 1319 3622 1376 nullus
3652 1320 3861 1375 audeat

2256 1412 2500 1483 aspirare
2525 1455 2540 1478 ,
2597 1411 2673 1467 ibi
2729 1427 3050 1468 concessum
3109 1410 3238 1483 quid
3295 1410 3490 1466 debeat
3542 1425 3701 1466 mens
3738 1409 3861 1464 Deo

2258 1501 2526 1573 placitura
2555 1517 2910 1573 praesumere.
2945 1501 3170 1570 Quoties
3215 1501 3486 1556 universae
3513 1499 3688 1571 poscit
3715 1498 3861 1554 reli-

538 1588 730 1644 sedem
774 1605 891 1660 prae
937 1589 1151 1645 caeteris
1196 1598 1454 1662 oportere
1494 1608 1660 1663 quam
1723 1592 1983 1663 primam,
2038 1609 2160 1663 quae
2258 1590 2438 1664 gionis
2467 1607 2636 1647 causa
2683 1590 2992 1656 concilium,
3039 1597 3092 1644 te
3139 1589 3316 1646 cuncti
3347 1588 3548 1644 fratres
3591 1595 3862 1644 evocante

543 1692 980 1749 unamquamque
1020 1679 1290 1750 synodum
1329 1687 1382 1734 et
1422 1696 1521 1735 sua
1559 1681 1890 1738 auctoritate
1947 1679 2150 1736 conlir-
2178 1704 2234 1766 B
2260 1679 2586 1738 conveniant
2619 1699 2632 1736 :
2663 1688 2715 1736 et
2741 1681 2788 1735 si
2819 1697 2956 1752 quos
2987 1696 3177 1736 eorum
3216 1679 3464 1750 specialis
3493 1677 3700 1750 negotii
3727 1677 3862 1749 pul-

539 1773 674 1832 mat,
725 1773 778 1822 et
828 1767 1140 1823 continuata
1185 1769 1557 1826 moderatione
1597 1770 1868 1839 custodit,
1910 1787 2012 1842 pro
2051 1789 2152 1828 suo
2196 1765 2219 1766 7’
2257 1778 2340 1825 sat
2370 1769 2614 1840 intentio,
2641 1769 2828 1842 jurgia
2856 1769 2998 1824 inter
3041 1785 3137 1825 eos
3179 1769 3376 1824 oborta
3414 1783 3724 1838 compesce,
3767 1765 3862 1822 di-

541 1855 751 1912 scilicet
791 1855 1122 1928 principatu,
1165 1873 1329 1928 quem
1375 1857 1567 1914 beatus
1623 1861 1818 1914 Petrus
1873 1861 2154 1932 apostolus

541 1943 762 2000 Domini
793 1959 929 2001 voce
959 1953 1298 2016 perceptum,
1350 1947 1598 2003 Ecclesia
1627 1948 1978 2004 nihilominus
2026 1951 2154 2004 sub-

545 2041 832 2106 sequente,
866 2039 919 2088 et
947 2033 1122 2089 tenuit
1149 2051 1387 2106 semper,
1407 2044 1460 2091 et
1490 2035 1709 2094 retinet.
1751 2058 1772 2088 ι»
1798 2039 1866 2093 Ει
1896 2039 2152 2110 Symma-

543 2121 680 2178 chus
735 2137 880 2194 papa
941 2121 1010 2176 ad
1065 2123 1364 2180 Caasarium
1413 2125 1788 2182 Arelatensem
1835 2127 2156 2198 episcopum

544 2212 732 2283 (epist.
770 2210 894 2282 ll):
924 2232 947 2262 ‹
988 2211 1332 2268 Rationabile
1371 2221 1453 2270 est
1493 2221 1549 2269 ut
1589 2223 1780 2271 sancta
1816 2217 2156 2273 Arelatensis

539 2299 795 2356 Ecclesia
827 2300 1070 2372 propriis
1090 2301 1392 2375 privilegiis
1416 2303 1756 2374 perfruatur,
1792 2312 1844 2360 et
1877 2307 2026 2378 quod
2054 2322 2154 2362 ve-

541 2395 714 2443 tustas
734 2389 1002 2460 praestitit,
1039 2398 1092 2446 et
1112 2391 1332 2447 Patrum
1353 2391 1648 2449 auctoritas
1672 2393 1968 2462 roboravit,
2011 2411 2156 2452 nova

539 2493 650 2533 non
679 2477 842 2534 debet
871 2478 1080 2536 violare
1125 2481 1478 2553 praesumptio
1504 2499 1516 2538 :
1543 2481 1622 2538 sic
1658 2491 1862 2552 tamen,
1897 2493 1956 2539 ut
1986 2493 2154 2542 ciete-

539 2574 720 2626 tarum
754 2567 1128 2625 Ecclesiarum
1173 2570 1465 2644 privilegia
1513 2573 1852 2644 temporibus
1881 2574 2153 2644 acquisita

537 2671 651 2730 non
679 2656 927 2726 titubent,
960 2657 1089 2730 quia
1120 2675 1230 2714 non
1258 2667 1440 2731 potest
1467 2677 1534 2716 ex
1562 2669 1720 2732 parte
1753 2660 1975 2718 firmum
2005 2679 2150 2732 esse,

541 2744 692 2816 quod
721 2745 1096 2817 generalitatis
1116 2747 1288 2820 tangit
1308 2748 1584 2819 injuriam.
1609 2751 1956 2807 Manentibus
1985 2752 2154 2825 siqui-

543 2832 672 2890 dem
691 2833 780 2889 his
799 2851 921 2907 quaa
942 2835 1164 2891 Patrum
1184 2837 1477 2893 constituta
1493 2837 1727 2912 singulis
1747 2840 2008 2897 Ecclesiis
2029 2857 2158 2898 con-

541 2931 845 2991 cesserunt,
880 2923 1224 2980 decernimus
1255 2933 1315 2981 ut
1335 2927 1480 2983 circa
1509 2943 1594 2995 ea,
1616 2945 1739 3000 qua:
1767 2936 1876 2985 tam
1896 2929 1953 2984 in
1977 2930 2154 2987 Gallia

543 3028 708 3084 quam
767 3011 822 3068 in
872 3013 1136 3086 Hispania
1182 3015 1478 3086 provinciis
1525 3017 1594 3073 de
1651 3033 1818 3074 causa
1865 3019 2147 3091 religionis

2255 1874 2443 1914 scussa
2471 1875 2630 1915 sacra
2657 1858 2782 1932 lege
2801 1857 3218 1914 determinando
3236 1857 3554 1914 certamina.
3579 1854 3862 1927 Quidquid

2255 1955 2437 2003 autem
2483 1947 2595 2004 illic
2648 1963 2747 2019 pro
2802 1946 2909 2002 ﬁde
2966 1955 3020 2003 et
3074 1947 3297 2003 veritate
3352 1946 3722 2012 constitutum,
3773 1958 3863 2012 ve]

2253 2036 2478 2108 provida
2505 2035 2913 2108 dispensatione
2952 2044 3307 2108 praeceptum,
3359 2036 3447 2091 vel
3474 2050 3724 2107 persona:
3751 2049 3861 2090 no-

2255 2133 2384 2182 strae
2437 2125 2754 2183 auctoritate
2809 2125 2972 2182 tuerit
3033 2124 3412 2182 confirmatum
3445 2169 3458 2190 ,
3519 2132 3692 2180 totum
3712 2164 3727 2193 ,
3785 2123 3860 2178 ad

2255 2215 2540 2271 scientiam
2606 2223 2854 2271 nostram
2937 2215 3201 2271 instructa
3267 2212 3548 2269 relationis
3630 2219 3864 2268 attesta-

2253 2303 2401 2360 tione
2438 2305 2741 2375 perveniat.
2790 2305 2872 2360 Eo
2925 2303 2984 2359 fit
3029 2311 3087 2358 ut
3131 2311 3185 2359 et
3220 2311 3408 2359 noster
3444 2301 3660 2358 animus
3697 2301 3864 2358 ofﬁcii

2257 2392 2525 2450 charitate
2553 2392 2703 2460 dati,
2737 2400 2791 2448 et
2821 2400 2944 2449 tuus
2965 2391 3258 2448 securitate
3286 2391 3598 2463 perfruatur
3625 2390 3864 2462 accepti.

2255 2482 2402 2538 Deus
2431 2489 2485 2537 te
2514 2481 2842 2538 incolumem
2873 2481 3160 2548 custodiat,
3194 2481 3365 2536 frater
3393 2479 3740 2537 charissima.
3777 2501 3804 2530 ι

2325 2571 2449 2626 XII.
2479 2571 2549 2626 Et
2580 2579 2800 2628 sanctus
2847 2570 3146 2643 Gregorius
3192 2570 3248 2626 in
3292 2569 3523 2642 epistola
3569 2568 3641 2624 ad
3667 2569 3860 2642 Virgi-

2253 2659 2385 2715 lium
2429 2660 2808 2716 Arelatensem
2855 2660 3172 2732 episcopum
3215 2661 3335 2732 (tib.
3386 2675 3460 2724 IV,
3514 2660 3680 2731 epist.
3715 2659 3810 2729 52)
3843 2675 3859 2713 :

2261 2770 2282 2800 α
2316 2749 2664 2804 Fraternitati
2693 2756 2818 2816 tuae,
2869 2748 3060 2821 inquit,
3113 2749 3264 2805 vices
3307 2757 3526 2804 nostras
3569 2747 3624 2801 in
3654 2747 3859 2804 Eccle-

2255 2837 2351 2892 siis
2383 2854 2507 2910 quaa
2537 2837 2639 2893 sub
2669 2854 2844 2912 regno
2875 2845 3000 2893 sunt
3039 2835 3528 2909 praecellentissimi
3555 2834 3654 2891 filii
3681 2835 3860 2891 nostri

2254 2926 2607 2994 Childeberti,
2652 2927 2807 2996 juxta
2850 2927 3130 2999 antiquum
3211 2942 3422 2982 morem
3473 2927 3590 2981 Deo
3628 2932 3858 2981 auctore

2254 3016 2661 3072 committimus.
2697 3016 2939 3090 Singulis
2967 3016 3236 3088 siquidem
3261 3013 3624 3086 metropolitis
3654 3030 3855 3071 secun-

560 3067 578 3084 ι
628 3067 635 3068 ,
900 3067 1133 3086 ira,“
1182 3067 1474 3086 r_-___-__-
1530 3067 1592 3073 η
1655 3067 1817 3074 ,πη
1865 3067 1964 3074 -__
2006 3067 2146 3076 _____
2261 3067 2660 3072 --m___--___"_-
2697 3067 2936 3090 τὼν-,-
2968 3067 3236 3088 --Ίη-,ω
3656 3067 3830 3071 ﬁ-“

541 3101 904 3171 emerserint,
959 3102 1182 3160 solertia
1233 3111 1341 3160 tua;
1397 3104 1749 3163 fraternitatis
1804 3067 2070 3182 invigilet.
2117 3130 2140 3160 »
2175 3067 2226 3133 C
2249 3105 2380 3161 dum
2407 3105 2650 3177 priscam
2677 3105 3129 3162 consuetudinem
3159 3105 3380 3177 proprio
3415 3105 3625 3160 honore
3657 3119 3858 3160 serva-

537 3189 606 3246 Et
647 3199 772 3262 post
807 3190 1088 3264 aliquanta
1129 3210 1144 3248 :
1192 3214 1214 3245 ι
1258 3194 1433 3268 Igitur
1479 3197 1942 3268 quemadmodum
1981 3214 2147 3270 supra

538 3278 792 3347 diximus,
821 3296 922 3351 per
960 3281 1204 3354 singulas
1234 3283 1514 3340 Ecclesias
1549 3284 1834 3353 beneficia,
1867 3303 1990 3359 qua:
2022 3295 2148 3342 sunt

539 3366 635 3422 diu
665 3368 954 3436 custodita,
990 3378 1300 3426 serventur.
1329 3392 1352 3422 ι
1375 3373 1446 3427 Et
1466 3372 1592 3430 hinc
1614 3383 1836 3432 sanctus
1855 3376 2148 3432 Hormisda

538 3453 596 3509 in
625 3455 856 3527 epistola
903 3457 976 3514 ad
1022 3457 1241 3514 beatum
1288 3460 1598 3533 Remigium
1645 3463 1979 3520 Rhemorum
2025 3463 2147 3535 epi-

541 3559 770 3617 scopum
800 3545 1037 3618 scripsit,
1070 3547 1259 3604 dicens
1284 3565 1296 3605 :
1323 3571 1345 3600 α
1380 3549 1748 3606 Dilectissimo
1777 3551 1934 3607 fratri
1964 3552 2148 3609 Remi-

541 3632 636 3706 gio
673 3634 983 3692 Hormisda.
1036 3636 1407 3708 Suscipientes
1444 3639 1604 3710 plena
1641 3639 1996 3696 fraternitatis
2041 3649 2148 3699 tua

541 3723 1017 3796 congratulatione
1046 3725 1319 3798 colloquia
1343 3771 1357 3796 ,
1393 3728 1590 3801 quibus
1620 3746 1722 3785 nos
1753 3747 2035 3804 germanae
2064 3746 2150 3787 sa-

540 3810 670 3866 lutis
700 3818 806 3868 tua:
833 3811 1125 3871 lietiticavit
1170 3814 1372 3872 indicio
1421 3818 1696 3889 corporali
1723 3835 1846 3874 cum
1889 3819 2148 3891 spiritua-

540 3899 684 3955 libus
716 3897 912 3958 ofﬁciis
955 3901 1326 3961 incolumitate
1373 3905 1642 3974 subnixia,
1691 3923 1995 3980 congruum
2024 3925 2148 3967 esse

542 3989 922 4061 perspeximus
950 3993 1092 4049 hanc
1120 3993 1298 4065 ipsam
1317 4010 1481 4066 quam
1501 4003 1680 4052 mente
1701 3997 1945 4070 gerimus
1966 3998 2149 4054 verbis

541 4077 756 4149 aperire
781 4079 1043 4137 laetitiam.
1084 4083 1220 4156 Agis
1253 4083 1400 4138 enim
1423 4076 1630 4140 summi
1656 4085 1985 4144 documenta
2004 4104 2148 4160 pon-

538 4163 718 4236 tificis,
777 4169 908 4226 dum
954 4179 1008 4227 et
1049 4171 1402 4244 praedicanda
1457 4173 1612 4242 facis,
1666 4182 1720 4232 et
1751 4192 1817 4233 ea
1868 4176 2148 4235 insinuare

539 4272 651 4313 non
679 4256 887 4315 differs.
921 4260 1350 4334 Praerogativam
1387 4262 1552 4337 igitur
1597 4265 1666 4320 de
1695 4266 1869 4322 nostri
1907 4267 2149 4340 sumpsi-

539 4362 662 4402 mus
693 4347 960 4406 electione
1009 4349 1216 4417 indicii,
1267 4353 1486 4424 quando
1533 4353 1588 4408 id
1616 4363 1899 4425 operatum
1945 4363 1996 4411 te
2025 4372 2150 4412 esse

2247 3201 2320 3262 to,
2361 3195 2588 3268 pallium
2618 3211 2836 3268 quoque
2885 3195 3337 3251 transmissimus.
3377 3215 3400 3245 ι
3442 3193 3510 3248 Ei
3539 3193 3596 3249 in
3627 3193 3868 3265 epistola

2247 3285 2318 3340 ad
2391 3285 2736 3342 Dominicum
2804 3285 3292 3356 Carthaginensem
3375 3281 3859 3354 archiepiscOpum

2249 3373 2368 3445 (tib.
2402 3389 2478 3443 x1,
2509 3377 2674 3448 epist.
2707 3373 2800 3447 39)
2833 3391 2847 3429 :
2879 3375 2961 3429 De
2988 3372 3400 3443 ecclesiasticis,
3433 3371 3644 3444 inquit,
3678 3371 3859 3444 privi-

2247 3462 2409 3536 legiis
2439 3463 2586 3536 quod
2615 3472 2797 3520 vestra
2823 3463 3138 3520 fraternitas
3175 3463 3378 3530 scribit,
3409 3462 3516 3518 hoc
3547 3463 3859 3533 postposita

2247 3551 2582 3608 dubitatione
2631 3560 2830 3620 teneat,
2878 3551 3024 3624 quia,
3077 3552 3217 3608 sicut
3245 3559 3432 3608 nostra
3469 3549 3820 3608 defendimus
3841 3597 3854 3622 ,

2249 3640 2326 3696 ita
2354 3640 2585 3714 singulis
2613 3641 2922 3714 quibusque
2949 3641 3212 3698 Ecclesiis
3259 3658 3356 3698 sua
3389 3641 3517 3711 jura
3543 3655 3856 3698 servamus.

2240 3725 2358 3781 Nec
2391 3725 2616 3782 cuilibet
2684 3725 2898 3782 favente
2957 3725 3139 3800 gratia
3194 3726 3338 3783 ultra
3397 3739 3563 3798 quam
3607 3735 3860 3784 meretur

2248 3812 2550 3884 impartior,
2601 3830 2704 3871 nec
2739 3813 2834 3870 ulli
2876 3815 2980 3871 hoc
3025 3815 3174 3887 quod
3213 3815 3297 3870 sui
3328 3813 3469 3885 juris
3516 3819 3600 3871 est
3646 3815 3859 3872 ambitu

2250 3901 2560 3958 stimulante
2615 3903 2826 3976 derogo
2885 3921 2899 3958 :
2958 3904 3058 3960 sed
3093 3903 3291 3961 fratres
3341 3921 3494 3962 meos
3530 3921 3632 3978 per
3668 3905 3860 3962 omnia

2249 3991 2523 4048 honorare
2553 3991 2733 4063 cupio,
2768 3989 2955 4064 sicque
2986 3993 3178 4049 studeo
3205 3994 3414 4050 honore
3445 3993 3694 4069 singulos
3724 3995 3860 4050 sub-

2249 4079 2393 4148 vehi,
2426 4081 2722 4137 dummodo
2767 4097 2877 4137 non
2909 4081 2978 4137 sit
3024 4083 3172 4154 quod
3219 4083 3377 4138 alteri
3407 4084 3532 4154 jure
3577 4083 3648 4140 ab
3678 4083 3858 4140 altero

2248 4169 2422 4242 possit
2451 4170 2671 4242 opponi.
2709 4191 2733 4222 ι
2775 4171 2840 4226 Ει
2869 4171 2942 4227 ad
2970 4171 3224 4227 Natalem
3246 4171 3617 4229 Salonitanum
3645 4173 3860 4244 episco-

2248 4275 2380 4331 pum
2408 4259 2530 4332 (lib,
2563 4260 2707 4328 eod.,
2735 4263 2901 4334 epist.
2936 4260 3062 4332 37):
3091 4283 3114 4312 α
3140 4260 3320 4330 Quod,
3340 4261 3533 4334 inquit,
3554 4261 3735 4319 dicitis
3755 4279 3860 4319 no-

2250 4348 2378 4404 stris
2409 4349 2751 4420 temporibus
2783 4350 2990 4407 debere
3021 4350 3252 4419 servari,
3285 4366 3454 4423 quaea
3475 4351 3614 4407 meis
3633 4367 3860 4424 quoque

539 4433 850 4504 didicimus,
877 4437 1024 4508 quod
1062 4439 1274 4494 caeteris
1313 4441 1592 4514 agendum
1621 4443 1872 4499 obnixius
1900 4443 2145 4516 impera-
2173 4430 2230 4494 D
2251 4437 2752 4509 praedecessoribus
2798 4439 2999 4496 tradita
3040 4448 3204 4512 atque
3232 4441 3498 4496 custodita
3527 4448 3672 4508 sunt,
3709 4440 3860 4496 absit

543 4541 685 4593 mus,
720 4533 779 4581 ut
809 4525 866 4580 in
903 4525 1202 4598 provinciis
1233 4535 1382 4584 tanta
1412 4529 1810 4604 longinquitate
1839 4532 2146 4602 disjunctis,

542 4623 596 4670 et
625 4614 944 4687 apostolicae
981 4615 1129 4672 sedis
1157 4615 1425 4688 vigorem,
1455 4626 1510 4674 et
1539 4619 1762 4676 Patrum
1800 4621 2010 4694 regulis
2030 4631 2150 4680 stu-

544 4702 679 4759 deas
719 4704 982 4761 adhibere
1022 4705 1348 4762 custodiam.
1398 4707 1560 4764 Vices
1605 4707 1784 4781 itaque
1812 4717 2028 4766 nostras
2054 4728 2152 4783 per

544 4806 706 4848 omne
733 4809 965 4867 regnum
995 4794 1181 4852 dilecti
1219 4802 1271 4850 et
1302 4795 1601 4866 spiritualis
1621 4795 1716 4852 filii
1747 4797 1922 4854 nostri
1953 4799 2154 4856 Clodo-

542 4879 650 4948 vei,
721 4897 884 4952 quem
937 4900 1116 4955 nuper
1178 4883 1603 4942 adminiculante
1669 4902 1908 4958 superna
1972 4887 2152 4962 gratia

541 4969 812 5041 plurimis,
847 4978 900 5026 et
943 4973 1316 5044 apostolorum
1345 4974 1682 5046 temporibus
1722 4976 2146 5048 aequiparandis,

543 5059 830 5131 signorum
915 5059 1195 5117 miraculis
1277 5062 1726 5134 praedicationem
1815 5065 2150 5124 salutiferam

545 5146 948 5220 comitantibus,
983 5149 1056 5206 ad
1102 5148 1264 5205 fidem
1296 5167 1420 5208 cum
1464 5159 1628 5226 gente
1656 5153 1874 5228 integra
1911 5171 2149 5213 conver-

541 5236 701 5304 tistis,
735 5245 788 5293 et
836 5239 978 5296 sacri
1019 5239 1166 5295 dono
1197 5239 1538 5311 baptismatis
1577 5244 1933 5314 consecrasti,
1982 5245 2152 5301 salvis

541 5325 865 5399 privilegiis,
900 5345 1021 5401 quae
1062 5328 1497 5400 metropolitanis
1544 5330 1787 5389 decrevit
1831 5333 2146 5407 antiquitas,

539 5416 798 5488 praesenti
841 5418 1162 5474 auctoritate
1211 5419 1601 5476 committimus
1635 5439 1648 5477 :
1680 5433 1946 5497 augentes
1988 5423 2153 5480 studii

539 5506 697 5578 hujus
725 5507 1139 5582 participatione
1183 5507 1469 5568 ministerii
1516 5509 1860 5588 dignitatem,
1893 5513 2150 5573 relevan-

2249 4528 2357 4584 hoc
2386 4543 2420 4582 a
2445 4543 2555 4595 me,
2589 4536 2646 4584 ut
2675 4535 2875 4585 statuta
2893 4530 3164 4598 majorum
3194 4530 3683 4588 consacerdotibus
3711 4529 3857 4586 meis

2249 4615 2307 4672 in
2334 4616 2575 4688 qualibet
2610 4619 2861 4676 Ecclesia
2907 4618 3222 4693 infringam,
3270 4619 3400 4692 quia
3425 4619 3557 4676 mihi
3597 4618 3857 4690 injuriam

2249 4703 2412 4775 facio,
2447 4706 2493 4762 si
2522 4706 2749 4764 fratrum
2777 4725 3026 4766 meorum
3048 4709 3173 4778 jura
3199 4709 3482 4780 perturbo.
3519 4729 3542 4762 ι

2320 4795 2466 4854 XIII.
2497 4797 2626 4855 Haec
2656 4797 2749 4864 ita,
2782 4805 2840 4854 ut
2880 4814 3049 4869 supra
3076 4806 3356 4856 ostensum
3383 4806 3484 4868 est,
3531 4797 3600 4856 de
3626 4797 3854 4872 antiquo

2243 4882 2364 4953 jure
2421 4884 2654 4960 singulis
2708 4887 3138 4958 metropolitanis
3193 4889 3483 4958 servando,
3557 4895 3612 4944 et
3648 4888 3855 4945 subse-

2249 4981 2476 5046 quentes
2541 4989 2758 5030 sacram
2819 4975 3095 5032 Nicaanam
3161 4977 3428 5049 synodum
3490 4976 3856 5034 conciliorum

2249 5079 2489 5119 canones
2546 5070 2868 5120 statuerunt.
2937 5065 3124 5123 Silicet
3186 5066 3540 5136 Antiocheni,
3603 5067 3855 5124 dicentes

2249 5151 2383 5225 (can
2398 5193 2412 5207 .
2437 5152 2493 5223 9)
2527 5169 2538 5204 :
2565 5173 2586 5203 α
2609 5153 2712 5208 Per
2733 5153 2977 5228 singulas
2997 5155 3254 5229 regiones
3275 5156 3564 5228 episcopos
3592 5156 3859 5214 convenit

2249 5257 2413 5296 nosse
2477 5241 2952 5314 metropolitanum
3033 5244 3348 5316 episcopum
3421 5245 3852 5302 sollicitudinem

2248 5329 2414 5386 totius
2444 5329 2742 5400 provinciae
2770 5349 2992 5406 gerere.
3031 5333 3259 5404 Propter
3285 5334 3432 5407 quod
3460 5335 3532 5390 ad
3559 5342 3850 5407 metropo-

2249 5418 2344 5473 lim
2386 5433 2577 5475 omnes
2615 5421 2852 5494 undique
2877 5465 2890 5490 ,
2949 5421 3044 5494 qui
3092 5423 3314 5496 negotia
3358 5423 3609 5479 videntur
3643 5424 3856 5481 habere

2249 5524 2616 5587 concurrant,
2675 5525 2730 5575 et
2783 5517 3018 5592 reliqua.
3070 5539 3095 5570 »
3155 5521 3224 5577 Et
3268 5519 3853 5594 Constantinopolitani
