4072 6304
228 285 325 339 197

1717 277 2072 336 EPISTOLJE
2083 320 2097 334 .

3422 288 3525 341 198

228 422 461 478 canones
493 407 853 463 decreverunt
895 407 1045 477 (cun.
1079 405 1158 477 2),
1190 413 1248 461 ut
1278 405 1367 461 illa
1404 421 1525 477 quae
1564 411 1686 460 sunt
1726 420 1826 476 per
1854 402 1905 464 A
1936 427 1957 452 ιι
1995 406 2056 459 In
2091 403 2413 473 Galliarum,
2438 404 2629 476 inquit,
2663 405 2952 477 episcOpis,
2985 407 3188 464 nullam
3217 408 3317 463 tibi
3341 417 3524 466 aucto-

229 511 662 568 unamquamque
692 495 1033 566 provinciam
1065 495 1238 566 ipsius
1266 494 1556 566 provinciae
1586 493 1831 566 synodus

229 585 521 657 dispenset,
553 585 695 641 sicut
724 584 950 641 Nicaeno
982 592 1191 640 constat
1229 584 1511 639 decretum
1539 599 1662 639 esse
1692 598 1829 638 con-

226 674 358 729 cilio.
402 675 473 729 Et
512 673 831 729 universale
882 673 1330 729 Chalcedonense
1379 672 1670 729 concilium
1700 670 1831 727 dicit

228 764 369 832 (can.
397 762 451 834 1)
478 780 493 818 :
524 784 545 814 ι
572 762 831 834 Regulas,
862 761 1137 833 inquiens,
1165 770 1477 817 sanctorum
1498 762 1714 816 Patrum
1730 776 1831 831 per

228 851 437 923 singula
491 867 638 907 nunc
685 868 860 923 usque
907 851 1137 906 concilia
1184 850 1506 907 constitutas
1550 850 1831 921 proprium

227 940 386 996 robur
407 940 658 996 obtinere
681 939 1044 995 decrevimus.
1075 961 1096 990 ν
1121 940 1191 995 Et
1212 939 1340 995 item
1360 939 1506 994 idem
1528 940 1677 1009 (can.
1705 940 1827 1008 19'):

232 1051 251 1081 ι
281 1029 537 1086 Decrevit
564 1028 747 1101 itaque
781 1036 973 1084 sancta
1004 1029 1244 1100 synodus
1276 1029 1577 1085 secundum
1609 1028 1831 1082 Patrum

228 1134 464 1175 canones
494 1117 580 1172 bis
623 1118 678 1172 in
723 1134 865 1173 anno
910 1118 1199 1189 episcopos
1228 1118 1284 1172 in
1312 1118 1368 1174 id
1397 1116 1577 1188 ipsum
1604 1116 1661 1171 in
1689 1131 1830 1172 una-

228 1224 438 1280 quaque
491 1207 777 1279 provincia
835 1206 1158 1274 convenire,
1218 1223 1327 1278 quo
1379 1206 1833 1277 metrOpolitanus

229 1297 448 1352 antistes
477 1296 816 1368 probaverit,
843 1303 893 1351 et
916 1296 1200 1367 corrigere
1231 1296 1464 1367 singula,
1500 1295 1547 1349 si
1575 1311 1696 1367 qua:
1721 1294 1833 1350 for-

229 1385 378 1441 lassis
405 1380 762 1441 emerserint.
804 1409 825 1433 ι»

290 1474 438 1531 XIV.
472 1474 564 1530 Sic
595 1482 647 1530 et
677 1473 871 1530 Africae
900 1473 1198 1547 provincia:
1239 1482 1432 1529 sancta
1469 1472 1701 1529 concilia
1728 1473 1831 1527 de-

228 1572 536 1633 creverunt,
566 1573 626 1619 ut
656 1580 775 1635 quae.
815 1563 871 1617 in
915 1563 1141 1619 Nicaeno
1189 1563 1419 1619 concilio
1465 1570 1660 1617 statuta
1710 1570 1833 1617 sunt

229 1654 367 1709 omni
399 1653 567 1708 modo
598 1659 1008 1719 conserventur,
1034 1659 1162 1708 etut
1185 1652 1277 1724 qui
1297 1651 1566 1722 posterius
1596 1650 1832 1706 ordinati

230 1750 347 1798 sunt
374 1742 660 1815 prioribus
692 1757 751 1797 se
776 1757 885 1796 non
915 1740 1150 1797 audeant
1177 1741 1471 1796 anteferre.
1506 1741 1661 1796 Unde
1691 1740 1832 1795 inter

230 1840 423 1889 caetera
466 1831 536 1886 ad
585 1831 763 1886 locum
811 1830 942 1886 dicit
988 1829 1242 1886 Aurelius
1290 1830 1433 1902 (cap.
1476 1829 1567 1901 53)
1601 1846 1614 1883 :
1654 1851 1676 1881 α
1712 1830 1835 1885 Non

229 1922 503 1989 decuerat,
555 1919 829 1992 inquiens,
860 1927 919 1974 ut
948 1920 1063 1976 haac
1113 1927 1507 1990 repeteremus,
1549 1918 1655 1973 nisi
1696 1918 1837 1974 forte

232 2011 521 2066 existerent
570 2009 988 2065 inconsiderata;
1037 2015 1250 2064 mentes
1293 2008 1672 2079 quorumdam,
1715 2024 1837 2079 qua

231 2099 294 2155 ad
349 2099 473 2155 hac
534 2098 820 2153 statuenda
874 2105 1092 2153 nostros
1148 2105 1408 2154 acuerent
1466 2112 1679 2152 sensus.
1729 2095 1837 2151 Sed

231 2186 534 2244 communis
563 2188 682 2243 haec
713 2202 879 2243 causa
907 2194 1013 2254 est,
1061 2202 1225 2258 quam
1270 2185 1564 2242 insinuavit
1590 2185 1757 2241 frater
1786 2193 1839 2239 et

232 2276 596 2333 consacerdos
662 2284 850 2330 noster
916 2275 1232 2331 Valentinus
1266 2317 1279 2342 ,
1345 2282 1403 2329 ut
1468 2273 1839 2345 unusquisque

231 2373 471 2422 nostrum
504 2364 754 2420 ordinem
789 2363 891 2419 sibi
920 2365 1198 2443 decretum
1228 2380 1261 2418 a
1290 2365 1407 2421 Deo
1432 2370 1753 2436 cognoscat,
1785 2370 1838 2417 et

229 2454 566 2527 posteriores
607 2453 968 2509 anterioribus
1016 2453 1284 2519 deferant,
1319 2469 1421 2508 nec
1452 2452 1531 2507 eis
1557 2451 1839 2509 inconsul-

233 2544 295 2599 tis
323 2544 533 2616 aliquid
577 2558 745 2617 agere
788 2550 1135 2615 prmsumant.
1169 2542 1291 2612 Qua
1315 2542 1385 2597 de
1415 2558 1477 2597 re
1503 2542 1647 2609 dico,
1680 2547 1841 2611 prout

232 2642 419 2705 captus
453 2632 624 2688 animi
651 2631 757 2687 mei
787 2631 1002 2698 retinet,
1034 2647 1130 2691 eos
1173 2632 1264 2704 qui
1306 2630 1613 2702 putaverint
1644 2629 1839 2701 spretis

233 2717 527 2787 majoribus
556 2716 761 2789 aliquid
801 2716 1260 2788 praesumendum,
1307 2721 1677 2787 competenter
1714 2730 1838 2771 esse

234 2806 294 2861 ab
325 2806 475 2862 omni
505 2805 740 2862 concilio
789 2805 1145 2861 coercendos.
1195 2805 1504 2876 Xantippus
1549 2804 1840 2875 episcopus

233 2895 421 2966 prima:
470 2894 623 2950 sedis
668 2893 939 2950 Numidiae
984 2893 1118 2949 dixit
1151 2911 1162 2947 :
1198 2893 1417 2949 Audivit
1444 2893 1688 2949 omnium
1727 2891 1841 2947 fra-

233 2991 371 3040 trum
423 2982 720 3056 praesentia
763 2982 1207 3054 prosecutionem
1250 2982 1433 3038 fratris
1463 2990 1516 3038 et
1544 2997 1841 3038 consacer-

233 3072 371 3129 dotis
399 3073 577 3129 nostri
607 3071 835 3139 Aurelii,
869 3071 997 3145 quid
1020 3072 1089 3127 ad
1107 3073 1225 3128 haac
1254 3071 1626 3143 respondent?
1657 3071 1841 3127 Datia-

1930 489 2146 544 ritatem
2190 490 2494 558 tribuimus,
2527 490 2652 562 quia
2679 491 2749 546 ab
2778 492 3012 562 antiquis
3056 493 3526 564 praedecessorum

1928 594 2182 634 meorum
2209 580 2546 650 temporibus
2586 580 2812 651 pallium
2857 581 3194 637 Arelatensis
3237 582 3525 655 episcopus

1931 668 2159 740 accepit,
2194 685 2355 740 quem
2383 685 2485 724 nos
2514 668 2728 740 privare
2770 669 3092 726 auctoritate
3133 680 3390 744 percepta
3418 673 3525 728 mi-

1929 757 2075 813 nime
2106 757 2389 813 debemus.
2430 779 2451 807 ι
2485 758 2555 812 Et
2584 767 2708 829 post
2734 759 3001 830 aliquanta
3034 778 3047 813 :
3086 781 3107 811 cr
3140 761 3263 831 Ipse
3290 763 3528 819 auctori-

1930 854 2040 902 tate
2070 847 2295 918 prOpria
2325 847 2613 920 episcopos
2645 849 2941 906 Galliarum
2961 852 3208 920 judicare
3236 869 3345 908 non
3371 862 3530 925 pote-

1931 936 2024 1005 ris,
2059 937 2158 991 sed
2187 937 2487 1003 suadendo,
2520 937 2871 1006 blandiendo,
2917 940 3057 996 bona
3100 957 3316 1013 quoque
3360 958 3531 1013 opera

1931 1031 2025 1079 tua
2056 1024 2134 1079 eis
2162 1024 2425 1080 imitanda
2466 1029 2844 1095 monstrando,
2890 1045 3183 1100 pravorum
3222 1038 3434 1087 mentes
3464 1032 3533 1087 ad

1934 1114 2236 1169 sanctitatis
2285 1115 2526 1170 studium
2568 1115 2819 1185 reforma,
2871 1118 2998 1189 quia
3042 1120 3303 1191 scriptum
3349 1128 3431 1176 est
3476 1120 3533 1176 in

1933 1202 2058 1276 lege
2086 1221 2100 1257 :
2134 1203 2236 1259 Per
2262 1203 2499 1259 alienam
2525 1220 2763 1260 messem
2792 1206 3063 1263 transiens
3090 1206 3288 1264 falcem
3317 1208 3534 1266 mittere

1933 1307 2041 1347 non
2090 1292 2278 1361 debes,
2332 1293 2430 1348 sed
2468 1309 2634 1348 manu
2681 1294 2860 1365 spicas
2905 1304 3191 1353 conterere
3221 1305 3274 1352 et
3299 1299 3536 1354 mandu-

1935 1396 2060 1436 care
2089 1382 2283 1454 (Deut:
2311 1398 2480 1449 xxru,
2514 1382 2624 1454 25).
2659 1384 2877 1439 Falcem
2906 1385 3051 1440 enim
3088 1385 3277 1455 judicii
3317 1387 3534 1447 mittere

1933 1485 2044 1525 non
2072 1478 2228 1540 potes
2256 1471 2312 1525 in
2343 1488 2405 1526 ea
2436 1480 2643 1544 segete,
2669 1489 2789 1543 quae
2808 1473 2965 1528 alteri
2993 1474 3206 1530 videtur
3233 1492 3358 1531 esse
3386 1491 3535 1532 com-

1934 1559 2122 1628 missa,
2155 1560 2253 1615 sed
2282 1576 2377 1631 per
2421 1558 2674 1615 effectum
2722 1561 2850 1617 boni
2896 1562 3075 1634 operis
3122 1562 3388 1620 frumenta
3418 1566 3535 1621 Do-

1934 1648 2132 1705 mmica
2160 1649 2415 1703 vitiorum
2445 1666 2669 1705 suorum
2697 1650 2871 1721 paleis
2901 1652 3165 1724 exspolia,
3197 1660 3249 1709 et
3278 1656 3334 1708 in
3353 1654 3537 1711 Eccle-

1862 1766 1916 1826 B
1938 1736 2032 1792 size
2053 1753 2248 1808 corpus
2268 1739 2543 1794 monendo
2564 1746 2617 1794 et
2636 1740 3030 1810 persuadendo,
3052 1742 3210 1813 quasi
3223 1743 3536 1800 mandendo

1938 1835 2215 1882 converte.
2263 1826 2422 1896 Quod
2458 1843 2591 1883 vero
2638 1845 2706 1883 ex
2752 1829 3066 1885 auctoritate
3109 1831 3382 1902 agendum
3430 1839 3534 1900 est,

1937 1930 2059 1970 cum
2087 1915 2343 1986 praedicto
2390 1915 2701 1972 Arelatensi
2749 1916 3006 1989 episcopo
3050 1926 3263 1990 agatur,
3295 1936 3363 1976 ne
3391 1936 3536 1991 prae—

1936 2003 2161 2059 termitti
2189 2005 2362 2075 possit
2405 2007 2511 2062 hoc
2560 2007 2705 2079 quod
2753 2007 2977 2080 antiqua
3018 2008 3239 2064 Patrum
3277 2009 3539 2067 institutio

1937 2093 2161 2149 invenit.
2201 2116 2222 2140 ιι

2008 2182 2154 2237 XVI.
2187 2181 2256 2238 Et
2287 2183 2433 2255 quod
2461 2184 2530 2239 de
2561 2200 2668 2240 uno
2694 2186 2798 2242 hoc
2835 2186 3064 2257 primate
3108 2186 3413 2255 Gallicano,
3446 2186 3540 2260 qui

1938 2286 1971 2326 a
2001 2271 2132 2326 sede
2183 2272 2479 2343 apostolica
2524 2272 2747 2344 pallium
2792 2283 3102 2347 acceperat,
3150 2276 3302 2344 dixit,
3351 2278 3459 2334 hoc
3487 2285 3542 2332 et

1938 2360 2007 2416 de
2036 2360 2260 2432 reliquis
2293 2361 2699 2419 Gallicanorum
2729 2372 2782 2418 et
2810 2364 3156 2437 Belgicorum
3184 2374 3346 2437 atque
3393 2366 3539 2422 Ger-

1937 2449 2278 2506 manicorum
2341 2451 2661 2523 primatibus
2716 2460 2800 2508 est
2851 2453 3036 2525 utique
3100 2454 3536 2526 intelligendum.

1937 2539 2085 2593 Inter
2115 2554 2272 2610 quos,
2324 2539 2465 2596 sicut
2513 2548 2566 2595 et
2607 2541 2749 2596 inter
2794 2541 3033 2613 reliquos
3082 2542 3389 2615 episcopos,
3421 2544 3539 2599 haec

1938 2628 2175 2684 conditio
2215 2629 2486 2700 regularis
2514 2638 2781 2700 servatur,
2815 2639 2875 2686 ut
2904 2631 2997 2703 qui
3041 2631 3196 2702 prius
3240 2631 3401 2688 fuerit
3445 2648 3541 2689 or-

1939 2716 2175 2784 dinatus,
2219 2718 2363 2788 prior
2403 2719 2689 2788 habeatur,
2739 2720 2885 2775 velut
2931 2720 3076 2775 idem
3124 2722 3180 2777 S.
3233 2720 3539 2794 Gregorius

1938 2804 1995 2859 in
2024 2805 2125 2860 alia
2170 2805 2401 2877 epistola
2446 2807 2516 2862 ad
2557 2807 2841 2878 praefatum
2889 2808 3253 2881 Augustinum
3294 2817 3543 2881 patenter

1940 2894 2193 2950 ostendit.
2227 2896 2307 2951 De
2334 2896 2530 2968 quibus
2559 2897 2884 2968 primatibus
2933 2896 3100 2954 iidem
3129 2897 3274 2954 sacri
3303 2914 3542 2963 canones

1940 2983 2142 3053 dicunt,
2176 2993 2233 3039 ut
2262 2984 2512 3058 quisquis
2558 2986 2940 3058 episcoporum
2988 2995 3294 3054 accusatur,
3325 2988 3395 3043 ad
3422 2988 3542 3060 pri-

1940 3080 2139 3127 matem
2167 3073 2463 3144 provinciae
2490 3074 2663 3145 ipsius
2712 3090 2935 3130 causam
2978 3074 3187 3131 deferat
3229 3084 3538 3133 accusator.

233 3179 329 3219 nus
377 3162 674 3234 episcopus
720 3136 854 3217 dixit
885 3136 1067 3230 Quae
1114 3136 1381 3230 majorum
1424 3159 1665 3217 decrevit
1707 3176 1838 3217 sen-
1870 3136 2012 3216 ΟΕι
2041 3161 2133 3233 qui
2162 3136 2574 3232 provocanduin
2614 3162 2941 3233 putaverint,
2990 3164 3060 3219 ad
3104 3163 3360 3235 primates
3409 3180 3542 3221 sua-

236 3251 392 3308 tentia
421 3258 611 3307 nostro
655 3249 906 3306 assensui
946 3250 1422 3321 mancipabuntur,
1455 3257 1511 3304 ut
1541 3265 1663 3322 quae
1691 3266 1839 3320 prae-

238 3341 521 3398 teritorum
543 3339 896 3397 conciliorum
917 3339 1097 3412 gentis
1118 3346 1370 3394 tenentur
1390 3337 1841 3411 Carthaginensis

236 3430 494 3487 Ecclesia:
524 3436 709 3485 nostra
739 3429 1059 3484 assensione
1088 3428 1250 3498 plene
1277 3427 1422 3499 apud
1450 3443 1641 3482 omnes
1682 3427 1841 3484 ﬁrma

237 3525 542 3576 teneantur.
597 3517 850 3574 Universi
895 3517 1137 3589 episcopi
1174 3516 1428 3572 dixerunt
1461 3516 1593 3572 :Hic
1621 3516 1759 3573 ordo
1788 3524 1842 3573 et

237 3622 265 3661 a
311 3607 568 3664 Patribus
612 3614 664 3663 et
694 3621 727 3661 a
754 3606 1051 3674 majoribus
1097 3613 1347 3662 servatus
1394 3612 1495 3673 est,
1543 3613 1594 3661 et
1621 3621 1655 3661 a
1684 3604 1841 3662 nobis

237 3696 350 3752 Deo
379 3695 617 3768 propitio
662 3693 985 3765 servabitur,
1037 3694 1189 3751 salvo
1236 3694 1398 3750 etiam
1421 3694 1544 3764 jure
1574 3694 1842 3766 primatus

236 3785 505 3841 Numidiae
535 3792 592 3841 et
620 3783 977 3840 Mauritaniae.
1014 3803 1036 3833 υ

302 3892 427 3949 XV.
461 3892 531 3947 Et
559 3890 689 3946 item
716 3890 883 3946 iidem
919 3889 1067 3947 sacri
1103 3905 1346 3946 canones
1384 3890 1563 3961 (conc.
1607 3891 1839 3948 Milevit.

236 3997 285 4036 ε.
320 3981 410 4053 14)
440 3998 455 4036 :
494 4002 519 4031 ι
552 3979 761 4035 Placuit
790 3986 850 4034 ut
876 3978 1186 4051 quicunque
1224 3978 1486 4050 deinceps
1525 3980 1847 4036 ordinantur

235 4084 334 4141 per
362 4068 676 4141 provincias
704 4066 1011 4134 Africanas,
1054 4068 1262 4124 litteras
1298 4068 1569 4140 accipiant
1599 4069 1668 4124 ab
1696 4068 1845 4124 ordi-

237 4158 520 4215 natoribus
548 4157 684 4225 suis,
716 4172 885 4213 manu
905 4173 1094 4213 eorum
1114 4156 1473 4228 conscriptas,
1507 4157 1845 4214 continentes

239 4247 521 4305 consulem
550 4254 601 4303 et
624 4246 787 4315 diem,
813 4254 871 4302 ut
891 4245 1040 4302 nulla
1059 4245 1338 4302 altercatio
1358 4246 1426 4302 de
1445 4246 1845 4317 posterioribus

237 4336 321 4394 vel
349 4335 720 4392 anterioribus
765 4335 984 4391 oriatur.
1037 4335 1191 4391 Unde
1229 4334 1501 4407 Pelagius,
1532 4343 1846 4390 antecessor

237 4426 409 4482 sancti
440 4424 719 4497 Gregorii,
752 4424 823 4478 ad
853 4423 1260 4479 Childebertum
1291 4439 1479 4495 regem
1510 4424 1846 4480 Francorum

1942 3266 2065 3304 rum
2092 3249 2514 3320 provinciarum,
2549 3250 2687 3307 sicut
2715 3259 2767 3305 et
2796 3252 2865 3306 de
2897 3250 3168 3324 episcopis
3215 3269 3362 3324 saepe
3408 3268 3541 3310 con-

1943 3339 2185 3394 stitutum
2215 3346 2315 3407 est,
2352 3348 2669 3411 provocent.
2704 3341 2773 3395 Et
2803 3340 3110 3413 episcOpus,
3145 3342 3237 3414 qui
3267 3342 3338 3399 ad
3372 3358 3544 3414 syno-

1944 3428 2075 3483 dum
2121 3443 2231 3483 non
2286 3429 2609 3497 occurrerit,
2659 3429 2730 3486 ad
2774 3429 3062 3501 primatem
3115 3447 3277 3487 suum
3326 3431 3547 3500 jubetur

1943 3517 2208 3573 rationem
2253 3517 2626 3588 impedimenti
2671 3518 2753 3573 sui
2798 3519 3048 3575 reddere.
3099 3519 3171 3575 Et
3212 3519 3260 3575 si
3303 3520 3546 3592 episcopi

1944 3605 2086 3661 inter
2115 3621 2253 3678 quos
2278 3622 2442 3662 causa
2469 3615 2733 3673 versatur,
2768 3607 3106 3663 diversarum
3157 3616 3282 3664 sunt
3322 3609 3545 3680 provin-

1945 3694 2176 3762 ciarum,
2224 3694 2318 3750 ille
2364 3695 2569 3767 primas
2615 3696 2779 3753 debet
2816 3696 3031 3766 judices
3077 3697 3231 3765 dare,
3282 3696 3338 3753 in
3393 3698 3546 3768 cujus

1942 3783 2226 3854 provincia
2273 3791 2357 3840 est
2379 3785 2552 3853 locus,
2586 3785 2656 3840 de
2687 3801 2796 3858 quo
2843 3787 3203 3855 contenditur,
3235 3795 3289 3843 et
3318 3788 3546 3859 quaestio

1942 3889 2042 3945 per
2070 3871 2359 3944 episcopos
2398 3873 2612 3944 judices
2649 3874 2870 3944 jubetur
2916 3874 3079 3943 ﬁniri,
3125 3871 3406 3947 sive'quos
3434 3876 3548 3948 pri-

1944 3970 2119 4017 mates
2147 3962 2419 4030 dederint,
2452 3964 2567 4021 sive
2596 3980 2734 4036 quos
2773 3964 2914 4020 inter
2939 3981 2999 4021 se
3029 3973 3431 4038 conquerentes
3458 3965 3545 4023 vi-

1947 4050 2098 4106 cinos
2124 4068 2190 4106 ex
2220 4067 2493 4108 consensu
2522 4053 2848 4125 delegerint.

2015 4157 2185 4214 XVII.
2219 4157 2367 4214 Ordo
2413 4167 2592 4214 autem
2624 4174 2689 4214 ac
2718 4159 3082 4232 praerogativa
3126 4160 3397 4231 prioratus
3438 4176 3548 4216 non

1946 4245 2124 4300 solum
2168 4246 2467 4301 secundum
2525 4261 2710 4302 sacros
2755 4262 2990 4302 canones
3037 4254 3091 4301 et
3134 4247 3353 4302 decreta
3397 4247 3547 4303 sedis

1945 4333 2204 4389 Romanae
2229 4333 2565 4405 pontiﬁcum,
2598 4334 2742 4391 inter
2786 4335 3074 4407 episcopos
3103 4342 3188 4391 est
3215 4350 3546 4391 conservan-

1946 4422 2069 4490 dus,
2100 4439 2294 4479 verum
2321 4430 2375 4479 et
2402 4423 2546 4480 inter
2571 4424 2944 4497 presbyteros,
2992 4424 3133 4482 sicut
3181 4432 3404 4482 sanctus
3434 4425 3544 4482 Leo

238 4514 428 4570 scribit
449 4514 522 4571 de
545 4512 799 4584 Sapaudo
819 4512 1126 4568 Arelatensi
1141 4511 1551 4583 archiepiscopo
1566 4512 1778 4585 (Pelag.
1798 4513 1840 4580 Ι,
1872 4504 2005 4568 Din
2033 4512 2297 4569 decretali
2329 4530 2426 4569 sua
2454 4514 2685 4585 epistola
2713 4515 2783 4570 ad
2812 4516 3018 4571 Dorum
3046 4517 3439 4572 Beneventanae
3467 4513 3545 4571 ci-

238 4604 400 4675 epist.
438 4602 551 4675 11),
583 4602 879 4673 increpans
921 4617 1067 4669 eum,
1100 4608 1157 4656 ut
1189 4601 1357 4673 ipsius
1386 4601 1568 4658 verbis
1610 4609 1842 4667 utamur,

237 4690 496 4763 quoniam
546 4690 616 4747 ad
655 4690 972 4762 petitionem
1019 4689 1262 4761 episcopi
1294 4690 1364 4745 ab
1407 4706 1472 4746 eo
1512 4690 1744 4746 ordinati
1791 4689 1845 4745 in

234 4781 537 4850 judicium,
572 4779 852 4852 sequentis
905 4778 1138 4836 civitatis
1186 4779 1459 4850 episcopi,
1512 4780 1655 4852 quod
1703 4779 1849 4835 nulla

237 4868 618 4926 ecclesiastica
648 4868 774 4940 lege
801 4875 855 4925 et
884 4868 1097 4924 ratione
1126 4869 1463 4936 conceditur,
1490 4868 1847 4937 judicandum

232 4957 503 5027 juberetis
552 4972 863 5027 occurrere,
899 4965 958 5012 ut
987 4956 1108 5028 ipso
1154 4958 1223 5013 de
1268 4957 1586 5014 conculcato
1626 4957 1734 5015 loci
1763 4957 1847 5012 sui

237 5046 559 5117 praejudicio
589 5054 976 5118 conquerente,
999 5045 1151 5102 illum
1171 5046 1263 5119 qui
1284 5047 1584 5119 usurpavit,
1618 5062 1847 5103 necesse

239 5135 306 5190 sit
352 5136 422 5192 de
470 5134 658 5192 illicita
703 5134 1124 5210 praesumptione
1173 5135 1402 5206 culpari.
1450 5157 1472 5187 ν
1514 5136 1585 5191 Et
1631 5144 1848 5192 sanctus

241 5223 545 5297 Gregorius
576 5223 993 5298 vigilantissime
1020 5225 1225 5281 servari
1276 5223 1521 5282 decrevit
1564 5233 1621 5280 ut
1665 5231 1848 5297 poste-

241 5313 418 5371 riores
457 5330 519 5370 se
547 5313 826 5387 prioribus
854 5329 963 5370 non
991 5313 1300 5385 praeferant,
1336 5321 1387 5368 et.
1416 5321 1473 5369 ut
1500 5314 1679 5369 nullus
1725 5330 1848 5370 me-

242 5403 601 5476 tropolitanus
629 5402 687 5458 in
716 5402 941 5458 alterius
982 5401 1381 5474 metropolitani
1425 5402 1725 5473 provincia,
1758 5402 1848 5458 in-

243 5492 493 5550 consulto
532 5507 600 5549 eo
644 5491 905 5564 quiddam
947 5480 1084 5561 juris
1126 5497 1438 5564 presumat,
1488 5491 1731 5547 scribens
1779 5491 1849 5548 ad

245 5581 607 5655 Augustinum
620 5581 927 5655 Anglorum
942 5581 1258 5657 episcopum
1274 5581 1808 5655 (interrogationem
1829 5599 1844 5638 :

1947 4601 2129 4659 vitatis
2153 4601 2494 4674 episcopum,
2525 4621 2593 4659 ex
2619 4604 2828 4660 eisdem
2873 4604 3041 4661 sacris
3085 4603 3385 4660 canonibus
3415 4617 3544 4676 pro-

1946 4691 2209 4764 mulgata,
2242 4692 2384 4749 inter
2410 4701 2610 4749 caatera
2637 4694 2767 4749 dicit
2793 4693 2864 4748 ad
2893 4693 3072 4748 locum
3101 4693 3290 4763 (epist.
3315 4691 3372 4763 6)
3397 4708 3410 4746 :
3444 4709 3465 4742 ι
3488 4691 3547 4748 Si

1948 4781 2236 4837 ambientis
2264 4781 2509 4851 intentio,
2542 4791 2637 4838 aut
2662 4781 2911 4852 imperita
2937 4780 3232 4836 faventium
3260 4781 3460 4853 studia,
3490 4781 3549 4838 id

1949 4871 2097 4941 quod
2143 4886 2424 4943 nunquam
2470 4872 2659 4927 habuit
2704 4869 3042 4927 consuetudo
3062 4911 3075 4937 ,
3124 4871 3442 4942 poscebant,
3490 4879 3551 4927 ut

1948 4957 2213 5030 incipiens
2242 4960 2490 5026 imeritis,
2525 4968 2577 5016 et
2606 4958 2855 5015 novellus
2890 4957 3240 5029 praeferretur
3284 4959 3543 5032 antiquis,

1947 5054 2054 5104 tua:
2082 5047 2259 5111 fuerat
2302 5048 2584 5105 industria
2611 5055 2770 5119 atque
2796 5047 3076 5117 doctrinae,
3109 5058 3168 5106 ut
3195 5049 3392 5120 injuste
3437 5065 3542 5121 pe-

1948 5137 2175 5193 tentium
2211 5137 2484 5195 desideria
2530 5135 2834 5193 rationabili
2881 5138 3199 5195 auctoritate
3244 5138 3548 5211 cohiberes,

1948 5243 2019 5283 ne
2048 5244 2210 5299 quem
2236 5227 2291 5282 in
2321 5226 2640 5282 sacerdotali
2666 5243 2899 5300 propere
2928 5227 3271 5300 provehebas
3315 5228 3548 5297 honore,

1950 5317 2021 5373 ad
2049 5315 2297 5385 injuriam
2327 5331 2508 5371 eorum
2541 5315 2739 5388 quibus
2782 5317 3087 5374 sociabatur
3127 5317 3412 5389 inciperet,
3441 5316 3552 5372 mi—

1950 5420 2160 5476 norque
2191 5420 2251 5459 se
2280 5402 2454 5468 ﬁeret,
2489 5405 2618 5461 dum
2646 5406 2700 5461 in
2730 5407 2823 5463 illo
2851 5424 2962 5463 non
2998 5406 3315 5463 humilitatis
3360 5406 3550 5474 virtus,

1950 5493 2048 5548 sed
2079 5492 2329 5548 elationis
2358 5492 2550 5550 vitium
2578 5496 2941 5553 roboraretur.
2972 5496 3165 5568 Neque
3209 5495 3356 5551 enim
3391 5495 3552 5566 igno-

1950 5581 2113 5640 rabas
2140 5581 2345 5641 dixisse
2371 5584 2686 5658 Dominum,
2719 5586 2867 5660 quod
2895 5586 2987 5659 qui
3015 5600 3077 5643 se
3106 5585 3354 5643 humiliat
3400 5582 3549 5643 exal-
