4072 6310
547 278 649 341 199

1540 282 1884 341 umorum
1921 264 2323 339 RHEMENSIS
2362 280 2916 337 ARCHIEPISCOPI.

3743 288 3858 342 200

544 410 761 476 tabitur,
797 408 889 481 qui
918 424 1051 465 vero
1081 424 1141 464 se
1172 407 1393 477 exaltat,
1423 408 1816 464 humiliabitur.
1840 407 2142 463 Eumdem-
2170 405 2228 466 A
2249 404 2573 461 inconcusse
2616 406 2771 476 juxta
2819 422 3001 462 sacras
3048 405 3272 480 regulas
3315 408 3673 465 conservatis.
3717 408 3861 478 Quae

545 515 649 571 que
670 497 908 554 dixisse:
932 499 1256 570 Quicunque
1276 499 1398 553 vult
1419 498 1574 554 inter
1593 516 1685 556 vos
1705 499 1888 569 major
1907 498 2052 566 ﬁeri,
2073 498 2151 552 sit
2248 495 2583 565 temporibus
2646 494 2938 549 Theodosii
3003 502 3053 550 et
3118 496 3340 551 Honorii
3422 496 3819 569 imperatorum
3843 541 3858 567 ,

543 592 724 643 vester
748 588 1035 655 minister,
1062 591 1116 642 et
1142 588 1459 660 quicunque
1480 588 1719 643 voluerit
1742 589 1894 645 inter
1914 603 2005 642 vos
2017 587 2145 659 pri—

542 694 670 732 mus
688 693 827 742 esse,
849 677 960 732 erit
978 680 1159 732 vester
1178 676 1585 747 servus-(Marc.
1608 691 1668 745 x,
1697 676 1805 745 43).
1832 676 1943 730 Vos
1963 683 2145 729 autem

542 765 786 837 quaeritis
816 765 886 819 de
914 764 1113 835 pusillo
1157 780 1407 820 crescere
1453 772 1505 820 et
1548 765 1615 820 de
1658 766 1863 820 honore
1907 764 2145 833 majores

543 870 685 910 esse.
720 855 1021 926 Utrumque
1061 854 1206 909 enim
1235 854 1624 922 inordinatum,
1669 861 1956 925 utrumque
1998 869 2142 923 prm-

539 950 822 1013 posterum
871 950 986 1009 est,
1041 951 1093 999 et
1143 943 1320 999 omnis
1358 943 1607 998 laborum
1638 941 1842 998 fructus
1879 941 2138 1009 aufertur,

539 1031 718 1087 omnis
746 1032 1068 1087 meritorum
1114 1048 1369 1088 mensura
1397 1040 1677 1093 vacuatur,
1710 1031 1755 1085 si
1786 1038 1989 1086 tantum
2020 1030 2141 1103 quis

535 1121 846 1193 assequitur
882 1120 1183 1195 dignitatis,
1218 1127 1479 1193 quantum
1522 1120 1844 1176 adulationis
1888 1119 2137 1189 obtinuit,

535 1217 595 1264 ut
624 1209 887 1281 cupiditas
936 1209 1209 1265 eminendi
1239 1225 1348 1264 non
1380 1210 1555 1265 solum
1598 1208 2000 1280 superbientem
2032 1208 2139 1262 mi-

536 1305 684 1368 nuat,
716 1299 814 1353 sed
855 1298 1017 1354 etiam
1061 1297 1462 1354 conniventem.
1500 1298 1556 1354 Si
1584 1313 1737 1365 vero,
1773 1306 1829 1353 ut
1858 1297 2135 1365 asseritur,

532 1386 695 1458 primi
727 1387 1062 1460 secundique
1093 1387 1397 1459 presbyteri
1429 1387 1573 1443 circa
1603 1386 1956 1459 Epicarpium
2001 1386 2137 1441 sibi-

532 1482 645 1530 met
673 1476 1116 1547 praeponendum,
1143 1483 1249 1530 tam
1278 1475 1404 1532 huic
1434 1475 1725 1531 assentatio
1754 1475 1871 1542 fuit,
1898 1483 1954 1529 ut
1985 1474 2139 1530 illum

532 1579 655 1621 cum
684 1564 767 1619 sui
796 1564 1067 1620 dedecore
1098 1573 1390 1636 poscerent
1430 1563 1710 1632 honorari,
1741 1580 1843 1620 nec
1874 1565 1979 1620 hoc
2012 1563 2137 1635 qui-

530 1653 655 1709 dem
682 1652 790 1708 illis
810 1653 1035 1725 proprio
1056 1669 1115 1709 se
1132 1654 1340 1723 judicio
1362 1654 1744 1723 dejicientibus
1768 1653 1930 1707 tribui
1951 1653 2137 1708 debuit

2245 583 2560 654 pomificatu
2618 600 2773 654 papae
2811 583 3045 651 Zosimi,
3105 601 3205 656 per
3252 593 3459 656 septem
3497 587 3813 657 provincias
3840 629 3855 659 ,

2247 672 2454 727 scilicet
2492 672 2855 728 Viennensem
2877 715 2891 739 ,
2932 673 3352 744 Lugdunensem
3381 718 3393 741 ,
3435 675 3860 732 Narbonensem

2244 760 2477 830 primam
2508 768 2561 815 et
2591 762 2889 817 secundam
2913 805 2925 829 ,
2960 769 3013 817 et
3043 761 3291 833 Alpinum
3315 805 3329 833 ,
3376 771 3428 819 et
3455 765 3856 837 Novempopu-

2243 848 2426 904 lanam
2447 892 2460 916 ,
2496 857 2548 905 et
2580 851 2875 905 secundam
2918 851 3293 923 Aquitanicam
3339 854 3640 919 emanavit,
3675 863 3734 909 ut
3784 856 3859 911 de

2242 938 2326 992 his
2364 935 2659 1009 provinciis
2690 939 2938 994 honorati
2981 940 3067 995 vel
3117 957 3488 1011 possessores,
3533 943 3751 1013 judices
3803 951 3857 998 et

2243 1026 2486 1099 episcopi
2518 1027 2872 1098 praefatarum
2901 1028 3325 1100 provinciarum,
3380 1031 3450 1085 ab
3500 1031 3686 1087 Idibus
3733 1035 3856 1087 Au-

2241 1117 2389 1187 gusti
2404 1116 2817 1189 quibuscunque
2839 1118 3032 1173 mediis
3054 1119 3246 1173 diebus
3264 1119 3317 1172 in
3340 1120 3465 1174 Idus
3486 1121 3850 1191 Septembris,

2240 1204 2295 1259 in
2339 1205 2476 1261 urbe
2517 1206 2845 1273 Arelatensi,
2881 1225 3002 1279 qua:
3033 1216 3084 1262 et
3117 1208 3465 1263 Constantina
3494 1219 3746 1277 vocatur,
3783 1212 3855 1267 ad

2238 1294 2530 1351 concilium
2590 1296 2808 1351 forense
2856 1296 2943 1351 vel
2988 1296 3419 1353 ecclesiasticum
3468 1299 3850 1355 convenirent.

2238 1383 2313 1437 Ita
2353 1391 2411 1438 ut
2449 1384 2516 1439 de
2553 1385 3043 1457 NovempOpulana
3094 1394 3147 1441 et
3200 1386 3441 1443 secunda
3493 1389 3852 1460 Aquitanica,

2238 1488 2358 1543 quae
2414 1473 2708 1544 provinciae
2762 1473 2978 1547 longius
3017 1475 3320 1531 constitutae
3369 1484 3522 1543 sunt,
3570 1476 3618 1532 si
3655 1494 3851 1533 eorum

2229 1561 2444 1629 judices
2474 1570 2527 1617 et
2554 1563 3002 1633 metrOpolitanos
3045 1564 3331 1635 occupatio
3376 1573 3528 1621 certa
3557 1566 3845 1636 retineret,

2235 1650 2449 1723 legatos
2495 1667 2621 1707 suos
2658 1654 2809 1721 juxta
2856 1652 3305 1709 consuetudinem
3345 1654 3654 1721 mitterent,
3704 1656 3851 1712 sicut

529 1741 674 1814 quod
702 1742 978 1809 volebant,
1013 1742 1103 1799 cui
1145 1751 1257 1799 tam
1300 1742 1517 1798 miserae
1546 1742 1805 1798 voluntati
1834 1750 1887 1797 te
1916 1742 2133 1815 dignius
2160 1738 2290 1831 Bin
2321 1739 2500 1795 edicto
2542 1739 2889 1812 praefatorum
2933 1741 3344 1812 imperatorum,
3394 1751 3446 1798 et
3492 1744 3548 1799 in
3592 1744 3847 1816 epistolis

528 1828 702 1887 fuerat
748 1830 994 1901 obviare,
1048 1846 1213 1903 quam
1263 1830 1483 1888 cedere.
1533 1830 1808 1887 Deformis
1854 1839 2032 1887 autem
2081 1839 2136 1886 et

525 1918 730 1992 ignava
778 1919 1043 1989 subjectio
1093 1921 1233 1976 bene
1284 1920 1387 1975 sibi
1418 1920 1673 1988 consciis,
1708 1928 1762 1976 et
1787 1936 1898 1976 non
1926 1920 2136 1977 irritam

527 2008 851 2066 facientibus
878 2009 1113 2082 gratiam
1140 2009 1259 2076 Dei,
1293 2009 1650 2082 praejudicare
1695 2025 1806 2065 non
1852 2009 2043 2081 potuit,
2077 2018 2134 2065 ut

528 2098 794 2170 primates
824 2114 952 2154 suos
999 2114 1325 2171 quocunque
1372 2098 1703 2155 commercio
1731 2099 1786 2152 iu
1816 2098 2134 2154 alterutrum

527 2187 946 2258 transferentes,
982 2187 1431 2260 subsequentium
1461 2204 1682 2245 suorum
1710 2188 2016 2243 minuerent
2044 2188 2132 2243 di-

528 2277 813 2349 gnitatem,
849 2284 902 2332 et
931 2293 1093 2349 quem
1133 2277 1381 2333 ultimum
1413 2276 1517 2331 sibi
1546 2284 1985 2350 anteposuerant,
2020 2293 2132 2333 cas-

525 2365 660 2421 teris
714 2366 1082 2437 pramineret.
1139 2365 1388 2423 Pmdicti
1446 2366 1610 2439 igitur
1660 2366 1987 2438 presbyteri,
2039 2366 2132 2438 qui

523 2453 780 2525 indignos
820 2471 880 2510 se
919 2454 1145 2511 honoris
1183 2456 1268 2510 sui
1303 2454 1494 2511 ordine
1541 2462 1662 2510 sunt
1706 2454 1960 2528 professi,
2007 2454 2133 2512 licet

523 2542 726 2615 privari
774 2543 939 2599 etiam
987 2543 1295 2601 sacerdotio
1341 2551 1699 2609 mererentur,
1732 2552 1913 2600 tamen
1950 2552 2008 2599 ut
2049 2544 2130 2601 eis

521 2647 623 2703 pro
671 2632 987 2703 apostolicae
1019 2634 1165 2689 sedis
1195 2633 1399 2705 pietate
1443 2641 1718 2705 parcatur,
1770 2633 1941 2689 ultimi
1987 2632 2129 2689 inter

522 2736 715 2776 omnes
743 2721 1006 2778 Ecclesiae
1037 2723 1390 2793 presbyteros
1409 2722 1730 2779 habeantur.
1764 2724 1833 2777 Et
1859 2730 1917 2778 ut
1938 2722 2129 2793 judicii

521 2810 606 2866 sui
635 2810 960 2867 sententiam
997 2809 1207 2878 ferant,
1256 2810 1549 2867 inferiores
1587 2812 1753 2867 etiam
1796 2810 1890 2867 illo
1933 2818 2123 2879 erunt,

521 2915 687 2972 quem
723 2899 951 2971 propria
999 2900 1267 2956 sententia
1315 2901 1532 2956 sibimet
1575 2900 1880 2972 praetulere,
1913 2900 2125 2957 caeteris

525 2988 780 3044 omnibus
827 2988 1169 3060 presbyteris
1209 2988 1265 3043 in
1306 3004 1376 3045 eo
1418 2989 1611 3045 ordine
1651 2988 2120 3060 permanentibus,

518 3092 680 3149 quem
712 3076 1004 3150 unicuique
1042 3078 1398 3133 ordinationis
1446 3095 1559 3135 suae
1604 3086 1818 3150 tempus
1847 3078 2118 3151 ascripsit.

515 3166 630 3223 Nec
663 3167 950 3239 quisquam
977 3176 1176 3239 praeter
1220 3167 1513 3239 praedictos
1542 3169 1681 3224 duos
1709 3167 2004 3224 imminutae
2033 3168 2121 3223 di-

517 3256 738 3329 gnitatis
794 3256 1030 3327 patiatur
1084 3257 1339 3326 injuriam
1366 3301 1378 3325 ,
1432 3258 1528 3313 sed
1574 3257 1631 3311 in
1678 3273 1866 3313 eorum
1926 3265 2123 3313 statum

517 3345 895 3400 tantummodo
923 3345 1030 3401 hoc
1058 3353 1311 3401 recurrat
1353 3346 1724 3417 opprobrium,
1771 3347 1863 3418 qui
1903 3347 2121 3403 novello

516 3441 569 3490 et
598 3433 888 3489 immature
917 3433 1166 3489 ordinato
1186 3433 1475 3491 inferiores
1496 3432 1612 3490 fieri
1634 3435 1871 3508 elegere,
1895 3443 1954 3489 ut
1972 3434 2121 3491 illam

519 3523 898 3597 evangelicum
946 3523 1273 3580 sententiam
1319 3512 1389 3579 ad
1438 3540 1497 3580 se
1547 3523 1779 3579 sentiant
1822 3524 2115 3595 pertinere,

517 3628 624 3685 qua
661 3612 858 3669 dicitur
890 3629 905 3667 :
937 3612 1059 3681 Quo
1100 3612 1307 3682 judicio
1352 3612 1745 3682 judicaveritis,
1788 3612 2120 3683 judicabitur

514 3701 585 3756 de
626 3700 817 3768 vobis;
864 3707 918 3755 et
966 3715 1073 3773 qua
1118 3716 1376 3756 mensura
1421 3701 1598 3758 mensi
1641 3701 1873 3771 fueritis,
1924 3702 2119 3759 eadem

516 3789 834 3844 remetietur
862 3788 1022 3846 vobis
1042 3789 1263 3861 (Matth.
1293 3806 1392 3857 vn,
1415 3792 1493 3863 2).
1518 3791 1714 3846 Paulus
1732 3806 1865 3847 vero
1896 3791 2121 3863 presby-

512 3886 596 3933 ter
623 3878 872 3934 ordinem
903 3894 1080 3947 suum,
1131 3879 1200 3934 de
1248 3895 1354 3951 quo
1399 3879 1659 3937 laudabili
1704 3878 1960 3937 firmitate
2007 3897 2117 3936 non

514 3967 701 4034 cessit,
750 3967 1009 4036 obtineat,
1060 3984 1162 4025 nec
1209 3968 1431 4026 ulterius
1477 3968 1684 4042 aliquid
1712 3970 1768 4025 in
1797 3971 2115 4044 cujusquam

512 4064 873 4129 praesumetur
900 4056 1169 4127 injuriam.
1212 4079 1233 4109 ι

583 4145 780 4202 XVIII.
825 4147 956 4203 Haec
1000 4147 1078 4203 ita
1122 4148 1192 4204 de
1233 4147 1356 4218 jure
1403 4148 1637 4223 singulis
1680 4146 2113 4221 metropolitanis

512 4236 911 4306 conservando,
945 4244 1000 4294 et
1026 4245 1085 4292 ut
1112 4238 1442 4308 posteriores
1468 4256 1529 4295 se
1552 4238 1829 4311 prioribus
1858 4238 1973 4295 suis
2001 4254 2112 4296 non

505 4324 819 4396 preferant,
852 4326 952 4382 sed
981 4327 1231 4384 ordinem
1259 4327 1363 4383 sibi
1392 4343 1425 4382 a
1454 4329 1572 4385 Deo
1611 4328 1862 4384 traditum
1908 4328 2111 4400 quique

504 4430 836 4471 conservare
882 4424 1198 4485 procurent,
1231 4432 1262 4469 a
1290 4416 1529 4474 Nicenis
1576 4417 1878 4473 canonihus
1907 4417 2112 4489 Spiritu

2236 1829 2546 1900 apostolica:
2587 1830 2733 1885 sedis
2783 1830 3099 1903 pontificum
3152 1831 3445 1889 invenitur.
3488 1832 3698 1890 Deinde
3753 1835 3848 1892 hic

2235 1919 2499 1989 primatus
2527 1936 2629 1990 per
2656 1918 2909 1991 prafatas
2956 1920 3265 1991 provincias
3298 1922 3592 1997 Viennensi
3636 1922 3848 1979 civitati

2236 2008 2563 2063 commissus
2590 2015 2691 2075 est,
2725 2008 2960 2081 indeque
2986 2010 3126 2066 hanc
3166 2009 3586 2067 sollicitudinem
3616 2012 3845 2084 episco-

2231 2113 2336 2168 pus
2367 2097 2706 2153 Arelatensis
2736 2098 2961 2170 recepit.

2303 2186 2455 2240 XIX.
2488 2188 2720 2241 Demum
2749 2186 2803 2241 in
2835 2203 3005 2260 regno
3037 2187 3316 2256 Clodovei,
3350 2205 3522 2261 nuper
3552 2204 3674 2246 cum
3706 2190 3849 2247 inte-

2233 2290 2336 2347 gra
2365 2283 2526 2346 gente
2558 2276 2627 2330 ad
2658 2274 2821 2331 fidem
2864 2277 3114 2332 conversi
3145 2294 3241 2349 per
3270 2286 3517 2335 sanctam
3562 2279 3844 2351 praedica-

2232 2362 2435 2419 tionem
2466 2363 2610 2419 beati
2646 2364 2899 2437 Remigii,
2932 2364 3163 2421 Domino
3190 2375 3519 2439 cooperante
3547 2374 3600 2425 et
3631 2384 3845 2424 sermo-

2230 2467 2355 2507 nem
2377 2452 2735 2510 conﬁrmante
2752 2454 3105 2526 sequentibus
3126 2454 3318 2527 signis,
3338 2457 3528 2512 beatus
3545 2458 3842 2513 Hormisda

2228 2540 2378 2597 vices
2409 2556 2535 2597 suas
2575 2542 2751 2599 eidem
2783 2552 2975 2599 sancto
3003 2544 3253 2617 Remigio
3282 2546 3615 2602 Rhemorum
3645 2548 3841 2604 Duro-

2230 2638 2510 2685 cortorum
2538 2632 2773 2703 antiquae
2801 2632 3114 2704 metropolis
3146 2633 3424 2706 episcopo,
3456 2650 3577 2707 qua;
3615 2652 3841 2709 praece-

2228 2719 2477 2775 dentibus
2506 2720 2842 2792 temporibus
2872 2722 3060 2777 habuit
3093 2722 3193 2777 sub
3224 2739 3282 2778 se
3313 2723 3603 2780 duodecim
3637 2725 3839 2782 civita-

2226 2814 2330 2875 tes,
2362 2809 2615 2865 videlicet
2644 2810 3018 2876 Suessionum,
3054 2811 3491 2883 Catalaunorum,
3525 2814 3838 2870 Veroman-

2226 2896 2440 2967 dorum,
2475 2898 2811 2967 Atrebatum,
2845 2899 3333 2968 Camaracensium,
3378 2902 3833 2974 Tornacensium,

2226 2986 2607 3055 Silvanectum,
2649 2987 3093 3061 Belgivagorum,
3141 2990 3605 3060 Ambianensium,
3654 2993 3835 3049 Mori-

2222 3090 2371 3143 num,
2396 3075 2451 3131 id
2473 3085 2574 3143 est,
2607 3077 2910 3144 Ponticum,
2934 3079 3375 3147 Bononiensium,
3418 3088 3471 3136 et
3505 3080 3836 3139 Laudunum

2224 3164 2521 3233 Clavatum,
2552 3166 2607 3221 in
2639 3182 2746 3244 quo
2772 3175 2950 3224 castro
2982 3184 3047 3223 ex
3079 3184 3177 3224 sua
3205 3169 3463 3240 parochia
3503 3168 3651 3226 idem
3696 3187 3835 3227 san-

2223 3263 2340 3310 ctus
2386 3255 2666 3335 Remigius
2712 3256 3087 3313 Africanorum
3135 3274 3407 3314 canonum
3436 3265 3490 3316 et
3527 3260 3835 3331 apostolica

2220 3342 2385 3399 fultus
2414 3344 2735 3401 auctoritate
2764 3346 3042 3401 constituit
3085 3346 3420 3419 episcopum,
3451 3362 3551 3419 per
3577 3349 3833 3423 Belgicas

2222 3441 2274 3489 et
2304 3434 2569 3506 quasdam
2613 3434 2920 3506 provincias
2966 3435 3276 3492 Gallicanas
3315 3438 3604 3506 commisit,
3637 3447 3697 3496 ut
3728 3441 3836 3498 Dei

2220 3523 2503 3590 ecclesias,
2538 3540 2672 3594 quas
2701 3524 2897 3580 Franci
2939 3525 3117 3581 adhuc
3160 3526 3364 3599 pagani
3408 3527 3835 3585 devastaverant

2220 3618 2273 3667 et
2318 3611 2671 3668 incenderant
2707 3613 2962 3669 universa
2990 3614 3295 3685 praedantes
3317 3659 3329 3683 ,
3378 3623 3431 3671 et
3482 3632 3829 3692 quacunque

2218 3716 2506 3771 perperam
2537 3708 2690 3774 gesta
2719 3701 2947 3773 fuerant,
2979 3704 3048 3758 ad
3078 3702 3323 3760 debitum
3350 3712 3552 3760 statum
3597 3707 3835 3764 reduce—

2217 3798 2319 3857 ret,
2352 3798 2607 3847 manente
2652 3790 2939 3864 privilegio
2988 3792 3295 3849 Arelatensi
3338 3794 3600 3851 Ecclesia
3628 3794 3685 3851 in
3718 3796 3830 3853 sibi

2217 3877 2513 3950 antiquitus
2542 3878 2810 3952 delegatis
2838 3879 3150 3952 provinciis.

2286 3968 2414 4023 XX.
2440 3969 2629 4024 Postea
2648 3984 2801 4036 vero,
2834 3977 3079 4041 tempore
3109 3970 3253 4027 beati
3278 3970 3531 4045 Gregorii
3551 3972 3824 4047 Virgilius

2212 4056 2549 4113 Arelatensis
2579 4057 2886 4129 episcopus,
2919 4066 3135 4130 petente
3185 4059 3531 4117 Childeberto
3573 4078 3733 4134 rege,
3764 4064 3827 4120 in

2212 4160 2385 4217 regno
2413 4145 2604 4217 ipsius,
2637 4145 2776 4202 sicut
2803 4148 3126 4203 decessores
3156 4147 3301 4203 illius
3329 4149 3384 4204 in
3415 4148 3650 4221 praefatis
3677 4168 3786 4223 pro
3808 4184 3822 4194 -

2212 4234 2406 4291 vinciis
2433 4235 2753 4302 habuerant,
2782 4237 2921 4293 hanc
2959 4236 3361 4308 delegationem
3409 4238 3604 4295 eodem
3651 4240 3822 4297 beato

2212 4322 2481 4397 Gregorio
2526 4322 2895 4381 committente
2943 4326 3181 4397 suscepit
3221 4327 3341 4397 (lib.
3375 4343 3451 4398 tv,
3484 4330 3649 4400 epist.
3696 4331 3816 4402 52).

2211 4412 2457 4485 Denique
2483 4420 2727 4485 tempore
2772 4412 2950 4470 Caroli
2991 4414 3272 4487 principis,
3324 4416 3542 4488 quando
3585 4426 3821 4490 propter

506 4503 608 4560 Dei
633 4502 891 4573 conditis,
924 4510 978 4559 et
1007 4503 1169 4559 totius
1199 4504 1387 4559 mundi
1416 4506 1726 4562 reverentia
1757 4496 2180 4574 consecratis,D
2209 4500 2537 4559 discordiam
2567 4510 2621 4558 et
2648 4503 3049 4560 contentionem
3079 4503 3149 4559 de
3177 4504 3477 4576 principatu
3519 4504 3658 4562 inter
3683 4522 3816 4563 eum

504 4594 831 4666 ceterisque
860 4592 1032 4649 sacris
1062 4593 1359 4649 canonibus
1378 4593 1828 4667 irrefragabiliter
1846 4594 2103 4663 decretis,

505 4696 569 4737 ac
614 4681 963 4753 providentia
991 4690 1045 4739 et
1073 4682 1391 4739 auctoritate
1437 4682 1754 4755 pontificum
1797 4681 2109 4755 apostolicae

504 4770 653 4826 sedis
674 4786 741 4826 ex
759 4772 970 4828 eisdem
988 4772 1290 4829 canonibus
1310 4771 1689 4845 promulgatis,
1714 4771 1785 4828 ad
1809 4787 1995 4829 eorum
2015 4773 2107 4845 qui

507 4859 683 4916 sciunt
735 4860 1093 4930 memoriam,
1137 4861 1223 4919 vel
1270 4861 1627 4918 nescientium
1679 4860 1819 4918 forte
1860 4862 2106 4918 notitiam

503 4963 940 5005 commemorare
968 4950 1174 5007 debere
1201 4950 1531 5022 putavimus,
1566 4950 1825 5022 quoniam
1851 4950 1908 5006 in
1936 4951 2105 5007 Cisal-

499 5038 642 5110 pinis
686 5037 985 5110 provinciis
1031 5039 1301 5112 delegatio
1330 5040 1529 5097 vicium
1577 5039 1890 5111 apostolica:
1933 5041 2099 5112 sedis,

497 5135 720 5200 propter
769 5127 1132 5184 Simoniacam
1161 5129 1413 5185 haeresim
1458 5129 1887 5201 exstirpandam,
1935 5138 1990 5187 et
2034 5132 2103 5186 ad

495 5217 995 5290 praesumptionem,
1016 5217 1142 5289 quia
1160 5217 1284 5274 laici
1312 5227 1561 5290 potentes
1590 5227 1815 5291 repente
1844 5228 2101 5276 tonsura-

497 5306 713 5378 bantur,
761 5314 815 5362 et
870 5307 1262 5364 ordinabuntur
1330 5306 1606 5381 episcopi,
1679 5309 2064 5381 amputandam
2085 5351 2098 5377 ,

501 5396 641 5454 sicut
668 5396 725 5452 in
746 5396 1061 5468 apostolicae
1089 5397 1239 5453 sedis
1266 5396 1581 5469 pontificum
1605 5440 1620 5468 ,
1655 5400 1890 5456 maxime
1920 5406 2102 5456 autem

494 5485 552 5543 in
582 5486 728 5543 beati
756 5486 1013 5558 Gregorii
1042 5486 1285 5559 epistolis
1329 5487 1582 5561 legimus,
1614 5487 1713 5545 fuit
1741 5496 1948 5556 exorta,
1980 5489 2100 5562 pri-

495 5574 712 5648 vilegiis
780 5575 1125 5650 singularum
1194 5576 1599 5649 provinciarum
1667 5578 2101 5652 metropolitanis

2209 4597 2260 4645 et
2315 4591 2737 4664 Raganfredum,
2779 4599 2834 4647 et
2879 4591 3186 4665 frequentia
3220 4610 3283 4649 ac
3320 4593 3502 4650 civilia
3536 4594 3648 4649 imo
3684 4595 3816 4666 plus

2208 4695 2370 4750 quam
2398 4680 2596 4750 civilia,
2631 4680 2761 4753 quia
2794 4680 3043 4737 intestina
3074 4689 3127 4737 et
3152 4681 3505 4753 parricidalia
3551 4682 3718 4754 bella,
3755 4685 3814 4741 in

2207 4769 2546 4826 Germanicis
2568 4778 2619 4825 et
2640 4769 2873 4840 Belgicis
2893 4786 2959 4826 ac
2979 4771 3274 4828 Gallicanis
3306 4771 3598 4844 provinciis
3627 4775 3816 4831 omnis

2206 4858 2402 4932 religio
2434 4858 2849 4914 Christianitatis
2879 4876 3015 4930 pene
3038 4859 3136 4915 fuit
3155 4860 3378 4928 abolita,
3412 4861 3484 4916 ita
3512 4867 3570 4916 ut
3598 4862 3813 4933 episco-

2202 4947 2288 5019 pis
2318 4948 2372 5003 in
2401 4948 2592 5020 paucis
2621 4946 2757 5003 locis
2795 4948 3050 5017 residuis,
3084 4949 3364 5021 episcopia
3403 4949 3559 5006 laicis
3599 4951 3812 5008 donata

2204 5045 2257 5092 et
2286 5037 2451 5092 rubus
2481 5036 2655 5092 divisa
2681 5036 2897 5104 fuerint,
2922 5039 3059 5095 adeo
3088 5046 3146 5094 ut
3174 5039 3299 5094 Milo
3330 5039 3552 5111 quidam
3580 5047 3809 5096 tonsura

2204 5125 2454 5190 clericus,
2486 5124 2748 5193 moribus,
2780 5127 2985 5197 habitu,
3010 5135 3065 5182 et
3084 5133 3207 5183 actu
3235 5126 3576 5199 irreligiosus
3606 5128 3804 5198 laicus,

2203 5214 2480 5285 episc0pia
2507 5215 2840 5271 Rhemorum
2870 5232 2936 5273 ac
2962 5216 3306 5273 Trevirorum
3351 5231 3623 5289 usurpans
3663 5218 3808 5273 insi-

2201 5302 2332 5369 mul,
2366 5318 2465 5372 per
2492 5302 2693 5359 multos
2722 5320 2894 5360 annos
2923 5304 3393 5375 pessumdederit:
3419 5312 3471 5361 et
3486 5304 3640 5360 multi
3657 5307 3802 5376 jam,

2200 5389 2432 5447 maxime
2460 5392 2513 5447 in
2545 5392 2911 5450 Orientalibus
2940 5393 3276 5466 regionibus,
3310 5394 3457 5450 idola
3487 5394 3800 5465 adorarent,

2201 5488 2254 5536 et
2282 5480 2400 5537 sine
2443 5481 2713 5554 baptismo
2752 5490 3058 5549 manerent,
3095 5483 3394 5557 Gregorius
3422 5499 3452 5537 a
3481 5483 3659 5555 primo
3703 5501 3803 5541 se-

2200 5579 2433 5649 cundus,
2473 5580 2572 5638 sed
2609 5587 2663 5638 et
2700 5580 2893 5639 tertius
2931 5580 3254 5653 Gregorius.
3297 5579 3541 5638 Winfrid
3579 5597 3800 5655 cogno-
