4072 6336
195 274 278 328 201
1649 274 2023 331 EPISTOLZE.

3371 291 3476 348 202

201 403 374 452 mento
403 396 744 454 Bonifacium
772 398 1012 473 legatum
1033 399 1348 472 apostolica
1364 399 1510 456 sedis
1531 399 1601 456 ad
1617 399 1786 456 refor-
1813 401 1871 462 A
1890 417 2012 455 rum
2042 416 2104 456 ac
2132 401 2604 473 praedecessorum
2633 417 2858 459 suorum
2900 405 3116 476 collato,
3149 408 3224 465 ita
3247 409 3380 468 dicit
3408 414 3481 470 ad

201 485 448 542 mandam
480 487 900 543 Christianitatis
929 488 1271 559 religionem,
1295 490 1473 561 primo
1501 489 1785 560 presbyte-

202 591 328 646 rum,
363 583 562 648 postea
589 593 719 633 vero
750 579 1068 650 episcopum
1096 579 1408 634 ordinatum
1449 579 1782 634 direxerunt.

203 664 284 720 Cui
312 680 419 736 per
445 681 622 722 annos
649 666 840 738 viginti
857 667 1096 739 quinque
1112 667 1168 722 in
1189 668 1379 724 eadem
1399 667 1786 739 praedicatione

202 752 304 808 sine
335 754 603 809 cardinali
634 755 764 811 sede
792 755 1084 827 laboranti,
1118 757 1466 828 praefatorum
1502 771 1788 813 successor

203 843 484 898 Zacharias
512 859 657 916 papa
685 844 824 901 inter
850 853 1050 902 catera
1077 845 1132 900 in
1148 846 1433 918 privilegio
1455 846 1558 902 sibi
1577 847 1786 902 directo

201 930 410 1003 scripsit
430 940 595 1005 atque
625 931 860 989 ﬁrmavit
880 933 948 990 ad
967 935 1146 991 locum
1163 935 1234 989 ita
1250 936 1436 991 dicens
1457 937 1642 1009 (epist.
1665 935 1753 1007 14)
1769 953 1783 990 :

205 1043 223 1066 υ
253 1019 356 1076 Ubi
385 1021 540 1076 Deus
567 1023 1009 1094 praedicationem
1040 1033 1184 1080 luam
1209 1025 1372 1091 auxit,
1407 1025 1655 1081 obtinere
1684 1039 1786 1080 vo—

199 1108 352 1177 luisti,
389 1118 450 1164 ut
479 1110 578 1166 tibi
607 1111 974 1185 episcopalem
993 1113 1319 1184 Ecclesiam,
1343 1113 1430 1171 vel
1451 1113 1787 1170 successori-

201 1198 289 1252 bus
343 1199 453 1254 tuis
515 1198 839 1256 confirmare
893 1201 1192 1258 debeamus
1217 1246 1230 1271 ,
1275 1204 1426 1274 juxta
1470 1202 1787 1260 eorumdem

198 1284 427 1344 ﬁliorum
457 1296 771 1346 nostrorum
801 1290 1135 1346 Francorum
1162 1292 1501 1363 petitionem.
1523 1293 1591 1348 Et
1615 1291 1786 1348 idcir-

198 1389 257 1432 co
282 1377 611 1433 auctoritate
637 1379 698 1435 B.
731 1379 874 1434 Petri
904 1380 1135 1452 apostoli
1163 1380 1458 1452 sancimus,
1507 1389 1562 1436 ut
1591 1396 1787 1452 supra-

195 1464 327 1521 dicta
350 1465 608 1522 Ecclesia
637 1467 955 1540 Moguntina
983 1469 1263 1541 perpetuis
1301 1469 1637 1542 temporibus
1684 1468 1782 1526 tibi

195 1561 242 1609 et
268 1554 690 1612 successoribus
715 1555 822 1612 tuis
849 1557 906 1612 in
942 1559 1286 1630 metrOpolim
1336 1559 1402 1614 sit
1445 1557 1784 1626 confirmata,

193 1643 399 1698 habens
431 1645 538 1698 sub
569 1660 628 1700 se
655 1645 754 1700 has
783 1645 1018 1718 quinque
1041 1646 1307 1715 civitates,
1327 1646 1384 1703 id
1401 1655 1502 1715 est,
1527 1647 1786 1720 Tungris,

194 1732 506 1802 Coloniam,
552 1734 954 1802 Warmaciam,
1006 1735 1316 1807 Spiratiam,
1364 1743 1418 1792 et
1461 1737 1690 1805 Trectis,
1737 1743 1788 1791 et

195 1821 502 1878 Germania
549 1831 762 1896 gentes,
809 1840 947 1896 quas
994 1832 1088 1880 tua
1134 1824 1444 1881 fraternitas
1491 1841 1592 1897 per
1634 1840 1790 1882 suam

193 1911 640 1982 praedicationem
664 1912 861 1968 Christi
887 1912 1072 1968 lumen
1101 1929 1438 1988 cognoscere
1468 1913 1614 1970 fecit.
1641 1914 1738 1970 His
1761 1930 1794 1970 a

194 1999 345 2055 nobis
379 1999 649 2070 diﬂinitis,
682 2017 784 2072 per
811 2001 970 2072 hujus
995 2011 1197 2058 nostra
1235 2002 1662 2080 confirmationis
1690 2019 1792 2076 pa-

194 2088 372 2160 ginam
402 2089 460 2144 in
491 2095 583 2144 tua
612 2089 863 2148 Ecclesia
891 2091 1172 2164 perpetuis
1201 2091 1537 2164 temporibus
1579 2107 1682 2164 pro
1711 2090 1794 2147 sui

195 2176 603 2234 continuatione
629 2179 746 2235 hac
773 2180 1088 2236 conservari
1108 2181 1452 2237 mandamus.
1483 2205 1505 2230 »
1537 2181 1627 2238 Sic
1647 2181 1794 2237 enim

195 2275 243 2322 et
269 2267 414 2324 sacri
449 2265 651 2324 Africa
680 2269 973 2340 provincia
993 2285 1229 2326 canones
1250 2270 1398 2344 (cap.
1420 2269 1510 2342 86)
1531 2270 1792 2327 decreve-

195 2364 334 2422 runt,
367 2364 429 2412 ut
458 2371 601 2429 quos
631 2356 1048 2415 adminiculante
1080 2359 1260 2415 divina
1290 2360 1474 2432 gratia
1504 2359 1792 2431 episcOpus

195 2444 429 2516 potuerit
457 2445 664 2501 lucrari
699 2447 769 2502 ad
811 2446 1132 2504 catholicam
1176 2447 1456 2518 unitatem,
1503 2447 1572 2503 ad
1614 2447 1792 2520 ipsum

193 2535 520 2606 pertineant.

259 2623 418 2680 XXI.
453 2623 539 2680 De
566 2623 801 2695 primatu
832 2639 1048 2698 quoque
1083 2625 1140 2680 in
1170 2625 1290 2681 aliis
1320 2625 1616 2698 provinciis
1661 2625 1790 2682 item

195 2711 334 2769 idem
364 2711 662 2768 Zacharias
685 2727 828 2784 papa
857 2714 928 2770 ad
949 2714 1204 2770 eumdem
1223 2714 1557 2772 Bonifacium
1575 2715 1794 2786 scripsit

195 2802 290 2859 hoc
315 2801 487 2858 modo
518 2803 710 2875 (epist.
731 2801 784 2873 8)
810 2820 823 2856 :
852 2825 874 2850 «
896 2804 964 2858 Et
986 2803 1114 2874 quia
1134 2803 1182 2858 si
1201 2803 1430 2860 deberes
1450 2803 1506 2859 in
1529 2803 1792 2874 Bajoaria

195 2889 478 2962 provincia
519 2890 612 2960 jus
658 2890 863 2946 habere
908 2891 1315 2964 pradicationis
1361 2892 1671 2962 sciscitasti,
1722 2909 1792 2948 an

195 2995 314 3048 non,
346 2995 518 3053 quam
547 2995 579 3034 a
605 2979 898 3036 decessore
937 2989 1124 3037 nostro
1169 2981 1404 3038 habuisti
1449 2997 1787 3049 concessam,

195 3085 290 3125 nos
321 3069 582 3141 denique,
615 3068 901 3124 auxiliante
931 3071 1068 3137 Deo,
1101 3086 1166 3125 ea
1197 3087 1318 3144 quae
1349 3070 1442 3127 tibi
1460 3070 1688 3144 largitus
1710 3078 1792 3128 est

197 3158 456 3214 decessor
484 3163 692 3228 noster,
740 3174 848 3214 non
894 3157 1207 3230 minuimus,
1261 3159 1360 3214 sed
1405 3175 1685 3231 augemus,
1737 3167 1791 3216 et

199 3261 301 3303 non
332 3247 517 3302 solum
546 3245 866 3315 Bajoariam,
901 3246 998 3302 sed
1025 3247 1184 3302 etiam
1228 3263 1448 3303 omnem
1496 3247 1793 3303 Galliarum

200 3335 558 3407 provinciam,
590 3335 766 3392 donec
794 3343 846 3390 te
875 3335 1056 3392 divina
1079 3336 1305 3406 jusserit
1336 3351 1628 3408 superesse
1669 3352 1790 3391 ma-

193 3425 372 3494 iestas,
425 3431 616 3481 nostra
660 3423 781 3479 vice
826 3440 924 3495 per
973 3423 1418 3496 praedicationem
1471 3423 1564 3480 tibi
1606 3425 1790 3494 injun-

199 3521 352 3582 ctam,
386 3530 513 3585 qua
541 3513 820 3584 repereris
851 3520 1041 3569 contra
1065 3513 1428 3570 Christianam
1445 3513 1788 3587 religionem,

196 3601 277 3658 vel
303 3618 580 3658 canonum
606 3601 864 3668 instituta,
919 3601 1230 3674 spiritaliter
1271 3604 1430 3659 stude
1467 3618 1532 3660 ac
1560 3603 1628 3658 ad
1656 3619 1791 3660 nor-

200 3705 340 3747 mam
369 3691 715 3748 rectitudinis
746 3691 1067 3748 reformare.
1107 3717 1128 3740 υ

215 3771 235 3784 ’
263 3781 444 3836 XXII.
505 3779 616 3834 Sed
674 3786 726 3835 et
771 3794 894 3836 cum
940 3781 1098 3836 Ebbo
1141 3779 1414 3852 quondam
1460 3781 1792 3837 Rhemorum

201 3868 490 3941 episcopus
520 3885 583 3924 se
611 3867 668 3924 in
697 3869 906 3941 synodo
937 3870 1301 3943 quadraginta
1327 3877 1561 3942 quatuor
1581 3870 1793 3942 episco-

199 3975 388 4030 porum
417 3956 625 4030 scripto
655 3966 708 4013 et
738 3957 964 4030 propria
993 3958 1387 4030 subscriptione
1418 3975 1480 4015 ac
1507 3959 1632 4016 viva
1655 3975 1792 4016 voce

197 4063 292 4118 pro
322 4045 648 4105 criminibus
679 4045 792 4101 suis
829 4046 1126 4114 damnavit,
1169 4055 1222 4103 et
1252 4063 1286 4102 a
1318 4047 1640 4104 sacerdotali
1684 4047 1793 4104 mi-

201 4135 418 4195 nisterio
446 4135 689 4192 alienum
710 4135 966 4203 reddidit,
991 4152 1154 4208 quem
1172 4143 1366 4208 postea
1387 4134 1614 4208 Sergius
1628 4153 1794 4208 papa,

205 4224 336 4281 sicut
363 4226 534 4282 etiam
567 4224 624 4279 in
653 4223 826 4298 gestis
856 4225 972 4294 ejus
1001 4223 1220 4299 legitur,
1253 4225 1650 4296 condemnavit,
1692 4226 1794 4282 de-

204 4313 378 4372 functo
408 4315 616 4370 domno
645 4313 922 4370 Ludovico
947 4313 1293 4385 imperatore,
1339 4315 1686 4371 contentione
1726 4315 1795 4369 de

205 4417 366 4474 regno
395 4403 543 4459 inter
571 4401 716 4458 ﬁlios
745 4402 862 4472 ejus
882 4409 1092 4474 exorta,
1112 4403 1344 4474 primum
1370 4403 1437 4458 ad
1457 4402 1792 4470 Lotharium,

1887 487 2086 546 locum.
2121 489 2270 545 Inter
2295 490 2415 548 hac
2444 491 2661 564 quidem
2693 500 2744 547 et
2772 493 2876 550 hoc
2906 495 3199 565 sancimus,
3222 515 3291 555 ne
3320 500 3482 574 quili-

1887 577 1979 633 bet
2027 586 2132 635 tua
2177 578 2480 636 dioeceseos
2522 581 2726 654 regulis
2770 583 3042 652 subjectus
3083 587 3365 657 Ecclesia,
3421 598 3476 648 te

1887 673 2216 738 contempto,
2247 668 2466 740 impune
2495 669 2692 726 audeat
2714 687 2811 727 seu
2831 671 3012 727 valeat
3027 672 3201 730 aliena
3222 687 3480 748 expetere

1887 764 1978 810 aut
2034 764 2348 827 exspectare
2399 757 2637 826 judicia,
2687 767 2746 815 ut
2786 759 3057 817 almorum
3099 765 3476 824 traditionibus

1887 843 2104 899 Patrum
2147 861 2525 919 canonumque
2568 847 3095 921 promulgationibus
3142 860 3225 908 est
3271 857 3476 911 consti-

1887 939 2080 1003 tutum,
2116 934 2264 990 salvo
2291 935 2347 990 in
2375 936 2626 991 omnibus
2650 939 2776 1007 jure
2805 939 3120 1008 apostolica
3148 951 3350 999 nostra
3383 961 3476 1001 se-

1887 1021 1993 1089 dis,
2027 1029 2085 1078 ut
2113 1023 2182 1078 ab
2212 1022 2333 1096 ipso
2356 1023 2523 1080 veluti
2543 1025 2754 1082 Christo
2774 1027 2948 1082 sacris
2967 1036 3052 1084 est
3073 1039 3292 1086 cautum
3315 1048 3482 1089 cano-

1887 1109 2048 1166 nihus
2080 1126 2092 1166 :
2126 1111 2224 1166 sed
2253 1113 2448 1180 cuncti,
2485 1113 2603 1170 sive
2634 1113 2688 1169 in
2718 1115 3052 1186 pralatione,
3078 1119 3192 1175 sive
3213 1119 3268 1174 in
3299 1121 3484 1178 subdi-

1887 1198 2033 1254 tione
2060 1199 2260 1268 debita,
2283 1200 2528 1258 ordinem
2559 1202 2629 1257 ab
2659 1203 3043 1262 ecclesiasticis
3070 1209 3279 1280 regulis
3309 1211 3479 1266 tradi-

1888 1293 2001 1342 tum
2029 1288 2404 1359 observantes,
2452 1291 2711 1348 obediant
2753 1299 2806 1350 et
2853 1294 3148 1352 studiosius
3191 1297 3477 1372 obtempe-

1888 1391 2010 1432 rare
2039 1386 2355 1448 procurent.

1959 1465 2162 1522 XXIII.
2186 1467 2246 1522 In
2275 1483 2384 1539 quo
2411 1468 2628 1526 decreto
2656 1476 2709 1526 et
2737 1469 2878 1527 beati
2907 1472 3208 1529 Innocentii
3235 1475 3480 1534 scriben-

1888 1553 1957 1608 tis
2005 1555 2077 1610 ad
2125 1555 2440 1612 Victricium
2495 1558 2990 1630 Rothomagensem
3036 1563 3352 1635 episcopum
3397 1574 3482 1622 est

1891 1649 2110 1698 secutus
2137 1643 2431 1712 decretum,
2463 1661 2572 1716 quo
2601 1645 2733 1702 dicit
2755 1647 3059 1720 (Innocent.
3096 1651 3141 1720 Ι,
3172 1653 3334 1724 epist.
3373 1655 3426 1724 1)
3463 1670 3477 1710 :

1808 1759 1863 1821 B
1897 1751 1918 1780 α
1955 1731 2012 1786 Si
2057 1747 2196 1803 qua,
2245 1732 2516 1806 inquiens,
2567 1750 2744 1792 causa
2788 1735 2877 1791 vel
2925 1737 3300 1796 contentiones
3342 1741 3484 1799 inter

1893 1819 2141 1889 clericos,
2189 1828 2298 1876 tam
2331 1822 2628 1893 superioris
2675 1824 2880 1880 ordinis
2923 1841 3088 1898 quam
3133 1827 3294 1884 etiam
3337 1829 3482 1888 infe-

1890 1907 2072 1976 rioris,
2107 1908 2309 1965 fuerint
2337 1919 2557 1978 exorta,
2590 1912 2794 1984 placuit
2813 1921 2871 1968 ut
2891 1915 3190 1972 secundum
3215 1919 3485 1990 synodum

1889 1995 2188 2065 Nicaeuam,
2223 2001 2570 2073 congregatis
2601 2001 2848 2070 ejusdem
2865 2003 3166 2074 provincia
3183 2007 3484 2082 ‘episcOpis,

1885 2085 2149 2154 judicium
2176 2088 2511 2146 terminatur.
2554 2091 2669 2144 Nec
2716 2089 2878 2148 alicui
2905 2091 3086 2163 liceat,
3123 2093 3241 2152 sine
3278 2098 3484 2169 praju-

1893 2175 2036 2232 dicio
2066 2183 2250 2233 tamen
2275 2178 2536 2233 Romana
2564 2177 2848 2249 Ecclesia,
2882 2179 2970 2237 cui
2996 2181 3052 2237 in
3079 2183 3330 2241 omnibus
3351 2201 3485 2242 cau-

1891 2263 1968 2320 sis
1997 2264 2160 2322 debet
2191 2265 2494 2322 reverentia
2517 2267 2800 2336 custodiri,
2831 2268 3032 2326 relictis
3060 2270 3146 2326 his
3176 2273 3481 2330 sacerdoti-

1891 2353 2013 2424 bus,
2067 2354 2161 2426 qui
2205 2353 2264 2410 in
2305 2355 2500 2412 eadem
2545 2355 2829 2428 provincia
2883 2357 2985 2415 Dei
3023 2359 3307 2417 Ecclesias
3353 2371 3486 2421 nutu

1892 2440 2076 2499 divino
2121 2444 2450 2518 gubernant,
2508 2444 2577 2501 ad
2624 2444 2762 2501 alias
2805 2445 3098 2504 convolare
3142 2449 3475 2520 provincias.

1893 2528 2052 2599 Quod
2081 2531 2128 2586 si
2158 2532 2280 2604 quis
2311 2531 2448 2589 forte
2475 2535 2908 2606 prasumpserit,
2957 2543 3010 2591 et
3042 2535 3112 2591 ab
3141 2535 3320 2596 oﬁicio
3348 2539 3483 2596 cleri

1892 2628 2214 2688 summotus,
2250 2628 2304 2677 et
2331 2620 2650 2692 injuriarum
2679 2638 2807 2680 reus
2829 2623 2898 2678 ab
2917 2624 3170 2681 omnibus
3183 2626 3480 2696 judicetur.

1891 2707 1948 2764 Si
1977 2716 2160 2765 autem
2187 2709 2424 2779 majores
2454 2725 2636 2768 causa
2663 2710 2719 2766 in
2747 2712 2986 2768 medium
3017 2713 3218 2771 fuerint
3251 2715 3483 2773 devolu-

1891 2803 1980 2866 ta,
2013 2798 2084 2854 ad
2113 2799 2301 2855 sedem
2332 2800 2710 2872 apostolicam,
2743 2801 2882 2858 sicut
2913 2803 3156 2874 synodus
3185 2805 3385 2876 statuit,
3431 2815 3483 2864 et

1891 2887 2050 2943 beata
2089 2889 2425 2946 consuetudo
2467 2888 2653 2962 exigit,
2701 2897 2822 2962 post
2860 2889 3124 2960 judicium
3172 2892 3486 2966 episcopale

1891 2975 2211 3032 referantur.
2278 3000 2299 3025 η
2360 2978 2441 3033 De
2499 2995 2604 3050 qua
2657 2977 2746 3034 hic
2803 2979 3113 3050 specialiter
3177 2985 3483 3040 reverentia

1893 3064 2064 3132 dicat,
2123 3065 2436 3137 apostolica
2491 3066 2610 3122 sedi
2665 3068 2936 3124 reservari
2981 3069 3184 3126 debere
3207 3111 3222 3139 ,
3281 3073 3368 3128 cui
3426 3073 3483 3128 in

1893 3153 2146 3208 omnibus
2197 3155 2361 3209 rebus
2417 3153 2578 3210 debet
2636 3155 2945 3212 reverentia
2987 3157 3278 3226 custodiri,
3344 3161 3485 3219 sicut

1891 3242 2130 3313 synodus
2185 3242 2398 3310 statuit,
2459 3250 2512 3298 et
2569 3251 2724 3300 vetus
2783 3245 3118 3303 consuetudo
3166 3247 3368 3322 exigit,
3429 3259 3483 3308 et

1891 3346 2029 3402 quos
2060 3347 2318 3402 canones,
2351 3331 2505 3388 tertio
2534 3340 2588 3390 et
2618 3339 2810 3406 quarto
2853 3349 2918 3391 ac
2961 3335 3192 3408 septimo
3242 3337 3476 3412 demon-

1891 3426 2024 3477 strat
2052 3419 2308 3492 capitulo.

1959 3509 2161 3565 XXIV.
2191 3511 2273 3566 De
2298 3508 2494 3584 quibus
2523 3517 2576 3568 et
2604 3509 2660 3566 S.
2697 3510 2946 3568 Gelasius
2973 3511 3031 3568 in
3065 3513 3481 3576 commonitorio

1891 3597 2016 3654 dato
2059 3596 2260 3654 Fausto
2301 3605 2485 3654 contra
2541 3597 2846 3656 Orientales
2903 3601 3193 3675 episcopos
3236 3604 3366 3664 dicit
3407 3607 3482 3663 ita

1892 3685 2076 3759 (epist.
2110 3687 2165 3758 3)
2199 3702 2212 3742 :
2249 3709 2270 3734 «ι
2296 3685 2542 3743 Viderint
2571 3703 2724 3762 ergo,
2753 3688 2798 3744 si
2828 3688 2966 3746 alios
2988 3690 3187 3747 habent
3215 3707 3482 3768 canones,

1891 3774 2086 3848 quibus
2117 3791 2245 3832 suas
2275 3776 2507 3848 ineptias
2537 3785 2924 3850 exsequantur.
2960 3780 3228 3837 Caterum
3254 3782 3362 3853 isti,
3389 3787 3482 3858 qui

1891 3863 2054 3931 sacri,
2089 3863 2181 3937 qui
2211 3863 2582 3936 ecclesiastici,
2617 3865 2710 3938 qui
2738 3867 2969 3942 legitimi
2995 3869 3362 3942 celebrantur,
3394 3889 3482 3932 se-

1891 3951 2016 4008 dem
2043 3953 2394 4026 apostolicam
2423 3955 2493 4010 ad
2516 3954 2782 4024 judicium
2810 3973 3009 4014 vocare
3035 3974 3145 4015 non
3173 3971 3426 4032 possunt.
3455 3987 3476 4014 η

1889 4042 1960 4098 Ει
1989 4042 2261 4114 aliquanto
2287 4043 2539 4115 superius
2571 4061 2585 4098 :
2623 4067 2644 4092 «
2680 4045 2789 4116 Ipsi
2817 4053 2943 4102 sunt
2971 4060 3233 4117 canones,
3267 4051 3362 4124 qui
3385 4067 3483 4124 ap-

1891 4130 2211 4202 pellationes
2241 4131 2404 4187 totius
2433 4132 2695 4188 Ecclesia
2741 4133 2813 4188 ad
2851 4134 3012 4204 hujus
3058 4137 3204 4193 sedis
3253 4154 3484 4198 examen

1893 4219 2118 4276 voluere
2147 4219 2366 4287 deferri,
2394 4221 2466 4275 ab
2493 4219 2612 4290 ipsa
2639 4233 2768 4277 vero
2797 4235 3068 4293 nusquam
3113 4241 3338 4296 prorsus
3377 4243 3481 4299 ap-

1891 4307 2089 4380 pellari
2143 4307 2346 4364 debere
2391 4317 2704 4377 sanxerunt,
2743 4333 2764 4358 »
2801 4317 2855 4365 et
2909 4309 3138 4384 reliqua.
3191 4311 3297 4382 Qui
3352 4331 3487 4374 vero

1893 4395 2179 4469 praefatam
2207 4396 2492 4469 epistolam
2525 4395 2699 4454 sancti
2739 4398 3044 4455 Innocentii
3069 4401 3136 4456 ad
3165 4401 3484 4462 Victricium

205 4491 393 4548 deinde
421 4492 497 4548 ad
526 4491 862 4548 Ludovicum
893 4491 1182 4547 damnatus
1211 4492 1356 4548 idem
1385 4491 1540 4548 Ebbo
1571 4509 1630 4547 se
1656 4508 1793 4562 con-
1821 4485 1878 4549 D
1899 4486 2395 4559 Rothomagensem
2423 4483 2913 4560 archiepiscopum,
2955 4505 3022 4546 ex
3051 4491 3225 4548 sacris
3255 4493 3484 4552 canoni-

205 4579 334 4636 tulit.
381 4580 491 4650 Qui
535 4596 721 4654 reges,
772 4580 1028 4652 quoniam
1076 4597 1176 4653 per
1221 4581 1415 4636 merita
1461 4588 1792 4654 sanctorum,

207 4668 622 4727 adminiculante
674 4668 907 4726 Domino
965 4678 1016 4726 et
1067 4669 1270 4726 domno
1320 4677 1508 4726 nostro
1557 4670 1791 4742 Carolo,

205 4756 452 4814 violentia
483 4775 597 4814 non
627 4757 903 4830 valebant,
935 4775 1036 4831 per
1066 4758 1315 4826 insidias,
1345 4765 1456 4815 tam
1484 4760 1627 4831 apud
1657 4775 1795 4832 apo-

210 4847 446 4906 stolicam
477 4848 668 4905 sedem
699 4863 864 4919 quam
895 4855 946 4902 et
975 4848 1116 4920 apud
1147 4864 1502 4921 quoscunque
1547 4849 1798 4906 valebant

212 4936 512 5010 episc0pos,
569 4944 622 4992 et
672 4951 1111 5009 quaquaversum
1157 4945 1422 5009 poterant,
1467 4939 1797 4994 Rhemorum

208 5026 456 5100 episcopo
488 5027 815 5098 laqueorum
844 5024 1120 5083 tendicula
1136 5025 1355 5096 injicere
1373 5043 1493 5099 qua
1521 5043 1797 5100 prapara-

211 5125 409 5187 verant,
445 5123 502 5172 et
533 5132 624 5172 res
650 5115 822 5187 ipsius
865 5115 1189 5172 Rhemensis
1241 5117 1522 5186 Ecclesia,
1574 5134 1696 5190 qua
1742 5116 1798 5171 in

209 5200 430 5260 diversis
459 5203 649 5276 regnis
680 5203 796 5260 sita
829 5211 968 5270 sunt,
1002 5220 1032 5259 a
1059 5204 1306 5275 pluribus
1335 5205 1584 5276 usurpari
1610 5222 1796 5277 coepe—

209 5301 342 5365 runt,
371 5294 550 5370 gratia
581 5301 637 5349 et
666 5291 886 5350 nomine
915 5293 1240 5350 Benedictus
1271 5311 1428 5365 papa,
1472 5293 1528 5348 in
1569 5293 1796 5367 privile-

211 5382 298 5452 gio
322 5384 654 5440 Rhemorum
687 5382 965 5454 episcopo,
991 5383 1082 5456 qui
1113 5399 1258 5440 nunc
1291 5383 1466 5438 eidem
1498 5383 1664 5440 servit
1683 5384 1796 5441 Ec-

207 5471 396 5545 clesia,
427 5475 496 5530 B.
535 5472 686 5528 Petri
716 5479 770 5527 et
800 5471 1117 5544 apostolica
1147 5472 1318 5544 ipsius
1367 5470 1514 5527 sedis
1559 5472 1796 5528 auctori-

207 5566 330 5635 tate,
351 5562 656 5622 secundum
684 5575 874 5618 sacros
903 5577 1164 5631 canones,
1195 5568 1248 5618 et
1277 5561 1502 5618 decreta
1531 5559 1796 5618 decesso-

485 5676 730 5732 ΡΑτιοι..
765 5672 1011 5732 CXXVI.

1895 4577 1998 4631 bus
2051 4574 2476 4649 promulgatam,
2528 4575 2598 4633 de
2643 4591 2752 4650 qua
2797 4577 3068 4650 pramissi
3115 4579 3322 4637 decreti
3365 4581 3484 4652 ejus

1895 4665 2218 4722 sententiam
2247 4665 2334 4722 hic
2363 4664 2662 4737 posuimus,
2709 4665 3000 4739 diligenter
3027 4681 3061 4722 a
3087 4667 3356 4741 principio
3398 4671 3485 4727 sui

1894 4770 2068 4828 usque
2097 4753 2166 4811 ad
2193 4752 2357 4811 tinem
2386 4754 2660 4826 relegerit,
2693 4754 2930 4815 inveniet
2959 4753 3149 4811 eadem
3195 4755 3264 4813 de
3308 4758 3486 4830 privi-

1893 4843 2054 4916 legiis
2083 4843 2427 4916 singulorum
2454 4843 3016 4915 metrOpolitanorum,
3051 4843 3257 4902 scilicet
3283 4847 3511 4920 prima-’

1895 4939 2044 4989 tuum
2072 4932 2496 5006 provinciarum,
2545 4949 2666 5004 quae
2713 4939 2766 4988 et
2793 4937 3012 4986 sanctus
3060 4933 3372 4994 Bonifacius
3419 4939 3488 4996 ad

1895 5021 2182 5094 episcopos
2211 5021 2524 5080 Gallicanos
2553 5029 2606 5078 et
2647 5019 2718 5076 ad
2762 5018 3031 5078 Hilarium
3069 5022 3485 5084 Narbonensem

1896 5110 2210 5182 episcopum
2238 5111 2530 5177 constituit,
2561 5107 2834 5180 videlicet,
2884 5117 2944 5167 ut
2989 5111 3172 5170 nullus
3201 5123 3484 5188 metropo-

1893 5200 2092 5257 litanus
2123 5201 2260 5256 duas
2287 5199 2732 5270 metropolitanas
2761 5198 3026 5270 civitates,
3079 5201 3324 5276 duasque
3351 5221 3484 5278 pro-

1897 5288 2102 5346 vincias
2148 5290 2344 5346 debeat
2385 5288 2590 5344 habere
2637 5288 2911 5358 subjectas
2931 5333 2945 5358 ,
2997 5290 3096 5348 sed
3143 5308 3486 5367 unaquaque

1894 5377 2171 5452 provincia
2197 5376 2597 5448 metropolitani
2626 5377 2709 5434 sui
2736 5375 2792 5435 in
2823 5379 3073 5436 omnibus
3118 5380 3283 5438 rebus
3330 5380 3486 5440 ordi-

1895 5467 2169 5524 nationem
2197 5481 2414 5536 semper
2442 5473 2736 5539 exspectet,
2769 5475 2824 5524 et
2852 5466 2921 5525 de
2963 5465 3265 5540 majoribus
3307 5469 3486 5529 causis

1897 5556 1966 5614 ad
1994 5555 2182 5614 sedem
2209 5554 2565 5630 apostolicam
2595 5555 2797 5632 singuli
2823 5559 3230 5630 metropolitani
3259 5574 3326 5616 ex
3375 5557 3488 5617 suis

3026 5675 3061 5726 '7
