4072 6298
611 230 716 284 203
1565 219 1909 275 llINCMARI
1935 214 2338 274 RHEMENSIS
2365 215 2916 272 ARCHIEPISCOPI.
3809 215 3922 274 204

618 347 914 422 provinciis
964 344 1088 418 post
1142 345 1454 418 episcopale
1498 345 1763 414 judicium
1818 343 2092 409 referant,
2153 348 2208 396 ut
2239 341 2404 401 Ame
2433 356 2658 397 servum
2688 343 2802 412 feci
2830 340 2880 412 (Ι
2910 341 3033 397 Cor.
3061 340 3164 412 ιχ).
3197 341 3318 397 Non
3347 342 3501 397 enim
3538 343 3919 415 nosmetipsos

619 435 881 510 quidquid
912 435 1115 508 singuli
1142 433 1546 506 metropolitani
1575 448 1700 490 cum
1721 432 1834 488 suis
1856 431 2213 505 suffraganeis
2309 430 2708 502 praedicamus,
2747 431 2842 485 sed
2876 431 3067 486 Iesum
3105 430 3392 486 Christum
3434 432 3741 488 Dominum
3773 447 3918 490 nos-

617 524 871 583 duxerint
900 523 1328 593 decernendum,
1361 538 1486 579 cum
1512 522 1747 578 relatum
1776 522 1847 577 ad
1873 520 2058 577 sedem
2089 535 2214 590 apo-

617 613 862 671 stolicam
901 611 1082 680 fuerit,
1131 613 1268 682 ejus,
1317 619 1375 667 ut
1417 611 1682 669 condecet
1728 619 1781 667 et
1827 625 2056 666 necesse
2106 616 2206 678 est,

613 701 930 761 auctoritate
963 699 1224 766 ﬁrmetur,
1257 708 1345 756 aut
1376 700 1714 756 emendetur.

682 790 859 848 XXV.
911 791 1022 848 Sed
1065 799 1117 846 et
1149 789 1242 863 qui
1289 789 1578 861 vigilanter
1625 788 1872 844 eamdem
1923 786 2207 860 epistolam

612 879 984 946 recensuerit,
1039 879 1272 950 reperiet
1319 877 1540 934 beatum
1589 876 1961 933 Innocentium
2011 875 2206 932 decre-

611 969 777 1038 visse,
811 984 878 1024 ea
907 984 1028 1040 quae
1054 967 1110 1022 in
1139 967 1231 1022 illa
1261 966 1457 1037 scripta
1484 974 1626 1036 sunt,
1673 973 1724 1021 et
1754 980 1787 1020 a
1816 963 2024 1021 cunctis
2071 979 2204 1035 pro-

607 1057 908 1114 vinciarum
937 1055 1260 1128 primatibus
1291 1061 1344 1110 et
1371 1055 1439 1109 ab
1479 1054 1730 1110 omnibus
1781 1053 2055 1126 episcopis
2101 1052 2204 1108 de-

609 1146 742 1204 bere
787 1145 1017 1201 servari.
1067 1145 1136 1200 Et
1183 1144 1312 1198 item
1359 1143 1416 1198 in
1459 1141 1688 1215 praefato
1735 1142 1877 1198 beati
1925 1140 2204 1198 Benedicti

609 1251 763 1307 papae
791 1232 1080 1307 privilegio
1111 1242 1193 1287 est
1223 1231 1504 1287 decretum
1537 1248 1550 1286 :
1588 1254 1610 1278 α
1646 1229 1712 1286 Et
1742 1231 1846 1286 hoc
1882 1229 2202 1303 promulga-

2313 521 2486 584 trum,
2504 534 2606 575 nos
2619 521 2810 574 autem
2827 534 3010 575 servos
3027 523 3237 575 vestros
3247 535 3350 591 per
3359 520 3550 576 Iesum
3573 521 3650 590 (ΙΙ
3665 521 3788 577 Cor.
3805 523 3912 592 ιν),

2310 605 2458 662 salva
2479 615 2779 663 memorata
2799 607 3109 664 conditione
3120 607 3399 681 privilegii
3418 609 3597 682 gratia
3613 617 3666 664 et
3686 609 3915 666 nomine

2310 695 2608 751 Benedicti.
2669 695 2726 751 Si
2775 703 2960 752 autem
3010 712 3121 752 non
3171 697 3396 752 desierit
3438 697 3668 770 digitum
3713 706 3914 754 exten-

2307 783 2474 850 dere,
2533 792 2587 839 et
2643 783 2792 856 loqui
2853 785 2999 856 quod
3058 800 3168 840 non
3225 785 3486 857 prodest,
3544 786 3726 842 audiet
3781 803 3913 844 cum

2308 872 2568 944 Apostolo
2603 891 2616 928 :
2656 875 2732 928 Tu
2761 875 2884 946 quis
2915 890 2990 940 es,
3011 876 3108 946 qui
3115 875 3342 946 judicas
3357 875 3612 932 alienum
3633 892 3867 932 servum
3888 880 3912 932 ?

2306 963 2538 1018 Domino
2567 978 2668 1018 suo
2696 965 2814 1018 stat
2830 967 2932 1018 aut
2953 963 3122 1018 cadit.
3146 963 3326 1018 Stabit
3342 969 3538 1020 autem
3558 983 3576 1020 :
3593 969 3798 1038 potens
3820 969 3912 1022 est

2305 1051 2459 1106 enim
2477 1051 2622 1106 Deus
2643 1054 2896 1107 statuere
2917 1051 3085 1106 illum
3107 1050 3283 1122 (Rom.
3307 1067 3426 1122 xrv,
3451 1052 3526 1124 i);
3550 1060 3630 1109 et:
3646 1053 3784 1110 Mihi
3799 1071 3906 1127 pro

2305 1139 2542 1194 minimo
2569 1143 2672 1206 est,
2696 1140 2974 1196 utavobis
2993 1140 3220 1212 judicer
3239 1140 3288 1210 (Ι
3318 1141 3440 1197 Cor.
3465 1156 3542 1208 IV,
3575 1141 3652 1213 3);
3682 1157 3755 1197 ne
3783 1141 3900 1210 illa,

2303 1243 2422 1298 qute
2452 1227 2776 1283 auctoritate
2806 1227 3067 1284 canonica
3097 1236 3256 1300 atque
3286 1229 3585 1300 apostolica
3631 1228 3904 1286 aedificata

2301 1323 2426 1370 sunt
2453 1315 2508 1370 in
2543 1315 2766 1388 praefato
2793 1316 3105 1390 privilegio,
3137 1334 3260 1373 mea
3288 1318 3638 1374 destruantur
3663 1335 3901 1376 consen-

606 1340 729 1378 mus
758 1331 918 1394 atque
948 1320 1250 1390 statuimus,
1282 1329 1340 1375 ut
1369 1330 1440 1388 te,
1491 1320 1584 1392 qui
1628 1320 1834 1391 primas
1864 1319 2036 1390 ipsius
2065 1335 2200 1390 pro-

2301 1403 2473 1474 sione,
2509 1405 2722 1461 dicente
2750 1421 2952 1478 magno
2980 1422 3122 1478 papa
3150 1407 3330 1464 Leone
3373 1407 3444 1464 ad
3490 1409 3728 1464 Leonem
3774 1411 3898 1465 Au—

608 1411 801 1468 vinciae
851 1425 992 1480 esse
1028 1408 1404 1480 dignosceris,
1449 1407 1650 1463 nullius
1691 1423 1932 1480 unquam
1975 1405 2202 1462 infesta-

603 1499 748 1555 tione
791 1507 974 1556 contra
1015 1497 1281 1554 canonica
1329 1497 1736 1569 apostolicaque
1782 1497 2030 1563 decreta,
2083 1496 2199 1551 sive
2298 1502 2536 1565 gustum,
2571 1510 2695 1550 cum
2724 1503 3002 1565 peteretur
3031 1509 3270 1556 annuere
3298 1512 3418 1569 qua:
3450 1496 3526 1552 illi
3546 1496 3627 1552 fas
3646 1507 3901 1554 nouerat

595 1587 800 1661 judicia
832 1586 1203 1644 ecclesiastica
1232 1585 1328 1641 tibi
1367 1585 1674 1653 commissa,
1727 1593 1816 1640 aut
1862 1585 2056 1640 virtute
2105 1592 2197 1640 aut
2298 1582 2605 1638 consentire
2635 1584 2828 1656 (epist.
2870 1585 2960 1654 84)
2993 1601 3007 1638 :
3043 1607 3064 1632 «ι
3105 1585 3164 1640 Si
3193 1601 3334 1656 quae,
3385 1585 3576 1658 inquit,
3620 1587 3894 1655 destruxi,

600 1675 854 1733 facultate
880 1675 1094 1741 nudari,
1133 1673 1220 1731 vel
1253 1682 1377 1732 ante
1419 1674 1748 1730 audientiam
1789 1673 2020 1730 Romani
2059 1688 2197 1745 pon-
2223 1671 2414 1760 Bhaec
2442 1671 2671 1739 aedifico,
2705 1672 3183 1744 praevaricatorem
3234 1690 3322 1730 me
3370 1675 3657 1743 constituo,
3710 1685 3764 1731 et
3812 1677 3897 1732 eis

601 1763 778 1832 tiﬁcis,
811 1781 845 1821 a
871 1779 1192 1837 quocunque
1222 1763 1468 1818 damnari
1499 1763 1804 1828 statuimus,
1851 1778 2069 1818 omnem
2101 1763 2194 1831 ju-
2296 1776 2384 1816 me
2415 1760 2680 1816 ultionum
2710 1760 3110 1817 conditionibus
3139 1761 3334 1832 subdo,
3368 1778 3506 1836 quas
3553 1779 3662 1820 non
3708 1765 3893 1821 solum

601 1853 822 1911 dicundi
849 1853 1102 1908 ordinem
1128 1852 1558 1924 comprehendit,
1609 1859 1668 1906 ut
1698 1851 1809 1906 suis
1839 1850 2092 1908 videlicet
2122 1851 2192 1905 li-
2295 1850 2584 1905 auctoritas
2624 1849 2794 1905 beatae
2840 1850 3116 1906 memoriae
3160 1851 3423 1923 principis
3465 1853 3734 1919 Martiani,
3786 1855 3890 1912 sed

597 1943 732 1999 bere
777 1949 936 1998 utens
982 1940 1234 2014 legaliter
1278 1956 1344 1996 ac
1381 1939 1731 2014 regulariter,
1778 1940 1826 1994 si
1865 1939 2193 2009 judicandus
2293 1937 2458 1993 etiam
2488 1954 2592 2010 ego
2623 1953 2744 1994 mea
2774 1940 3134 1995 consensione
3174 1938 3402 2008 firmavi,
3443 1941 3586 2014 quia,
3635 1950 3695 1998 ut
3740 1943 3892 1999 idem

601 2039 704 2100 est,
737 2031 808 2086 ad
837 2031 1134 2086 electorum
1157 2029 1421 2099 judicum,
1455 2029 1538 2084 vel
1565 2017 1640 2083 ad
1671 2029 1786 2098 ejus
1815 2027 2024 2098 vicarii,
2067 2044 2189 2084 cum
2292 2025 2420 2080 alibi
2449 2025 2596 2096 dicit,
2632 2027 2768 2083 sicut
2797 2028 2851 2082 in
2881 2028 3024 2084 mala
3053 2029 3304 2084 suasione
3334 2029 3676 2103 delinquitur,
3727 2032 3803 2087 ita
3834 2041 3893 2089 et

597 2119 761 2176 fuerit
791 2119 1097 2191 specialiter
1131 2119 1200 2174 ad
1229 2119 1334 2174 hoc
1383 2118 1690 2188 deputatus,
1735 2117 1996 2187 judicium
2046 2117 2190 2173 intra
2290 2113 2346 2168 in
2374 2115 2516 2170 mala
2542 2116 2901 2173 consensione
2929 2126 3202 2190 peccatur.
3243 2142 3264 2166 »
3299 2118 3550 2192 Sequitur
3591 2121 3646 2176 in
3686 2121 3891 2178 eodem

595 2225 710 2264 sum
740 2207 996 2264 terminos
1025 2207 1321 2280 provincia:
1350 2215 1680 2279 provocetur
1723 2223 1823 2278 pro
1865 2207 2026 2261 certis
2075 2207 2186 2262 exi-
2285 2203 2592 2275 privilegio.

594 2295 863 2352 stentibus
891 2295 1090 2364 causis,
1132 2296 1328 2368 quibus
1365 2296 1605 2364 majores
1650 2303 1780 2350 natu
1829 2295 2078 2368 legaliter
2121 2309 2186 2352 ac

591 2385 916 2457 regulariter
942 2385 1086 2456 apud
1116 2384 1408 2441 canonicos
1431 2385 1646 2454 judices
1696 2385 1945 2440 accusari
1982 2383 2181 2454 valent,

591 2473 800 2530 dierum
833 2481 886 2530 et
916 2473 1254 2538 dilationum,
1297 2481 1461 2546 atque
1503 2473 1558 2528 in
1600 2473 1942 2529 discussione
1985 2487 2182 2544 perso-

588 2577 782 2618 narum
809 2563 1184 2619 accusantium
1215 2571 1268 2618 et
1297 2561 1716 2628 testiﬁcantium,
1740 2569 1918 2617 utrum
1948 2562 2183 2617 debeant

2358 2293 2582 2349 XXVII.
2622 2317 2642 2340 α
2670 2293 2738 2349 Et
2766 2295 2871 2350 hoc
2893 2295 3160 2360 volumus,
3185 2311 3253 2352 ne
3269 2296 3493 2368 quilibet
3513 2313 3579 2353 ex
3596 2299 3888 2370 provincia

2287 2388 2340 2436 et
2370 2381 2591 2438 dioecesi
2622 2383 2909 2454 metropoli
2939 2392 3043 2440 tuae
3079 2383 3285 2456 tibique
3333 2386 3590 2456 subjecta,
3637 2388 3731 2457 jus
3781 2405 3874 2445 se-

2284 2471 2522 2527 cundum
2563 2471 2965 2528 ecclesiasticas
3006 2472 3418 2530 constitutiones
3465 2476 3718 2546 primatui
3764 2477 3884 2535 Ec-

2284 2558 2465 2614 clesiae
2496 2567 2600 2616 tute
2631 2568 2684 2615 et
2714 2560 2811 2615 tibi
2841 2561 3078 2616 debitum
3119 2578 3336 2634 quoquo
3380 2564 3542 2620 modo
3588 2582 3690 2637 per
3736 2583 3884 2623 con-

586 2651 675 2706 vel
703 2667 812 2707 non
849 2651 1084 2707 debeant
1126 2651 1194 2706 ad
1235 2651 1634 2707 accusationem
1679 2651 1762 2706 vel
1812 2651 2181 2706 testimonium
2281 2655 2543 2719 templum
2575 2649 2904 2718 convellere,
2929 2658 3021 2706 aut
3051 2650 3144 2706 tibi
3173 2651 3260 2707 vel
3278 2651 3540 2710 Ecclesiae
3555 2663 3659 2710 tuae
3679 2672 3884 2728 quam-

588 2739 816 2805 admitti,
849 2739 1108 2795 canonica
1137 2747 1190 2794 et
1219 2739 1381 2812 legali
1412 2739 1584 2796 forma
1618 2747 1849 2806 servata,
1887 2748 1938 2794 et
1969 2739 2047 2795 sic
2076 2740 2177 2795 de-
2280 2751 2497 2809 cunque
2526 2737 2860 2809 violentiam,
2884 2747 3076 2794 contra
3095 2740 3287 2796 eadem
3306 2742 3566 2800 canonica
3584 2745 3882 2802 constituta

585 2844 734 2883 mum
761 2827 1012 2901 legaliter
1037 2827 1126 2884 vel
1154 2827 1480 2899 regulariter
1508 2828 1789 2884 convictus
1837 2829 1925 2884 vel
1963 2828 2180 2884 confes-
2279 2833 2330 2880 et
2388 2825 2606 2881 decreta
2669 2827 3041 2884 Romanorum
3103 2828 3453 2901 pontificum,
3520 2833 3879 2903 pertinaciter

586 2933 680 2972 sus
710 2916 994 2988 apostolici
1023 2932 1180 2989 papae
1202 2915 1409 2986 judicio
1439 2917 1642 2988 primas
1681 2917 2012 2972 Rhemorum
2043 2933 2174 2989 pro-
2276 2912 2482 2971 inferre
2510 2925 2821 2986 praesumat,
2867 2931 2992 2974 cum
3037 2919 3392 2976 anathematis
3435 2921 3875 2993 interpositione,

587 3006 775 3062 vinciae
803 3013 1132 3071 reservetur,
1166 3005 1304 3061 sicut
1353 3005 1410 3061 S.
1455 3005 1562 3061 Leo
1609 3005 1678 3060 ad
1709 3007 2056 3062 Anastasium
2086 3007 2244 3083 cuin
2276 3011 2462 3058 nostra
2493 3003 2788 3074 apostolica
2827 3013 2879 3062 et
2918 3005 3063 3061 beati
3111 3007 3256 3062 Petri
3295 3009 3664 3080 apostolorum
3711 3011 3876 3083 prin-

585 3095 730 3152 vices
759 3110 888 3150 suas
917 3095 1188 3150 commisit
1217 3095 1286 3150 de
1328 3093 1744 3166 metropolitano
1791 3095 2009 3167 scripsit
2051 3097 2172 3167 epi-
2196 3090 2247 3122 υ
2279 3090 2414 3162 cipis
2457 3093 2774 3148 auctoritate
2821 3094 3192 3164 prohibemus.
3244 3095 3508 3168 Optamus
3549 3097 3874 3157 fraternita-

586 3199 752 3255 scopo
781 3183 970 3256 (epist.
1001 3188 1090 3255 88)
1125 3200 1138 3239 :
1173 3183 1283 3239 Sed
1311 3184 1496 3251 etiam,
1544 3183 1591 3238 si
1639 3183 1768 3254 quid
1813 3200 1982 3256 grave
2025 3185 2173 3241 into-
2276 3188 2382 3235 tem
2413 3188 2560 3236 tuam
2589 3180 2643 3235 in
2671 3182 2885 3239 Christo
2915 3200 3057 3240 nunc
3087 3194 3140 3240 et
3168 3201 3387 3257 semper
3427 3187 3566 3242 bene
3605 3188 3812 3246 valere.
3842 3212 3866 3242 ι

583 3273 980 3345 lerandumque
1037 3273 1335 3344 gessisset,
1395 3282 1579 3328 nostra
1631 3281 1749 3328 erat
1804 3276 2174 3344 exspectanda
2275 3267 2408 3337 Quae
2437 3269 2748 3326 constitutio
2778 3279 3038 3344 quantum
3067 3273 3234 3330 sacris
3263 3276 3564 3332 canonibus
3600 3277 3867 3348 Nicaanae,

579 3377 830 3427 censura,
863 3369 921 3415 ut
949 3360 1084 3415 nihil
1111 3361 1264 3431 prius
1293 3361 1410 3431 ipse
1441 3361 1786 3426 decerneres,
1837 3378 1999 3434 quam
2041 3364 2171 3435 quid
2273 3357 2644 3425 Antiochense,
2677 3359 3158 3432 Chalcedonensis,
3191 3363 3550 3430 Sardicensis,
3583 3373 3638 3420 et
3666 3367 3870 3425 Africae

579 3450 738 3506 nobis
783 3450 1024 3521 placeret
1065 3465 1416 3523 agnosceres.
1470 3473 1492 3496 »
1544 3449 1699 3506 Unde
1750 3457 1802 3504 et
1850 3449 1905 3504 in
1946 3451 2168 3522 praefato

580 3539 864 3611 privilegio
891 3537 1132 3610 sequitur
1163 3557 1176 3592 :
1214 3560 1237 3590 ι
1273 3539 1382 3593 Sed
1413 3537 1458 3593 si
1496 3537 1850 3609 compellatus
1892 3539 2168 3611 appellare

578 3629 648 3684 ad
687 3629 830 3684 hanc
875 3635 1118 3682 sanctam
1165 3627 1350 3682 sedem
1397 3627 1630 3683 volueris
1681 3627 1966 3698 apostolici
2010 3645 2167 3700 papae

569 3715 774 3785 judicio
803 3716 1091 3781 reservari,
1137 3724 1340 3784 nostra,
1389 3715 1500 3772 imo
1547 3715 1688 3772 beati
1730 3717 1870 3771 Petri
1911 3719 2161 3788 apostoli,

573 3805 888 3861 auctoritate
915 3803 1272 3876 praecipimus,
1306 3821 1407 3861 nec
1435 3804 1594 3861 alicui
1639 3805 2009 3878 cujuscunque
2051 3807 2163 3875 juri

2268 3446 2562 3516 provinciae
2591 3448 2836 3519 synodis,
2870 3450 2968 3504 sed
2996 3459 3048 3506 et
3077 3451 3314 3508 decretis
3355 3454 3666 3524 apostolicis
3715 3457 3867 3513 sedis

2267 3533 2582 3606 pontiﬁcum
2628 3552 2692 3594 ac
2749 3538 2916 3593 sacris
2960 3539 3176 3612 legibus
3223 3551 3514 3609 consonet,
3564 3560 3729 3602 nemo
3779 3556 3866 3602 est

2267 3623 2360 3696 qui
2389 3624 2611 3695 dubitat,
2643 3625 2690 3680 si
2719 3641 2905 3683 sacros
2933 3643 3170 3684 canones
3199 3638 3252 3685 et
3296 3631 3520 3688 decreta
3563 3633 3714 3689 sedis
3744 3635 3862 3692 Ro-

2264 3727 2440 3768 manze
2495 3713 2812 3784 pontificum
2871 3731 2937 3772 ac
2997 3719 3338 3775 venerandus
3395 3720 3549 3793 leges
3607 3725 3862 3796 cognitas

2263 3798 2452 3856 habet.
2493 3801 2628 3870 Quia
2657 3803 2801 3859 enim
2833 3805 3090 3876 scriptum
3129 3815 3212 3862 est
3240 3825 3252 3864 :
3286 3811 3420 3866 Post
3448 3814 3861 3884 concupiscen-

2264 3889 2374 3944 tias
2406 3893 2535 3946 tua:
2563 3909 2679 3948 non
2710 3909 2804 3948 eas
2833 3894 3030 3964 (Eccli.
3064 3897 3251 3968 xvm);
3285 3905 3340 3953 et
3373 3914 3384 3953 :
3418 3899 3635 3956 Atticm
3684 3905 3739 3958 te
3787 3919 3860 3959 ne

2259 3979 2545 4049 quaesieris
2575 3983 2772 4050 (Eccli.
2807 3984 2924 4054 III);
2967 3991 3019 4039 et
3049 3984 3240 4040 beatus
3285 3986 3469 4042 scribit
3511 3989 3809 4047 Hormisda
3843 4009 3856 4048 :

570 3892 658 3949 vel
681 3891 884 3962 judicio
913 3900 965 3948 te
989 3893 1200 3964 subjici,
1231 3901 1460 3965 excepta
1486 3901 1754 3964 potestate
1784 3894 1932 3950 sedis
1964 3895 2162 3953 Roma-

567 3997 652 4038 nae
669 3977 1015 4038 pontificum.
1055 4006 1078 4030 »ι

635 3998 652 4038 3
680 3998 1015 4052 ροηιιηουω,
1055 4006 1078 4030 ,ι
2259 3998 2545 4049 quaesieris
2575 3998 2772 4050 (Lccn.
2807 3998 2924 4054 Ill);
2967 3998 3019 4039 et
3049 3998 3240 4040 beatus
3285 3998 3469 4042 scribit
3511 3998 3809 4047 Hormisda
3843 4009 3856 4048 :

635 4069 835 4126 XXVI.
886 4071 954 4126 Et
998 4071 1054 4125 in
1099 4071 1203 4127 hac
1259 4071 1522 4126 sententia
1581 4071 1828 4128 canonici
1883 4072 2155 4147 privilegii
2255 4065 2504 4124 Elevatio
2534 4085 2751 4140 semper
2780 4070 2936 4126 affert
2966 4073 3128 4128 saluti
3172 4075 3494 4145 periculum.
3545 4094 3648 4150 per
3693 4097 3856 4153 quam

563 4157 748 4216 domui
778 4159 1055 4216 Benedicti
1081 4160 1339 4228 attendat,
1373 4160 1420 4216 si
1449 4161 1570 4234 quis
1601 4159 1741 4218 forte
1784 4177 1952 4234 supra
1992 4178 2152 4219 men-
2249 4155 2400 4225 psius
2427 4157 2678 4213 inventor
2709 4155 2957 4215 diabolus
2985 4161 3240 4234 angelica
3277 4172 3548 4234 potestate
3590 4166 3850 4238 privatus

561 4264 742 4304 suram
773 4265 928 4306 suam
955 4249 1034 4306 ire
1063 4250 1315 4317 voluerit,
1349 4257 1400 4306 et
1428 4267 1537 4306 non
1566 4251 1634 4306 de
1664 4251 1748 4307 his
1796 4253 1992 4325 quibus
2021 4253 2154 4309 dicit
2253 4251 2354 4312 οδε,
2388 4245 2517 4300 Salis
2546 4263 2816 4320 superque
2864 4247 3097 4317 ευίῖθεὶῐ,
3144 4267 3211 4308 ac
3259 4251 3470 4323 sufﬁcit,
3521 4270 3860 4330 semperque

560 4332 824 4388 Dominus
855 4350 870 4388 :
903 4335 1042 4390 Ecce
1071 4349 1165 4405 ego
1193 4334 1359 4390 mitto
1389 4350 1480 4389 vos
1501 4335 1718 4405 (Matth.
1743 4335 1827 4406 χ),
1848 4335 1945 4392 sed
1975 4335 2043 4392 de
2064 4335 2149 4392 his
2244 4331 2471 4389 sufﬁciet
2500 4337 2830 4410 prasignato
2875 4339 3206 4395 Rhemorum
3249 4342 3514 4399 Ecclesiae
3561 4346 3852 4415 servienti,

563 4436 686 4476 esse
715 4420 1003 4492 delegerit,
1033 4421 1102 4476 de
1130 4421 1326 4492 quibus
1355 4421 1620 4477 Dominus
1647 4423 1777 4478 dicit
1802 4440 1814 4478 :
1840 4425 1953 4496 Ipsi
1972 4426 2150 4495 ibant,
2182 4417 2236 4479 D
2260 4438 2382 4493 quae
2410 4439 2508 4493 per
2536 4440 2722 4481 sacros
2751 4443 2988 4482 canones
3036 4436 3090 4484 et
3130 4429 3352 4486 decreta
3398 4431 3544 4488 sedis
3589 4435 3860 4494 Romanae

558 4513 618 4565 et
643 4525 738 4582 ego
767 4527 882 4568 non
911 4510 1204 4565 mittebam
1232 4527 1322 4567 eos
1353 4511 1538 4581 (Joan.
1562 4510 1752 4582 xxm);
1786 4513 1914 4584 quia
1943 4513 2148 4583 primas

556 4597 890 4654 Rhemorum
914 4595 1209 4669 provinciae
1237 4597 1520 4669 apostolici
1544 4614 1698 4670 papae
1722 4599 1927 4668 judicio
1966 4617 2147 4656 reser-

557 4687 675 4742 vari
704 4687 762 4742 B.
796 4687 941 4743 Petri
978 4685 1209 4759 apostoli
1255 4687 1572 4742 auctoritate
1617 4703 1742 4742 cum
1791 4689 2146 4747 anathematis

553 4772 924 4832 interdictione
954 4775 1285 4848 praecipitur,
1327 4783 1379 4832 et
1421 4791 1524 4832 nec
1570 4775 1732 4831 alicui
1777 4776 2146 4852 cujuscunque

548 4861 659 4932 juri
715 4863 802 4918 vel
851 4864 1058 4934 judicio
1101 4863 1343 4920 submitti
1388 4863 1733 4936 permittitur,
1781 4876 2000 4940 excepta
2048 4885 2146 4941 po-

553 4957 748 5006 testate
796 4953 942 5008 sedis
995 4953 1256 5010 Romana:
1303 4951 1638 5026 pontiﬁcum.
1689 4955 1888 5011 Contra
1931 4973 2053 5030 quae
2099 4958 2146 5014 si

551 5039 748 5112 aliquis
800 5042 1120 5097 nostratium
1165 5059 1502 5114 praesumere
1564 5057 1674 5098 non
1733 5043 1995 5116 voluerit,
2046 5049 2145 5104 sed

550 5127 857 5185 obaudiens
887 5131 1207 5201 Apostolum
1235 5131 1506 5188 dicentem
1541 5149 1554 5186 :
1587 5133 1743 5189 Nihil
1783 5150 1884 5207 per
1912 5140 2146 5193 conten-

556 5219 784 5286 tionem,
817 5233 994 5292 neque
1019 5234 1126 5292 per
1152 5221 1385 5277 inanem
1399 5221 1640 5293 gloriam
1656 5218 1892 5296 (Philip.
1912 5226 1995 5294 ιι),
2014 5225 2146 5280 cha-

551 5305 738 5373 ritose,
772 5305 909 5362 sicut
937 5307 1102 5363 frater
1131 5323 1164 5364 a
1192 5307 1376 5375 fratre,
1423 5326 1545 5381 quae
1573 5309 1724 5382 pacis
1756 5320 1810 5366 et
1837 5312 2143 5369 dilectionis

555 5401 681 5451 sunt
725 5396 1028 5468 expetierit,
1078 5397 1262 5454 audiet
1307 5413 1432 5453 cum
1477 5400 1783 5471 Apostolo:
1821 5402 1959 5458 Cum
2005 5403 2144 5460 liber

551 5500 731 5544 essem
759 5501 834 5544 ex
849 5485 1126 5556 omnibus,
1148 5486 1406 5544 duntaxat
1427 5489 1600 5559 vobis,
1617 5491 1874 5549 omnium
1890 5495 2140 5550 vestrum

2246 4510 2558 4580 pontificum
2585 4513 2877 4586 unicuique
2908 4525 3032 4572 sunt
3061 4520 3481 4591 metropolitano
3508 4522 3728 4579 collata.

2317 4599 2568 4656 XXVIII.
2594 4602 2723 4658 Haec
2755 4611 2962 4659 tantum
2989 4615 3216 4678 propter
3250 4609 3527 4666 vitandam
3564 4612 3858 4683 prolixita-

2247 4696 2376 4759 tem,
2410 4689 2539 4760 quia
2566 4689 2694 4746 hinc
2723 4691 3052 4750 sufficienter
3078 4695 3135 4750 in
3163 4699 3462 4756 canonibus
3513 4702 3682 4759 sacris
3714 4711 3769 4760 et
3791 4704 3854 4761 in

2246 4777 2481 4833 decretis
2510 4778 2972 4850 pra‘decessorum
3005 4800 3222 4841 suorum
3254 4787 3502 4857 habetur,
3553 4789 3622 4847 de
3665 4792 3856 4863 privi-

2245 4864 2390 4938 legio
2446 4867 2633 4922 domni
2687 4869 3002 4940 Benedicti,
3065 4877 3213 4946 quod
3267 4875 3324 4931 in
3381 4879 3584 4935 scrinio
3641 4890 3854 4940 sanctae

2246 4954 2500 5010 Romanae
2531 4956 2794 5014 Ecclesiae
2825 4961 3071 5018 noscitur
3109 4965 3399 5038 contineri,
3446 4976 3500 5024 et
3547 4968 3602 5024 in
3629 4973 3855 5042 synodo

2245 5045 2387 5114 apud
2417 5044 2742 5102 Suessiones
2771 5057 3050 5106 ostensum
3082 5061 3183 5124 est,
3232 5062 3285 5111 et
3319 5055 3370 5111 si
3396 5073 3625 5114 necesse
3653 5058 3848 5129 fuerit,

2245 5132 2420 5188 adhuc
2449 5134 2590 5190 valet
2621 5137 2854 5206 ostendi,
2887 5140 3140 5197 duximus
3169 5149 3648 5203 commemoranda
3685 5166 3700 5204 :
3730 5165 3852 5207 non

2245 5227 2303 5274 ut
2331 5220 2516 5277 domni
2549 5231 2602 5279 et
2639 5225 2816 5282 Patris
2865 5230 3038 5286 nostri
3079 5233 3360 5303 apostolici
3405 5251 3564 5308 papae
3611 5238 3850 5296 Joannis

2243 5311 2519 5368 canonicis
2549 5320 2602 5369 et
2631 5317 2943 5386 apostolicis
2977 5323 3452 5394 praeceptionibus,
3501 5327 3646 5399 quod
3674 5329 3848 5402 absit,

2243 5399 2590 5471 resultemus,
2625 5404 2719 5476 qui
2747 5407 2908 5462 etiam
2947 5417 3072 5465 ante
3117 5419 3168 5466 et
3212 5421 3335 5484 post
3380 5415 3675 5488 privilegia
3721 5399 3850 5477 hac

2242 5497 2460 5573 collata,
2512 5501 2660 5560 sedis
2702 5503 3015 5577 apostolicae
3053 5508 3330 5580 jussione,
3377 5521 3430 5569 et
3469 5513 3658 5572 domni
3709 5523 3850 5578 tunc
