4072 6348
208 323 292 382 205

1673 316 2050 374 EPISTOLE.

3373 325 3478 379 206

205 445 326 519 regis
348 443 548 515 Caroli,
582 458 728 500 nunc
773 451 956 500 autem
1009 443 1215 518 gratias
1260 444 1376 500 Deo
1431 441 1778 515 imperatoris
1807 442 1862 506 A
1881 459 2003 500 esse
2031 459 2153 516 quae
2180 441 2430 516 gesserit.
2483 442 2699 512 Quanta
2747 443 2892 498 enim
2924 442 3138 500 vicariis
3182 444 3482 501 beatissimi

205 533 422 607 Augusti,
458 549 648 590 verum
677 541 732 588 et
758 533 1075 591 invitatione
1105 531 1432 590 confratrum
1462 547 1528 589 ac
1585 531 1775 603 coepi-

205 639 470 695 scOporum
510 631 834 691 nostrorum,
895 631 1149 695 seqentes
1202 621 1558 694 apostolicam
1612 637 1778 693 regu-

204 712 308 779 lam,
337 729 458 784 qua;
487 712 620 768 dicit
661 729 675 766 :
709 715 817 769 Per
863 711 1205 768 charitatem
1258 713 1464 768 servite
1512 711 1774 779 invicem,

203 802 408 874 subjecti
435 801 684 858 invicem
712 803 778 856 in
809 802 1010 858 timore
1073 801 1282 857 Christi
1335 801 1483 871 (Gal.
1545 801 1604 870 v)
1659 815 1779 870 ,per

203 890 388 944 diversa
435 889 562 945 loca
620 889 970 960 diversasque
1024 888 1353 960 provincias,
1413 889 1483 943 ad
1541 887 1780 958 synodos

203 977 471 1035 convenire
531 977 858 1044 studuimus,
920 985 980 1032 et
1028 984 1190 1048 prout
1244 976 1457 1032 dederit
1517 975 1780 1032 Dominus

203 1083 338 1140 posse
368 1067 734 1134 studebimus,
767 1074 824 1122 ut
852 1067 1172 1138 praedictum
1202 1074 1302 1134 est,
1337 1075 1390 1121 et
1419 1082 1565 1137 saepe
1595 1065 1782 1120 dicen-

202 1157 307 1211 dum
332 1164 430 1223 est,
463 1155 561 1228 qui
589 1173 700 1212 non
727 1156 794 1210 ab
821 1172 878 1211 re
907 1163 989 1210 est
1029 1155 1227 1227 saepius
1283 1155 1452 1210 verbo
1505 1161 1778 1226 repetere,

201 1247 322 1318 quod
348 1262 570 1316 semper
595 1261 822 1301 necesse
876 1251 960 1300 est
1017 1244 1199 1300 animo
1254 1245 1510 1311 retinere,
1564 1251 1782 1300 servato

196 1335 298 1404 jure
325 1334 600 1406 privilegii
628 1334 813 1390 domui
842 1333 1136 1400 Benedicti,
1171 1333 1218 1388 si
1247 1349 1347 1388 nos
1377 1333 1618 1388 fraterna
1647 1333 1784 1388 cha-

203 1423 316 1479 ritas
344 1423 676 1491 invitaverit,
709 1422 999 1495 potiusque
1037 1422 1212 1493 jussio
1254 1422 1569 1493 apostolicae
1614 1421 1781 1489 sedis,

199 1521 242 1568 et
265 1513 554 1584 praeceptio
584 1512 770 1569 domui
813 1511 985 1567 nostri
1040 1511 1219 1568 Caroli
1266 1511 1610 1583 imperatoris
1667 1512 1784 1565 Au-

202 1601 326 1676 gusti
355 1618 454 1657 nos
503 1601 576 1656 ad
631 1601 918 1673 synodum,
979 1600 1117 1656 sicut
1171 1601 1497 1672 praecipiunt
1552 1599 1780 1672 regulae,

197 1707 370 1748 vocare
399 1689 708 1747 decreverit
735 1706 836 1761 pro
869 1689 1083 1756 talibus,
1113 1706 1236 1762 qua:
1275 1689 1412 1744 forte
1469 1687 1787 1760 provinciali

201 1779 524 1853 nequiverint
560 1778 807 1835 examine
837 1777 1074 1844 diﬂiniri,
1109 1779 1344 1833 maxime
1373 1778 1429 1832 in
1459 1793 1626 1834 causa
1660 1776 1786 1832 ﬁdei

197 1869 269 1926 vel
294 1868 571 1942 generalis
602 1866 901 1943 religionis,
964 1867 1103 1923 sicut
1156 1871 1214 1921 in
1268 1865 1583 1938 apostolica:
1641 1866 1787 1922 sedis

199 1957 516 2030 pontificum,
581 1964 633 2012 et
688 1957 745 2012 in
801 1956 1044 2029 epistolis
1103 1955 1339 2030 legimus
1391 1957 1784 2029 Augustorum.

199 2047 447 2117 Quoniam
476 2047 875 2118 imperatorum
904 2047 1219 2102 auctoritate
1249 2053 1572 2102 convocatas
1621 2061 1788 2118 gene-

197 2138 324 2193 rales
357 2136 622 2208 synodos,
657 2143 710 2191 et
737 2135 792 2190 in
821 2135 1068 2190 historiis
1094 2133 1480 2191 ecclesiasticis
1513 2141 1564 2189 et
1595 2133 1651 2188 in
1682 2133 1791 2204 epi-

195 2226 330 2282 stolis
362 2224 684 2296 apostolicas
714 2224 859 2279 sedis
888 2223 1204 2296 pontificum
1234 2223 1558 2295 reperimus.

254 2315 460 2370 XXIX.
494 2315 566 2368 Et
596 2321 818 2370 sanctus
878 2313 1180 2386 Gregorius
1237 2329 1395 2384 reges
1455 2313 1788 2367 Francorum

193 2406 415 2478 synodos
437 2403 494 2458 in
525 2403 750 2458 Gallicis
779 2411 831 2458 et
861 2402 1096 2475 Belgicis
1136 2401 1433 2473 provinciis
1485 2417 1789 2458 convocare

194 2511 326 2566 saepe
382 2493 738 2550 commonuit.
799 2491 909 2548 Sed
967 2491 1244 2563 quoniam,
1305 2499 1364 2547 ut
1419 2491 1528 2548 Leo
1581 2490 1790 2545 monuit

192 2586 367 2657 (epist.
404 2586 473 2638 56
503 2583 576 2638 ad
606 2582 978 2651 Anatolium),
1039 2597 1195 2636 mens
1224 2579 1478 2652 potentiae
1497 2579 1660 2636 avida
1685 2593 1789 2635 nec

187 2672 408 2728 abstinet
436 2671 641 2740 vetitis,
673 2685 776 2726 nec
805 2669 1008 2740 gaudet
1034 2668 1332 2736 concessis,
1367 2676 1421 2724 et
1449 2667 1666 2724 difﬁcile
1706 2675 1790 2724 est

188 2769 239 2816 ut
264 2759 539 2833 cupiditas
569 2758 938 2830 improborum
968 2775 1078 2813 non
1108 2757 1314 2830 aliquid
1345 2773 1506 2828 supra
1560 2773 1788 2812 mensu-

185 2867 290 2905 ram
340 2849 607 2905 moliatur
665 2855 969 2918 appetere:
1003 2864 1072 2902 ne
1131 2847 1251 2918 quis
1295 2854 1540 2901 nostrum
1591 2845 1787 2901 oblitus

185 2937 558 3010 praeceptionis
587 2935 856 3007 Apostoli,
889 2935 998 2990 imo
1027 2952 1124 3006 per
1169 2935 1490 3006 Apostolum
1546 2934 1784 3003 Domini,

185 3028 267 3099 qui
292 3027 424 3084 dicit
459 3043 473 3082 :
509 3028 576 3081 In
607 3025 867 3082 omnibus
897 3025 1266 3080 exhibeo-mus
1295 3041 1397 3081 nos
1438 3025 1587 3096 ipsos
1639 3026 1791 3105 sicut

184 3117 273 3172 Dei
299 3116 620 3182 ministros,
637 3115 859 3170 nemini
886 3114 1087 3169 dantes
1107 3115 1290 3170 ullam
1317 3113 1700 3184 offensionem,
1722 3116 1788 3168 ut

181 3223 288 3264 non
315 3206 678 3278 vituperetur
705 3203 1095 3260 ministerium
1121 3207 1383 3259 nostrum
1411 3201 1431 3272 (
1463 3204 1516 3258 II
1535 3204 1654 3258 Cor.
1679 3202 1780 3272 Vl),

182 3301 268 3348 aut
312 3292 689 3364 improbitate,
748 3301 838 3346 aut
895 3291 1260 3346 assentatione
1319 3298 1502 3346 contra
1559 3289 1786 3360 praefata

183 3382 469 3456 privilegia
496 3380 852 3453 pertinaciter
878 3379 1136 3435 moliatur
1163 3379 1473 3451 insurgere,
1525 3387 1578 3434 et
1630 3378 1783 3450 peri-

182 3471 353 3527 culum
394 3471 678 3526 intentata:
735 3469 1096 3524 damnationis
1155 3467 1328 3540 possit
1384 3468 1686 3535 incurrere,
1715 3467 1786 3522 de

179 3567 434 3615 cernente
491 3558 708 3614 Zosimo
754 3573 896 3629 papa
939 3558 1012 3614 ad
1057 3557 1360 3625 Aurelium,
1395 3564 1448 3612 et
1498 3555 1786 3612 universos

181 3648 464 3719 episcopos
533 3663 632 3718 per
685 3645 929 3704 Africam
985 3645 1327 3714 constitutos,
1388 3645 1786 3716 universosque

177 3736 463 3808 episcopos
482 3751 583 3808 per
614 3734 826 3790 Gallias
855 3742 910 3790 et
947 3743 1156 3806 septem
1211 3734 1522 3807 provincias
1578 3733 1786 3791 consti-

179 3834 332 3897 tutos,
369 3835 424 3883 et
457 3824 732 3881 universis
761 3823 1032 3896 episc0pis
1059 3840 1159 3896 per
1206 3823 1523 3896 Hispaniam
1578 3822 1786 3880 consti-

175 3915 320 3982 tutis,
356 3932 392 3972 a
422 3914 548 3988 pari
580 3914 770 3987 (epist.
807 3913 888 3985 6).
934 3935 956 3964 α
992 3913 1126 3969 Cum
1143 3914 1428 3980 adversus,
1453 3913 1646 3986 inquit,
1673 3921 1787 3967 sta-

173 4012 280 4060 tuta
313 4007 544 4060 Patrum
577 4004 814 4070 venitur,
847 4019 959 4059 non
973 4011 1180 4058 tantum
1198 4002 1417 4058 illorum
1435 4002 1789 4074 providentiae

170 4101 328 4167 atque
361 4093 679 4159 sententia,
723 4091 817 4164 qui
864 4092 920 4146 in
975 4109 1151 4148 aevum
1209 4091 1418 4148 victura
1475 4098 1786 4159 sanxerunt,

171 4183 261 4238 sed
288 4181 401 4256 ipsi
432 4181 847 4255 quodammodo
888 4179 1017 4236 fidei
1062 4188 1115 4236 et
1165 4180 1446 4237 catholicae
1490 4180 1790 4252 disciplinae

170 4270 450 4346 irrogatur
471 4269 693 4341 injuria.
722 4289 746 4321 ι
773 4271 842 4325 Ει
869 4277 1086 4326 sanctus
1112 4269 1330 4324 Hilarus
1360 4286 1515 4341 papa,
1553 4277 1610 4324 ut
1626 4285 1790 4340 supra

167 4362 526 4425 ostendimus,
562 4359 698 4416 dicit
725 4359 912 4430 (epist.
950 4359 1040 4430 11)
1070 4377 1083 4414 :
1121 4380 1143 4410 ι
1177 4360 1302 4414 Non
1344 4358 1524 4413 minus
1568 4357 1626 4412 in
1656 4373 1789 4412 san-

168 4457 376 4506 ctarum
405 4447 757 4504 traditionem
786 4447 1114 4519 delinquitur
1152 4446 1480 4513 sanctiones,
1533 4462 1694 4518 quam
1734 4445 1790 4500 in

1875 531 2020 588 Petri
2049 533 2280 604 apostoli
2315 531 2645 602 judicabitur
2696 547 2818 588 esse
2843 533 3166 601 reverentia,
3199 533 3246 588 si
3274 551 3397 606 quae
3423 535 3482 590 in

1879 621 2182 678 sacerdotio
2247 621 2590 694 praecipiunt,
2660 621 2870 678 eisdem
2921 623 3290 678 transentibus
3358 624 3477 679 dis-

1878 710 2205 767 solvantur?
2239 732 2262 761 »
2295 712 2364 768 Et
2395 721 2614 770 sanctus
2643 713 2751 769 Leo
2782 729 2924 785 papa
2959 713 3015 770 in
3071 715 3308 770 decretis
3363 715 3476 771 suis

1878 799 2110 871 praeﬁxit
2141 800 2332 871 (epist.
2368 800 2420 872 1)
2455 819 2469 856 :
2519 823 2542 853 ι
2593 801 2709 858 Hoc
2743 801 2922 874 itaque
2961 802 3256 858 admonitio
3293 811 3480 859 nostra

1878 888 2157 943 denuntiat
2185 890 2332 961 quod
2359 889 2404 944 si
2435 889 2558 963 quis
2589 890 2819 946 fratrum
2838 899 3030 948 contra
3058 892 3176 948 haec
3195 892 3483 948 constituta

1881 977 2112 1045 venerit,
2167 977 2256 1033 vel
2311 978 2500 1036 venire
2545 979 2854 1046 tentaverit,
2907 987 2957 1035 et
2999 979 3274 1052 prohibita
3321 978 3484 1036 fuerit

1881 1082 2046 1120 ausus
2087 1065 2392 1136 admittere,
2437 1082 2471 1124 a
2515 1058 2616 1124 suo
2663 1084 2724 1125 se
2761 1069 2977 1125 novurit
3023 1069 3200 1126 ofﬁcio
3257 1069 3485 1124 submo-

1883 1155 2140 1222 vendum,
2198 1172 2300 1212 nec
2357 1157 2756 1214 communionis
2814 1165 3012 1216 nostrae
3069 1157 3307 1214 futurum
3363 1174 3486 1214 esse

1885 1251 2216 1314 consortem,
2241 1244 2334 1316 qui
2392 1245 2572 1301 socius
2627 1262 2750 1302 esse
2795 1245 2992 1308 noluit,
3021 1246 3345 1318 disciplinae.
3402 1247 3488 1303 Ne

1885 1331 2015 1404 quid
2064 1348 2196 1389 vero
2253 1333 2341 1404 sit,
2403 1334 2549 1406 quod
2603 1335 3032 1406 praetermissum
3075 1351 3112 1392 a
3137 1336 3296 1391 nobis
3341 1335 3483 1392 forte

1887 1421 2156 1488 credatur,
2203 1421 2388 1476 omnia
2435 1421 2735 1480 decretalis
2788 1424 3100 1492 constituta,
3163 1432 3275 1479 tam
3311 1425 3488 1481 beatae

1886 1509 2278 1566 recordationis
2310 1511 2630 1579 Innocentii,
2664 1527 2828 1583 quam
2858 1513 3100 1568 omnium
3139 1514 3491 1569 decessorum

1886 1607 2217 1670 nostrorum,
2239 1616 2361 1671 quae
2416 1599 2486 1656 de
2537 1599 2924 1657 ecclesiasticis
2979 1601 3266 1657 ordinibus
3293 1610 3346 1658 et
3402 1618 3492 1659 ca-

1887 1701 2093 1742 nonum
2125 1687 2484 1760 promulgata.
2511 1697 2635 1743 sunt
2662 1689 2983 1761 disciplinis,
3015 1691 3088 1745 ita
3117 1706 3148 1744 a
3177 1699 3360 1747 vestra
3408 1691 3496 1746 di-

1815 1775 2124 1864 Blecttone
2154 1777 2418 1832 custodiri
2449 1777 2652 1832 debere
2695 1779 3034 1846 mandamus,
3083 1787 3146 1835 ut
3189 1781 3236 1834 si
3283 1779 3404 1852 quis
3433 1779 3490 1834 in

1889 1864 1980 1920 illa
2009 1865 2360 1933 commiserit,
2394 1865 2612 1922 veniam
2641 1866 2744 1922 sibi
2775 1868 3036 1939 deinceps
3064 1869 3279 1924 noverit
3313 1869 3488 1924 dene-

1887 1951 2026 2026 gari.
2059 1972 2082 2004 ι
2117 1951 2259 2022 Quia
2291 1953 2435 2009 enim
2463 1954 2521 2010 in
2549 1956 2695 2028 Lege
2727 1964 2779 2013 et
2809 1957 2865 2010 in
2909 1956 3213 2030 Evangelio
3255 1957 3492 2013 duorum

1887 2041 1973 2096 vel
2005 2041 2166 2096 trium
2198 2042 2419 2124 testium
2448 2052 2563 2099 rata
2579 2045 2847 2100 sententia
2862 2047 3266 2116 comprobatur,
3288 2054 3492 2118 quanto

1887 2129 2066 2187 studio
2102 2131 2300 2187 horum
2331 2140 2578 2204 quatuor,
2611 2134 2681 2190 de
2711 2134 2964 2206 qualibus
3001 2134 3132 2191 dicit
3178 2135 3442 2192 Dominus
3477 2153 3491 2191 :

1886 2218 1944 2274 Si
1971 2220 2078 2275 duo
2109 2236 2183 2276 ex
2211 2221 2358 2277 vobis
2387 2225 2777 2278 consenserint
2805 2239 2975 2293 super
2986 2227 3220 2292 terram,
3257 2225 3324 2280 de
3339 2225 3496 2282 omni

1887 2323 1949 2364 re
1967 2309 2084 2378 ﬁet,
2118 2308 2186 2364 de
2212 2309 2526 2380 praestitutis
2556 2312 2884 2368 anteriorum
2912 2312 3212 2384 privilegiis
3261 2328 3492 2370 conser-

1888 2397 2082 2452 vandis
2111 2397 2396 2454 uniformis
2436 2400 2702 2456 sententia
2752 2401 2947 2456 debeat
2991 2401 3330 2470 conservari,
3371 2417 3492 2458 cor-

1887 2485 2045 2541 datus
2073 2485 2307 2558 quisque
2334 2489 2594 2556 attendat,
2627 2496 2680 2544 et
2708 2489 2853 2545 unde
2894 2489 3122 2562 quisque
3165 2489 3490 2546 nostratium

1887 2590 1986 2646 pro
2015 2572 2162 2630 ﬁdeli
2182 2576 2491 2632 reverentia
2537 2592 2605 2634 ac
2632 2577 3048 2634 conservatione
3100 2577 3358 2634 meritum
3387 2577 3494 2634 sibi

1887 2663 2061 2719 beatae
2090 2665 2538 2721 remunerationis
2583 2673 2764 2737 potest
2804 2666 3112 2739 acquirere,
3163 2684 3232 2723 ne
3275 2685 3490 2740 praeva-

1888 2751 2111 2809 ricando
2139 2753 2444 2826 periculum
2481 2754 2739 2824 incurrat,
2769 2770 3105 2828 magnopere
3133 2764 3343 2813 caveat.

1957 2841 2141 2898 XXX.
2164 2842 2410 2899 Tandem
2433 2843 2672 2900 brevites
2698 2859 3124 2901 commemorare
3154 2845 3488 2915 censuimus,

1887 2930 2016 3003 quia
2043 2938 2234 2989 sancto
2279 2940 2334 2988 et
2369 2933 2684 3002 venerando
2726 2933 2844 2992 viro
2880 2934 3158 2992 Bonifacio
3195 2935 3255 2989 in
3309 2933 3486 2992 Frisia

1885 3020 2116 3076 verbum
2143 3021 2360 3078 Domini
2387 3022 2740 3093 praedicante,
2773 3039 2918 3079 anno
2944 3023 3336 3079 Incarnationis
3363 3025 3482 3080 Do-

1885 3107 2100 3165 minicae
2129 3111 2252 3176 751i,
2285 3111 2540 3182 martyrio
2588 3119 2866 3180 coronato,
2915 3120 2970 3167 et
3011 3111 3336 3169 Simoniacae
3379 3113 3486 3168 hae-

1886 3197 2025 3252 resis
2059 3197 2342 3268 pravitate,
2390 3206 2443 3253 et
2488 3199 2885 3274 neophytorum
2935 3201 3379 3272 praesumptione,
3413 3216 3479 3257 ac

1885 3285 2098 3341 caeteris
2145 3286 2450 3360 quibusque
2501 3302 2605 3359 pro
2643 3295 2948 3361 temporum
3003 3289 3403 3362 opportunitate
3433 3297 3488 3346 et

1885 3373 2144 3446 qualitate
2172 3376 2507 3447 compositis,
2548 3378 2811 3435 hactenus
2844 3377 3140 3449 provinciae
3169 3377 3481 3450 Cisalpinae,

1885 3463 2222 3534 temporibus
2251 3465 2461 3536 Pippini
2491 3466 2662 3539 regis,
2695 3475 2749 3522 et
2773 3465 2950 3523 Caroli
2977 3482 3042 3524 ac
3088 3467 3350 3524 Ludovici
3376 3467 3486 3524 im-

1884 3561 2216 3624 peratorum,
2251 3553 2370 3609 sine
2412 3555 2516 3611 hoc
2561 3553 2869 3626 primicerio
2919 3556 3006 3613 vel
3041 3555 3268 3629 primate
3295 3557 3482 3614 asede

1885 3641 2186 3714 apostolica
2215 3640 2469 3714 delegato
2486 3657 2660 3700 annos
2687 3643 2904 3700 circiter
2961 3644 3153 3716 viginti
3208 3653 3318 3702 tres
3348 3647 3484 3716 (imo

1887 3748 2067 3788 annos
2102 3732 2440 3804 nonaginta)
2473 3741 2815 3800 manserunt,
2849 3741 2905 3791 et
2934 3734 3362 3808 metropolitanis
3383 3734 3492 3792 sin-

1887 3817 2030 3893 gulis
2063 3836 2161 3876 suo
2181 3820 2307 3890 jure
2345 3827 2574 3890 servate,
2623 3822 2939 3896 apostolicae
2994 3822 3145 3880 sedis
3198 3823 3402 3893 favore,
3436 3833 3492 3880 et

1887 3908 2193 3980 principum
2241 3926 2466 3967 suorum
2523 3911 2900 3983 dispositione,
2953 3913 3252 3970 secundum
3299 3929 3489 3971 sacros

1888 4012 2146 4064 canones,
2179 4006 2234 4054 et
2251 3999 2475 4057 decreta
2533 4001 2778 4070 ejusdem
2815 4008 3018 4059 sanctae
3064 4003 3210 4058 sedis
3263 4001 3485 4074 pontiﬁ-

1889 4101 2032 4152 cum,
2069 4103 2297 4160 quaeque
2325 4087 2546 4145 fuerunt
2591 4090 2821 4161 agenda,
2866 4090 3203 4147 venerabiles
3241 4091 3487 4163 episcopi

1887 4191 1988 4248 per
2009 4176 2382 4232 auctoritatem
2411 4191 2683 4232 canonum
2703 4193 3001 4246 sacrorum,
3035 4187 3088 4234 et
3145 4179 3364 4236 decreta
3393 4197 3486 4237 se-

1889 4263 1975 4320 dis
2003 4263 2259 4320 Romanae
2285 4263 2599 4336 pontiﬁcum
2627 4273 2978 4338 peregerunt.

1958 4352 2166 4408 XXXI.
2199 4353 2386 4425 Drogo
2414 4353 2624 4410 interea
2653 4353 2974 4412 Metensium
3003 4354 3313 4428 episcopus,
3346 4355 3490 4414 fastu

1893 4440 2064 4515 regiae
2088 4441 2362 4514 prosapiae
2387 4441 2699 4512 subvectus,
2731 4445 2876 4502 hanc
2903 4444 3275 4517 praelationem
3316 4445 3372 4502 in
3394 4446 3486 4503 Ci-

166 4536 444 4608 imjuriam
475 4537 652 4610 ipsius
682 4536 900 4592 Domini
927 4535 1230 4608 prosilitur.
1273 4557 1296 4587 »
1321 4537 1388 4591 Et
1401 4545 1621 4592 sanctus
1633 4550 1774 4608 papa
1799 4525 1856 4590 D
1877 4529 2101 4604 salpinis
2113 4529 2448 4610 regionibus,
2465 4539 2626 4588 nacta
2641 4533 2874 4606 quadam
2893 4534 3201 4602 occasione,
3227 4543 3493 4607 temporet

169 4626 537 4699 Symmachus
567 4625 642 4681 ad
697 4625 992 4682 Caesarium
1039 4625 1418 4681 Arelatensem
1467 4625 1786 4698 episcopum

166 4715 294 4772 dicit
311 4719 514 4789 (epist.
550 4715 606 4787 1)
643 4733 708 4770 ;‹
759 4715 896 4770 Cum
939 4714 1008 4770 ad
1053 4713 1330 4770 Trinitatis
1384 4714 1578 4781 instar,
1633 4715 1785 4784 cujus

166 4821 268 4860 una
297 4814 388 4862 est
418 4813 592 4878 atque
619 4803 899 4861 individua
944 4811 1186 4876 potestas
1234 4819 1402 4858 unum
1443 4803 1512 4858 sit
1555 4819 1656 4874 per
1702 4803 1785 4858 di-

167 4911 360 4952 versos
391 4893 673 4952 antistites
695 4893 1084 4961 sacerdotium,
1131 4893 1592 4965 quemadmodum
1635 4892 1784 4964 prio-

165 5000 286 5040 rum
330 4992 544 5042 statuta
593 5001 627 5038 a
672 4983 1026 5056 sequentibus
1071 4983 1324 5040 convenit
1367 4981 1605 5039 violari?
1664 4983 1783 5038 Huc

166 5075 382 5131 accedit
409 5073 563 5148 quod
591 5073 712 5130 haec
740 5071 787 5127 si
825 5071 1040 5129 eveniat
1085 5071 1476 5127 sententiarum
1523 5071 1778 5140 varietas,

163 5162 232 5216 ad
259 5163 445 5236 ipsam
476 5169 887 5220 sacrosanctam
939 5161 1260 5218 catholicam
1291 5161 1612 5234 religionem
1653 5177 1780 5217 cre-

163 5249 346 5309 dimus
375 5252 684 5326 pertinere,
727 5251 882 5322 cujus
923 5250 1102 5306 omnis
1149 5257 1389 5322 potestas
1445 5249 1774 5323 infringitur,

164 5339 266 5396 nisi
319 5344 598 5399 universa
651 5357 774 5412 quae
827 5357 862 5396 a
917 5339 1290 5396 sacerdotibus
1346 5337 1562 5394 Domini
1608 5339 1778 5395 semel

159 5437 477 5489 statuuntur
532 5436 803 5503 perpetua
849 5429 979 5485 sint.
1063 5429 1222 5499 Quod
1276 5427 1408 5482 alias
1459 5428 1778 5502 contingere

159 5521 384 5591 poterit,
421 5521 471 5576 si
500 5535 798 5577 successor
825 5519 1134 5576 decessoris
1151 5518 1359 5575 actibus
1387 5533 1498 5572 non
1527 5517 1777 5573 tribuerit

165 5604 508 5680 ﬁrmitatem,
544 5617 601 5668 et
627 5609 934 5666 roborando
965 5625 1086 5681 quae
1114 5615 1268 5681 gesta
1298 5614 1441 5675 sunt,
1475 5605 1635 5663 faciat
1665 5615 1776 5663 rata

1885 4618 2124 4676 Lotharii
2146 4619 2492 4691 imperatoris
2529 4621 2674 4693 apud
2701 4621 2955 4696 Sergium
2983 4637 3182 4694 papam
3223 4622 3489 4694 obtinuit;

1885 4717 1982 4772 sed
2011 4717 2159 4790 quod
2187 4715 2384 4775 affectu
2413 4718 2617 4786 ambiit,
2651 4719 2852 4778 effectu
2877 4734 2988 4777 non
3015 4719 3234 4787 habuit;
3267 4727 3320 4776 et
3340 4721 3490 4794 quod

1881 4804 2135 4862 efﬁcaciae
2162 4822 2284 4877 usu,
2326 4822 2438 4864 non
2473 4807 2938 4864 consentientibus
2985 4806 3182 4879 quibus
3216 4807 3480 4868 intererat

1881 4895 2128 4952 obtinere
2173 4911 2285 4953 non
2336 4897 2525 4968 potuit,
2573 4895 2964 4969 patientissime
3009 4903 3069 4952 ut
3115 4913 3240 4958 eum
3295 4899 3483 4958 decuit

1883 4984 2150 5056 toleravit,
2183 5000 2256 5042 ne
2287 4985 2608 5042 scandalum
2638 4984 2899 5041 fratribus
2919 4991 2972 5040 et
2991 4987 3474 5046 consacerdotibus

1879 5088 2172 5146 generans,
2205 5074 2448 5130 schisma
2474 5073 2530 5128 in
2561 5080 2808 5130 sanctam
2834 5073 3144 5132 Ecclesiam
3171 5076 3474 5135 introduce-

1878 5169 1978 5218 ret.
2010 5162 2186 5232 Quem
2205 5169 2366 5220 tantae
2411 5161 2797 5234 generositatis
2841 5178 2908 5220 ac
2959 5163 3239 5238 dignitatis
3293 5167 3469 5224 virum

1878 5251 2110 5324 quisque
2137 5259 2380 5310 nostrum
2415 5250 2614 5308 imitari
2651 5251 2934 5324 debuerat,
2969 5254 3295 5312 ncindebite
3311 5271 3475 5330 appe-

1875 5347 2014 5398 teret
2040 5341 2185 5414 quod
2230 5355 2342 5396 non
2396 5339 2612 5408 habeat,
2673 5341 2767 5415 qui
2813 5343 2932 5400 sine
2985 5344 3332 5402 contentione
3358 5361 3470 5402 non

1875 5430 2098 5502 exsequi
2124 5428 2342 5500 pertulit
2370 5443 2510 5500 quoe
2537 5429 2768 5503 adeptus
2797 5432 2986 5491 fuerat.
3017 5435 3153 5490 Cum
3199 5434 3465 5509 legamus,

1875 5519 1999 5592 quia
2023 5533 2318 5590 pravorum
2345 5520 2716 5594 praesumptio,
2743 5537 2855 5578 non
2881 5522 3058 5580 solum
3087 5539 3154 5579 ex
3199 5540 3301 5580 sua
3346 5531 3467 5581 tor-

1871 5607 2114 5676 titudine,
2163 5622 2356 5664 verum
2403 5608 2564 5665 etiam
2611 5627 2678 5668 ex
2729 5611 3140 5683 comparatione
3167 5619 3454 5684 rectorum,
