4072 6304
620 248 728 306 207

1628 246 1973 302 HINCMARI
1999 242 2402 302 RHEMENSIS
2432 239 2988 298 ARCHIEPISCOPI.

3810 245 3927 300 208

623 387 791 442 quam
819 370 887 424 sit
915 369 1230 426 damnanda
1261 377 1615 438 monstratur,
1639 371 1853 426 dicente
1884 369 2167 442 Scriptura
2201 387 2213 423 :
2248 371 2303 432 A
2322 383 2493 438 super
2529 367 2896 423 altitudinem
2937 364 3174 420 nubium
3205 367 3228 419 ?
3287 363 3602 420 Pestilentia
3629 373 3682 419 et
3712 365 3938 439 gladius

622 460 859 516 Probata
888 464 1084 516 autem
1113 462 1294 516 virtus
1324 461 1557 532 corripit
1587 461 1919 534 insipientes
1949 460 2098 530 (Sap.
2134 458 2215 529 ιι).

619 545 996 620 Quantumque
1027 549 1321 604 fraternum
1353 548 1689 615 scandalum,
1723 557 1780 603 ut
1809 565 1875 604 ex
1919 547 2218 604 altitudinis

614 653 818 702 nostrae
845 646 1058 718 rapina,
1095 646 1142 702 si
1171 645 1308 702 forte
1339 646 1532 718 aliquis
1581 654 1821 702 nostrum
1865 647 1971 702 hoc
2023 645 2216 701 morbo

617 733 847 801 laborat,
882 733 1116 790 fratibus
1149 735 1464 792 scandalum
1494 751 1602 790 non
1647 751 1997 808 generemus,
2043 734 2214 790 vitare

613 822 934 892 debeamus,
968 823 1184 878 Domini
1215 824 1482 879 sententia
1511 824 1840 878 demonstrat
1869 823 2100 879 dicentis
2144 823 2214 877 ad

615 911 852 981 Petrum,
886 920 943 967 ut
971 912 1194 968 vitando
1224 913 1539 969 scandalum
1587 911 1932 985 exigentibus
1987 927 2213 967 censum

613 1015 714 1073 pro
745 1016 810 1056 eo
839 1008 891 1054 et
919 1016 1020 1071 pro
1050 1016 1110 1056 se
1140 1001 1311 1067 daret,
1345 1017 1508 1072 quem
1533 1017 1644 1055 non
1679 1000 1968 1054 debebant.

682 1089 919 1144 XXXII.
959 1089 1029 1144 Et
1050 1089 1303 1162 quoniam
1335 1089 1461 1143 anni
1482 1089 1706 1162 triginta
1737 1089 2036 1144 secundum
2055 1088 2210 1162 leges

610 1177 878 1248 publicas,
911 1186 967 1232 ut
995 1187 1179 1232 notum
1203 1186 1302 1243 est,
1335 1186 1389 1232 et
1435 1177 1589 1247 juxta
1643 1177 2084 1234 constitutionem
2113 1193 2208 1232 ec-

611 1265 990 1331 clesiasticam,
1021 1274 1078 1320 ut
1107 1266 1446 1321 demonstrat
1475 1265 1730 1322 Gelasius
1757 1281 1922 1337 papa,
1941 1267 2208 1322 humanas
2276 1311 2282 1316 .

612 1353 857 1409 adimunt
887 1354 1220 1426 questiones,
1255 1362 1308 1409 et
1337 1355 1635 1410 Justiniana
1675 1354 1820 1427 lege,
1870 1371 1934 1410 ac
1990 1355 2207 1410 decreto

611 1442 756 1498 beati
787 1443 1042 1514 Gregorii
1073 1459 1139 1498 ex
1169 1443 1360 1500 eadem
1389 1443 1515 1516 lege
1561 1443 1926 1516 promulgato,
1987 1443 2208 1515 negotia

606 1531 746 1587 inter
772 1532 1113 1588 venerabiles
1143 1533 1444 1600 Ecclesias,
1479 1547 1544 1588 ac
1575 1532 1922 1600 monasteria,
1976 1533 2206 1605 locaque

606 1619 866 1693 religiosa
895 1621 1022 1676 anni
1053 1621 1416 1694 quadraginta
1447 1620 1830 1691 determinant,
1863 1620 1910 1675 si
1941 1621 2205 1692 supersti-

2321 472 2423 527 per
2449 455 2710 512 mundum
2743 455 2914 524 saevit,
2949 461 3142 526 gentes
3156 453 3446 526 insurgunt
3475 454 3750 525 gentibus,
3783 462 3940 510 terra

2324 545 2650 611 concutitur,
2700 543 2851 600 orbis
2901 559 3023 599 cum
3081 541 3422 598 habitoribus
3474 543 3588 597 suis
3644 551 3792 598 terra
3824 545 3931 600 de-

2321 633 2564 688 hiscente
2596 633 2860 698 sorbetur,
2908 631 3092 687 omnia
3140 630 3284 685 enim
3316 647 3438 702 qua:
3483 631 3746 702 prmdicta
3803 639 3934 687 sunt

2317 719 2470 777 ﬁunt.
2505 722 2618 777 Rex
2664 720 2936 792 superbiae
2980 735 3148 792 prOpe
3183 728 3284 791 est,
3334 727 3386 773 et
3434 721 3581 792 quod
3639 721 3748 777 dici
3775 721 3934 776 nefas

2318 817 2418 876 est,
2453 810 2792 865 sacerdotum
2823 817 2904 864 est
2933 816 3270 880 praeparatus
3300 808 3590 876 exercitus,
3622 809 3748 881 quia
3798 825 3929 866 cer-

2315 898 2418 954 vici
2451 898 2687 976 militant
2717 897 2983 964 elationis,
3015 897 3106 970 qui
3135 912 3202 953 ac
3231 897 3336 953 hoc
3375 897 3540 968 positi
3594 897 3835 966 fuerant,
3870 907 3929 954 ut

2314 987 2570 1042 ducatum
2597 987 2904 1058 praeberent
2924 986 3379 1041 humilitatis.Sed
3401 987 3500 1042 hac
3521 986 3574 1041 in
3599 1003 3682 1052 re,
3704 987 3926 1042 etiamsi

2313 1084 2502 1131 nostra
2529 1075 2715 1148 lingua
2743 1075 2964 1130 minime
2995 1074 3348 1141 contradicat,
3379 1074 3504 1129 illus
3547 1075 3720 1130 virtus
3778 1091 3921 1132 con—

2311 1171 2392 1218 tra
2451 1163 2738 1220 elationem
2787 1163 2841 1217 in
2889 1163 3150 1219 ultionem
3203 1163 3447 1234 erigitur,
3509 1163 3598 1235 qui
3645 1165 3923 1235 superbia:

2309 1252 2440 1308 vitio
2467 1269 2568 1324 per
2615 1253 2966 1323 semetipsum
3015 1251 3321 1323 specialiter
3374 1252 3717 1308 adversatur.
3779 1254 3919 1331 Hinc

2311 1341 2456 1396 enim
2474 1341 2733 1412 scriptum
2757 1349 2840 1396 est
2872 1357 2886 1396 :
2905 1343 3051 1398 Deus
3070 1342 3322 1412 superbis
3334 1343 3570 1410 resistit,
3597 1341 3917 1410 humilibus

2308 1443 2502 1495 autem
2532 1440 2631 1495 dat
2658 1442 2906 1510 gratiam
2936 1439 2955 1510 (
2985 1441 3102 1496 Jac.
3121 1455 3196 1508 Iv,
3213 1441 3290 1510 6).
3311 1439 3449 1496 Hinc
3464 1439 3861 1496 rursusdicitur
3899 1461 3913 1496 :

2306 1528 2620 1582 lmmundus
2652 1529 2890 1598 estapud
2923 1529 3095 1583 Deum
3123 1528 3215 1600 qui
3244 1528 3440 1584 exaltat
3470 1545 3598 1596 cor;
3633 1529 3759 1586 hinc
3780 1545 3914 1586 con-

2305 1623 2388 1670 tra
2417 1616 2822 1686 superbientem
2852 1616 3124 1672 hominem
3157 1617 3415 1688 scriptum
3444 1625 3526 1672 est
3559 1636 3572 1672 :
3608 1616 3752 1686 Quid
3811 1636 3910 1674 su-

601 1708 772 1765 tiosus
801 1709 1072 1781 appetitus
1103 1710 1439 1766 excellentiae
1465 1710 1747 1766 avidarum
1789 1710 2052 1764 mentium
2099 1725 2203 1766 no-
2223 1731 2278 1790 Β
2309 1704 2516 1774 perbiS,
2537 1712 2678 1759 terra
2697 1713 2746 1760 et
2763 1704 2900 1760 cinis
2922 1706 3114 1774 (Eccli.
3134 1707 3194 1775 Χ)
3213 1705 3240 1759 ‘3
3271 1705 3406 1762 Hinc
3426 1721 3524 1777 per
3561 1707 3913 1778 semetipsam

603 1805 840 1853 strarum
879 1795 1078 1853 suﬁ'ere
1136 1797 1361 1864 valeret,
1410 1815 1520 1853 non
1579 1798 1766 1853 sedem
1824 1798 2198 1870 apostolicam,

605 1886 692 1942 vel
714 1902 877 1942 aures
906 1886 1234 1958 imperiales,
1271 1887 1387 1941 sine
1417 1886 1526 1942 ulla
1554 1902 1697 1942 nova
1721 1888 2068 1954 necessitate,
2102 1902 2202 1958 pro

605 1974 711 2030 hoc
740 1975 979 2030 indebito
1011 1973 1302 2046 supercilio
1330 1973 1675 2048 inquietaret,
1723 1991 1848 2030 cum
1905 1975 2058 2047 quies
2088 1976 2201 2046 epi-

607 2079 899 2135 scoporum
939 2063 1340 2135 Cisalpinarum
1386 2063 1808 2136 provinciarum,
1859 2063 1977 2119 sine
2041 2064 2200 2133 hujus

605 2150 994 2225 inquietudinis
1023 2153 1284 2210 seandalo
1312 2161 1474 2226 atque
1518 2153 1826 2224 dispendio,
1877 2161 1998 2224 post
2053 2161 2200 2208 tanta

604 2249 846 2313 tempora
874 2257 1094 2297 manere
1123 2242 1348 2298 valeret.
1385 2243 1443 2298 Si
1496 2243 1641 2298 enim
1699 2242 1897 2314 quique
1953 2249 2198 2297 nostrum

604 2330 849 2404 regulam
874 2331 1197 2402 pastoralem
1227 2331 1372 2387 beati
1402 2330 1653 2402 Gregorii
1682 2330 1836 2402 sequi
1871 2347 1972 2402 per
2018 2330 2199 2385 omnia

599 2425 657 2474 ut
685 2417 1050 2475 debueramus
1076 2420 1476 2489 maluissemus,
1511 2428 1684 2476 metas
1703 2426 1906 2475 nostrae
1926 2435 2197 2476 mensurae

600 2523 943 2580 nequaquam
998 2509 1526 2578 transcenderemus,
1560 2517 1613 2564 et
1640 2509 1786 2581 quod
1823 2510 2196 2580 cujuscunque

598 2596 916 2654 nostratium
963 2597 1154 2654 civitas
1207 2614 1447 2671 unquam
1498 2615 1609 2654 non
1660 2598 1877 2666 meruit,
1939 2606 2194 2670 appetere

597 2685 984 2742 deviteramus.
1025 2686 1242 2741 Timere
1290 2687 1489 2760 quippe
1543 2703 1606 2742 ac
1655 2701 1850 2742 cavere
1907 2685 2188 2756 debemus,

597 2791 718 2845 quae
745 2775 951 2845 passim
967 2774 1154 2830 beatus
1171 2775 1468 2848 Gregorius
1483 2774 1538 2828 in
1559 2775 1788 2845 epistola
1821 2774 1889 2829 ad
1928 2775 2193 2830 Joannem

597 2858 1250 2930 ConstantinOpolitanum
1305 2859 1622 2931 episcopum
1679 2859 1849 2916 Roma
1868 2859 2105 2931 scripsit,
2140 2869 2192 2916 et

2307 1793 2518 1848 Veritas
2533 1793 2688 1848 dicit:
2707 1794 2900 1848 Omnis
2913 1795 3009 1866 qui
3028 1811 3086 1849 se
3099 1795 3322 1849 exultat
3334 1795 3734 1852 humiliabitur
3745 1796 3906 1866 (Luc.

2302 1897 2422 1948 xxv,
2459 1880 2568 1952 ll).
2603 1880 2738 1950 Quae
2767 1889 2824 1936 ut
2850 1897 2950 1936 nos
2980 1881 3049 1936 ad
3078 1881 3223 1936 viam
3253 1883 3376 1937 vitae
3422 1900 3520 1954 per
3545 1884 3907 1940 humilitatem

2302 1970 2603 2036 reduceret,
2635 1970 2690 2024 in
2721 1971 3013 2041 semetipsa
3039 1970 3264 2044 dignata
3293 1979 3372 2026 est
3401 1973 3547 2044 quod
3577 1989 3677 2028 nos
3708 1973 3908 2030 admo-

2303 2059 2798 2124 netdemoustrare,
2815 2059 3032 2115 dicens:
3048 2061 3306 2116 Discitea
3329 2077 3414 2117 me
3443 2062 3576 2134 quia
3595 2063 3755 2118 mitis
3777 2081 3908 2119 sum

2301 2151 2356 2202 et
2378 2148 2610 2203 humilis
2631 2149 2792 2204 corde
2815 2149 3030 2215 (Matth.
3064 2163 3143 2212 xx,
3177 2149 3288 2220 29).
3321 2146 3704 2220 Nunquidnam
3721 2161 3907 2208 mente

2301 2236 2516 2302 excidit,
2567 2236 2712 2308 quod
2759 2236 2972 2292 Veritas
3019 2237 3148 2292 dicit
3189 2253 3202 2292 :
3267 2238 3371 2306 Qui
3425 2239 3907 2297 seandalizaverit

2299 2340 2480 2380 unum
2499 2325 2566 2380 de
2578 2326 2786 2398 pusilis
2803 2327 2934 2382 istis
2947 2329 3042 2397 qui
3054 2327 3116 2382 in
3128 2343 3215 2382 me
3229 2326 3488 2396 credunt,
3511 2329 3746 2400 expedit
3760 2331 3817 2386 ei
3838 2336 3904 2386 ut

2297 2415 2678 2486 suspendatur
2707 2415 2857 2470 mola
2885 2415 3140 2470 asinaria
3169 2416 3231 2470 in
3260 2417 3400 2472 collo
3430 2419 3644 2488 ejus,et
3671 2417 3902 2476 demer-

2295 2506 2468 2574 gatur
2493 2503 2556 2558 in
2573 2503 2925 2575 profundum
2946 2504 3145 2575 maris(
3162 2505 3358 2560 Matth.
3378 2505 3800 2577 xvu,6)?Quod
3818 2516 3900 2563 ta-

2295 2607 2422 2646 men
2439 2591 2848 2646 siconsiderare
2865 2592 3214 2664 negligimus,
3230 2601 3417 2649 contra
3445 2601 3604 2650 tanta:
3641 2595 3898 2652 elationis

2294 2687 2564 2735 tumorem
2588 2679 2793 2750 judicia
2822 2697 3058 2752 superna
3088 2681 3406 2754 vigilabunt.
3445 2704 3467 2734 γ

2363 2768 2624 2824 XXXIII.
2647 2769 2742 2824 His
2759 2769 2830 2823 ita
2853 2785 2912 2824 se
2931 2769 3272 2837 habentibus,
3297 2771 3442 2842 quia,
3466 2779 3523 2826 ut
3544 2781 3762 2829 sanctus
3783 2775 3896 2830 Leo

2293 2857 2422 2913 dicit
2449 2858 2637 2930 (epist.
2668 2859 2780 2928 56),
2816 2858 3030 2930 quoties
3059 2859 3128 2914 ob
3157 2868 3508 2916 occurrentes
3537 2877 3736 2936 causas
3787 2880 3892 2935 ge-

595 2947 886 3020 unicuique
915 2957 1161 3003 nostrum
1193 2947 1388 3003 altiora
1418 2965 1476 3003 se
1507 2949 1770 3020 quaerenti
1802 2949 1871 3006 de
1901 2948 2041 3004 coelo
2061 2947 2192 3005 dicit
2290 2945 2494 3000 neralis
2523 2947 2878 3019 congregatio
2907 2946 3048 3003 facta
3078 2947 3241 3002 fuerit
3271 2950 3633 3018 sacerdotum,
3665 2950 3891 3008 diﬂicile

589 3036 707 3107 (lib.
743 3051 801 3106 ιι,
838 3039 1000 3108 epist.
1035 3037 1126 3108 38)
1161 3054 1174 3090 :
1213 3059 1235 3087 ι
1266 3036 1568 3109 Perpende,
1589 3037 1857 3108 inquiens,
1882 3053 2039 3110 rogo,
2061 3037 2189 3108 quia
2217 3089 2263 3110 η
2291 3042 2376 3090 est
2403 3041 2460 3088 ut
2489 3035 2753 3105 cupiditas
2781 3035 3146 3106 improborum
3176 3053 3286 3091 non
3315 3037 3516 3110 aliquid
3548 3055 3715 3110 supra
3729 3057 3890 3096 men-

584 3123 640 3178 in
671 3126 774 3182 hac
803 3125 1227 3196 praesumptione
1258 3125 1548 3180 temeraria
1579 3141 1686 3197 pax
1731 3126 1890 3182 totius
1934 3126 2181 3182 turbatur
2215 3123 2264 3153 υ
2286 3139 2467 3178 suram
2499 3123 2750 3179 moliatur
2779 3132 3056 3195 appetere,
3092 3125 3230 3182 sicut
3261 3143 3406 3196 smpe
3437 3134 3490 3182 et
3511 3128 3752 3184 etiamin
3766 3131 3892 3185 uni-

583 3213 866 3282 Ecclesiae,
901 3223 952 3270 et
982 3215 1172 3287 gratia:
1199 3215 1582 3273 contradicitur
1611 3214 1973 3270 communiter
2003 3215 2178 3271 omni-
2277 3212 2580 3268 versalibus
2610 3213 2830 3284 synodis
2861 3213 3094 3286 legimus
3123 3215 3411 3285 accidisse,
3446 3216 3493 3270 si
3525 3217 3652 3288 quid
3692 3218 3750 3272 iu
3780 3221 3888 3276 hoc

583 3301 686 3356 bus
716 3300 926 3358 effusas.
967 3304 1028 3356 In
1057 3319 1162 3374 qua
1215 3303 1471 3358 nimirum
1515 3303 1633 3374 ipse
1678 3312 1887 3358 tantum
1933 3319 2177 3360 crescere
2275 3300 2592 3356 humilitatis
2619 3310 2820 3358 nostrae
2849 3311 3137 3369 conventu,
3185 3303 3414 3358 duorum
3443 3304 3532 3360 vel
3580 3305 3750 3361 trium
3799 3307 3884 3363 fa-

579 3389 806 3460 poteris,
839 3397 1098 3462 quantum
1127 3391 1650 3462 penestemetipsum
1671 3391 1986 3448 decreveris
2018 3411 2031 3447 :
2057 3401 2176 3448 tan—
2274 3405 2424 3460 vore,
2456 3405 2519 3444 ac
2548 3406 2844 3460 paucorum
2874 3390 3108 3458 silentio,
3145 3390 3289 3446 fastu
3336 3393 3634 3464 imperialis
3689 3404 3885 3466 poten-

577 3483 741 3550 toque
771 3479 944 3549 major
971 3477 1220 3547 eﬂiceris,
1261 3487 1462 3554 quanto
1492 3489 1544 3536 te
1587 3497 1621 3537 a
1665 3480 1882 3553 superbi
1925 3487 1977 3536 et
2026 3481 2174 3536 stulti
2273 3477 2380 3543 tite,
2416 3487 2603 3534 contra
2635 3480 2998 3551 suprascripta
3027 3497 3304 3536 sacrorum
3335 3497 3602 3538 canonum
3633 3491 3686 3539 et
3743 3500 3883 3556 apo-

575 3567 828 3636 vocabuli
886 3569 1233 3640 usurpatione
1277 3570 1583 3643 restringis,
1635 3569 1908 3668 atque'in
1967 3577 2170 3624 tantum
2272 3565 2476 3622 stolicae
2509 3567 2654 3622 sedis
2684 3566 3000 3638 pontificum
3049 3569 3272 3625 decreta
3317 3587 3382 3626 ex
3441 3571 3648 3628 eisdem
3707 3575 3881 3631 sacris

572 3654 796 3735 proficis
826 3656 881 3710 in
913 3665 1172 3728 quantum
1205 3658 1300 3713 tibi
1355 3674 1464 3714 non
1521 3654 1830 3714 studueris'
1850 3659 2169 3732 derogando
2268 3655 2566 3711 canonibus
2595 3657 2956 3729 promulgata,
2989 3666 3284 3732 contraque
3321 3660 3550 3734 singulis
3598 3671 3879 3735 metropo-

571 3731 833 3798 t'i-atribus
861 3761 1134 3816 arrogare.
1169 3746 1322 3816 Quis,
1355 3764 1511 3820 rogo,
1547 3747 1602 3802 in
1628 3749 1732 3804 hoc
1761 3755 1872 3802 tam
1901 3731 2164 3818 perverso

568 3833 856 3900 vocabulo,
879 3833 983 3889 nisi
1012 3835 1103 3890 ille
1134 3836 1203 3890 ad
1232 3836 1548 3890 imitandum
1579 3836 1916 3907 proponitur,
1955 3837 2046 3908 qui
2071 3837 2165 3892 de-

567 3921 768 3992 spectis
798 3921 1114 3995 angelorum
1141 3924 1452 3998 legionibus
1483 3939 1668 3980 secum
1699 3925 1970 3982 socialiter
2027 3941 2163 3982 con-

566 4009 782 4081 stitutis,
815 4012 884 4066 ad
913 4013 1127 4069 culmen
1155 4022 1376 4068 conatus
1409 4021 1490 4068 est
1533 4013 1919 4086 singularitatis
1977 4030 2162 4071 erum-

561 4113 714 4170 pere,
747 4108 798 4156 ut
830 4109 882 4157 et
910 4101 1044 4158 nulli
1073 4102 1323 4167 subesse,
1357 4111 1410 4158 et
1440 4103 1590 4158 solus
1621 4102 1872 4158 omnibus
1920 4120 2161 4174 praeesse

560 4186 875 4246 videretur?
902 4189 1006 4260 Qui
1038 4191 1201 4247 etiam
1231 4191 1364 4246 dixit
1395 4209 1410 4247 :
1443 4193 1506 4247 In
1537 4195 1738 4250 cazlum
1759 4195 2153 4261 conscendam,

2263 3743 2442 3799 litanis
2471 3745 2692 3817 antiqua
2721 3746 3034 3820 privilegia,
3069 3747 3229 3803 etiam
3261 3757 3314 3804 et
3343 3766 3443 3820 per
3472 3766 3659 3806 sacras
3698 3753 3872 3826 leges,

2267 3833 2468 3905 quibus
2498 3850 2607 3890 una
2637 3851 2760 3890 cum
2789 3837 3120 3892 venerandis
3150 3838 3448 3894 canonibus
3479 3848 3669 3896 sancta
3689 3843 3881 3899 mode-

2263 3930 2412 3977 ratur
2440 3923 2706 3991 Ecclesia,
2743 3925 3138 3993 conservanda,
3172 3927 3457 3984 immaturo
3485 3936 3646 4000 atque
3683 3929 3872 3988 incon-

2263 4010 2498 4066 siderato
2539 4012 2696 4081 jussu
2745 4021 2828 4068 est
2885 4013 3350 4085 superinductum,
3413 4017 3525 4074 sive
3582 4019 3870 4089 sancitum,

2260 4098 2582 4170 prohibente
2613 4101 2865 4171 Domino,
2901 4110 3097 4158 utnon
3144 4105 3415 4175 plantetur
3465 4123 3660 4162 nemus
3713 4125 3872 4165 secus

2259 4188 2518 4260 templum
2534 4207 2711 4255 suum,
2733 4190 2788 4246 id
2806 4198 2889 4246 est
2912 4208 2981 4246 ne
3017 4193 3386 4261 obumbretur,
3425 4203 3478 4250 et
3529 4195 3874 4254 decoloretur

558 4294 729 4348 super
755 4282 912 4334 ustru
945 4281 1071 4335 σιειὶ
1099 4281 1362 4337 exaltabo
1389 4283 1594 4337 solium
1624 4299 1854 4338 meum:
1885 4283 2074 4340 sedebo
2095 4285 2157 4338 in
2256 4285 2384 4350 typo
2416 4278 2612 4334 terreni
2646 4279 2984 4350 principatus
3015 4280 3300 4338 sinceritas
3333 4291 3384 4338 et
3414 4281 3598 4356 fulgor
3645 4286 3868 4341 humili-

557 4371 748 4423 monte
772 4371 1118 4438 testamenti,
1139 4369 1202 4424 in
1223 4369 1492 4426 lateribus
1515 4371 1823 4442 Aquilonis.
1845 4373 2156 4428 Ascendum
2255 4367 2380 4421 talis
2427 4367 2832 4436 ΘοεΙθδίειεῐίεεθ,
2874 4369 3022 4438 juxta
3062 4370 3280 4426 decreta
3335 4371 3582 4443 mysticae
3627 4373 3869 4432 Nicmna:

557 4471 728 4526 super
755 4456 1126 4511 altitudinem
1145 4458 2157 4530 nubium,similiseroAltissimoUsu.
2192 4451 2249 4514 D
2271 4456 2483 4526 synodi,
2519 4473 2626 4528 quo
2655 4457 2849 4512 dicitur
2881 4475 2894 4511 :
2931 4479 2952 4508 ‹‹
2988 4459 3045 4514 Si
3073 4459 3182 4516 duo
3210 4468 3301 4516 aut
3329 4467 3437 4516 tres
3467 4469 3698 4533 propter
3743 4480 3870 4521 con-

557 4557 682 4610 xm,
719 4544 834 4615 14).
877 4543 1019 4612 Quid
1049 4543 1196 4599 enim
1225 4543 1422 4600 fratres
1450 4546 1546 4612 tui,
1599 4563 1791 4603 omnes
1843 4547 2160 4603 universalis

554 4631 820 4689 Ecclesiae
851 4632 1113 4705 epiSCOpi,
1147 4632 1251 4688 nisi
1280 4642 1426 4688 astra
1457 4635 1580 4690 coeli
1611 4637 1784 4690 sunt?
1807 4651 2036 4707 quorum
2055 4635 2161 4692 vita

555 4719 714 4775 simul
745 4728 797 4776 et
818 4721 1024 4795 lingua,
1057 4723 1198 4778 inter
1226 4732 1450 4794 peccata
1482 4740 1812 4795 erroresque
1857 4723 2156 4793 hominum,

559 4808 716 4880 quasi
744 4809 883 4865 inter
910 4811 1085 4868 noctis
1115 4813 1372 4868 tenebras
1402 4812 1602 4868 lucent.
1637 4811 1847 4882 Quibus
1885 4812 2013 4868 dum
2058 4829 2158 4870 cu-

554 4897 640 4969 pis
661 4897 1004 4968 temetipsum
1025 4901 1290 4958 vocabulo
1311 4901 1562 4956 elationis
1582 4917 1920 4973 praeponere,
1943 4919 2158 4959 eorum-

561 5001 668 5058 que
698 5001 898 5042 nomen
926 4989 1002 5043 tui
1031 4990 1439 5062 comparatione
1472 4990 1704 5055 calcare,
1743 4991 1870 5062 quid
1900 4991 2047 5046 aliud
2075 4993 2156 5048 di-

560 5075 659 5142 cis,
675 5075 778 5131 nisi
790 5078 853 5132 in
863 5078 1065 5133 caelum
1085 5081 1476 5146 conscendam,
1493 5084 1831 5151 superasti-ct
1843 5083 1970 5137 cceli
1989 5083 2155 5138 exal-

561 5164 686 5222 tubo
715 5167 920 5222 solium
949 5173 1182 5224 meum?
1209 5172 1291 5224 Au
1325 5184 1431 5226 non
1449 5169 1689 5225 universi
1709 5168 1950 5243 episcOpi
1982 5171 2156 5227 nubes

563 5262 707 5321 sunt,
738 5255 830 5326 qui
860 5264 912 5312 et
939 5257 1118 5313 verbis
1147 5257 1550 5328 praedicationis
1577 5258 1784 5330 pluunt,
1819 5268 1869 5316 et
1891 5261 2156 5318 bonorum

559 5359 786 5415 operum
818 5338 939 5401 luce
959 5346 1296 5401 coruscant?
1314 5346 1462 5415 Quos
1485 5347 1614 5404 dum
1638 5357 1819 5405 vestra
1840 5348 2154 5406 fraternitas

560 5433 868 5506 despiciens
897 5435 1000 5491 sub
1030 5451 1091 5492 se
1117 5451 1368 5508 premere
1395 5446 1634 5507 conatur,
1667 5439 1797 5512 quid
1824 5438 1973 5495 aliud
2003 5439 2150 5510 dicit,

561 5522 667 5582 nisi
695 5524 798 5581 hoc
829 5525 975 5598 quod
999 5525 1070 5581 ab
1100 5523 1320 5600 antiquo
1376 5526 1530 5586 hoste
1565 5527 1764 5586 dicitur
1794 5547 1808 5585 :
1842 5529 2156 5587 Ascendam

2261 4544 2527 4600 tentiones
2555 4546 2812 4616 proprias
2853 4548 3248 4615 contradicunt,
3303 4550 3540 4606 obtineat
3597 4555 3870 4609 sententia

2259 4633 2634 4703 plurimorum,
2674 4634 2998 4707 spretisque,
3031 4645 3089 4691 ut
3119 4637 3373 4706 diximus,
3407 4639 3458 4694 si
3487 4639 3596 4694 duo
3637 4641 3726 4697 vel
3758 4651 3869 4699 tres

2257 4730 2481 4795 propter
2507 4723 2924 4778 assentationem
2953 4725 3092 4781 forte
3123 4743 3232 4782 non
3279 4727 3466 4795 corde,
3517 4729 3615 4784 sed
3671 4732 3865 4803 verbo,

2257 4811 2344 4866 vel
2373 4811 2588 4866 silentio
2617 4823 3084 4884 conspiraverunt,
3122 4817 3452 4889 generalitas
3491 4825 3680 4874 nostra
3747 4821 3866 4876 Deo

2259 4908 2477 4955 auctore
2505 4915 2613 4954 non
2635 4901 2841 4972 annuit,
2877 4903 2973 4958 sed
3003 4905 3168 4960 corde
3195 4921 3260 4962 ac
3313 4907 3724 4965 contradicente
3772 4926 3868 4966 ore

2257 4988 2695 5044 constantissime
2733 4990 2936 5058 abnuit,
2971 4999 3023 5048 et
3055 4995 3324 5051 sententia
3362 4996 3723 5066 plurimorum
3767 5000 3868 5056 de-

2257 5076 2427 5132 bitum
2455 5077 2621 5132 robur
2647 5085 2808 5150 atque
2834 5080 3080 5154 vigorem
3110 5083 3354 5150 obtinuit,
3390 5085 3616 5152 obtinet,
3663 5103 3730 5144 ac
3759 5089 3866 5144 ad-

2249 5165 2472 5236 juvante
2513 5165 2748 5223 Domino
2777 5170 3046 5241 perpetim
3078 5171 3364 5228 obtinebit.
3403 5194 3425 5224 »
3462 5173 3623 5244 Quia,
3655 5185 3714 5231 ut
3739 5194 3870 5233 me-

2255 5261 2490 5310 moratus
2543 5264 2764 5313 sanctus
2817 5259 2928 5316 Leo
2983 5260 3054 5316 ad
3121 5261 3412 5317 Maximum
3460 5263 3866 5323 Antiochenum

2256 5343 2569 5417 episcopum
2599 5347 2812 5419 scripsit
2841 5348 3026 5422 (epist.
3053 5349 3143 5420 66)
3177 5368 3190 5405 :
3219 5373 3241 5402 α
3277 5350 3333 5408 Si
3363 5351 3490 5424 quid
3523 5367 3552 5407 a
3583 5371 3869 5428 quoquam

2255 5441 2447 5489 contra
2491 5435 2838 5492 Nicaanorum
2873 5451 3145 5494 canonum
3191 5447 3390 5496 statuta
3434 5441 3490 5496 in
3532 5459 3867 5518 quacunque

2255 5533 2464 5605 synodo
2493 5533 2579 5591 vel
2611 5541 2874 5592 tentatum
2903 5543 3005 5605 est,
3039 5537 3127 5594 vel
3153 5538 3220 5594 ad
3251 5533 3462 5612 tenipus
3492 5539 3711 5598 videtur
3759 5561 3866 5603 ex-
