4072 6298
206 309 306 364 209

1555 299 1931 357 EPISTOLE.

3291 370 3294 374 ,
3399 307 3506 362 210

211 437 432 496 tortum,
463 427 602 484 nihil
628 426 923 500 praejudicii
949 435 1131 500 potest
1176 424 1576 484 inviolabilibus
1616 424 1820 482 inferre
1850 407 2082 492 Aabsit,
2114 441 2224 482 non
2249 426 2526 482 mediocre
2561 425 2862 498 periculum
2911 435 3010 498 est,
3045 427 3136 501 qui
3162 442 3284 484 cum
3313 443 3510 501 parere

213 517 467 575 decretis.
499 519 569 573 Et
595 517 809 574 facilius
837 517 940 572 erit
983 515 1346 588 quarumlibet
1393 513 1814 572 consensionum

215 614 434 679 pactum
455 605 686 662 dissolvi
716 621 880 678 quam
893 604 1283 678 praedictorum
1301 619 1571 663 canonum
1591 602 1812 676 regulas

216 712 276 752 ex
309 695 421 752 ulla
447 702 608 768 parte
635 695 930 768 corrumpi.
970 716 992 744 υ

275 837 542 893 XXXIV.
575 837 659 892 De
697 851 764 892 eo
797 843 980 891 autem
1010 835 1158 908 quod
1184 835 1406 908 quidam
1435 833 1607 890 frater
1633 833 1811 904 impe-

211 925 320 982 riali
347 925 535 982 edicto
564 925 716 982 velut
743 925 869 980 dato
899 925 1003 980 sibi
1033 923 1286 980 collatum
1315 923 1485 978 fuisse
1505 922 1674 994 (quod
1702 937 1814 978 non

210 1013 302 1083 illi,
337 1015 440 1070 sed
468 1013 630 1068 nobis
659 1013 729 1068 de
772 1013 887 1079 illo,
923 1013 1064 1068 sicut
1089 1011 1336 1068 lectionis
1363 1011 1546 1066 auditu
1585 1026 1812 1082 compe-

212 1103 402 1169 rimus,
425 1117 458 1157 a
489 1102 622 1158 sede
671 1101 968 1172 apostolica
999 1108 1082 1156 est
1125 1101 1390 1158 directum
1413 1141 1428 1167 ,
1460 1099 1657 1172 quibus
1701 1113 1812 1154 non

210 1197 288 1246 est
315 1190 605 1260 donatum)
633 1189 785 1246 visus
801 1197 884 1244 est
902 1189 1190 1258 exultasse,
1209 1188 1355 1245 idem
1376 1195 1592 1244 sanctus
1612 1187 1720 1242 Leo
1741 1186 1812 1242 ad

210 1279 523 1334 Anatolium
554 1277 1209 1349 Constantinopolitanum
1237 1277 1553 1348 episcopum
1597 1274 1812 1348 scripsit

209 1369 395 1441 (epist.
429 1369 524 1438 54)
557 1383 572 1422 :
609 1388 632 1417 α
662 1365 804 1432 Alia,
853 1365 1047 1438 inquit,
1075 1365 1217 1422 ratio
1249 1371 1332 1421 est
1361 1380 1548 1422 rerum
1577 1363 1810 1420 sacula-

207 1456 380 1522 rium,
436 1455 546 1511 alia
593 1454 898 1512 divinarum
921 1497 936 1522 ,
1004 1469 1108 1510 nec
1154 1461 1349 1525 praeter
1405 1453 1553 1509 illam
1595 1459 1810 1523 petram

203 1560 364 1616 quam
418 1542 688 1599 Dominus
734 1543 792 1597 in
825 1541 1177 1598 fundamento
1222 1541 1404 1612 posuit
1453 1540 1662 1596 stabilis
1707 1540 1810 1596 erit

206 1632 314 1687 ulla
342 1631 698 1688 constructio.
731 1631 955 1702 Propria
983 1631 1182 1702 perdit,
1218 1630 1310 1702 qui
1339 1629 1580 1686 indebita
1601 1644 1808 1685 concu-

207 1721 381 1792 piscit.
423 1742 446 1770 ιν
481 1721 552 1775 Et
579 1728 638 1775 ut
669 1720 917 1776 Gelasius
946 1719 1096 1786 dicit,
1129 1733 1408 1791 nunquam
1439 1717 1713 1774 invenitur
1741 1717 1810 1773 de

206 1809 558 1882 pontificibus
605 1807 712 1862 nisi
754 1807 1060 1865 Ecclesiam
1097 1807 1395 1877 judicasse,
1439 1815 1492 1861 et
1529 1821 1641 1860 non
1687 1822 1810 1861 esse

206 1901 562 1954 humanarum
592 1897 799 1970 legum,
831 1897 902 1954 de
929 1897 1128 1952 talibus
1159 1895 1302 1953 ferre
1331 1893 1659 1950 sententiam
1689 1895 1814 1950 abs-

207 2000 307 2056 que
346 1982 622 2039 Ecclesia:
666 1981 1038 2052 principaliter
1086 1980 1394 2038 constitutts
1439 1979 1808 2050 pontificibus,

205 2071 432 2144 obsequi
460 2071 643 2126 solere
671 2069 947 2141 principes
993 2069 1331 2124 Christianos
1359 2068 1594 2124 decretis
1624 2068 1834 2134 Eccle:

208 2161 316 2230 sise,
353 2175 465 2215 non
493 2174 653 2215 suam
679 2173 1003 2230 praeponere
1031 2165 1374 2228 potestatem,
1409 2156 1682 2228 episcopis
1712 2173 1810 2212 ca-

200 2257 292 2322 put
321 2249 565 2304 subdere
591 2247 896 2320 principem
946 2247 1160 2302 solitum
1192 2261 1299 2302 non
1335 2247 1404 2302 de
1434 2261 1623 2301 eorum
1656 2245 1808 2316 capi-

205 2339 344 2394 tibus
365 2337 644 2407 judicare.

269 2469 503 2525 XXXV.
533 2469 604 2524 Et
632 2468 690 2522 in
719 2468 842 2542 lege
890 2467 1262 2535 Valentiniani,
1297 2466 1587 2524 Theodosii
1617 2473 1671 2523 et
1700 2467 1810 2521 Ar-

197 2560 334 2616 cadii
365 2560 655 2614 decretum
684 2565 767 2612 est
795 2557 863 2612 de
895 2556 1166 2627 episcopis
1201 2574 1213 2610 :
1252 2578 1273 2606 «
1297 2556 1508 2611 Habent
1534 2555 1804 2627 inquiunt,

198 2648 274 2702 illi
297 2647 517 2718 judices
539 2661 690 2714 suos,
710 2661 811 2700 nec
841 2644 1140 2716 quidquam
1168 2643 1253 2698 his
1273 2643 1506 2715 publicis
1523 2659 1810 2699 commune

197 2753 320 2792 cum
363 2735 605 2810 legibus,
651 2742 914 2806 quantum
944 2734 1015 2788 ad
1064 2749 1259 2789 causas
1311 2741 1496 2789 tamen
1545 2731 1807 2788 ecclesia-

198 2826 362 2882 sticas
425 2823 702 2896 pertinet,
733 2838 866 2894 quas
931 2821 1094 2877 decet
1133 2821 1430 2892 episcopali
1495 2820 1808 2876 auctoritate

199 2913 432 2969 decidi.»
465 2911 602 2982 Quae
645 2926 756 2966 non
801 2910 1054 2977 dicimus,
1089 2910 1234 2982 quod
1265 2909 1426 2978 absit,
1460 2909 1712 2980 potestati
1742 2924 1808 2966 ac

195 3019 292 3074 per
319 3003 428 3058 hoc
458 3000 560 3057 Dei
607 2999 931 3056 ordinationi
979 2999 1328 3064 resistentes,
1363 2998 1461 3053 sed
1491 2998 1672 3069 potius
1702 2998 1806 3053 ob-

197 3098 510 3164 sequentes,
542 3087 670 3161 quia
699 3088 836 3144 sicut
863 3087 1126 3143 Dominus
1172 3087 1428 3158 praacepit
1475 3086 1634 3142 reddi
1688 3102 1809 3158 quae

199 3187 320 3235 sunt
349 3177 586 3235 Caesaris
633 3175 854 3245 Casari,
902 3184 956 3234 et
1001 3193 1124 3250 quae
1153 3184 1278 3232 sunt
1306 3175 1408 3231 Dei
1435 3177 1553 3232 Deo
1584 3176 1804 3246 (Matth.

197 3268 360 3339 xx"),
397 3267 475 3322 ita
505 3283 630 3338 qua:
661 3273 785 3320 sunt
817 3265 1162 3336 imperatoris
1194 3263 1455 3336 obsequia
1486 3264 1810 3318 obedienter

195 3357 365 3428 ipsius
408 3354 692 3427 obsequiis
739 3353 1090 3419 exhibemus,
1127 3360 1180 3409 et
1211 3369 1332 3426 quae
1363 3352 1652 3408 sacerdotii
1684 3359 1808 3406 sunt

196 3445 371 3501 ordini
438 3442 769 3499 sacerdotali
823 3441 1216 3515 dependimus,
1269 3441 1406 3497 sicut
1471 3449 1807 3496 memoratus

195 3541 412 3590 sanctus
451 3547 599 3604 papa
643 3531 890 3587 Gelasius
921 3531 990 3584 ad
1034 3529 1377 3586 Anastasium
1421 3529 1808 3601 imperatorem

197 3621 454 3678 discrevit
496 3629 660 3692 atque
721 3619 960 3675 decrevit
1003 3618 1190 3692 (epist.
1239 3619 1328 3690 10)
1363 3637 1376 3672 :
1417 3640 1438 3669 tt
1492 3618 1612 3674 Duo
1659 3625 1801 3686 sunt,

197 3710 466 3784 inquiens,
519 3709 811 3780 imperator
865 3709 1142 3781 Auguste,
1193 3707 1391 3780 quibus
1435 3706 1806 3779 principaliter

196 3800 426 3856 mundus
457 3797 547 3854 hic
578 3797 807 3870 regitur,
853 3796 1148 3852 auctoritas
1195 3810 1352 3851 sacra
1380 3794 1718 3868 pontificum,
1752 3803 1806 3850 et

195 3888 398 3962 regalis
426 3893 690 3959 potestas,
723 3885 778 3940 in
809 3885 1003 3957 quibus
1045 3892 1192 3940 tanto
1221 3884 1446 3957 gravius
1477 3892 1561 3939 est
1587 3883 1804 3956 pondus

195 3977 563 4041 sacerdotum,
587 3981 788 4047 quanto
805 3973 966 4030 etiam
985 3989 1088 4044 pro
1115 3971 1249 4046 ipsis
1271 3973 1496 4046 regibus
1523 3972 1802 4028 hominum

195 4065 248 4120 in
293 4065 482 4122 divino
530 4063 791 4118 reddituri
847 4070 971 4118 sunt
1026 4061 1279 4118 examine
1335 4061 1622 4117 rationem.
1681 4062 1801 4118 No-

197 4156 261 4210 sti
305 4153 546 4218 etenim,
575 4149 654 4206 ﬁli
684 4151 1138 4219 clementissime,
1224 4151 1374 4224 quod
1437 4151 1563 4206 licet
1602 4151 1798 4222 praesi-

201 4243 327 4300 deas
371 4243 618 4298 humano
663 4240 855 4314 generi
900 4239 1163 4312 dignitate
1184 4282 1197 4306 ,
1231 4255 1416 4294 rerum
1447 4247 1628 4294 tamen
1655 4256 1800 4310 prae-

195 4333 400 4388 sulibus
451 4329 763 4386 divinarum
793 4329 1020 4386 devotus
1054 4328 1193 4384 colla
1223 4327 1490 4396 submitis,
1548 4335 1708 4398 atque
1728 4326 1798 4384 ab

196 4421 272 4478 eis
309 4435 512 4478 causas
552 4426 659 4475 tua:
705 4417 895 4472 salutis
959 4425 1278 4490 exspectas,
1309 4415 1471 4489 inque
1519 4415 1798 4471 sumendis

1840 3137 1889 3200 C

1914 515 2150 570 debeant
2177 514 2500 587 despiciunt.
2540 538 2562 564 υ

2417 637 2758 695 EPISTOLA
2792 639 3000 694 XXXI.

2343 759 2418 800 AD
2455 759 2728 809 QUEMDAM
2763 760 3088 802 EPISCOPUH.

1911 853 1992 906 De
2019 851 2926 925 translationibus,episcoporum,
2969 856 3170 910 contra
3199 853 3508 911 Actardum

2489 923 2948 979 Namne'tensem.

2179 1034 2340 1092 (Apud
2360 1034 2610 1091 eumdem,
2633 1045 2696 1082 ex
2714 1035 2887 1082 codice
2905 1035 3244 1092 Virdunensi.)

1985 1133 2188 1190 Servus
2231 1133 2428 1189 Christi
2457 1143 2509 1189 et
2539 1150 2818 1190 servorum
2868 1135 2985 1204 ejus
3027 1135 3225 1192 dilecto
3272 1135 3426 1192 fratri
3455 1144 3510 1192 et

1911 1222 2212 1278 venerabili
2234 1222 2492 1294 episcOpo
2522 1223 2768 1278 salutem.

1983 1312 2063 1366 De
2094 1311 2291 1382 quibus
2321 1311 2467 1382 apud
2494 1311 2848 1384 exiguitatem
2890 1328 3070 1367 meam
3096 1312 3387 1383 prudentia
3417 1322 3505 1370 tua

1910 1411 2192 1484 perquirit,
2227 1419 2280 1467 et
2327 1429 2456 1467 mox
2481 1428 2545 1468 ac
2573 1412 2826 1469 festinato
2876 1414 3218 1486 breviterque
3248 1415 3352 1469 sibi
3379 1415 3509 1486 quid

1909 1501 2036 1555 inde
2067 1500 2296 1556 sentiam
2325 1501 2523 1556 obnixe
2564 1503 2884 1572 responderi
2929 1503 3194 1573 deposcit,
3244 1503 3509 1558 obediens

1909 1589 2199 1660 postulanti
2230 1590 2538 1661 respondeo
2555 1591 2641 1646 cui
2660 1607 2864 1662 negare
2884 1591 3015 1645 nihil
3035 1591 3231 1658 habeo,
3256 1591 3384 1664 quia
3407 1608 3512 1649 nec

1909 1677 2104 1744 debeo,
2138 1677 2351 1732 dicente
2383 1678 2662 1750 Scriptura
2695 1697 2710 1734 :
2748 1679 2851 1746 Qui
2895 1679 3184 1736 abscondit
3212 1682 3512 1751 frumenta

1839 1781 1892 1840 Β
1912 1766 2282 1822 maledicitur
2309 1767 2372 1822 in
2390 1769 2634 1840 populis,
2662 1768 2972 1824 benedictio
2999 1773 3194 1824 autem
3221 1785 3389 1840 super
3408 1785 3509 1826 ca-

1910 1857 2016 1926 put
2039 1855 2405 1910 vendentium
2437 1855 2620 1925 (Prov.
2655 1871 2730 1922 x1,
2761 1857 2854 1926 26)
2879 1875 2893 1923 ;
2923 1855 2979 1910 id
3011 1864 3114 1926 est,
3147 1856 3240 1928 qui
3269 1856 3510 1914 scientia:

1911 1943 2140 1998 verbum
2169 1943 2471 2010 abscondit,
2503 1959 2536 1997 a
2565 1943 2798 1999 Domino
2829 1943 3048 1999 audiet:
3072 1945 3234 2000 Serve
3274 1947 3424 2002 male
3453 1950 3513 2002 et

1910 2033 2089 2103 piger,
2109 2048 2280 2104 quare
2301 2049 2416 2088 non
2430 2031 2637 2087 dedisti
2649 2033 2952 2104 pecuniam
2970 2048 3156 2088 meam
3175 2033 3246 2089 ad
3257 2050 3482 2090 mensas
3499 2075 3512 2100 ,

1911 2123 1968 2174 et
1984 2136 2076 2191 ego
2097 2121 2328 2175 veniens
2347 2123 2679 2193 recepissem
2696 2123 2891 2194 utique
2906 2122 3049 2194 quod
3063 2137 3253 2177 meum
3275 2126 3362 2178 est
3381 2139 3510 2178 cum

1911 2225 2090 2264 usura
2113 2209 2308 2278 ?(Luc.
2333 2225 2456 2279 xrx,
2479 2211 2592 2279 23).
2620 2209 2930 2266 Benedictio
2959 2217 3138 2265 autem
3169 2227 3334 2282 super
3351 2219 3516 2282 caput

1911 2295 2279 2362 vendentium,
2327 2297 2582 2368 quoniam
2613 2298 2706 2368 qui
2736 2299 2828 2352 dat
2869 2297 3150 2353 conservis
3180 2298 3236 2352 in
3267 2307 3512 2370 tempore

1909 2383 2074 2439 tritici
2094 2399 2426 2455 mensuram,
2447 2401 2480 2439 a
2501 2385 2732 2440 Domino
2761 2385 2942 2441 audiet
2967 2403 2978 2441 :
3005 2389 3172 2458 Euge,
3197 2403 3351 2442 serve
3371 2387 3510 2443 bone

1911 2476 1967 2528 et
1976 2473 2178 2541 ﬁdelis,
2205 2474 2337 2545 quia
2348 2490 2518 2545 super
2527 2490 2712 2546 pauca
2732 2475 2902 2544 fuisti
2912 2474 3114 2543 ﬁdelis,
3131 2491 3303 2547 super
3321 2477 3510 2531 multa

1902 2553 1966 2614 ‘te
1995 2561 2346 2616 constituam
2377 2561 2599 2630 (Matth.
2619 2577 2760 2626 xxv,
2786 2561 2897 2633 21).
2931 2563 2998 2616 Et
3027 2561 3244 2634 quidam
3273 2562 3507 2620 catholi-

1909 2663 2005 2704 cus
2035 2649 2226 2704 doctor
2255 2648 2326 2702 ait
2357 2666 2370 2703 :
2401 2649 2624 2704 Invidiae
2672 2649 2943 2722 siquidem
2975 2650 3245 2706 maculam
3287 2651 3356 2706 de
3385 2667 3508 2708 sese

1908 2751 2020 2790 non
2067 2736 2250 2803 abluit,
2294 2736 2385 2808 qui
2431 2737 2586 2792 alteri
2629 2737 2882 2793 conferre
2931 2739 3168 2810 denegat
3207 2740 3314 2796 hoc
3362 2739 3510 2810 quod

1910 2825 2088 2880 sentit.
2149 2826 2319 2897 Igitur
2374 2842 2496 2898 qum
2547 2841 2658 2880 non
2727 2825 2921 2881 suffers
2986 2826 3082 2881 tibi
3136 2843 3238 2898 per
3297 2835 3509 2899 tempus

1907 2913 2124 2984 plenius
2163 2929 2230 2970 ac
2279 2915 2438 2968 latius
2484 2915 2826 2986 responderi,
2877 2915 3120 2971 breviter
3149 2931 3212 2972 ac
3241 2916 3508 2988 capitula-

1907 3001 2024 3070 tim,
2058 3003 2126 3058 ab
2158 3003 2384 3058 exordio
2412 3003 2493 3058 rei
2523 3003 2680 3072 hujus
2722 3003 3009 3076 incipiens,
3058 3005 3128 3059 ad
3173 3005 3508 3079 interrogata

1909 3091 2174 3147 rescribo.

1980 3180 2024 3233 Ι.
2057 3179 2142 3234 Ad
2170 3178 2297 3248 quid
2327 3178 2426 3232 Dei
2457 3177 2621 3233 Filius
2666 3177 2896 3234 formam
2940 3179 3085 3236 servi
3113 3181 3325 3252 accepit
3352 3184 3504 3252 Apo-

1909 3267 2081 3322 stolus
2112 3275 2374 3322 monstrat
2397 3267 2618 3322 dicens:
2643 3270 2750 3323 Per
2775 3283 2957 3324 unum
2987 3268 3274 3326 hominem
3297 3285 3503 3342 pecca-

1910 3360 2032 3411 tum
2053 3357 2297 3412 intravit
2322 3358 2385 3412 in
2407 3355 2701 3421 mundum,
2731 3359 2786 3411 et
2803 3373 2905 3429 per
2929 3363 3228 3430 peccatum
3251 3375 3422 3426 mors,
3447 3361 3502 3414 et

1905 3446 1991 3500 ita
2003 3445 2066 3499 in
2088 3460 2279 3500 omnes
2291 3445 2543 3501 homines
2557 3447 2949 3517 pertransivit,
2967 3448 3030 3502 in
3047 3463 3150 3519 quo
3161 3463 3354 3502 omnes
3372 3463 3504 3519 pec-

1905 3537 2201 3589 caverunt.
2231 3533 2438 3590 Fidelis
2458 3550 2642 3590 sermo
2662 3537 2718 3590 et
2738 3535 2894 3590 omni
2931 3551 3094 3607 accep
3104 3537 3252 3591 tione
3275 3536 3498 3607 dignus,

1905 3624 2173 3694 quoniam
2187 3623 2348 3678 Iesus
2373 3622 2629 3678 Christus
2648 3624 2802 3678 venit
2821 3623 2886 3678 in
2903 3622 3053 3679 hunc
3070 3624 3348 3679 mundum
3362 3641 3499 3696 pec-
3593 3679 3597 3684 .

1903 3714 2120 3766 catores
2141 3711 2323 3766 salvos
2342 3713 2550 3782 facere.
2588 3711 2790 3766 Omnes
2827 3713 2982 3767 enim
3011 3716 3408 3784 peccaverunt,
3441 3717 3500 3769 et

1903 3803 2068 3870 egent
2097 3799 2276 3871 gloria
2306 3801 2404 3854 Dei
2431 3799 2608 3868 (Rom.
2642 3815 2698 3866 v,
2731 3800 2842 3871 12).

1973 3889 2040 3942 ΙΙ.
2073 3889 2158 3943 Ad
2187 3888 2316 3960 quid
2347 3888 2575 3960 apostoli
2605 3888 2671 3942 ab
2703 3903 2768 3944 eo
2801 3896 2924 3944 sunt
2949 3889 3202 3956 ordinati,
3235 3889 3352 3961 ipse
3376 3906 3498 3946 ma-

1901 3975 2117 4031 nifestat
2137 3977 2354 4032 dicens:
2380 3979 2517 4034 Ecce
2539 3993 2634 4050 ego
2649 3979 2818 4034 mitto
2839 3994 2948 4034 vos.
2971 3980 3071 4047 Ite,
3097 3979 3284 4036 docete
3303 3995 3498 4036 omnes

1899 4069 2112 4137 gentes,
2141 4067 2497 4137 baptizantes
2519 4083 2608 4122 eos
2628 4067 2690 4121 in
2708 4068 2938 4122 nomine
2959 4068 3168 4133 Patris,
3189 4071 3247 4123 et
3263 4069 3417 4138 Filii,
3442 4072 3500 4124 et

1898 4154 2146 4224 Spiritus
2166 4155 2372 4218 sancti,
2395 4153 2654 4210 docentes
2671 4170 2760 4210 eos
2779 4170 3001 4210 servare
3018 4155 3211 4210 omnia
3231 4172 3499 4228 quaecun-

1899 4259 2000 4314 que
2031 4241 2297 4297 mandavi
2343 4241 2492 4297 vobis
2521 4242 2678 4313 (Luc.
2709 4256 2768 4306 x,
2801 4245 2872 4308 3;
2905 4241 3097 4297 Matth.
3139 4257 3344 4308 xxvm,
3379 4244 3490 4313 19).

1898 4331 1986 4386 Sic
2011 4330 2198 4386 luceat
2228 4330 2332 4386 lux
2361 4333 2546 4385 vestra
2579 4345 2769 4386 coram
2813 4331 3149 4398 hominibus,
3173 4334 3242 4386 ut
3265 4330 3493 4386 videant

1896 4435 2064 4492 opera
2084 4423 2268 4475 vestra
2289 4420 2448 4486 bona,
2473 4423 2532 4475 et
2543 4420 2863 4491 gloriﬁcent
2881 4421 3112 4477 Patrem
3130 4423 3380 4477 vestrum
3396 4421 3494 4494 qui

195 4509 508 4566 coelestibus
557 4506 934 4573 sacramentis,
969 4505 1157 4578 eisque
1213 4513 1273 4560 ut
1317 4505 1576 4576 competit
1603 4504 1796 4575 dispo-
1826 4495 1962 4563 Din
1990 4509 2144 4564 caelis
2173 4512 2259 4565 est
2289 4509 2507 4580 (Matth.
2539 4524 2594 4578 v,
2631 4509 2740 4580 16).

193 4597 398 4667 nendis,
432 4596 595 4654 subdi
629 4603 680 4652 te
728 4595 932 4652 debere
977 4594 1268 4668 cOgnoscis
1298 4593 1580 4666 religionis
1609 4593 1798 4650 ordine

192 4688 366 4758 potius
413 4701 580 4758 quam
627 4701 887 4757 praeesse.
938 4683 1095 4740 Nosti
1143 4683 1328 4755 itaque
1375 4682 1516 4738 inter
1568 4683 1686 4738 haec
1731 4699 1798 4738 ex

187 4775 400 4833 illorum
441 4783 494 4830 te
521 4774 764 4846 pendere
803 4773 1030 4843 judicio,
1062 4788 1171 4828 non
1201 4772 1322 4828 illos
1362 4772 1430 4826 ad
1462 4779 1610 4827 tuam
1656 4772 1796 4827 velle

187 4865 359 4938 redigi
415 4863 773 4920 voluntatem.
817 4861 874 4918 Si
930 4861 1094 4929 enim,
1153 4869 1411 4934 quantum
1441 4861 1512 4916 ad
1543 4861 1796 4916 ordinem

187 4954 421 5025 pertinet
447 4951 682 5024 publicae
721 4949 1042 5022 disciplinae,
1081 4958 1477 5023 cognoscentes
1506 4949 1795 5020 imperium

181 5043 276 5098 tibi
303 5057 545 5116 superna
591 5039 949 5111 dispositione
995 5038 1272 5106 collatum,
1308 5038 1524 5112 legibus
1556 5037 1662 5094 tuis
1689 5027 1796 5110 ipsi

182 5147 395 5205 quoque
426 5137 622 5202 parent
649 5128 930 5202 religionis
1005 5127 1292 5195 antistites,
1322 5145 1390 5182 ne
1437 5127 1525 5184 vel
1541 5127 1597 5181 in
1626 5126 1792 5183 rebus

182 5219 436 5276 humanis
491 5217 733 5276 exclusae
769 5217 1057 5274 videantur
1087 5216 1310 5274 obviare
1343 5217 1648 5286 sententiis,
1681 5231 1791 5290 quo

184 5325 318 5384 rogo
355 5317 412 5366 te
459 5307 620 5364 decet
668 5305 867 5364 affectu
898 5306 978 5362 eis
1008 5305 1253 5373 obedire,
1287 5305 1380 5378 qui
1411 5305 1790 5378 praerogandis

180 5397 582 5455 venerabilibus
614 5403 740 5452 sunt
769 5395 1010 5452 attributi
1035 5394 1308 5467 mysteriis
1329 5395 1358 5449 ἱ)
1387 5393 1622 5450 Proinde
1651 5394 1790 5451 sicut

181 5503 292 5543 non
336 5487 460 5545 leve
507 5485 806 5542 discrinem
847 5485 1109 5540 incumbit
1153 5481 1498 5557 pontificibus
1525 5523 1539 5551 ,
1575 5483 1787 5538 siluisse

1971 4597 2064 4652 ΙΙΙ.
2099 4597 2305 4653 Horum
2335 4597 2391 4650 in
2419 4597 2668 4654 Ecclesia
2693 4597 2872 4654 locum
2917 4605 3100 4653 tenent
3126 4597 3386 4669 episcopi,
3419 4597 3488 4654 de

1897 4685 2093 4757 quibus
2122 4685 2278 4759 quasi
2305 4702 2402 4741 ore
2432 4687 2502 4741 ad
2531 4701 2593 4742 os
2623 4686 2906 4758 alloquens
2925 4685 3226 4740 Ecclesiam
3247 4701 3348 4756 per
3363 4701 3494 4758 apo-

1899 4775 2066 4830 stolos
2108 4773 2408 4842 fundatam,
2458 4775 2656 4844 Spiritu
2699 4783 2884 4830 sancto
2940 4771 3148 4827 adlatus
3205 4774 3489 4832 Psalmista

1895 4863 2177 4934 prazcinuit
2205 4863 2394 4920 dicens
2428 4881 2440 4918 :
2472 4867 2579 4920 Pro
2624 4863 2882 4936 patribus
2926 4851 3054 4917 nati
3081 4866 3220 4920 sunt
3251 4865 3350 4922 tibi
3377 4867 3489 4936 ﬁlii

1896 4952 2070 5023 (Psal.
2102 4968 2254 5018 XLIV,
2290 4955 2418 5024 1'7);
2451 4953 2543 5025 qui
2569 4951 2883 5006 ordinantur
2929 4949 3150 5022 singuli,
3184 4955 3482 5010 Secundum

1894 5041 2247 5112 apostolicam
2293 5041 2654 5105 traditionem,
2697 5055 2798 5109 per
2836 5038 3079 5112 singulas
3115 5041 3380 5111 civitates,
3431 5051 3486 5100 et

1895 5129 2030 5184 sicut
2051 5129 2119 5185 ad
2148 5130 2323 5185 Titum
2355 5128 2540 5184 scribit
2599 5127 2894 5198 Apostolus
2927 5146 2940 5183 :
2973 5131 3168 5202 Hujus,
3208 5130 3478 5203 inquiens,

1891 5221 1978 5274 rei
1995 5221 2181 5292 gratia
2197 5219 2398 5290 reliqui
2423 5221 2473 5272 te
2497 5217 2692 5283 Cretae,
2709 5221 2776 5274 ut
2797 5234 2862 5274 ea
2873 5235 2996 5292 quae
3006 5219 3214 5276 desunt
3229 5222 3480 5293 corrigas

1891 5311 1946 5363 et
1957 5309 2271 5364 constituas
2277 5323 2379 5378 per
2389 5305 2646 5376 singulas
2657 5307 2914 5364 civitates
2927 5308 3274 5380 presbyteros
3285 5310 3304 5380 (
3316 5311 3417 5365 Tit.
3436 5327 3474 5378 ι,

1891 5400 1964 5467 5),
1997 5397 2052 5450 id
2083 5405 2164 5450 est
2193 5395 2499 5466 episcopos,
2533 5394 2671 5452 sicut
2715 5397 2880 5468 paulo
2927 5405 3049 5468 post
3091 5398 3426 5454 demonstrat
3463 5417 3477 5454 :

1893 5485 2134 5557 Oportet,
2150 5484 2338 5556 inquit,
2355 5485 2676 5557 episcopum
2689 5488 2810 5542 sine
2822 5487 3063 5544 crimine
3075 5503 3192 5543 esse
3203 5487 3341 5558 (ibid
3346 5529 3382 5557 .,
3397 5487 3476 5559 7).

149 5589 284 5650 'pro
337 5573 634 5632 divinitatis
688 5573 836 5632 cultu
895 5574 1042 5646 quod
1071 5571 1323 5647 congruit
1353 5589 1367 5627 :
1397 5570 1471 5626 ita
1498 5570 1604 5640 his,
1639 5572 1786 5644 quod
1885 5573 2188 5645 Episcopus
2219 5573 2362 5628 enim
2391 5589 2592 5632 nomen
2620 5583 2704 5632 est
2723 5573 2903 5645 cilicii,
2929 5575 3069 5632 sicut
3086 5575 3374 5647 presbyter
3392 5583 3482 5630 est
