4072 6308
544 268 644 324 211

1553 257 1897 316 HINCMARI
1924 251 2330 313 RHEMENSIS
2359 253 2911 312 ARCHIEPISCOPI.

3745 261 3858 314 212

541 407 752 450 nomen
782 389 976 460 aetatis,
1029 403 1138 444 non
1167 401 1464 458 corporeae.
1509 385 1609 441 sed
1639 383 1916 456 sapientize
1945 390 1998 438 et
2026 381 2150 438 vita
2176 379 2234 440 A
2253 380 2482 438 modum
2501 385 2560 436 et
2573 398 2674 454 pro
2688 381 2913 454 populo,
2933 381 3017 436 ita
3028 381 3203 437 etiam
3221 396 3320 454 pro
3339 383 3640 454 semetipso
3651 381 3860 453 offerre

555 479 933 537 immaculata.
968 477 1118 534 Sicut
1148 493 1246 548 per
1261 475 1550 548 quemdam
1573 473 1874 545 sapientem
1903 471 2099 528 dicitur
2130 488 2143 525 :

559 573 831 627 Senectus
854 567 1190 624 venerabilis
1235 569 1339 629 est,
1363 581 1478 620 non
1499 563 1798 628 diuturna,
1834 577 2010 634 neque
2039 577 2147 616 nu-

553 675 710 716 mero
731 673 1017 715 annorum
1037 657 1383 727 computata.
1421 653 1563 707 Cani
1581 655 1718 707 sunt
1740 655 1934 706 autem
1947 665 2146 705 sensus

555 749 887 812 hominis,et
903 749 1042 800 tetas
1063 743 1372 800 senectutis
1389 743 1507 796 vita
1527 739 2144 811 immaculata(Sap.1v,

546 837 624 909 8).
637 836 775 890 Hinc
788 841 871 890 est
889 848 1023 904 ergo
1043 831 1188 904 quod
1205 830 1274 886 ad
1291 831 1534 902 Moysem
1553 827 1817 884 Dominus
1831 827 1961 882 dicit
1978 842 1990 881 :
2011 827 2148 882 Con-

549 941 721 998 grega
755 924 900 980 mihi
938 921 1299 995 septuaginta
1332 921 1478 975 viros
1500 919 1566 973 de
1603 917 1913 973 senioribus
1944 915 2141 980 Israel,

555 1030 688 1088 quos
707 1018 770 1070 tu
780 1013 932 1068 nosti
943 1011 1086 1084 quod
1095 1025 1254 1066 senes
1270 1008 1463 1081 populi
1479 1007 1597 1062 sint
1615 1005 1804 1073 (Num.
1837 1021 1918 1071 χι,
1943 1003 2032 1075 16)
2055 1022 2070 1070 ;
2095 1003 2151 1058 in

557 1102 753 1174 quibus
788 1101 920 1172 quid
948 1099 1095 1155 aliud
1127 1113 1289 1170 quam
1329 1104 1581 1152 senectus
1615 1093 1798 1151 cordis
1820 1092 2146 1165 requiratur,

557 1207 682 1246 cum
714 1190 850 1244 tales
877 1189 1138 1258 jubentur
1157 1186 1287 1258 eligi
1321 1186 1411 1256 qui
1437 1201 1598 1241 senes
1619 1185 1864 1240 sciuntur
1883 1183 1912 1237 ε)
1932 1181 1990 1237 Si
2006 1181 2150 1236 enim

556 1286 808 1334 senectus
827 1278 883 1333 in
902 1277 982 1332 eis
1003 1275 1250 1346 corporis
1288 1281 1643 1346 quaereretur,
1666 1288 1698 1328 a
1717 1271 1876 1328 tantis
1897 1269 2025 1326 sciri
2044 1285 2149 1341 po-

559 1375 754 1434 terant,
793 1383 824 1420 a
860 1365 1074 1438 quantis
1096 1363 1289 1420 videri.
1332 1364 1470 1418 Dum
1509 1376 1643 1418 vero
1678 1361 1874 1416 dicitur
1903 1375 2034 1432 quos
2088 1365 2151 1416 tu

556 1459 709 1513 nosti
729 1456 870 1529 quod
891 1469 1050 1510 senes
1081 1454 1277 1525 populi
1318 1454 1456 1518 sint,
1485 1450 1727 1523 profecto
1745 1450 1913 1521 liquet
1935 1447 2058 1521 quia
2091 1455 2150 1502 ut

552 1553 774 1601 sanctus
803 1543 933 1598 dicit
979 1542 1278 1614 Gregorius
1327 1548 1582 1596 senectus
1627 1537 1844 1605 mentis,
1879 1553 1989 1592 non
2021 1551 2148 1593 cor-

549 1633 720 1705 poris,
753 1631 1010 1705 eligenda
1041 1636 1389 1686 monstratur.
1428 1628 1566 1684 Hinc
1579 1635 1633 1684 et
1653 1625 1848 1683 Paulus
1867 1625 1934 1681 ad
1959 1625 2148 1682 Timo-

545 1724 728 1778 theum
749 1720 953 1778 scribit:
975 1721 1143 1776 Nemo
1163 1719 1604 1775 adolescentiam
1621 1722 1780 1774 tuam
1797 1718 2140 1782 contemnat,
2165 1737 2219 1798 Β

547 1813 645 1869 sed
685 1811 1015 1883 exemplum
1049 1813 1166 1865 esto
1207 1809 1463 1877 ﬁdelium
1510 1811 1573 1862 in
1611 1806 1789 1872 verbo,
1813 1807 1878 1861 in
1909 1821 2146 1863 conver-

541 1903 784 1968 satione,
815 1902 878 1956 in
907 1900 1208 1966 charitate,
1243 1900 1306 1953 in
1353 1897 1482 1966 ﬁde,
1529 1899 1592 1952 in
1625 1898 1894 1952 castitate
1925 1894 1975 1964 (Ι
2005 1896 2142 1950 Tim.

541 2006 620 2060 Iv,
647 1990 756 2060 12).
790 1989 942 2044 Hanc
985 1994 1170 2044 autem
1200 1985 1562 2050 traditionem,
1624 1983 1872 2057 singulos
1901 1999 2004 2054 per
2036 1982 2147 2036 sin-

544 2079 702 2150 gulas
731 2077 973 2134 civitates
1000 2075 1329 2132 ordinandos
1351 2074 1658 2145 episcopos,
1683 2071 1982 2128 auctoritas
2015 2087 2148 2142 apo-

542 2167 730 2224 stolica
771 2165 1066 2232 constituit,
1101 2165 1239 2220 sicut
1285 2170 1506 2219 sanctus
1549 2160 1822 2228 Clemens,
1856 2176 2146 2217 successor

542 2257 687 2312 beati
716 2255 862 2310 Petri
889 2252 1142 2326 apostoli,
1171 2269 1239 2309 ex
1268 2251 1556 2308 traditione
1576 2249 1746 2321 ipsius
1763 2249 2143 2320 promulgavit,

541 2344 707 2401 veluti
727 2351 943 2400 sanctus
964 2341 1256 2400 Anacletus
1277 2341 1346 2398 ab
1376 2340 1496 2411 ipso
1525 2340 1682 2394 beato
1709 2340 1868 2394 Petro
1898 2336 2146 2409 apostolo

538 2435 827 2506 presbyter
872 2431 1177 2502 ordinatus,
1227 2437 1416 2501 postea
1463 2429 1724 2485 Romanae
1753 2428 1902 2482 sedis
1933 2427 2145 2498 episco-

543 2539 666 2595 pus,
717 2522 772 2578 in
814 2521 1046 2592 epistola
1095 2533 1196 2575 sua
1249 2519 1623 2585 demonstrat,
1685 2519 1912 2572 decente
1952 2523 2143 2573 sancto

541 2611 744 2684 Spiritu
773 2628 874 2682 per
903 2611 1233 2680 PrOphetam
1266 2626 1280 2663 :
1312 2610 1458 2664 Deus
1489 2609 1710 2663 locutus
1739 2611 1822 2662 est
1854 2607 1917 2661 in
1946 2609 2144 2662 sancto

541 2726 640 2766 suo
655 2710 882 2765 laetabor
903 2713 959 2764 et
977 2707 1231 2780 partibor
1255 2707 1583 2771 Sichimam,
1628 2709 1685 2760 et
1717 2704 2030 2761 convallem
2059 2707 2144 2759 ta-

539 2799 974 2856 bernaculorum
1004 2797 1270 2852 dimetiar
1289 2795 1464 2866 (Psal.
1499 2809 1612 2862 ux,
1665 2794 1738 2864 8).
1763 2792 1902 2848 Hinc
1922 2799 2143 2848 sanctus

541 2886 771 2944 Basilius
807 2903 822 2941 :
859 2907 883 2938 ς
907 2885 1088 2952 Nunc,
1120 2884 1314 2954 inquit,
1347 2882 1495 2954 quod
1543 2883 1684 2938 hanc
1719 2881 2051 2952 praecipuam
2090 2889 2144 2937 et

537 2975 704 3032 veluti
731 2975 998 3046 privatam
1037 2971 1330 3046 quamdam
1359 2971 1732 3027 haereditatem
1762 2970 1948 3042 populi
1976 2969 2032 3024 in
2060 2970 2142 3024 di-

534 3064 804 3122 visionem
825 3063 1056 3133 vocabo,
1079 3070 1132 3118 et
1153 3076 1498 3119 communem
1519 3076 1642 3116 cum
1665 3058 1874 3116 caeteris
1887 3059 2138 3115 omnibus

535 3153 751 3210 faciam.
788 3153 922 3209 Cum
963 3159 1140 3208 autem
1173 3151 1410 3207 divisum
1447 3148 1607 3204 fuerit
1653 3155 2035 3205 testamentum
2083 3149 2140 3203 in

535 3258 746 3309 omnes,
782 3249 835 3297 et
864 3247 1061 3298 cuncta
1089 3241 1204 3310 ejus
1233 3239 1433 3295 utilitas
1463 3237 1732 3295 universis
1761 3238 1989 3308 coeperit
2015 3253 2139 3294 esse

531 3330 858 3396 communis,
899 3330 1014 3386 Deo
1059 3344 1158 3400 pro
1187 3328 1344 3384 nobis
1388 3327 1641 3384 omnibus
1697 3327 1893 3381 melius
1932 3325 2139 3398 aliquid

531 3419 873 3493 providente,
907 3426 1036 3474 tunc
1064 3418 1228 3474 etiam
1256 3416 1520 3474 convallis
1552 3414 2023 3471 tabernaculorum
2055 3415 2137 3469 di-

527 3509 801 3577 metiatur,
833 3509 942 3564 hoc
981 3515 1064 3564 est
1093 3507 1380 3564 universus
1408 3505 1558 3562 orbis
1587 3512 1880 3571 terrarum,
1904 3503 1997 3576 qui
2023 3503 2137 3560 val-

527 3599 596 3655 lis
627 3596 1106 3655 tabernaculorum
1148 3611 1248 3668 pro
1306 3594 1629 3650 habitaculis
1683 3592 1930 3664 corporis
1960 3591 2136 3649 dictus

524 3696 616 3747 est
643 3687 751 3754 hic,
787 3687 933 3742 velut
960 3687 1191 3758 quadam
1219 3692 1367 3740 sorte
1413 3684 1623 3740 divisus
1651 3690 1812 3754 atque
1855 3681 2136 3738 dimensus

527 3793 625 3850 per
653 3775 870 3848 singula
887 3775 1008 3831 loca
1027 3773 1398 3831 Ecclesiarum
1418 3772 1516 3828 Dei
1536 3771 1812 3844 parochiis
1860 3778 1913 3826 et
1935 3770 2136 3827 incola-

533 3865 680 3920 tibus
707 3864 1091 3938 distinguetur.
1120 3865 1269 3921 Tunc
1299 3862 1460 3918 etiam
1490 3877 1553 3916 ea
1581 3877 1703 3934 quae
1732 3859 1908 3915 divisa
1937 3867 2059 3914 sunt
2079 3860 2134 3916 in

528 3953 731 4012 unitate
786 3953 915 4010 ﬁdei
969 3952 1330 4026 congregabit
1359 3951 1451 4007 ille
1493 3949 1586 4022 qui
1610 3948 1854 4021 paciﬁcat
1883 3965 1982 4020 per
2011 3965 2134 4003 san-

530 4043 755 4118 guinem
786 4060 945 4098 suum
993 4059 1115 4114 quas
1152 4043 1208 4098 in
1238 4049 1380 4098 terra
1407 4047 1551 4107 sunt,
1583 4038 1699 4095 sive
1728 4054 1849 4111 qum
1895 4038 1952 4092 in
1979 4037 2132 4094 caelis

533 4142 585 4190 et
615 4133 708 4206 qui
737 4133 978 4190 medium
1021 4131 1285 4204 parietem
1335 4129 1481 4202 scpis
1509 4129 1727 4188 solvens
1755 4127 1880 4186 facit
1902 4135 2130 4200 utraque

532 4240 718 4280 unum.
739 4242 762 4276 ι

598 4314 690 4370 IV.
725 4311 1059 4369 Ordinantur
1084 4317 1265 4368 autem
1313 4307 1512 4380 singuli
1543 4306 1785 4380 episcopi
1811 4307 1867 4363 in
1894 4305 2128 4364 civitati-

527 4403 632 4459 bus
662 4400 913 4474 singulis,
963 4415 1076 4454 non
1121 4413 1220 4470 pro
1248 4396 1626 4469 temporalium
1667 4397 1938 4452 honorum
1965 4404 2126 4466 pote-

531 4491 777 4559 statibus,
811 4504 920 4545 non
949 4503 1052 4559 pro
1079 4486 1221 4544 villis
1271 4495 1324 4542 et
1362 4484 1816 4558 possessionibus,
1874 4499 1983 4538 non
2030 4499 2129 4554 pro

527 4580 839 4638 facultatum
869 4575 1129 4651 propriis,
1178 4592 1310 4648 quas
1341 4582 1524 4631 tamen
1573 4572 1836 4645 episcopi,
1871 4581 2126 4643 suscepto

525 4669 850 4734 ministerio,
881 4664 1181 4724 secundum
1217 4663 1436 4739 regulas
1465 4672 1518 4720 et
1544 4662 1699 4736 leges
1721 4668 1906 4718 sancto
1927 4660 2128 4732 Spiritu

524 4758 928 4830 promulgatas,
1005 4769 1337 4814 conservare
1393 4754 1561 4823 juste,
1601 4766 1666 4808 ac
1737 4749 2129 4806 rationabiliter

530 4846 794 4917 ampliare
816 4853 867 4900 et
895 4844 1214 4916 dispensare
1231 4841 1451 4912 debent,
1482 4847 1541 4897 ut
1566 4855 1624 4895 re
1653 4854 1787 4896 vera
1815 4835 1933 4894 Deo
1953 4839 2128 4895 dicata

524 4943 578 4991 et
607 4941 926 4992 consecrata
969 4933 1292 5000 sanctuaria,
1325 4937 1452 4988 vota
1500 4927 1760 4995 fidelium,
1794 4929 1973 5000 pretia
2000 4946 2128 5000 pec-

525 5032 767 5082 catorum
798 5031 852 5078 et
879 5021 1205 5094 patrimonia
1239 5033 1566 5094 pauperum,
1600 5017 1696 5074 sed
1726 5033 1826 5089 pro
1855 5017 2126 5075 lucrandis

523 5112 808 5170 animabus
839 5120 892 5168 et
944 5111 1222 5168 salvandis
1268 5109 1599 5176 hominibus,
1652 5106 1789 5164 sicut
1819 5107 1950 5164 dicit
1973 5111 2126 5180 Apo-

527 5201 700 5260 stolus
715 5221 728 5258 :
747 5203 941 5259 Omnis
947 5201 1215 5275 ponti/ea:
1227 5217 1300 5256 ea:
1319 5199 1636 5256 hominibus
1659 5203 2003 5271 assumptus,
2024 5215 2125 5270 pro

531 5293 848 5351 hominibus
858 5291 1232 5349 constituitur
1242 5291 1305 5345 in
1325 5290 1412 5344 his
1442 5303 1564 5361 qua!
1581 5291 1718 5344 sunt
1736 5288 1809 5344 ad
1832 5289 2026 5354 Deum,
2060 5291 2125 5344 ut

527 5383 731 5454 oﬂ’erat
757 5381 904 5438 dona
931 5383 989 5436 et
1007 5379 1290 5449 sacriﬁcia
1304 5394 1407 5452 pro
1423 5378 1688 5450 peccatis,
1715 5379 1811 5450 qui
1832 5377 2126 5434 condolere

524 5473 708 5547 possit
727 5469 814 5528 his
835 5471 932 5544 qui
942 5471 1212 5542 ignorant
1233 5472 1288 5524 et
1305 5471 1522 5535 errant,
1539 5467 1805 5540 quoniam
1817 5471 1873 5523 et
1894 5466 2010 5538 ipse
2023 5466 2128 5521 cir-

528 5561 829 5620 cumdatus
845 5564 930 5618 est
946 5559 1272 5630 inﬁmitate,
1291 5562 1347 5614 et
1356 5561 1655 5630 propterea
1665 5557 1839 5622 debet,
1868 5555 2126 5628 quemad-

2243 485 2346 541 pro
2379 471 2631 542 peccatis
2662 471 2844 540 (Hebr.
2885 485 2939 535 ν,
3004 469 3078 541 1).
3113 471 3182 525 Ει
3219 468 3350 525 item
3384 470 3532 525 idem
3567 487 3582 526 :
3625 472 3686 527 Si
3729 473 3859 543 quis

2247 557 2634 628 episcopatum
2651 557 2954 628 desiderat,
2969 558 3174 615 bonum
3187 573 3322 628 opus
3341 559 3654 630 desiderat(
3669 560 3694 613 I
3709 561 3854 614 Tim.

2251 661 2334 716 ιιι,
2368 645 2442 718 1).
2480 665 2502 695 ι
2536 646 2678 716 Ipse,
2714 645 3118 718 inquitsanctus
3139 646 3437 720 Gregorius
3470 648 3608 720 (reg.
3633 651 3784 717 past.
3812 665 3853 714 ι,

2249 749 2371 805 cap.
2407 736 2482 804 8),
2515 734 2618 788 sibi
2648 734 2798 790 testis
2829 744 2930 802 est,
2957 735 3083 806 quia
3105 736 3479 809 episcopatum
3497 753 3605 792 non
3622 735 3852 808 appetit,

2249 822 2342 895 qui
2369 837 2479 878 non
2505 836 2608 894 per
2636 823 2777 878 hunc
2816 823 2945 879 boni
2974 824 3158 896 operis
3212 825 3591 893 ministerium,
3624 825 3723 881 sed
3754 826 3860 883 ho-

2249 911 2402 968 noris
2430 911 2666 982 gloriam
2715 913 2926 983 quaerit.
2987 913 3214 970 Sacrum
3243 913 3445 985 quippe
3473 913 3711 970 oﬁicium
3739 931 3856 972 non

2252 999 2430 1056 solum
2458 1014 2569 1055 non
2599 1000 2775 1073 diligit
2803 1001 3046 1069 omnino,
3069 1002 3167 1058 sed
3193 1002 3386 1069 nescit,
3421 1002 3513 1075 qui
3539 1004 3610 1059 ad
3632 1004 3859 1060 culmen

2251 1088 2534 1160 regiminis
2557 1090 2842 1156 anhelans,
2871 1091 2928 1146 in
2957 1091 3168 1146 occulta
3195 1091 3540 1148 meditatione
3583 1093 3859 1168 cognitio-

2251 1177 2336 1232 nis
2385 1185 2708 1235 caeterorum
2739 1178 3070 1248 subjectione
3124 1181 3376 1252 pascitur,
3423 1181 3581 1238 laude
3627 1182 3858 1254 propria

2257 1267 2496 1334 laetatur,
2525 1267 2594 1322 ad
2613 1269 2880 1324 honorem
2936 1285 3033 1325 cor
3063 1269 3258 1338 elevat,
3305 1286 3487 1326 rerum
3515 1269 3854 1328 aﬂluentium

2250 1356 2577 1412 abundantia
2603 1357 2827 1413 exultat.
2851 1358 3036 1414 Mundi
3062 1375 3199 1432 ergo
3227 1359 3438 1416 lucrum
3457 1360 3716 1431 quaeritur
3749 1360 3855 1416 sub

2253 1445 2368 1513 ejus
2397 1443 2622 1502 honoris
2649 1445 2852 1517 specie,
2885 1441 2994 1519 qub
3024 1448 3212 1502 mundi
3236 1449 3445 1504 destrui
3471 1449 3621 1504 lucra
3649 1449 3856 1505 debue-

2249 1542 2394 1600 runt,
2443 1549 2677 1606 cumque
2707 1551 2862 1592 mens
2906 1537 3224 1592 humilitatis
3271 1537 3487 1594 culmen
3524 1537 3743 1608 eripere
3773 1538 3850 1594 ad

2251 1623 2542 1679 elationem
2583 1624 2806 1698 cogitat,
2854 1625 3000 1697 quod
3041 1624 3172 1682 foris
3199 1627 3425 1698 appetit,
3455 1627 3618 1697 intus,
3650 1626 3854 1681 immu-

2251 1719 2346 1766 tat.
2384 1733 2406 1763 υ
2438 1715 2507 1768 Et
2534 1713 2680 1768 idem
2722 1714 2848 1769 alibi
2878 1716 2946 1770 de
2990 1715 3172 1770 verbis
3202 1715 3419 1772 Domini
3451 1733 3466 1771 :
3499 1717 3657 1773 Sicut
3683 1719 3854 1773 misit

2248 1814 2339 1857 me
2359 1804 2550 1868 Pater,
2599 1807 2659 1860 et
2703 1819 2798 1875 ego
2843 1806 3010 1862 mitto
3030 1821 3122 1861 vos
3171 1807 3473 1876 (Joan.xx,
3519 1805 3631 1876 2t).
3661 1805 3850 1873 Pater,

2246 1889 2421 1962 inquit
2450 1889 2643 1946 Filium
2698 1892 2862 1962 misit,
2897 1893 2990 1964 qui
3039 1893 3184 1951 hunc
3212 1909 3310 1965 pro
3340 1895 3718 1967 redemptione
3748 1911 3853 1969 ge-

2245 1978 2395 2034 neris
2453 1980 2670 2035 humani
2727 1981 3001 2037 incarnari
3048 1982 3322 2038 constituit
3350 2002 3367 2054 3
3403 2000 3560 2055 quem
3592 1985 3854 2041 videlicet

2244 2067 2302 2121 in
2356 2069 2562 2124 mundo
2616 2069 2803 2126 venire
2859 2072 2926 2125 ad
2973 2071 3283 2143 passionem
3311 2073 3500 2140 voluit,
3533 2073 3629 2130 sed
3660 2081 3854 2130 tamen

2246 2155 2448 2214 amavit
2498 2156 2670 2214 filium
2725 2175 2888 2233 quem
2945 2161 3015 2216 ad
3054 2161 3369 2232 passionem
3413 2161 3578 2217 misit.
3622 2162 3852 2220 Electos

2246 2260 2378 2301 vero
2436 2247 2714 2318 apostolos
2741 2249 3006 2305 Dominus
3049 2266 3157 2306 non
3186 2250 3252 2305 ad
3282 2251 3470 2305 mundi
3497 2251 3710 2322 gaudia,
3746 2254 3852 2308 sed

2245 2333 2384 2390 sicut
2413 2335 2531 2405 ipse
2560 2336 2762 2392 missus
2792 2344 2874 2392 est
2894 2339 2964 2393 ad
2993 2339 3278 2410 passiones
3307 2339 3362 2394 in
3377 2340 3639 2395 mundum
3660 2341 3847 2397 mittit.

2245 2422 2432 2494 Itaque
2463 2422 2663 2480 dicitur
2693 2440 2708 2479 :
2739 2427 2899 2482 Sicut
2918 2427 3076 2483 misit
3119 2445 3208 2482 me
3253 2430 3424 2483 Pater
3461 2433 3520 2484 et
3561 2445 3655 2500 ego
3677 2430 3850 2485 mitto

2243 2526 2357 2578 vos,
2377 2509 2432 2567 id
2463 2521 2564 2578 est,
2589 2527 2656 2569 ea
2684 2527 2783 2570 vos
2825 2515 3082 2570 charitate
3111 2517 3300 2589 diligo,
3333 2533 3457 2574 cum
3514 2517 3655 2573 inter
3683 2532 3853 2586 scan:

2243 2594 2368 2650 dala
2412 2606 2820 2667 persecutorum
2871 2599 3023 2655 mitto
3067 2617 3175 2672 qua
3221 2617 3308 2656 me
3360 2601 3622 2658 charitate
3658 2603 3845 2671 Pater,

2243 2683 2436 2759 diligit,
2469 2701 2634 2758 quem
2654 2687 2844 2744 venire
2872 2689 2941 2743 ad
2971 2689 3280 2746 tolerandas
3309 2690 3598 2762 passiones
3629 2690 3779 2748 fecit.

2315 2854 2378 2910 V.
2401 2854 2675 2913 Ordinatis
2705 2866 2883 2914 autem
2939 2859 3166 2932 singulis
3212 2861 3486 2934 episcopis
3515 2862 3571 2917 in
3599 2863 3843 2919 civitati-

2243 2942 2344 3032 bus
2375 2943 2626 3017 singulis,
2661 2946 2854 3002 nonad
2882 2949 3070 3004 mundi
3091 2949 3342 3020 gloriam,
3375 2951 3474 3006 sed
3503 2950 3644 3006 inter
3674 2968 3846 3009 scan-

2243 3031 2370 3087 dala
2399 3044 2828 3104 persecutorum,
2860 3052 2969 3092 non
3012 3037 3136 3093 licet
3174 3039 3252 3096 eis
3282 3047 3493 3095 mutare
3523 3040 3769 3098 civitates
3790 3042 3848 3098 in

2157 3095 2208 3160 C'
2241 3120 2438 3192 quibus
2479 3132 2603 3178 sunt
2651 3125 2975 3197 regulariter
3023 3126 3290 3195 ordinati,
3323 3143 3424 3184 nec
3455 3095 3846 3189 transferri‘dve

2239 3209 2454 3266 civitate
2484 3213 2554 3269 ad
2587 3214 2855 3271 civitatem
2885 3230 2986 3286 pro
3033 3223 3248 3272 terrena
3273 3217 3568 3287 cupiditate
3594 3217 3683 3276 vel
3717 3220 3847 3292 glo-

2237 3297 2336 3354 riae
2391 3300 2706 3370 ambitione,
2741 3304 2882 3360 sicut
2937 3312 3157 3360 sanctus
3216 3305 3515 3376 Gregorius
3545 3307 3600 3360 in
3621 3307 3846 3364 homilia

2235 3386 3474 3464 Ezechielisprophetzetractatdicens(homil.
3495 3396 3552 3468 5)
3579 3413 3592 3450 :
3623 3418 3645 3446 ‹‹
3682 3399 3844 3456 Thro—

2236 3491 2346 3534 nus
2384 3482 2522 3552 ejus,
2550 3476 2679 3550 quin
2709 3477 2827 3544 Dei,
2868 3479 3104 3547 ﬂamma
3146 3479 3314 3550 ignis,
3347 3483 3485 3535 rotae
3529 3481 3652 3551 ejus
3693 3483 3844 3553 ignis

2236 3569 2684 3633 accensus(Dan.
2711 3581 2810 3633 vn,
2844 3566 2919 3634 9).
2953 3567 3019 3622 Hi
3050 3566 3193 3622 enim
3225 3566 3316 3638 qui
3343 3567 3642 3623 animarum
3665 3578 3845 3627 custo-

2235 3657 2332 3712 des
2364 3665 2509 3723 sunt,
2541 3665 2594 3713 et
2619 3655 2879 3728 pascendi
2910 3655 3098 3728 gregis
3129 3671 3298 3710 onera
3329 3665 3704 3728 susceperunt,
3728 3675 3843 3713 mu-

2237 3753 2350 3802 tare
2362 3745 2485 3802 loca
2505 3745 2728 3801 minime
2759 3744 3161 3815 permittuntur.
3197 3745 3305 3801 Sed
3335 3744 3462 3817 quia
3491 3761 3599 3801 uno
3629 3745 3686 3800 in
3715 3747 3841 3803 loco

2231 3835 2394 3908 positi
2423 3834 2728 3891 Divinitatis
2757 3833 2812 3888 in
2844 3849 2903 3890 se
2923 3833 3272 3906 praesentiam
3291 3843 3507 3906 portant
3537 3843 3590 3892 et
3617 3835 3838 3904 ardent,

2235 3925 2463 3980 thronus
2521 3923 2620 3980 Dei
2657 3925 2891 3993 ﬂamma
2945 3925 3096 3994 ignis
3143 3923 3358 3978 dicitur.
3393 3924 3460 3978 Hi
3515 3931 3697 3980 autem
3746 3926 3841 3998 qui

2232 4027 2419 4068 amore
2439 4012 2656 4068 Domini
2686 4013 2738 4066 in
2773 4011 3160 4083 praedicatione
3191 4012 3522 4080 discurrunt,
3555 4019 3692 4068 rotae
3721 4013 3844 4084 ejus

2230 4101 2373 4174 ignis
2420 4102 2618 4158 ardens
2653 4109 2796 4170 sunt,
2820 4100 2948 4175 quia
3004 4116 3129 4156 cum
3159 4118 3224 4156 ex
3282 4101 3400 4171 ejus
3430 4101 3707 4158 desiderio
3738 4120 3843 4176 per

2229 4190 2383 4247 varia
2429 4190 2547 4248 loca
2602 4190 2936 4257 discurrunt,
2970 4191 3115 4245 unde
3153 4190 3257 4260 ipsi
3312 4191 3540 4258 ardent,
3586 4199 3640 4248 et
3699 4191 3845 4249 alios

2228 4281 2582 4336 accendunt.»
2607 4279 2772 4336 Sicut.
2806 4281 2870 4335 B.
2901 4279 3100 4334 Paulus
3131 4278 3374 4352 gentium
3396 4279 3678 4336 ordinatus
3711 4297 3846 4352 apo-

2229 4369 2418 4436 stolus,
2465 4377 2633 4426 totum
2686 4377 2744 4425 ut
2813 4369 2884 4424 ita
2921 4368 3168 4424 dicamus
3219 4367 3479 4424 mundum
3532 4368 3844 4443 Evangelia

2153 4467 2207 4530 D
2230 4458 2426 4514 Christi
2453 4459 2699 4532 replevit,
2749 4466 2802 4513 et
2840 4465 2958 4514 rota
2989 4457 3190 4513 Christi
3221 4473 3330 4512 non
3359 4458 3453 4512 uni
3482 4457 3685 4514 civitati
3711 4466 3843 4514 tan-

2237 4555 2347 4603 tum
2403 4549 2679 4620 praesedit,
2715 4547 2811 4602 sed
2869 4554 2922 4602 et
2977 4546 3160 4602 multis
3191 4546 3501 4602 civitatibus
3549 4563 3650 4618 per
3678 4563 3843 4603 suam

2235 4638 2576 4708 praesentiam
2633 4635 3046 4708 evangelizavit,
3079 4644 3138 4691 ut
3175 4652 3328 4692 sacra
3381 4643 3562 4691 narrat
3589 4635 3842 4706 historia,

2235 4734 2288 4782 et
2314 4741 2414 4799 per
2443 4743 2568 4784 suas
2596 4724 2869 4796 Epistolas
2917 4724 3273 4782 conﬁrmavit.
3320 4724 3458 4781 Hinc
3487 4731 3539 4780 et
3573 4725 3712 4780 sacri
3745 4742 3843 4782 ea-

2233 4831 2405 4874 nones
2470 4815 2710 4872 Africani
2767 4813 2976 4870 consilii
3007 4814 3367 4870 decreverunt
3420 4821 3478 4868 ut
3505 4828 3615 4869 non
3669 4812 3844 4871 liceat

2233 4904 2352 4962 fieri
2399 4903 2894 4976 rebaptizationem,
2932 4903 3414 4970 reordinationem,
3449 4903 3536 4958 vel
3590 4903 3841 4959 transla-

2230 4995 2434 5052 tionem
2464 4993 2843 5064 episcoporum
2867 5001 2950 5060 ;et
2979 4993 3026 5049 si
3054 4992 3282 5065 quilibet
3304 4991 3591 5064 episcopus
3603 4992 3674 5048 de
3707 4993 3845 5048 civi-

2229 5092 2336 5140 tate
2364 5083 2420 5138 in
2449 5098 2554 5154 qua
2582 5081 2862 5138 ordinatus
2901 5081 2998 5138 fuit
3039 5082 3108 5137 ad
3140 5081 3302 5137 aliam
3322 5081 3596 5136 transierit
3635 5081 3840 5138 civita-

2231 5181 2340 5230 tem
2385 5187 2615 5244 eamque
2652 5171 2930 5239 invaserit,
2963 5171 3068 5226 nisi
3123 5171 3189 5226 ad
3243 5171 3526 5242 propriam
3555 5169 3839 5229 civitatem

2230 5269 2422 5334 sponte
2449 5261 2534 5317 vel
2564 5261 2922 5318 commonitus
2953 5259 3196 5326 redierit,
3228 5259 3463 5316 liberum
3497 5277 3619 5316 esse
3641 5259 3842 5316 adver-

2230 5367 2320 5406 sus
2376 5366 2500 5407 eum
2555 5359 2818 5408 rectorem
2877 5349 3026 5405 adire
3070 5348 3390 5421 provinciae,
3417 5356 3474 5404 ut
3530 5350 3840 5405 secundum

2228 5457 2424 5506 statuta
2447 5448 2976 5523 gloriosissimorum
3003 5447 3310 5520 principum
3339 5447 3660 5506 auctoritate
3684 5448 3842 5519 judi-

2225 5548 2390 5606 ciaria
2434 5549 2682 5621 protinus
2727 5547 3067 5605 excludatur.
3121 5547 3230 5603 Sed
3260 5554 3310 5604 et
3344 5545 3715 5618 colligendum
3749 5558 3836 5604 est
3891 5587 3916 5606 .
