4072 6294
209 298 298 353 213

1640 287 2014 347 EPISTOLZE.

3408 286 3514 345 2M

210 431 355 492 quam
387 415 608 489 εηοάθ
637 413 817 472 δθθῙιιε
854 413 912 470 δι
957 413 1272 483 διιὶυεῐηοάί
1323 413 1627 484 ῑΐαῐιδιαιίοι
1683 430 1806 486 quae
1833 416 1890 478 A
1917 438 1998 485 est
2051 427 2440 487 incardinatus.
2505 428 2612 484 Sed
2653 433 2846 499 postea
2899 428 3084 485 sedem
3126 443 3235 485 non
3285 429 3514 485 mutavit

212 499 616 577 rebaptizationi
645 511 698 560 et
734 503 1124 559 reordinationi
1167 503 1538 580 comparando
1593 503 1821 573 conjun-

213 591 362 664 gitur.
409 591 493 646 De
542 589 969 660 rebaptizatione
1023 596 1226 656 autem,
1279 604 1443 660 quam
1493 589 1704 661 grande
1753 588 1822 642 sit

213 679 494 752 piaculum,
532 678 588 732 in
621 678 798 734 sacris
829 677 1152 743 canonibus,
1188 685 1242 733 et
1270 677 1325 732 in
1355 676 1672 748 pontiﬁcum
1704 677 1817 732 Ro-

209 783 483 823 manorum
532 766 773 822 decretis
797 809 810 833 ,
864 764 1174 837 specialiter
1233 772 1414 821 autem
1481 765 1539 819 in
1592 763 1820 836 epistola

209 855 388 912 Felicis
418 871 578 927 papae
624 855 694 910 ad
737 855 1026 910 universos
1073 855 1364 926 episcopos
1411 870 1514 924 per
1563 853 1816 910 diversas

209 943 508 1017 provincias
541 943 884 1012 constitutos,
915 943 1164 1016 quisquis
1187 943 1372 1014 legere
1401 942 1639 998 voluerit
1668 943 1818 999 inve-

207 1035 307 1088 nire
335 1032 570 1088 valebit.
612 1033 694 1087 De
723 1033 1126 1088 reordinatione
1155 1047 1288 1088 vero
1322 1032 1378 1086 S.
1415 1030 1728 1104 Gregorius
1758 1031 1815 1086 in

208 1121 428 1194 epistola
456 1121 530 1176 ad
557 1122 826 1176 Joannem
854 1123 1266 1177 Ravennensem
1295 1121 1366 1176 ita
1407 1121 1458 1176 ic
1493 1120 1533 1174 it
1587 1120 1706 1191 (lib.
1747 1135 1808 1196 ιι,

207 1227 278 1284 ep.
308 1210 402 1280 33)
427 1225 440 1264 :
470 1232 492 1257 ιι
517 1209 678 1279 Illud,
699 1209 970 1281 inquiens,
995 1209 1142 1281 quod
1161 1209 1362 1276 dicitis,
1384 1217 1442 1264 ut
1471 1209 1519 1263 is
1550 1209 1641 1280 qui
1667 1209 1812 1264 ordi-

209 1308 353 1354 natus
388 1305 474 1353 est
501 1297 699 1353 iterum
728 1298 1030 1363 ordinetur,
1068 1298 1224 1353 valde
1267 1298 1556 1354 ridiculum
1601 1306 1704 1363 est,
1759 1305 1813 1352 et

215 1388 275 1442 ab
321 1386 534 1457 ingenii
588 1387 755 1441 vestri
799 1386 1240 1442 consideratione
1289 1395 1605 1442 extraneum
1649 1403 1662 1440 :
1703 1388 1810 1442 nisi

212 1475 337 1548 forte
365 1476 514 1548 quod
546 1475 857 1545 exemplum
886 1475 956 1529 ad
985 1475 1224 1529 medium
1253 1474 1558 1544 deducitur,
1599 1474 1668 1530 de
1697 1491 1806 1546 quo

214 1573 259 1620 et
286 1564 378 1620 ille
401 1564 736 1633 iudicandus
766 1569 868 1629 est,
901 1562 993 1634 qui
1023 1563 1126 1618 tale
1154 1562 1358 1634 aliquid
1389 1562 1585 1619 fecisse
1611 1563 1802 1634 perhi-

211 1653 376 1708 betur.
420 1652 578 1707 Absit
615 1651 761 1706 enim
791 1667 822 1706 a
849 1651 1184 1708 fraternitate
1234 1659 1418 1706 vestra
1465 1652 1543 1707 sic
1589 1668 1798 1723 sapere.

1923 521 2063 575 sicut
2091 519 2146 574 in
2191 517 2416 590 epistola
2461 517 2606 572 beati
2654 517 2907 588 Gregorii
2955 516 3047 588 qui
3086 517 3218 588 legit
3264 516 3511 573 invenire

1920 607 2141 664 valebit.
2175 608 2244 662 Et
2271 615 2329 661 ut
2358 605 2726 678 antiquiorum
2752 613 3061 677 temporum
3105 605 3349 676 exempla
3377 621 3512 676 pra;-

1918 704 2213 766 tereamus,
2248 703 2488 765 tempore
2518 694 2697 750 Caroli
2727 693 3010 765 principis,
3035 708 3160 750 cum
3179 693 3312 748 ordo
3343 693 3512 749 eccle-

1919 784 2166 839 siasticus
2221 790 2274 838 et
2329 783 2634 838 Christiana
2690 781 2886 855 religio
2945 781 3002 836 in
3052 781 3171 836 istis
3217 781 3508 852 Cisalpinis

1917 872 2236 946 regionibus
2266 887 2406 943 pene
2432 871 2536 926 fuit
2579 871 2796 939 abolita,
2846 869 3092 939 Winfrit,
3141 877 3504 943 cognomento

1915 959 2223 1016 Bonifacius
2253 975 2286 1016 a
2313 959 2472 1015 tertio
2500 975 2636 1030 papa
2667 959 2936 1032 Gregorio
2981 961 3167 1015 Romae
3213 957 3310 1012 fuit
3353 957 3503 1013 ordi-

1916 1057 2072 1104 natus
2119 1049 2427 1119 cpiscopus,
2478 1056 2528 1103 et
2575 1063 2676 1118 pro
2723 1048 3028 1103 animarum
3075 1047 3223 1103 lucro
3271 1047 3327 1100 in
3373 1046 3505 1101 istas

1913 1139 2170 1212 regiones
2199 1138 2461 1193 directus.
2520 1138 2580 1190 In
2617 1136 2814 1208 quibus
2862 1137 2979 1205 ejus
3024 1135 3409 1207 praedicatione
3452 1143 3508 1190 et

1913 1235 2116 1282 sanctae
2147 1225 2578 1282 conversationis
2606 1225 2856 1296 exemplo
2904 1240 3029 1280 cum
3075 1225 3211 1280 ordo
3240 1224 3502 1280 ecclesia-

1911 1315 2078 1370 sticus
2107 1323 2158 1370 et
2189 1314 2382 1386 religio
2412 1313 2576 1385 coepit
2606 1313 2873 1385 reparari,
2907 1313 3220 1384 aliquandiu
3267 1313 3324 1367 in
3363 1312 3502 1368 civi-

1909 1409 2015 1458 tate
2043 1402 2431 1474 Agrippinensi
2460 1402 2681 1458 Colonia
2711 1402 2869 1471 sedit,
2890 1409 2944 1456 et
2973 1409 3286 1473 emergente
3313 1416 3501 1456 neces-

1909 1491 2067 1546 sitate
2097 1499 2256 1562 atque
2285 1489 2510 1544 utilitate
2538 1490 2604 1543 ad
2635 1491 3003 1562 Moguntmam
3023 1488 3296 1544 civitatem
3317 1493 3499 1544 trans-

1904 1580 2068 1650 latus,
2100 1579 2173 1633 ibi
2202 1587 2285 1635 est
2322 1579 2766 1649 archiepiscopus
2813 1577 3138 1649 regulariter
3181 1577 3497 1633 incardina-

1906 1675 2011 1735 tus,
2048 1669 2145 1723 sed
2174 1669 2362 1723 sedem
2391 1675 2582 1738 postea
2609 1681 2718 1722 non
2747 1665 2991 1732 mutavit,
3017 1665 3223 1720 sicutin
3252 1663 3497 1737 epistolis

203 1741 340 1830 sicut
381 1740 532 1830 enim
576 1739 883 1830 baptizatus
930 1740 1100 1794 Semel
1147 1740 1342 1830 ίῖθνυξη
1368 1739 1650 1830 Αδερῑίζθοτί
1685 1755 1796 1830 ξιοῑι
1827 1771 1880 1830 Β
1903 1757 2218 1828 apostolicae
2249 1756 2394 1811 sedis
2419 1754 2734 1827 pontificum
2765 1755 3036 1810 studiosus
3069 1755 3240 1810 lector
3280 1767 3494 1826 cogno-

204 1829 374 1895 debet,
410 1829 489 1884 ita
519 1829 614 1900 qui
643 1835 998 1884 consecratus
1032 1834 1113 1882 est
1141 1828 1332 1896 semel,
1364 1827 1420 1882 in
1463 1829 1657 1884 eodem
1688 1827 1796 1884 ite-

203 1935 312 1973 rum
337 1917 535 1974 ordine
566 1933 678 1972 non
707 1916 852 1972 valet
881 1916 1212 1973 consecrari.
1243 1936 1265 1967 ν
1300 1917 1380 1972 De
1397 1916 1562 1987 lapsis
1591 1923 1808 1982 autem,-

205 2006 286 2079 qui
313 2007 387 2061 ad
416 2005 669 2061 ordinem
701 2005 832 2060 cleri
861 2021 964 2076 per
1000 2005 1364 2078 ignorantiam
1406 2005 1492 2060 vel
1534 2005 1795 2060 ordinan-

203 2095 322 2150 tium
355 2093 851 2149 dissimulationem
880 2094 1120 2160 veniunt,
1151 2101 1203 2149 et
1222 2094 1290 2148 de
1311 2093 1648 2164 presbyteris
1678 2094 1795 2148 sine

202 2179 445 2236 examine
473 2177 768 2250 provectis,
812 2192 1024 2232 sacrum
1051 2179 1334 2234 Niczenum
1379 2177 1690 2245 concilium,
1743 2185 1797 2232 et

199 2268 415 2324 decreta.
446 2265 657 2322 Gelasii
688 2282 754 2321 ex
784 2265 976 2321 eodem
1005 2265 1348 2336 promulgata
1377 2265 1630 2332 concilio,
1665 2264 1795 2337 quid

203 2357 469 2432 agendum
501 2355 572 2410 sit
600 2362 847 2426 patenter
876 2355 1188 2410 ostendunt.

261 2447 347 2501 VI.
383 2445 443 2500 Si
473 2451 661 2500 autem
691 2459 860 2499 causa
889 2450 1055 2498 certae
1097 2441 1440 2498 necessitatis
1471 2442 1557 2498 vel
1585 2441 1793 2497 utilita-

199 2535 260 2590 tis
288 2532 535 2604 exegerit
569 2538 628 2587 ut
659 2531 885 2604 quilibet
915 2531 1206 2602 episcopus
1236 2532 1304 2586 de
1335 2531 1550 2586 civitate
1599 2531 1795 2602 inqua

203 2623 477 2680 ordinatus
507 2629 594 2676 est
620 2621 689 2676 ad
719 2621 878 2676 aliam
908 2621 1180 2676 civitatem
1209 2619 1589 2686 transferatur,
1623 2635 1792 2692 syno-

205 2712 303 2767 dali
331 2710 715 2782 dispositione,
740 2709 826 2765 vel
854 2709 1165 2780 apostolicae
1211 2708 1358 2764 sedis
1407 2709 1790 2780 consensione,

197 2799 540 2872 apertissima
600 2797 806 2874 ratione
865 2797 1212 2852 manifestum
1267 2796 1386 2852 fieri
1433 2797 1620 2865 debet,
1669 2797 1794 2869 quia

199 2888 521 2944 transfertur
552 2887 624 2942 de
654 2886 892 2955 civitate,
951 2885 1006 2940 in
1064 2901 1172 2958 qua
1227 2885 1509 2940 ordinatus
1557 2885 1675 2952 fuit,
1725 2886 1794 2940 ad

199 2978 348 3032 aliam
381 2975 663 3033 civitatem
693 2990 853 3030 causa
881 2973 1029 3044 fidei,
1057 2989 1166 3029 non
1195 2974 1509 3045 temporalis
1545 2989 1794 3030 commo-

195 3066 264 3132 di,
288 3079 391 3137 pro
421 3064 730 3120 animarum
759 3063 932 3132 lucro,
979 3079 1089 3118 non
1134 3078 1234 3134 pro
1283 3079 1468 3118 rerum
1512 3071 1792 3134 tempora-

197 3154 316 3209 lium
349 3161 587 3226 quaestu,
630 3167 741 3206 non
777 3167 878 3206 suo
924 3151 1075 3219 vitio,
1126 3153 1223 3206 sed
1277 3151 1504 3206 aliorum
1546 3151 1793 3222 repudio,
1827 3129 1877 3192 (ἶ

194 3241 516 3300 necessitate
543 3240 958 3312 persecutionis,
997 3256 1106 3295 non
1140 3240 1336 3296 ardore
1367 3239 1682 3295 ambitionis
1711 3233 1800 3294 vel

193 3329 626 3405 praesumpsione
656 3329 900 3400 propriae
944 3329 1280 3396 voluntatis;
1311 3345 1506 3401 neque,
1564 3337 1622 3383 ut
1669 3328 1800 3384 dicit

193 3419 498 3492 Apostolus,
535 3419 832 3492 quisquam
861 3422 1054 3474 sumat
1069 3419 1174 3474 sibi
1196 3419 1462 3476 honorem
1478 3418 1572 3474 sed
1587 3417 1683 3490 qui
1703 3435 1798 3474 υθ-

193 3513 352 3566 catur
378 3526 416 3565 a
445 3510 558 3564 Deo
591 3511 872 3578 tanquam
910 3507 1098 3563 Aaron
1152 3506 1302 3578 (ch.
1350 3522 1406 3576 v,
1438 3506 1515 3577 4).
1569 3506 1720 3562 Sicut
1747 3514 1801 3562 et

198 3597 440 3654 Christus
468 3612 582 3652 non
613 3595 966 3666 semetipsum
997 3593 1312 3651 clariﬁcavit
1343 3603 1399 3650 ut
1425 3593 1669 3665 pontifex
1701 3593 1796 3650 fie-

195 3696 292 3757 ret,
327 3687 427 3743 sed
458 3685 552 3758 qui
579 3684 795 3740 locutus
821 3692 904 3739 est
930 3683 997 3739 ad
1029 3700 1152 3738 eum
1187 3700 1200 3738 :
1237 3687 1314 3740 Tu
1369 3701 1428 3740 es
1448 3685 1704 3740 sacerdos
1734 3688 1797 3740 in

208 3779 484 3832 (sternunt
499 3774 811 3831 secundum
823 3773 1078 3830 ordinem
1098 3759 1488 3829 Melchisedech
1498 3774 1792 3841 (Psalmx,

194 3866 262 3934 l).
314 3864 475 3919 Aliud
523 3870 609 3918 est
656 3862 801 3918 enim
846 3870 1059 3918 mutare
1106 3869 1159 3917 et
1204 3862 1351 3916 aliud
1393 3861 1610 3931 mutari,
1657 3861 1797 3917 sicut

188 3952 329 4008 aliud
375 3960 461 4009 est
515 3951 825 4007 ministrare
873 3958 928 4006 et
971 3951 1121 4006 aliud
1171 3950 1489 4007 ministrari.
1538 3951 1693 4007 Unde
1744 3959 1798 4006 et

186 4041 443 4098 Dominus
488 4041 548 4096 in
595 4037 894 4112 Evangelio
937 4039 1175 4112 loquitur
1217 4039 1410 4096 dicens
1447 4058 1460 4094 :
1497 4041 1617 4096 Non
1661 4045 1797 4098 veni

188 4131 530 4196 ministrari,
549 4129 646 4186 sed
666 4130 997 4185 ministrare
1011 4129 1230 4198 (Matth.
1246 4143 1348 4195 xx,
1365 4131 1478 4199 28).
1494 4129 1617 4184 Non
1630 4145 1765 4201 ergo
1777 4175 1792 4204 ,

84 4277 94 4282 _
188 4227 242 4273 ut
268 4218 325 4274 in
352 4217 594 4276 decretis
623 4216 938 4288 apostolicae
966 4217 1112 4272 sedis
1131 4217 1387 4290 legimus,
1408 4225 1579 4270 mutat
1602 4217 1788 4300 sedem

189 4307 276 4380 qui
305 4323 418 4364 non
447 4315 620 4362 mutat
646 4313 905 4373 mentem,
955 4305 1010 4360 id
1053 4313 1153 4371 est,
1205 4305 1298 4378 qui
1341 4320 1450 4360 non
1481 4313 1648 4360 mutat
1680 4320 1790 4377 qua

184 4397 385 4468 suscipi
415 4396 768 4468 episcopatus
793 4395 974 4460 debet,
1008 4393 1385 4459 intentionem,
1437 4401 1498 4448 ut
1551 4401 1790 4448 transeat

1904 1862 2056 1901 scere
2085 1845 2364 1916 praevalet.

1974 1935 2114 1989 VIII.
2148 1935 2227 1988 De
2259 1949 2322 1988 eo
2353 1932 2621 2005 siquidem
2655 1931 2746 2004 qui
2775 1947 2882 1988 non
2905 1946 3003 1987 suo
3023 1930 3174 1998 vitio,
3197 1931 3294 1986 sed
3314 1930 3494 1986 alieno

1901 2022 2149 2093 repudio,
2185 2022 2252 2076 ad
2282 2021 2441 2076 aliam
2472 2021 2528 2076 in
2558 2037 2664 2092 qua
2691 2020 2972 2076 ordinatus
3000 2035 3111 2076 non
3159 2019 3256 2074 fuit
3297 2019 3488 2075 civita-

1901 2119 2007 2166 tem
2037 2109 2377 2180 transfertur,
2397 2109 2718 2164 Antiocheni
2738 2124 2976 2164 canones
2997 2108 3182 2164 dicunt
3203 2107 3354 2179 (can.
3377 2108 3488 2178 18).

1904 2219 1926 2250 ι
1965 2199 2021 2255 Si
2050 2199 2170 2270 quis
2201 2197 2488 2269 episcopus
2519 2198 2794 2252 ordinatus
2823 2197 2890 2252 ad
2918 2195 3236 2268 parochiam
3270 2195 3492 2250 minime

1899 2286 1987 2343 cui
2017 2295 2100 2341 est
2130 2287 2332 2342 electus
2361 2285 2668 2355 accesserit,
2715 2301 2824 2340 non
2856 2300 2954 2340 suo
2999 2285 3148 2352 vitio,
3195 2284 3291 2339 sed
3345 2282 3490 2354 quod

1898 2391 2020 2431 eum
2062 2383 2150 2428 aut
2179 2375 2410 2446 populus
2439 2375 2589 2440 vitet,
2637 2381 2727 2428 aut
2772 2381 2997 2444 propter
3037 2372 3202 2428 aliam
3243 2387 3484 2437 causam,

1895 2479 2005 2520 non
2060 2471 2239 2518 tamen
2288 2463 2404 2530 ejus
2434 2462 2562 2518 vitio
2589 2469 2972 2532 perpetratam,
3021 2459 3108 2516 hic
3157 2468 3212 2515 et
3255 2458 3481 2515 honoris

1895 2552 1973 2608 sic
2001 2559 2052 2607 et
2081 2551 2366 2606 ministerii
2393 2551 2687 2622 particeps,
2720 2550 3015 2604 dummodo
3061 2548 3194 2604 nihil
3223 2548 3488 2604 molestus

1895 2640 2154 2696 Ecclesiae
2183 2640 2346 2694 rebus
2375 2640 2586 2704 cxistat,
2627 2639 2718 2693 ubi
2758 2639 3066 2694 ministrare
3113 2637 3482 2709 cognoscitur.

1895 2729 2068 2798 Quem
2099 2729 2256 2784 etiam
2287 2728 2576 2783 observare
2607 2727 2892 2783 conveniet
2936 2726 3200 2798 quidquid
3245 2723 3488 2796 synodus

1892 2816 2136 2889 perfecta
2166 2816 2459 2888 provinciae
2481 2815 2776 2886 judicando
2810 2814 3138 2871 decreverit.
3178 2837 3199 2862 η
3246 2813 3313 2868 Et
3359 2812 3487 2867 hinc

1891 2906 1946 2961 in
1975 2909 2264 2978 Ancyrano
2293 2904 2523 2961 concilio
2571 2904 2852 2960 decretum
2899 2911 2982 2960 est
3031 2903 3098 2958 de
3146 2902 3232 2958 his
3279 2901 3370 2973 qui
3416 2900 3487 2954 ad

1893 2995 2263 3066 episcopatum
2291 2994 2534 3064 provecti
2564 3001 2708 3058 sunt,
2757 3008 2860 3048 nec
2908 2991 3113 3062 recepti
3150 2992 3302 3062 (can.
3345 2991 3436 3060 17)
3469 3007 3484 3044 :

1898 3107 1919 3132 «
1955 3083 2011 3140 Si
2043 3083 2132 3156 qui
2163 3083 2404 3154 episcOpi
2433 3081 2660 3136 ordinati
2691 3089 2832 3146 sunt,
2852 3097 2953 3136 nec
2969 3079 3175 3150 recepti
3195 3079 3264 3134 ab
3284 3078 3374 3132 illa
3394 3093 3485 3148 pa-

1899 3172 2087 3228 rochia
2115 3171 2169 3225 in
2215 3187 2319 3241 qua
2349 3169 2564 3225 fuerant
2591 3167 2942 3234 denominati,
2961 3167 3332 3238 voluerintque
3347 3165 3486 3220 alias

1897 3276 2162 3331 occupare
2190 3259 2492 3330 parochias,
2539 3266 2592 3313 et
2637 3257 2748 3313 vim
2793 3256 3117 3328 praesulibus
3163 3269 3351 3310 earum
3397 3253 3486 3310 in-

1898 3348 2060 3414 ferre,
2097 3348 2392 3404 seditiones
2419 3347 2680 3402 adversus
2711 3361 2806 3401 eos
2836 3345 3140 3411 excitando,
3186 3344 3288 3399 hos
3326 3341 3486 3411 abjici

1896 3437 2114 3508 placuit.
2149 3436 2307 3506 Quod
2334 3437 2379 3490 si
2409 3435 2679 3492 voluerint
2707 3435 2760 3488 in
2791 3432 3117 3506 presbyterii
3145 3431 3356 3500 ordine,
3389 3429 3484 3485 ubi

1895 3527 2048 3598 prius
2078 3527 2311 3591 fuerant,
2343 3533 2401 3580 ut
2428 3524 2733 3596 presbyteri
2761 3523 3022 3591 residere,
3071 3537 3180 3576 non
3217 3519 3484 3589 abjician-

1896 3623 1984 3670 tur
2009 3615 2233 3686 propria
2263 3613 2543 3686 dignitate.
2590 3612 2647 3668 Si
2669 3619 2869 3668 'autem
2913 3610 3206 3666 seditiones
3235 3623 3484 3665 commo-

1897 3712 2089 3759 verunt
2114 3702 2316 3759 ibidem
2347 3700 2648 3758 constitutis
2674 3699 2968 3771 episcopis,
2985 3696 3315 3771 presbyterii
3343 3711 3484 3768 quo-

1898 3775 2018 3864 que.
2045 3793 2220 3846 honor
2262 3791 2458 3846 talibus
2505 3789 2776 3845 auferatur
2799 3831 2812 3856 ,
2858 3787 3094 3861 ﬁantque
3139 3785 3487 3844 damnatione

1895 3881 2179 3936 notabiles.
2212 3904 2232 3928 υ
2267 3880 2408 3936 Dicit
2437 3879 2581 3935 enim
2611 3878 3004 3934 Antiochenum
3026 3877 3338 3948 capitulum,
3359 3873 3488 3946 quia

1894 3969 2098 4042 regulae
2151 3984 2320 4024 sacrae
2373 3968 2722 4040 praecipiunt,
2773 3974 2832 4022 ut
2877 3966 3041 4022 nullis
3095 3963 3277 4021 invitis
3325 3963 3486 4018 detur

1896 4057 2204 4128 episcopus,
2225 4057 2358 4114 cleri
2389 4065 2441 4111 et
2467 4056 2642 4127 plebis
2671 4064 2724 4112 et
2751 4055 2959 4111 ordinis
2987 4067 3289 4110 consensus
3307 4059 3357 4107 et
3387 4051 3483 4106 de-

1895 4145 2154 4201 siderium
2201 4145 2533 4216 requiratur,
2583 4152 2636 4198 et
2685 4144 2774 4199 ille
2817 4143 3066 4199 omnibus
3104 4148 3478 4214 praeponatur,

1895 4249 2058 4306 quem
2085 4233 2218 4290 cleri
2245 4233 2528 4305 plebisque
2555 4247 2858 4288 consensus
2906 4231 3253 4287 concorditer
3283 4236 3479 4300 postu-

1892 4323 2070 4388 larint,
2103 4338 2171 4377 ne
2201 4321 2388 4378 civitas
2417 4321 2732 4392 episcOpum
2773 4336 2883 4376 non
2929 4326 3169 4392 optatum
3212 4324 3302 4373 aut
3338 4331 3476 4372 con-

1891 4419 2124 4470 temnat.
2173 4419 2265 4466 aut
2305 4411 2520 4477 oderit,
2565 4417 2618 4466 et
2660 4409 2753 4464 fiat
2793 4409 2971 4465 minus
3013 4406 3270 4480 religiosa
3311 4421 3474 4479 quam

184 4485 248 4540 de
276 4485 496 4542 civitate
527 4485 597 4540 ad
640 4483 916 4540 civitatem
963 4499 1062 4555 per
1105 4483 1452 4554 cupiditatem
1500 4491 1554 4538 et
1603 4483 1780 4538 ambi-

1898 4500 2160 4567 convenit,
2193 4499 2280 4558 cui
2309 4516 2418 4555 non
2448 4499 2660 4556 licuerit
2686 4499 2890 4556 habere
2920 4516 3080 4572 quem
3111 4498 3298 4555 voluit.
3325 4522 3348 4546 »

183 4571 382 4630 tionem
395 4617 411 4630 .

251 4672 363 4726 VII.
410 4672 558 4726 Nam
599 4677 656 4725 ut
693 4669 762 4725 de
811 4669 992 4724 multis
1039 4669 1272 4740 exempli
1311 4670 1487 4743 gratia
1533 4671 1782 4743 quaedam

183 4759 512 4817 devocemus
545 4758 601 4814 in
631 4758 892 4824 medium,
941 4758 1136 4812 beatus
1187 4758 1376 4813 Petrus
1423 4774 1587 4815 causa
1635 4759 1781 4826 fidei,

183 4850 429 4906 ordinato
477 4863 582 4919 pro
632 4863 691 4903 se
735 4847 993 4919 episcopo
1039 4847 1094 4900 in
1137 4847 1441 4914 Antiochia,
1490 4848 1784 4920 insequens

183 4954 402 5011 magum
452 4937 752 5002 Simonem,
808 4937 1036 4993 Romam
1067 4936 1234 5003 venit,
1257 4937 1314 4991 in
1341 4952 1448 5008 qua
1465 4954 1566 5009 per
1595 4937 1785 5009 viginti

183 5037 234 5082 et
262 5028 508 5100 quinque
540 5041 714 5081 annos
743 5025 1101 5098 apostolatum
1132 5033 1184 5081 et
1205 5025 1572 5098 epis00patum
1591 5027 1783 5099 gessit.

183 5117 543 5190 Augustinus,
577 5130 612 5170 a
641 5115 802 5170 beato
831 5113 1100 5186 Gregorio
1141 5131 1280 5186 papa
1328 5130 1493 5171 causa
1540 5115 1666 5170 tidei
1715 5116 1785 5170 ad

182 5205 389 5279 Anglos
417 5212 542 5260 rota
574 5203 777 5259 Christi
805 5202 1062 5270 directus,
1091 5212 1380 5276 postquam
1411 5204 1480 5260 ad
1511 5204 1784 5276 praedica-

181 5292 382 5350 tionem
414 5293 536 5363 ejus
563 5308 703 5366 gens
741 5291 831 5346 illa
873 5291 1036 5346 fidem
1083 5292 1308 5364 recepit,
1358 5293 1428 5347 ab
1478 5293 1787 5349 Arelatensi

185 5382 464 5454 episcopo,
492 5381 740 5450 jussione
768 5380 910 5435 beati
939 5380 1190 5454 Gregorii
1221 5381 1512 5452 episcopus
1536 5389 1618 5436 est
1638 5382 1788 5437 ordi-

183 5479 355 5540 natus,
387 5469 591 5526 deinde
619 5469 688 5524 ab
713 5469 908 5525 eodem
950 5470 1110 5526 beato
1155 5468 1422 5540 Gregorio
1467 5469 1522 5524 in
1567 5471 1785 5526 civitate

181 5560 330 5632 regia
355 5559 607 5630 ejusdem
642 5558 825 5631 gentis
853 5567 1080 5630 accepto
1127 5557 1292 5630 pallio
1343 5557 1787 5630 archiepiscOpus

1952 4590 2050 4645 IX.
2086 4591 2164 4644 De
2196 4605 2261 4644 eo
2292 4588 2386 4660 qui
2412 4589 2733 4645 necessitate
2749 4587 3147 4662 persecutionis
3172 4589 3240 4642 de
3258 4587 3476 4644 civitate

1883 4679 1936 4733 in
1967 4694 2077 4750 qua
2104 4678 2385 4734 ordinatus
2415 4678 2513 4734 fuit
2543 4679 2737 4733 transit
2763 4679 2831 4732 ad
2861 4677 3153 4742 civitatem,
3187 4675 3475 4732 Sat-dicen-

1884 4781 1973 4823 ses
1999 4783 2240 4823 canones
2267 4767 2453 4822 dicunt
2482 4769 2632 4838 (can.
2657 4767 2784 4838 21):
2814 4787 2836 4815 α
2863 4765 2930 4820 Ut
2960 4763 3006 4818 si
3035 4763 3231 4836 aliquis
3261 4765 3474 4836 episco-

1881 4873 1984 4928 pus
2012 4857 2122 4912 vim
2151 4872 2446 4928 perpessus
2476 4864 2577 4922 est,
2611 4863 2663 4909 et
2691 4853 2874 4924 inique
2904 4851 3162 4924 expulsus
3182 4871 3285 4926 pro
3315 4855 3479 4912 disci-

1883 4946 2034 5017 plina
2065 4953 2118 5000 et
2163 4945 2428 5000 catholica
2475 4942 2820 5000 confessione
2865 4941 2953 4996 vel
3004 4958 3107 5014 pro
3157 4943 3478 5002 defensione

1884 5034 2145 5100 veritatis,
2179 5034 2444 5108 effugiens
2473 5031 2737 5104 pericula,
2769 5031 3032 5088 innocens
3062 5041 3115 5088 et
3143 5034 3372 5091 devotus
3402 5037 3474 5090 ad

1884 5123 2047 5178 aliam
2074 5124 2284 5179 venerit
2313 5122 2602 5188 civitatem,
2651 5135 2762 5176 non
2798 5121 3154 5193 prohibeatur
3195 5123 3473 5179 immorari

1887 5213 2124 5284 quandiu
2153 5220 2244 5267 aut
2272 5211 2452 5266 redire
2481 5209 2670 5280 possit,
2704 5218 2796 5265 aut
2817 5209 3011 5280 injuria
3033 5212 3150 5281 ejus
3170 5212 3473 5269 remedium

1887 5301 2177 5372 acceperit,
2210 5300 2330 5371 quia
2363 5299 2558 5353 durum
2598 5307 2683 5354 est
2733 5316 2857 5356 eum
2904 5300 2997 5373 qui
3039 5301 3474 5372 persecutionem

1887 5390 2083 5461 patitur
2109 5403 2218 5443 non
2246 5387 2448 5458 recepi,
2483 5387 2648 5443 etiam
2676 5397 2730 5445 et
2757 5390 2912 5462 larga
2932 5389 3269 5464 benignitate
3289 5390 3476 5444 huma-

1885 5477 2028 5532 nitas
2055 5476 2106 5530 ei
2133 5483 2217 5530 est
2245 5475 2601 5532 exhibenda.»
2627 5480 2694 5534 Et
2713 5479 2837 5534 hinc
2866 5479 2922 5534 S.
2944 5478 3246 5552 Gregorius
3263 5478 3333 5533 ad
3354 5478 3474 5532 uni-

1887 5580 2074 5622 versos
2105 5563 2394 5636 episcOpos
2456 5582 2558 5637 per
2611 5567 2885 5640 Illyricum
2929 5567 3053 5639 (lib.
3093 5583 3132 5632 ι,
3165 5567 3328 5638 epist.
3363 5566 3473 5637 43).
