4072 6304
536 273 643 331 215

1511 261 1856 322 HINCMARI
1891 255 2290 318 RHEMENSIS
2328 257 2878 318 ARCHIEPISCOPI.

3738 263 3850 318 216

549 417 573 448 ι
610 396 824 451 Fratres
852 391 1322 466 coepiscoposque
1350 398 1588 461 nostros,
1611 405 1750 462 quos
1780 397 1834 446 et
1859 388 2142 460 captivitas
2170 383 2227 446 A
2247 386 2346 453 eis,
2377 402 2474 458 per
2503 401 2639 458 quos
2672 385 2884 441 illorum
2902 383 2998 440 ‘est
3028 384 3392 443 ecclesiastica
3420 385 3725 458 supplenda
3755 403 3853 443 ne-

548 485 1006 554 diversarumque’
1027 480 1413 537 necessitatum
1453 479 1718 554 angustia:
1759 479 2140 549 comprimunt,

546 573 758 630 debetis
814 571 1187 628 consolandos
1247 570 1698 644 convicturosque
1751 568 2032 625 vobiscum
2089 567 2142 620 in

547 661 934 720 ecclesiasticis
994 659 1479 716 sustentationibus
1534 658 1766 715 libenter
1811 656 2086 738 suscipere
2129 670 2141 710 :

547 767 658 809 non
690 750 914 823 quidem
941 755 998 804 ut
1025 765 1127 821 per
1155 747 1592 806 communionem
1621 745 1948 818 episcopalis
1964 743 2146 800 throni

551 839 788 914 dignitas
816 838 1111 906 dividatur,
1141 837 1238 892 sed
1270 843 1330 893 ut
1356 836 1426 891 ab
1455 835 1705 892 Ecclesia
1727 836 1882 904 juxta
1914 832 2148 904 possibi-

549 929 760 986 litatem
789 927 1111 984 sufﬁcientia
1139 926 1375 982 debeant
1423 925 1677 980 alimenta
1703 923 2008 996 percipere.
2059 921 2147 978 Sic

553 1025 608 1075 et
633 1017 937 1090 proximum
965 1015 1022 1072 in
1047 1016 1163 1072 Deo
1201 1021 1256 1071 et
1298 1015 1474 1071 Deum
1519 1013 1576 1068 in
1616 1012 1865 1084 proximo
1914 1011 2147 1084 diligere

554 1106 1000 1176 comprobamur.
1055 1103 1276 1159 Nullam
1323 1102 1522 1176 quippe
1569 1101 1649 1158 eis
1698 1115 1800 1157 nos
1847 1101 1903 1154 in
1948 1099 2147 1156 vestris

554 1194 820 1250 Ecclesiis
873 1192 1248 1249 auctoritatem
1298 1190 1625 1260 tribuimus,
1677 1190 1776 1246 sed
1822 1197 2000 1244 tamen
2051 1203 2147 1244 eos

557 1282 758 1339 vestris
811 1281 1020 1338 solatiis
1075 1280 1341 1336 contineri
1385 1295 1732 1351 summopere
1777 1279 2080 1334 hortamur.
2120 1298 2144 1326 ι

559 1372 629 1426 Ει
659 1371 777 1428 haec
803 1370 1102 1427 novissima
1129 1369 1296 1426 verba
1323 1368 1569 1439 epistolae
1615 1369 1774 1437 hujus
1815 1365 2148 1424 concordant

559 1460 841 1533 prmmisso
869 1457 1082 1514 concilii
1112 1457 1448 1514 Sardicensis
1477 1455 1734 1528 capitulo.

629 1548 702 1604 Χ.
733 1548 841 1605 Sed
874 1553 926 1602 et
952 1546 1260 1619 persecutio
1289 1562 1392 1618 pro
1423 1561 1527 1617 qua
1571 1545 1858 1617 episcopus
1906 1545 1974 1598 de
2011 1542 2149 1600 civi-

561 1645 667 1692 tate
696 1637 766 1691 ad
794 1635 1067 1692 civitatem
1098 1634 1336 1692 transire
1365 1634 1539 1706 possit
1565 1633 1652 1689 vel
1691 1634 1907 1699 debeat,
1953 1637 2150 1687 attente

2245 475 2492 542 cessitas,
2524 483 2581 530 ut
2609 483 2701 532 aut
2728 475 2934 546 pariter
2960 474 3163 542 vivant,
3215 482 3308 530 aut
3347 475 3550 547 pariter
3579 475 3852 532 sufferant

2246 567 2391 638 quod
2421 581 2518 621 eos
2547 565 2939 636 paterfamilias
2967 565 3113 621 volet
3140 565 3372 637 perpeti.
3405 564 3564 634 Quod
3593 566 3640 622 si
3670 567 3850 622 conti-

2246 654 2386 728 gerit
2413 662 2470 709 ut
2501 654 2614 710 sive
2641 654 2732 710 alii
2751 654 2953 722 minus,
2977 653 3071 710 alii
3089 655 3287 724 majus,
3311 654 3426 711 sive
3447 670 3639 712 omnes
3658 670 3852 728 aequa-

2247 743 2370 799 liter
2397 743 2690 814 patiantur,
2722 743 2815 816 qui
2845 759 3034 799 eorum
3065 743 3172 800 sint
3201 743 3294 815 qui
3323 759 3424 814 pro
3471 743 3590 798 aliis
3622 745 3851 814 patian-

2246 840 2334 886 tur
2360 841 2644 904 apparent,
2679 832 2759 889 illi
2789 833 2996 889 scilicet
3027 833 3119 904 qui
3148 849 3271 888 cum
3303 849 3364 888 se
3392 840 3618 904 possent
3646 831 3854 888 talibus

2245 922 2405 977 malis
2461 923 2674 993 eripere
2731 921 3022 994 fugiendo,
3075 939 3145 977 ne
3188 921 3412 977 alionun
3456 922 3850 978 necessitatem

2247 1011 2563 1067 desererent
2591 1027 2809 1066 manere
2836 1011 3162 1066 maluerunt.
3207 1011 3344 1067 Hinc
3373 1011 3607 1067 maxime
3638 1011 3850 1082 proba-

2248 1107 2334 1154 tur
2359 1099 2447 1153 illa
2477 1099 2714 1155 charitas
2743 1115 2907 1171 quam
2936 1100 3174 1155 Joannes
3197 1099 3484 1171 apostolus
3501 1099 3857 1155 commendat

2247 1188 2434 1243 dicens
2467 1203 2481 1244 :
2516 1189 2674 1244 Sicut
2696 1189 2952 1245 Christus
2981 1206 3081 1260 pro
3109 1189 3264 1244 nobis
3291 1189 3546 1244 animam
3565 1205 3734 1244 suam
3751 1205 3853 1261 pc-

2247 1279 2384 1342 suit,
2409 1277 2489 1332 sic
2505 1281 2560 1334 et
2577 1293 2677 1333 nos
2698 1276 2956 1334 debemus
2978 1294 3079 1350 pro
3099 1278 3378 1349 fratribus
3396 1279 3622 1333 animas
3635 1293 3854 1350 ponere

2250 1367 2298 1434 (I
2325 1367 2484 1423 Joan.
2517 1380 2597 1433 ιιι,
2633 1368 2742 1436 16).
2772 1367 2914 1420 Nam
2942 1366 3035 1437 qui
3065 1365 3298 1438 fugiunt,
3344 1366 3432 1422 vel
3463 1367 3577 1421 suis
3605 1365 3855 1423 devincti

2250 1455 2663 1510 necessitatibus
2693 1454 2886 1525 fugere
2922 1445 3032 1510 non
3074 1463 3325 1525 possunt,
3377 1455 3423 1508 si
3465 1455 3854 1526 comprehensi

2249 1543 2536 1614 patiantur,
2568 1542 2672 1614 ipsi
2701 1559 2809 1598 non
2852 1557 2954 1615 pro
3007 1542 3270 1598 fratribus
3318 1545 3504 1614 utique
3546 1544 3851 1614 patiuntur.

2252 1631 2356 1700 Qui
2387 1647 2514 1687 vero
2539 1640 2828 1703 propterea
2863 1632 3159 1703 patiuntur,
3208 1633 3337 1704 quia
3384 1631 3581 1687 fratres
3626 1633 3719 1704 qui
3767 1633 3852 1689 eis

559 1724 960 1782 consideranda
1001 1730 1104 1790 est,
1153 1739 1313 1795 quam
1363 1737 1599 1779 canones
1647 1722 2000 1778 Sardicenses
2047 1720 2150 1775 de-
2181 1721 2328 1804 Bad
2357 1719 2720 1775 Christianam
2748 1721 2973 1775 salutem
2995 1721 3332 1794 indigebant,
3357 1721 3544 1777 nolunt
3564 1721 3852 1790 deserere,

561 1820 870 1870 monstrant
915 1813 1078 1883 (Can.
1118 1812 1230 1884 21).
1287 1835 1308 1858 α
1364 1811 1422 1867 Si
1467 1811 1664 1883 aliquis
1705 1811 1997 1882 episcopus
2044 1809 2154 1864 vim

562 1915 862 1974 perpessus
889 1906 995 1965 est,
1027 1907 1082 1956 et
1109 1899 1292 1972 inique
1319 1899 1579 1972 expulsus
1625 1915 1727 1970 pro
1773 1898 2059 1972 disciplina
2105 1908 2159 1955 et

566 1989 834 2048 catholica
863 1987 1228 2058 confessione,
1262 1988 1349 2045 vel
1377 2003 1480 2060 pro
1525 1987 1842 2045 defensione
1890 1989 2154 2059 veritatis,

567 2079 836 2152 effugiens
861 2077 1163 2149 periculum
1196 2078 1460 2134 innocens
1508 2085 1560 2132 et
1608 2077 1834 2133 devotus
1882 2079 1948 2132 ad
1997 2077 2158 2134 aliam

567 2167 780 2223 venerit
806 2166 1095 2236 civitatem,
1138 2167 1260 2238 quia
1292 2167 1470 2222 solent
1516 2180 1550 2222 a
1595 2165 1876 2222 catholicis
1921 2167 2160 2223 heretici

567 2257 656 2312 vel
684 2255 1016 2312 schismatici
1045 2271 1142 2312 seu
1172 2255 1452 2312 criminosi
1479 2255 1754 2326 persequi.
1789 2279 1810 2303 ››
1841 2255 1912 2310 Et
1940 2263 2160 2312 sanctus

565 2345 902 2418 Augustinus
958 2343 1013 2400 in
1061 2343 1292 2415 epistola
1339 2341 1409 2400 ad
1457 2344 1794 2399 Honoratum
1843 2343 2160 2416 episcopum

567 2433 802 2492 ostendit
833 2435 1019 2510 (epist.
1073 2432 1198 2502 180)
1233 2449 1246 2488 :
1303 2457 1322 2480 u
1359 2433 1567 2500 Restat,
1611 2432 1886 2504 inquiens,
1933 2441 1992 2488 ut
2037 2448 2156 2501 nos,

568 2538 801 2595 quorum
828 2521 1192 2579 ministerium
1221 2522 1711 2593 quantulacunque
1752 2519 1899 2592 plebi
1940 2521 2041 2577 Dei
2069 2521 2162 2578 ubi

569 2625 755 2669 sumus
784 2611 1042 2677 manenti,
1090 2610 1166 2665 ita
1211 2609 1585 2665 necessarium
1633 2618 1733 2678 est,
1786 2616 1842 2663 ut
1888 2609 2004 2664 sine
2057 2611 2162 2667 hoc

570 2716 692 2757 eam
720 2715 832 2756 non
858 2705 1107 2770 Oporteat
1127 2713 1431 2764 remanere,
1455 2697 1698 2754 dicamus
1718 2697 1950 2754 Domino
1985 2715 1998 2753 :
2032 2701 2162 2756 Esto

570 2789 728 2845 nobis
756 2790 820 2844 in
846 2789 1025 2845 Deum
1054 2791 1446 2859 protectorem,
1480 2790 1538 2843 et
1561 2787 1628 2843 in
1661 2788 1844 2843 locum
1871 2789 2164 2845 munitum

569 2877 746 2946 (Psal.
778 2890 922 2943 xxx,
977 2875 1053 2946 3).
1105 2875 1215 2932 Sed
1258 2876 1364 2931 hoc
1410 2873 1697 2930 consilium
1737 2875 1835 2930 tibi
1875 2883 2163 2946 prapterea

569 2980 681 3022 non
711 2964 924 3031 sufficit,
957 2972 1016 3020 ut
1044 2963 1260 3034 scribis,
1279 2979 1349 3019 ne
1377 2972 1568 3020 contra
1593 2963 1811 3020 Domini
1831 2972 2164 3036 przeceptum

569 3054 658 3110 vel
685 3052 996 3126 exemplum
1023 3051 1204 3109 facere
1233 3053 1488 3118 nitamur,
1529 3052 1624 3108 ubi
1671 3051 1992 3126 fugiendum
2040 3070 2164 3109 esse

573 3143 642 3200 de
692 3142 911 3200 civitate
954 3142 1010 3198 in
1063 3141 1338 3199 civitatem
1384 3148 1588 3197 monet.
1649 3141 1964 3198 Recolimus
2021 3143 2165 3199 enim

572 3232 738 3289 verba
757 3231 989 3288 dicentis
1013 3247 1026 3286 :
1055 3233 1193 3302 Cum
1212 3235 1405 3287 autem
1422 3235 1830 3302 persequentur
1840 3249 1931 3288 vos
1952 3233 2017 3287 in
2030 3233 2164 3288 civi-

584 3325 701 3377 tate
717 3321 850 3387 ista,
871 3321 1052 3392 fugite
1072 3321 1137 3375 in
1157 3321 1334 3375 aliam
1355 3319 1578 3389 (Matth.
1609 3335 1670 3387 Χ,
1699 3319 1811 3391 23).
1834 3319 1968 3388 Quis
1985 3329 2164 3377 autem

573 3407 762 3465 credat
789 3407 866 3463 ita
894 3407 1016 3465 ﬁeri
1044 3409 1162 3464 haec
1181 3407 1474 3464 Dominum
1493 3406 1752 3474 voluisse,
1771 3417 1829 3463 ut
1850 3409 2164 3465 necessario

572 3496 910 3564 ministerio,
962 3495 1080 3551 sine
1124 3512 1231 3568 quo
1272 3495 1459 3552 vivere
1502 3503 1795 3568 nequeunt,
1844 3496 2166 3553 deserantur

572 3601 776 3660 greges
805 3601 940 3657 quos
961 3601 1061 3642 suo
1084 3585 1348 3659 sanguine
1367 3585 1750 3656 comparavit?
1778 3583 2036 3657 Nunquid
2060 3586 2164 3643 hoc

571 3673 700 3730 fecit
725 3674 864 3746 ipse,
897 3673 1116 3746 quando
1146 3673 1489 3745 portantibus
1533 3673 1848 3745 parentibus
1898 3675 1952 3728 in
1994 3676 2162 3747 Egy-

570 3769 724 3834 ptum
753 3762 1006 3833 parvulus
1033 3761 1190 3835 fugit,
1225 3763 1317 3834 qui
1342 3762 1585 3819 nondum
1613 3761 1890 3818 Ecclesias
1927 3772 2162 3836 congre-

571 3858 820 3924 gaverat,
847 3866 984 3922 quas
1006 3849 1077 3906 ab
1098 3866 1163 3906 eo
1183 3850 1426 3907 desertas
1447 3867 1569 3906 esse
1589 3850 1837 3906 dicamus
1853 3851 1881 3905 ?
1908 3852 2163 3924 Nunquid

571 3939 791 4011 quando
821 3939 1100 4011 apostolus
1131 3940 1348 4007 Paulus,
1382 3956 1452 3994 ne
1481 3939 1632 3994 illum
1677 3941 2162 4011 comprehenderet

571 4027 844 4099 inimicus,
877 4044 978 4100 per
1003 4027 1299 4084 fenestram
1324 4028 1380 4083 in
1411 4035 1597 4099 sporta
1619 4028 1923 4084 submissus
1953 4037 2036 4084 est
2063 4045 2164 4102 per

571 4131 808 4188 murum,
841 4125 894 4173 et
937 4116 1105 4190 effugi
1141 4133 1333 4172 manus
1378 4118 1495 4187 ejus
1541 4117 1619 4188 (II
1647 4118 1766 4174 Cor.
1800 4133 1881 4184 x1,
1915 4118 2024 4189 33),
2059 4120 2161 4174 de-

570 4213 714 4262 serta
743 4213 824 4261 est
853 4221 974 4278 quae
1003 4205 1079 4260 ibi
1105 4214 1222 4261 erat
1237 4206 1486 4263 Ecclesia
1506 4207 1818 4263 necessario
1838 4207 2158 4275 ministerio,

568 4303 757 4352 etnon
786 4295 907 4350 aliis
936 4294 1195 4350 fratribus
1223 4295 1423 4350 ibidem
1461 4296 1764 4352 constitutis
1803 4297 1948 4368 quod
1992 4313 2160 4368 opor-

569 4383 715 4440 tebat
742 4382 1027 4454 impletum
1058 4383 1186 4438 est?
1215 4384 1310 4438 Eis
1337 4383 1536 4456 quippe
1565 4385 1874 4440 volentibus
1889 4387 1994 4442 hoc
2023 4387 2164 4456 Apo-

2259 1809 2377 1864 sine
2406 1808 2571 1864 dubio
2605 1825 2728 1864 suas
2757 1809 2966 1864 animas
3001 1824 3102 1880 pro
3148 1809 3401 1865 fratribus
3445 1818 3672 1881 ponunt.
3711 1829 3736 1861 ι
3787 1811 3860 1866 Et

2257 1905 2381 1968 post
2409 1898 2683 1970 aliquanta
2715 1917 2729 1951 :
2765 1921 2787 1945 α
2823 1898 2932 1954 Cur
2962 1898 3107 1953 enim
3137 1899 3240 1954 sibi
3267 1906 3454 1970 putant
3474 1897 3858 1956 indifferenter

2259 1987 2746 2059 obtemperandum
2775 2003 2898 2043 esse
2926 1995 3221 2058 przecepto,
3265 1987 3357 2042 ubi
3396 1988 3586 2060 legunt
3613 1989 3686 2044 de
3713 1989 3859 2044 civi-

2259 2083 2368 2130 tate
2397 2076 2453 2130 in
2481 2076 2756 2132 civitatem
2797 2092 2920 2131 esse
2962 2075 3304 2148 fugiendum,
3354 2084 3408 2132 et
3448 2077 3859 2134 mercenarium

2260 2179 2368 2220 non
2400 2165 2707 2230 exhorrent,
2739 2164 2830 2236 qui
2862 2164 3009 2220 videt
3034 2165 3221 2236 lupum
3250 2165 3575 2236 venientem,
3622 2174 3677 2222 et
3715 2165 3862 2238 fugit

2262 2250 2520 2324 quoniam
2561 2267 2670 2308 non
2718 2260 2802 2309 est
2843 2253 2894 2308 ei
2943 2266 3074 2308 cura
3121 2253 3190 2307 de
3237 2253 3524 2309 ovibus?»
3575 2255 3643 2309 Et
3685 2255 3859 2326 paulo

2260 2349 2383 2412 post
2413 2358 2428 2395 :
2480 2363 2501 2388 ‹‹
2535 2340 2694 2414 Fugit
2734 2341 3046 2413 Apostblus,
3097 2357 3222 2398 cum
3263 2356 3298 2396 a
3337 2350 3688 2413 persecutore
3735 2343 3862 2414 ipse

2260 2434 2483 2500 proprie
2512 2437 2863 2501 quaereretur,
2898 2429 3019 2484 aliis
3049 2431 3234 2502 utique
3275 2431 3658 2487 necessitatem
3697 2432 3860 2488 simi-

2259 2518 2368 2574 lem
2397 2535 2507 2574 non
2533 2519 2879 2584 habentibus,
2903 2535 2936 2574 a
2957 2519 3154 2592 quibus
3183 2519 3294 2576 illic
3325 2519 3686 2576 ministerium
3713 2521 3862 2577 absit

2260 2615 2319 2662 ut
2347 2609 2690 2664 desereretur
2718 2607 3000 2680 Ecclesiae.
3043 2633 3063 2656 ››
3100 2608 3249 2664 Sicut
3277 2609 3417 2680 fugit
3445 2611 3502 2664 S.
3524 2609 3860 2670 Athanasius

2262 2696 2660 2752 Alexandrinus
2689 2675 2999 2768 episcopus,
3023 2711 3150 2753 cum
3170 2713 3296 2752 eum
3323 2675 3632 2768 specialiter
3649 2713 3861 2770 appre-

2261 2784 2504 2842 hendere
2531 2784 2878 2841 Constantius
2907 2793 3130 2856 cuperet
3149 2786 3466 2857 imperator.
3491 2788 3560 2842 Et
3572 2787 3860 2860 aliquanto

2263 2875 2512 2944 superius
2547 2891 2560 2928 :
2597 2897 2618 2921 α
2652 2875 2775 2930 Νοιι
2803 2875 2947 2930 enim
2977 2874 3265 2947 quisquam
3293 2884 3374 2931 est
3403 2875 3495 2948 qui
3516 2875 3664 2933 dicat
3683 2877 3860 2933 mini-

2263 2971 2407 3018 stros
2436 2979 2654 3020 manere
2694 2971 2968 3034 oportere,
3016 2964 3108 3019 ubi
3143 2965 3255 3034 jam
3301 2980 3412 3021 non
3458 2964 3616 3020 fuerit
3657 2966 3861 3038 quibus

2264 3067 2492 3108 necesse
2520 3051 2590 3106 sit
2617 3053 2947 3108 ministrare.
2986 3077 3008 3102 ι»

2195 3103 2245 3166 C
2264 3103 2978 3214 ᾑιῑῖξιῖηἷε-Ϊξέὲέᾷἐίᾙε
3006 3142 3061 3196 in
3091 3141 3229 3198 libro
3245 3142 3526 3200 Moralium
3547 3144 3667 3216 (lib.
3690 3160 3855 3212 χχχι,

2263 3248 2386 3304 cap.
2423 3231 2511 3300 14)
2543 3247 2556 3284 :
2594 3254 2614 3279 «
2651 3231 2874 3286 Intuerit
2901 3231 3032 3288 libet
3059 3231 3210 3288 illum
3239 3233 3473 3288 sessoris
3505 3234 3590 3289 sui
3620 3235 3858 3290 calcari-

2262 3320 2366 3374 bus
2395 3320 2680 3376 excitatum
2712 3329 2902 3377 contra
2929 3329 3168 3377 armatos
3195 3323 3400 3390 hostes,
3447 3331 3678 3394 quantus
3709 3325 3858 3380 Pau-

2262 3408 2372 3464 lum
2401 3409 2586 3466 fervor
2613 3409 2955 3480 accenderat,
3002 3412 3218 3482 quando
3265 3427 3388 3467 eum
3436 3393 3643 3483 Ephesi
3675 3413 3747 3469 ad
3774 3415 3858 3470 ir-

2263 3499 2596 3569 rumpendas
2652 3499 2847 3555 theatri
2895 3499 3077 3554 turbas
3133 3501 3234 3556 zeli
3289 3501 3508 3556 ﬂamma
3561 3502 3854 3574 rapiebat.

2263 3587 2534 3658 Scriptum
2563 3587 2760 3659 quippe
2789 3596 2871 3644 est
2905 3605 2919 3643 :
2953 3590 3168 3661 Itepleti
3193 3596 3334 3646 sunt
3351 3591 3460 3656 ira,
3482 3595 3540 3646 et
3555 3593 3856 3648 exclama—

2263 3681 2468 3732 verunt
2495 3677 2744 3733 dicentes
2779 3695 2792 3731 :
2827 3679 3026 3749 Magna
3055 3680 3241 3734 Diana
3256 3680 3642 3751 Ephesiorum.
3669 3683 3741 3737 Et
3757 3683 3859 3737 im-

2260 3767 2416 3837 pleta
2434 3770 2518 3821 est
2533 3767 2732 3822 civitas
2745 3768 3095 3838 confusione,
3112 3771 3168 3822 et
3179 3767 3455 3840 impetum
3465 3771 3733 3840 fecerunt
3743 3788 3857 3828 uno

2263 3849 2458 3910 anima
2487 3856 2551 3910 in
2584 3856 2871 3912 theatrum
2917 3855 3064 3922 (Act.
3101 3871 3222 3923 XIX,
3255 3858 3366 3928 28),
3417 3865 3575 3928 rapto
3622 3857 3760 3914 Gaio
3804 3867 3858 3914 et

2262 3942 2576 3999 Aristarcho
2651 3943 3037 4000 Macedonibus
3107 3944 3423 4012 comitibus,
3499 3953 3664 4017 atque
3726 3962 3856 4003 mox

2263 4031 2510 4086 subditur
2531 4049 2543 4087 :
2566 4033 2742 4088 Paulo
2760 4036 2951 4088 autem
2964 4033 3183 4090 volente
3194 4035 3415 4089 intrare
3426 4035 3723 4106 populum,
3739 4053 3857 4093 non

2259 4121 2644 4193 permiserunt
2673 4121 2961 4193 discipuli.
3011 4122 3248 4188 Quidam
3294 4126 3488 4178 autem
3525 4126 3581 4178 et
3609 4124 3678 4179 de
3707 4125 3858 4180 Asiae

2258 4210 2625 4281 principibus,
2647 4209 2742 4282 qui
2769 4213 2938 4265 erant
2965 4211 3138 4265 amici
3164 4212 3304 4282 ejus,
3327 4213 3699 4268 miseruntad
3724 4229 3860 4270 eum

2261 4286 2522 4368 rogantes
2547 4315 2619 4353 nc
2648 4314 2706 4354 se
2755 4300 2916 4354 daret
2956 4300 3019 4354 in
3071 4299 3359 4355 theatrum
3406 4300 3585 4370 (ibid.,
3629 4301 3743 4372 30).
3797 4303 3860 4358 In

2263 4385 2459 4457 quibus
2488 4385 2731 4457 profecto
2760 4387 2944 4442 verbis
2973 4388 3325 4460 agnoscimus
3353 4404 3461 4460 quo
3490 4389 3696 4460 impetu
3725 4406 3863 4446 con-

569 4472 743 4528 stolus
771 4469 992 4538 fecerat,
1025 4479 1082 4525 ut
1112 4471 1352 4541 seipsum
1383 4481 1624 4527 servaret
1668 4473 1950 4538 Ecclesiae,
2000 4491 2161 4544 quem
2189 4464 2242 4525 D
2266 4481 2344 4528 tra
2373 4491 2576 4531 cuneos
2605 4475 2956 4530 adversantes
2985 4475 3238 4543 irrueret,
3278 4476 3387 4533 nisi
3430 4493 3554 4532 eum
3581 4494 3683 4549 per
3710 4479 3859 4535 ami-

565 4560 790 4632 proprie
818 4567 1140 4632 persecutor
1167 4559 1258 4614 ille
1285 4561 1574 4632 quaerebat.
1599 4561 1824 4617 Faciant
1853 4577 1984 4634 ergo
2016 4563 2162 4618 servi

568 4649 808 4717 Christi,
855 4647 1090 4705 ministri
1141 4648 1296 4704 verbi
1337 4657 1391 4704 et
1437 4651 1760 4705 sacramenti
1807 4651 1923 4719 ejus
1947 4694 1961 4719 ,
2017 4653 2161 4723 quod

567 4738 826 4808 praecepit
857 4739 972 4794 sive
1003 4737 1270 4810 permisit.
1301 4737 1530 4810 Fugiant
1563 4738 1784 4794 omnino
1831 4738 1900 4792 de
1947 4739 2158 4796 civitate

568 4825 626 4878 in
653 4825 947 4897 civitatem,
979 4827 1196 4898 quando
1226 4842 1417 4882 eorum
1458 4826 1743 4898 quisquam
1789 4827 2098 4898 specialiter
2127 4845 2160 4885 a

568 4915 1011 4985 persecutoribus
1037 4916 1311 4987 quaeritur,
1343 4925 1402 4971 ut
1431 4916 1500 4972 ab
1529 4915 1646 4970 aliis
1694 4915 1787 4988 qui
1819 4931 1928 4972 non
1956 4917 2031 4972 ita
2062 4935 2157 4974 re-

569 5001 872 5074 quiruntur,
919 5017 1027 5058 non
1085 5004 1368 5060 deseratur
1413 5004 1692 5074 Ecclesia,
1742 5005 1839 5060 sed
1881 5006 2159 5076 praebeant

568 5089 776 5148 cibaria
804 5090 1086 5147 conservis
1115 5093 1250 5160 suis,
1285 5109 1423 5165 quos
1452 5093 1610 5149 aliter
1643 5093 1828 5150 vivere
1857 5111 1965 5150 non
1994 5112 2158 5168 posse

566 5188 857 5238 noverunt.
889 5181 1024 5236 Cum
1053 5188 1234 5236 autem
1261 5183 1522 5249 omnium,
1568 5182 1624 5236 id
1655 5191 1736 5238 est
1773 5183 2158 5256 episcOporum

567 5275 620 5324 et
650 5268 996 5334 clericorum,
1031 5276 1112 5325 est
1143 5285 1427 5326 commune
1455 5269 1780 5342 periculum,
1830 5272 1867 5328 ii
1915 5275 2008 5345 qui
2036 5275 2157 5329 aliis

563 5357 811 5429 indigent
838 5375 948 5414 non
980 5359 1302 5415 deserantur
1330 5360 1400 5414 ab
1428 5359 1512 5415 his
1543 5361 1738 5432 quibus
1761 5362 2029 5436 indigent.
2053 5365 2158 5419 Aut

563 5446 732 5518 igitur
758 5449 829 5502 ad
859 5448 976 5504 loca
1005 5449 1209 5504 munita
1238 5464 1430 5505 omnes
1459 5457 1756 5522 transeant,
1808 5461 1899 5507 aut
1929 5453 2022 5524 qui
2051 5453 2156 5508 ha-

564 5535 694 5593 bent
723 5537 1044 5594 remanendi
1071 5538 1472 5608 necessitatem,
1517 5555 1628 5599 non
1674 5541 2045 5614 relinquantur
2088 5541 2156 5596 ab

2261 4579 2354 4618 cos
2385 4571 2437 4619 et
2466 4564 2764 4634 discipulos
2796 4565 3074 4620 charitatis
3103 4565 3256 4622 frena
3283 4565 3605 4622 tenuissent.
3659 4568 3771 4624 Sed
3810 4569 3862 4626 si

2261 4652 2484 4708 obviare
2516 4652 2782 4722 hostibus,
2817 4653 2862 4706 si
2891 4653 3032 4709 ultro
3063 4671 3301 4726 pugnam
3320 4663 3526 4726 petere,
3551 4656 3598 4710 si
3617 4665 3860 4714 nosmet-

2259 4740 2409 4812 ipsos
2448 4757 2666 4812 semper
2712 4740 3016 4812 relinquere
3064 4743 3120 4797 in
3173 4759 3333 4800 cursu
3389 4743 3559 4800 nostri
3615 4743 3859 4802 fervoris

2259 4830 2542 4896 debemus,
2575 4829 2704 4902 quid
2734 4838 2816 4884 est
2843 4831 2987 4902 quod
3012 4831 3189 4887 isdem
3233 4832 3560 4903 praedicator
3590 4834 3859 4906 egregius

2257 4919 2327 4974 de
2358 4919 2652 4990 semetipso
2683 4917 2879 4974 fatetur
2925 4919 3113 4975 dicens
3159 4937 3170 4974 :
3211 4923 3476 4978 Damasci
3513 4926 3858 4996 prapositus

2255 5009 2441 5081 gentis
2458 5008 2642 5064 Arctoe
2652 5007 2800 5079 regis
2812 5009 3158 5065 custodiebat
3170 5010 3462 5067 civitatem
3476 5013 3861 5071 Damasceno-

2257 5114 2387 5154 rum
2399 5101 2464 5152 ut
2479 5112 2565 5152 me
2575 5097 3086 5168 comprehenderet,
3109 5103 3164 5153 et
3169 5115 3274 5170 per
3283 5102 3598 5171 fenestram
3611 5101 3673 5156 in
3686 5119 3856 5174 spor-

2259 5191 2320 5242 ta
2336 5185 2604 5241 dimissus
2621 5201 2748 5240 sum
2760 5203 2862 5258 per
2877 5203 3126 5252 murum,
3143 5191 3199 5263 et
3214 5189 3294 5244 sic
3315 5189 3485 5260 e/Tugi
3501 5206 3708 5246 manus
3727 5193 3856 5263 ejus

2257 5275 2333 5344 (II
2362 5275 2481 5330 Cor.
2515 5289 2596 5341 x1,
2642 5279 2751 5344 33).
2805 5274 2946 5344 Quid
2993 5284 3075 5331 est
3123 5261 3269 5347 quod
3313 5293 3485 5349 equus
3532 5278 3634 5334 iste
3683 5261 3853 5336 modo

2256 5372 2448 5434 sponte
2477 5372 2809 5420 armatorum
2838 5379 3041 5421 cuneos
3079 5364 3308 5436 impetit,
3362 5375 3415 5422 et
3459 5367 3623 5423 modo
3672 5384 3733 5424 se
3781 5370 3855 5424 ab

2255 5453 2475 5509 armatis
2504 5453 2752 5510 hostibus
2777 5452 2932 5527 quasi
2955 5453 3200 5524 trepidus
3239 5455 3544 5525 abscondit,
3589 5456 3695 5512 nisi
3743 5458 3854 5514 hoc

2254 5543 2399 5614 quod
2427 5559 2651 5600 necesse
2682 5551 2764 5598 est
2793 5551 2850 5598 ut
2879 5543 2935 5598 in
2965 5543 3082 5614 ejus
3114 5543 3410 5602 artificiosa
3438 5545 3634 5602 virtute
3667 5546 3854 5605 disca-
