4072 6290
232 280 335 338 217

1725 273 2101 334 ΕΡΙεΤΟΙΑΕ.

3427 287 3533 344 218

233 420 374 470 mus,
409 403 856 461 adversariorum
875 417 1136 477 pugnam,
1171 411 1224 460 et
1252 409 1564 460 constanter
1590 401 1839 476 aliquan-
1858 399 1917 462 A
1942 417 2014 456 na
2040 401 2294 460 Ecclesia
2307 403 2642 461 cardinalem
2663 421 2891 464 necesse
2920 409 3171 466 duximus
3200 411 3530 468 constituere

236 493 304 548 do
332 501 618 564 appetere,
646 501 700 548 et
726 493 1027 564 prudenter
1055 492 1350 566 aliquando
1381 491 1682 549 declinare.
1718 492 1834 548 Ne-

238 597 394 639 cesse
424 581 632 654 quippe
661 589 746 636 est
768 589 827 636 ut
845 598 944 652 per
971 597 1133 637 omne
1161 582 1306 654 quod
1324 581 1538 654 agimus
1558 581 1614 636 in
1640 581 1838 637 mentis

235 669 434 726 trutina
459 669 702 740 positum
742 669 867 724 hinc
895 669 1132 740 pondus,
1175 669 1326 726 illinc
1368 669 1606 726 fructum
1663 669 1838 725 nostri

233 757 439 814 laboris
466 757 821 814 aestimemus.
852 759 922 814 Et
949 774 1072 814 cum
1099 759 1310 830 pondus
1342 759 1576 814 fructum
1597 767 1835 830 superat,

233 846 480 902 laborem
521 847 752 918 quisque
799 846 1018 902 innoxie
1067 847 1325 913 declinat,
1373 848 1668 904 dummodo
1695 865 1754 904 se
1781 849 1837 904 in

233 935 354 992 aliis
385 943 664 1002 exerceat,
695 935 754 990 in
787 934 984 1007 quibus
1013 935 1166 991 lucro
1212 935 1487 992 fructuum
1516 939 1730 1008 pondus
1759 937 1836 992 la-

234 1024 380 1080 boris
407 1023 616 1081 vincat.
649 1024 787 1079 Cum
815 1039 946 1080 vero
966 1025 1324 1096 subsequenti
1368 1025 1664 1098 quantitate
1719 1026 1836 1082 fru-

234 1123 420 1170 ctuum
467 1129 731 1169 mensura
771 1113 976 1170 laboris
1022 1121 1114 1170 aut
1161 1122 1404 1186 aequatur
1441 1123 1532 1170 aut
1578 1115 1832 1184 vincitur,

232 1201 388 1258 labor
413 1217 530 1258 non
558 1203 678 1258 sine
705 1202 862 1273 gravi
902 1202 1064 1273 culpa
1091 1203 1413 1258 declinatur.
1445 1204 1600 1260 Unde
1631 1204 1836 1275 praedi-

233 1299 384 1350 cator
413 1298 659 1358 sanctus,
679 1307 801 1346 cum
831 1291 1087 1347 Damasci
1109 1291 1265 1347 valde
1295 1292 1594 1347 obstinatas
1623 1301 1835 1349 mentes

230 1380 683 1452 persequentium
736 1387 1006 1446 cerneret,
1066 1395 1254 1436 eorum
1300 1381 1472 1436 noluit
1523 1382 1836 1438 adversitati

231 1469 553 1540 conﬂigere,
626 1468 752 1540 quia
823 1469 1196 1540 semetipsum,
1255 1485 1418 1541 quem
1495 1469 1835 1541 profuturum

231 1557 413 1613 multis
441 1565 692 1623 noverat,
727 1557 858 1613 vidit
878 1565 1062 1628 posset
1092 1557 1342 1628 deﬁcere,
1379 1566 1432 1614 et
1461 1565 1552 1614 aut
1578 1558 1742 1613 nullis
1775 1575 1834 1614 se

229 1646 338 1702 illic
363 1654 458 1702 aut
488 1646 681 1718 paucis
702 1647 986 1717 prodesse.
1019 1647 1312 1702 Secessum
1340 1663 1475 1718 ergo
1497 1664 1527 1702 a
1543 1648 1835 1704 certamine

1939 491 2301 559 sacerdotem,
2328 501 2454 548 utet
2473 503 2782 566 susceptam
2811 497 2982 553 semel
3011 499 3312 555 animarum
3340 517 3530 556 curam

1935 579 2132 635 intuitu
2175 579 2370 638 futurae
2423 583 2798 640 retributionis
2843 585 3072 658 impleas
3127 596 3181 643 et
3208 588 3335 646 licet
3377 605 3411 645 a
3439 598 3533 646 tua

1935 668 2184 726 Ecclesia
2215 670 2292 726 sis
2329 671 2486 728 hoste
2529 671 2846 730 imminente
2891 675 3170 746 depulsus,
3215 677 3378 734 aliam
3407 695 3530 750 quae

1934 766 2160 830 pastore
2199 767 2357 817 vacat
2379 761 2582 818 debeas
2612 762 2912 819 Ecclesiam
2943 765 3272 836 gubernare.
3323 767 3400 822 Ita
3445 775 3531 821 ta-

1935 855 2103 914 ment,
2133 855 2192 903 ut
2237 849 2511 905 civitatem
2557 850 2706 906 illam
2748 852 2999 908 hostibus
3027 853 3256 910 liberam
3289 853 3447 921 effici,
3479 863 3535 912 et

1936 936 2168 992 Domino
2213 945 2538 1012 protegente
2587 940 2659 996 ad
2713 939 2955 1012 priorem
3002 949 3200 998 statum
3243 943 3534 1016 contigerit

1935 1025 2200 1094 revocari,
2257 1027 2328 1081 ad
2358 1027 2520 1082 aliam
2547 1027 2605 1083 in
2631 1043 2737 1100 qua
2766 1037 2818 1085 et
2846 1031 2998 1101 prius
3029 1031 3312 1104 ordinatus
3340 1047 3401 1087 es
3428 1033 3532 1088 Ec-

1935 1113 2158 1168 clesiam
2185 1115 2497 1171 revertaris.
2533 1116 2626 1172 Sin
2657 1125 2839 1172 autem
2887 1119 3151 1190 praedicta
3179 1119 3367 1176 civitas
3396 1135 3534 1176 con-

1934 1201 2086 1257 tinua
2137 1204 2460 1274 captivitatis
2501 1205 2824 1262 calamitate
2878 1208 3161 1278 premitur,
3219 1207 3277 1262 in
3337 1225 3446 1281 qua
3499 1225 3534 1266 a

1934 1290 2093 1346 nobis
2127 1290 2501 1348 incardinatus
2523 1307 2584 1348 es
2606 1294 2813 1350 debeas
2853 1296 3106 1352 Ecclesia
3131 1312 3476 1368 permanere.
3507 1321 3529 1347 η

2004 1379 2103 1434 XI.
2154 1379 2252 1435 His
2311 1381 2721 1437 auctoritatibus
2783 1384 3073 1454 Actardus,
3150 1385 3534 1442 Namnetensis

1935 1467 2243 1538 episcopus,
2263 1469 2416 1539 prius
2444 1484 2477 1524 a
2504 1471 2796 1526 Nominoio
2822 1472 3123 1528 Brittonum
3153 1473 3293 1530 duce
3325 1474 3396 1530 de
3429 1491 3532 1530 sua

1934 1555 2150 1612 civitate
2166 1557 2444 1628 expulsus,
2465 1573 2498 1613 a
2513 1558 2714 1614 domno
2744 1576 2877 1632 rege
2896 1561 3108 1628 Carolo,
3126 1561 3314 1634 fugato
3335 1563 3530 1624 eodem

1933 1644 2234 1700 Brittonum
2276 1646 2434 1716 duce,
2487 1647 2714 1704 consilio
2762 1649 3140 1720 episcOporum
3184 1650 3338 1705 illum
3365 1668 3532 1722 quem

231 1736 403 1807 petiit,
445 1744 502 1791 et
529 1743 898 1808 pugnaturum
926 1735 1138 1792 felicius
1179 1736 1250 1791 ad
1288 1736 1394 1791 alia
1423 1753 1482 1792 se
1539 1737 1680 1791 bella
1709 1753 1832 1792 ser—
1859 1758 1914 1818 Β
1933 1733 1990 1786 in
2021 1733 2150 1789 sede
2179 1735 2534 1790 Namnetensi
2562 1735 2738 1791 isdem
2768 1744 3031 1808 tyrannus
3063 1737 3270 1795 fecerat
3319 1741 3530 1796 exordi-

233 1825 398 1880 vavit.
429 1825 558 1880 Non
577 1823 723 1878 enim
750 1824 872 1880 loco
898 1824 1088 1894 virtus,
1121 1825 1218 1880 sed
1245 1825 1400 1881 locus
1430 1824 1613 1880 virtuti
1643 1824 1828 1881 defuit.

232 1914 298 1969 Et
322 1912 532 1970 idcirco
579 1911 910 1968 fortissimus
949 1913 1108 1968 miles
1137 1915 1208 1969 ab
1252 1913 1552 1969 obsidionis
1584 1915 1836 1987 angustia

233 2001 548 2059 certaminis
578 2017 828 2072 campum
855 2001 1124 2073 quaesivit.
1154 2002 1258 2058 Ubi
1286 2010 1468 2058 autem
1498 2003 1837 2076 subjuganda

231 2090 349 2164 regi
391 2089 620 2162 proprio
664 2091 832 2145 multa
877 2091 1316 2147 adversariorum
1354 2093 1498 2148 colla
1530 2092 1832 2164 conspexit,

233 2179 416 2234 subire
446 2179 654 2234 bellum
685 2179 772 2235 vel
799 2195 923 2258 cum
949 2187 1123 2234 morte
1171 2195 1280 2235 non
1306 2179 1506 2236 timuit.
1545 2180 1693 2236 Sicut
1717 2182 1834 2252 ipse

231 2284 352 2325 cum
381 2267 824 2340 Hierosolymam
853 2276 1127 2341 pergeret,
1162 2284 1396 2341 cumque
1420 2269 1672 2340 discipuli
1701 2285 1833 2340 pas-

233 2357 444 2412 sionem
491 2355 642 2411 illius
686 2373 788 2428 per
829 2357 1175 2428 prOphetiam
1223 2358 1532 2428 praiscitam
1577 2358 1834 2429 prohibe-

235 2453 367 2512 rent,
401 2445 626 2500 sibimet
653 2444 759 2516 ipsi
783 2453 1066 2500 attestatur
1086 2445 1274 2501 dicens
1309 2463 1322 2500 :
1356 2449 1464 2516 Ego
1511 2448 1664 2502 enim
1718 2463 1834 2504 non

234 2535 416 2590 solum
432 2534 688 2606 alligari,
713 2533 809 2590 sed
848 2539 904 2589 et
939 2537 1084 2590 mori
1113 2537 1176 2590 in
1203 2536 1558 2590 Hierusalem
1593 2539 1833 2608 paratus

234 2639 358 2678 sum
367 2640 474 2696 pro
491 2625 724 2680 nomine
735 2623 962 2679 Domini
981 2625 1131 2680 Jesu.
1159 2624 1340 2696 Neque
1364 2625 1518 2680 enim
1534 2626 1683 2695 facio
1703 2626 1830 2680 ani-

233 2728 384 2768 mam
411 2727 600 2768 meam
634 2711 1025 2784 pretiosiorem
1051 2729 1223 2784 quum
1252 2729 1342 2768 me
1377 2712 1520 2784 (Act.
1555 2727 1678 2766 xxI.
1719 2713 1830 2783 13).

233 2799 370 2868 Quia
398 2799 728 2872 praedicator
756 2800 1030 2874 egregius,
1055 2800 1326 2872 despectis
1347 2801 1702 2872 potestatibus
1723 2817 1832 2856 saa-

232 2889 353 2956 culi,
377 2889 560 2944 nullos
597 2888 871 2945 minarum
899 2888 1108 2945 sonitus
1151 2889 1505 2961 pertimescit.
1538 2891 1832 2946 Videamus

233 2977 392 3034 alium
427 2994 633 3050 equum
679 2978 780 3033 Dei
829 2978 1103 3050 quomodo
1155 2985 1358 3034 terram
1399 2979 1634 3045 sorbeat,
1690 2995 1832 3052 quo-

231 3067 393 3123 modo
435 3067 622 3122 nullus
661 3083 788 3122 eum
834 3067 1007 3123 turbae
1055 3075 1231 3123 terror
1278 3067 1522 3139 attingat.
1557 3069 1830 3140 Scriptum

236 3165 314 3212 cst
341 3173 354 3209 :
391 3158 863 3229 Supervenerunt
889 3160 1083 3212 autem
1111 3157 1340 3230 quidam
1361 3158 1426 3212 ab
1455 3157 1756 3214 Antiochia
1777 3162 1835 3212 et

235 3246 416 3302 Iconio
429 3245 636 3311 Judari,
655 3249 714 3302 et
728 3246 1013 3318 persuasis
1035 3246 1232 3311 turbis,
1253 3245 1570 3318 lapidantes
1585 3247 1831 3302 Paulum

236 3337 550 3390 traxerunt
575 3337 746 3389 eastra
772 3335 1081 3400 civitatem,
1124 3335 1393 3389 aestimem
1404 3337 1485 3388 tes
1515 3350 1644 3390 eum
1672 3351 1829 3390 mor-

237 3427 392 3478 tuum
411 3437 554 3479 esse.
586 3423 1080 3479 Circumdantibus
1127 3427 1322 3478 autem
1361 3439 1491 3478 eum
1511 3423 1824 3496 discipulis,

234 3529 462 3584 surgens
485 3512 735 3568 intravit
761 3511 1069 3577 civitatem,
1103 3515 1159 3568 et
1175 3515 1402 3584 postera
1433 3511 1522 3567 die
1539 3514 1828 3584 profectus

233 3605 314 3657 est
341 3617 476 3657 cum
515 3598 778 3656 Barnaba
811 3602 876 3656 in
903 3601 1136 3656 Derben.
1174 3601 1416 3674 Cumque
1445 3601 1828 3672 evangelia/as-

231 3694 355 3745 sent
374 3691 603 3746 civitati
631 3689 742 3755 illi,
777 3693 836 3744 et
869 3689 1191 3745 docuissent
1211 3691 1422 3745 multos
1454 3691 1666 3745 reversi
1692 3693 1830 3745 sunt

233 3781 442 3851 Lystra,
458 3782 522 3835 et
533 3779 742 3843 Iconio,
767 3781 822 3834 et
843 3777 1164 3844 Antiochia,
1185 3779 1588 3848 conﬁrmantes
1609 3779 1830 3835 animos
1873 3841 1881 3846 _

231 3867 641 3940 discipulorum
669 3865 814 3937 (Act.
842 3881 960 3932 xxv,
993 3867 1104 3938 17).
1135 3867 1541 3937 Perpendamus
1554 3883 1686 3940 ergo
1709 3884 1830 3939 quae

232 3955 368 4012 hunc
383 3971 592 4028 equum
618 3955 1016 4026 possentmiuzc
1045 3971 1420 4026 compescere,
1455 3957 1674 4028 quando
1705 3973 1830 4012 eum

231 4045 292 4099 ab
317 4045 619 4101 intentione
645 4060 744 4100 sua
761 4060 872 4100 non
893 4044 1035 4100 valet
1055 4059 1204 4100 mors
1230 4045 1347 4116 ipsa
1359 4044 1669 4116 prohibere.
1685 4045 1830 4102 Ecce

229 4133 498 4205 lapidibus
555 4133 824 4200 obruitur,
871 4149 976 4190 nec
1004 4141 1189 4189 tamen
1218 4149 1252 4188 a
1295 4134 1544 4190 veritatis
1575 4150 1828 4190 sermone

230 4230 556 4280 removetur.
590 4221 785 4280 Occidi
805 4229 1004 4294 potest,
1031 4222 1276 4294 superari
1306 4239 1417 4278 non
1437 4230 1634 4294 potest.
1671 4223 1829 4278 Velut

233 4313 527 4369 exstinctus
569 4319 721 4367 extra
749 4311 942 4367 urbem
971 4311 1274 4382 projicitur,
1310 4311 1408 4366 sed
1453 4312 1591 4366 intra
1638 4312 1829 4366 urbem

233 4400 315 4457 die
341 4401 453 4458 alio
473 4401 681 4456 illaesus
709 4400 1032 4472 praedicator
1060 4401 1352 4456 invenitur.
1389 4399 1435 4456 Ο
1479 4415 1642 4472 quam
1669 4399 1827 4455 fortis

1935 1821 2074 1888 nari,
2108 1821 2164 1876 in
2181 1823 2516 1879 monasterio
2547 1825 2718 1880 sancti
2755 1825 2972 1880 Martini
2995 1827 3156 1896 jussit
3203 1827 3444 1895 exulare,
3478 1837 3532 1884 et

1934 1910 2231 1966 Actardum
2279 1911 2333 1964 in
2364 1912 2495 1968 sede
2525 1929 2626 1968 sua
2653 1914 2881 1970 restitui.
2914 1915 3113 1970 Postea
3159 1923 3342 1972 autem
3370 1933 3402 1970 a
3429 1917 3530 1972 Sa-

1934 1997 2152 2054 lomone
2194 2006 2426 2070 tyranno
2475 2002 2728 2057 eumdem
2775 2003 3074 2058 Actardum
3105 2020 3136 2058 a
3183 2004 3402 2060 civitate
3431 2021 3532 2060 sua

1935 2087 2238 2158 expulsum,
2302 2089 2360 2144 in
2421 2098 2650 2146 vacante
2699 2091 2996 2148 Morinensi
3041 2092 3277 2149 ecclesia
3317 2093 3532 2150 concilii

1935 2191 2205 2232 consensu
2263 2178 2534 2233 concessit
2559 2179 2877 2251 aliquandiu
2904 2181 3200 2248 immorari,
3233 2181 3409 2238 donec
3435 2198 3532 2252 pe-

1935 2265 2172 2320 tentibus
2228 2265 2376 2322 clero
2422 2282 2488 2323 ac
2531 2267 2692 2338 plebe
2732 2269 3028 2340 provinciae
3078 2270 3427 2337 Turonensis,
3479 2279 3534 2326 et

1934 2353 2352 2410 conhibentibus
2382 2355 2672 2427 episcopis,
2708 2357 2776 2412 ad
2795 2358 3132 2428 provinciam
3163 2374 3318 2414 suam
3346 2359 3526 2414 rediit.

1935 2449 1987 2496 et
2014 2459 2046 2496 a
2072 2441 2329 2512 pontifice
2358 2444 2674 2514 apostolica:
2704 2445 2850 2500 sedis
2879 2447 2934 2500 in
2975 2455 3202 2503 vacante
3235 2447 3528 2518 metropoli

1931 2529 2029 2584 fuit
2055 2530 2444 2586 incardinatus.
2487 2531 2593 2600 Qui
2621 2533 2891 2589 Actardus
2919 2550 3028 2590 non
3047 2534 3314 2591 debuerat
3339 2535 3530 2590 sedem

1934 2632 2090 2674 suam
2117 2627 2344 2686 mutare,
2368 2621 2414 2674 si
2444 2621 2654 2676 valeret
2701 2621 2775 2676 ibi
2833 2623 3150 2694 consistere,
3184 2623 3274 2680 vel
3317 2622 3363 2678 si
3390 2623 3528 2678 alius

1932 2705 2128 2777 aliquis
2161 2715 2324 2778 esset,
2356 2708 2449 2780 qui
2477 2709 2641 2764 simili
2679 2710 2768 2766 vel
2797 2709 2938 2767 forte
2962 2711 3158 2780 majori
3187 2711 3410 2768 utilitate
3433 2727 3529 2767 re-

1932 2795 2202 2868 gulariter
2230 2797 2285 2851 in
2315 2798 2620 2854 Turonensi
2665 2799 2901 2856 ecclesia
2927 2807 3114 2871 posset
3143 2799 3406 2868 ordinari,
3439 2801 3528 2856 di-

1933 2891 2089 2940 cente
2119 2885 2413 2942 Caelestino
2446 2887 2631 2960 (epist.
2674 2890 2723 2955 1,
2777 2888 2848 2944 ad
2905 2891 3184 2962 episcopos
3208 2905 3311 2962 per
3363 2891 3528 2946 Vien-

1932 2989 2067 3040 nen,
2101 2974 2250 3046 etc):
2299 2997 2322 3022 «
2358 2976 2508 3031 Tunc
2535 2975 2672 3032 alter
2711 2977 2780 3031 de
2811 2976 2981 3033 altera
3009 2977 3246 3051 eligatur
3274 2977 3526 3045 ecclesia,

1933 3060 1979 3116 si
2010 3062 2078 3116 de
2105 3061 2337 3118 civitatis
2366 3062 2538 3134 ipsius
2569 3063 2806 3132 clericis,
2839 3065 2928 3121 cui
2958 3074 3041 3120 est
3097 3067 3388 3138 episcopus
3431 3081 3527 3121 or-

1931 3150 2222 3217 dinandus,
2256 3151 2436 3206 nullus
2457 3153 2674 3224 dignas,
2695 3153 2842 3224 quod
2857 3153 3078 3210 evenire
3097 3170 3207 3209 non
3223 3154 3521 3223 credimus,

1926 3239 2126 3310 poterit
2151 3238 2400 3296 inveniri.
2433 3239 2675 3296 Primum
2711 3242 2855 3298 enim
2885 3242 2960 3298 ilii
2989 3243 3324 3314 reprobandi
3379 3250 3522 3314 sunt,

1926 3335 1984 3382 ut
2007 3327 2172 3400 aliqui
2203 3327 2273 3384 de
2301 3327 2495 3385 alienis
2525 3329 2774 3386 ecclesiis
2791 3331 2986 3387 merito
3003 3330 3380 3402 praeferantur.
3413 3333 3524 3386 Ha—

1928 3417 2052 3472 beat
2103 3416 2478 3490 unusquisque
2524 3435 2638 3476 suaa
2675 3419 2912 3477 fructum
2955 3421 3162 3478 militiai
3188 3420 3246 3476 in
3273 3420 3522 3488 ecclesia,

1928 3505 1986 3560 in
2013 3521 2121 3578 qua
2150 3522 2308 3561 suum
2337 3523 2438 3578 per
2479 3507 2662 3564 omnia
2709 3507 2890 3565 ofﬁcia
2933 3509 3202 3582 transegit
3255 3516 3472 3566 aetatem
3509 3528 3524 3565 :

1929 3594 1986 3650 in
2005 3595 2182 3650 aliena
2201 3595 2468 3666 stipendia
2511 3595 2734 3652 minime
2780 3597 2919 3652 alter
2975 3598 3221 3670 obrepat,
3273 3614 3376 3655 nec
3403 3597 3526 3654 aliis

1929 3684 2170 3740 debitam
2189 3685 2331 3739 alter
2359 3683 2462 3740 sibi
2491 3687 2688 3742 audeat
2709 3687 2988 3744 vindicare
3019 3688 3352 3744 mercedem.
3390 3709 3414 3740 ι

1997 3773 2120 3828 XII.
2155 3772 2316 3842 Quod
2357 3783 2539 3830 autem
2596 3775 2773 3831 isdem
2825 3777 3095 3833 Actardus
3149 3777 3418 3848 apposuit,
3469 3785 3528 3833 ut

1928 3869 2186 3935 utrasque
2216 3863 2376 3919 sedes
2397 3865 2770 3922 Turonensem
2800 3865 3006 3922 scilicet
3023 3874 3074 3922 et
3101 3867 3528 3922 Namnetensem

1929 3951 2091 4007 simul
2121 3959 2348 4020 teneret,
2371 3960 2560 4008 contra
2575 3953 3022 4011 Chalcedonense
3053 3955 3348 4012 concilium
3369 3962 3522 4026 (can.

1927 4039 1991 4111 x)
2021 4040 2205 4112 egisse
2235 4040 2472 4108 videtur,
2505 4058 2612 4114 quo
2650 4043 2936 4098 decretum
2967 4051 3052 4100 est
3085 4061 3099 4100 :
3135 4065 3157 4095 α
3191 4045 3314 4100 Non
3363 4044 3530 4100 licere

1928 4128 2182 4184 clericum
2199 4129 2256 4183 in
2283 4131 2515 4184 duarum
2547 4130 2825 4186 civitatum
2855 4132 3128 4188 conscribi
3155 4132 3314 4187 simul
3343 4133 3527 4188 eccle-

1929 4215 2046 4284 siis,
2078 4224 2132 4272 et
2159 4217 2215 4272 in
2245 4233 2351 4289 qua
2379 4217 2530 4272 initio
2551 4218 2829 4273 ordinatus
2859 4226 2958 4285 est,
2991 4227 3044 4274 et
3069 4227 3120 4274 at
3149 4235 3308 4291 quam
3337 4219 3528 4275 confu-

1928 4305 2026 4376 git,
2061 4305 2215 4378 quasi
2244 4305 2314 4361 ad
2340 4305 2626 4378 potiorem,
2647 4307 2718 4364 ob
2733 4307 2913 4364 inanis
2935 4307 3128 4381 gloria:
3155 4305 3521 4379 cupiditatem.

1927 4393 2044 4450 Hoc
2089 4402 2270 4464 autem
2319 4393 2580 4452 facientes
2625 4397 2876 4453 revocari
2917 4397 3120 4452 debere
3145 4396 3215 4452 ad
3245 4412 3400 4452 suam
3427 4411 3524 4453 ec-

228 4489 348 4548 huic
377 4490 498 4546 viro
528 4489 674 4545 inest
719 4488 980 4545 ﬁrmitas!
1031 4507 1064 4545 o
1122 4506 1284 4562 quam
1327 4489 1520 4546 victrix
1548 4505 1711 4560 poena
1735 4488 1747 4544 l
1795 4506 1828 4545 ο
1856 4479 2158 4542 Dclesiam
2188 4483 2241 4538 in
2275 4501 2382 4556 qua
2402 4485 2653 4556 primitus
2680 4485 2915 4543 ordinati
2936 4495 3080 4554 sunt,
3113 4494 3167 4542 et
3195 4487 3272 4540 ibi
3297 4493 3527 4541 tantum-

231 4595 383 4650 quam
413 4579 743 4636 dominatrix
774 4578 1068 4650 patiential
1103 4579 1188 4634 Ad
1217 4578 1492 4652 agendum
1523 4577 1832 4650 repulsione

230 4675 582 4738 provocatur,
616 4668 684 4722 ad
725 4668 1134 4738 praedicandam
1187 4668 1411 4723 salutem
1455 4667 1637 4741 plagis
1665 4667 1832 4741 erigi-

227 4764 328 4828 tur,
359 4758 431 4813 ad
459 4757 872 4829 propellendam
903 4757 1106 4812 laboris
1141 4757 1513 4812 lassitudinem
1541 4773 1706 4828 poena
1737 4773 1832 4812 re-

231 4845 462 4903 fovetur.
494 4867 518 4897 ι»
546 4846 657 4902 Sed
687 4853 742 4902 et
767 4845 942 4902 isdem
972 4846 1164 4902 beatus
1195 4845 1497 4919 Gregorius
1527 4845 1584 4900 in
1603 4845 1835 4917 epistola

233 4936 297 4990 ad
323 4935 620 5010 Agnellum
678 4934 996 5006 episcopum
1047 4935 1236 4992 scribit
1291 4934 1410 5006 (lib.
1443 4950 1528 5001 x1,
1588 4936 1708 4990 ind.
1742 4938 1828 5001 lt,

235 5027 389 5096 epist.
417 5025 510 5097 13)
547 5041 560 5080 :
600 5043 624 5075 α
661 5022 799 5092 Quia
829 5023 996 5096 igitur
1025 5025 1095 5079 ob
1127 5023 1338 5081 cladem
1370 5023 1695 5089 hostilitatis,
1729 5039 1833 5080 nec

234 5113 286 5167 in
311 5114 552 5181 civitate,
585 5129 690 5169 nec
721 5112 777 5167 in
825 5113 1077 5169 Ecclesia
1104 5121 1196 5167 tua
1226 5121 1310 5168 est
1367 5113 1617 5184 cuiquam
1671 5112 1831 5168 habi-

236 5203 376 5258 tandi
434 5201 678 5272 licentia,
736 5201 863 5257 ideo
893 5209 944 5257 te
991 5203 1306 5258 auctoritate
1351 5209 1540 5257 nostra
1577 5201 1832 5257 Terraci-

237 5291 386 5347 nensi
435 5291 706 5348 Ecclesiae
763 5291 1098 5348 cardinalem
1142 5290 1520 5348 constituimus
1577 5291 1834 5348 sacerdo-

241 5387 364 5436 tem.
409 5405 430 5430 η
465 5383 538 5437 Et
555 5381 614 5436 in
643 5379 870 5452 epistola
891 5381 959 5435 ad
977 5382 1242 5436 Joannem
1265 5379 1582 5450 episcopum
1603 5379 1721 5450 (lib.
1745 5395 1828 5447 x1,

241 5468 351 5525 ind.
382 5473 467 5542 io,
529 5471 698 5542 epist.
751 5470 884 5542 25):
949 5490 972 5520 α
1007 5471 1081 5526 Te
1133 5471 1397 5524 Joannem
1457 5467 1524 5522 ab
1580 5468 1831 5524 hostibus

242 5558 508 5630 captivatas
538 5558 794 5618 Lisitanae
833 5557 1066 5616 civitatis
1095 5558 1412 5630 episcopum
1459 5555 1513 5611 in
1547 5555 1828 5628 Squillita—

1929 4573 2094 4629 modo
2123 4572 2455 4630 ministrare.
2505 4575 2563 4632 Si
2589 4592 2718 4632 vero
2742 4577 2858 4646 jam
2887 4576 3008 4648 quis
3036 4575 3330 4630 translatus
3360 4582 3525 4631 estex

1931 4661 2040 4718 alia
2066 4661 2124 4716 in
2151 4662 2311 4718 aliam
2342 4663 2650 4731 ecclesiam,
2681 4665 2880 4736 prioris
2908 4663 3174 4733 ecclesia,
3207 4663 3294 4718 vel
3318 4671 3526 4736 marty-

1931 4749 2132 4806 riorum
2163 4768 2286 4822 quae
2313 4737 2416 4807 sub
2445 4769 2507 4808 ea
2551 4762 2696 4822 sunt,
2737 4761 2829 4808 aut
2857 4751 3218 4822 ptochiorum,
3241 4759 3528 4810 aut-xeno.

1931 4838 2250 4894 dochiorum
2279 4841 2446 4896 rebus
2493 4843 2550 4896 in
2592 4841 2742 4898 nullo
2789 4839 3208 4896 communicent.
3252 4840 3365 4898 Eos
3395 4858 3527 4899 vero

1931 4927 2024 4999 qui
2053 4928 2168 4983 ausi
2211 4928 2428 4997 fuerint,
2471 4938 2596 5002 post
2641 4928 3014 4985 diﬁinitionem
3066 4945 3280 5002 magna;
3325 4937 3380 4987 et
3407 4931 3528 4987 uni-

1931 5017 2162 5072 versalis
2218 5018 2377 5088 hujus
2431 5017 2626 5090 synodi
2668 5017 2960 5089 quidquam
2999 5035 3066 5074 ex
3105 5019 3192 5074 his
3235 5035 3356 5092 quae
3403 5027 3530 5076 sunt

1931 5106 2210 5178 prohibita
2259 5115 2594 5180 perpetrare,
2655 5107 2900 5163 decrevit
2955 5116 3144 5166 sancta
3196 5109 3440 5180 synodus
3493 5124 3529 5164 a

1931 5195 2156 5267 proprio
2186 5195 2490 5266 hujusmodi
2518 5195 2690 5268 gradu
2719 5196 3000 5254 recedere.
3039 5218 3062 5248 ι

2001 5285 2151 5340 ΧΙΙΙ.
2187 5283 2346 5352 Quod
2375 5291 2552 5340 autem
2608 5285 2826 5357 quidam
2867 5295 3056 5344 contra
3095 5287 3202 5344 hoc
3231 5286 3524 5358 capitulum

1929 5372 2091 5440 huius
2116 5388 2332 5442 magnae
2360 5381 2414 5428 et
2442 5372 2770 5430 universalis
2801 5375 3014 5448 synodi,
3056 5375 3210 5449 quasi
3239 5392 3306 5431 ex
3343 5375 3525 5432 verbis

1931 5459 2076 5514 beati
2122 5459 2372 5534 Gregorii
2400 5470 2656 5536 satagunt
2711 5481 2771 5520 se
2816 5465 3045 5532 munire,
3087 5473 3145 5520 ut
3193 5463 3332 5522 duas
3362 5464 3523 5520 sedes

1933 5547 2094 5605 simul
2147 5557 2330 5608 tenere
2391 5552 2626 5623 valeant,
2684 5570 2808 5610 cum
2889 5553 3024 5610 nulli
3083 5553 3390 5610 Christiano
3457 5551 3524 5608 sit
