4072 6306
501 293 609 351 219

1279 285 1626 346 HINCMARI
1650 285 2056 345 RHEMENSIS
2081 282 2632 346 ARCHIEPISCOPI.

3696 284 3810 342 220

501 413 727 481 licitum,
757 413 846 470 vel
873 413 1014 471 duas
1050 427 1254 469 uxores
1285 412 1468 479 simul,
1510 411 1600 469 vel
1629 427 1858 469 uxorem
1887 419 1943 470 et
1969 427 2101 470 con-
2125 408 2186 473 A
2205 412 2506 485 quentium,
2535 413 2681 468 hanc
2723 410 3128 468 observantiam
3166 409 3426 478 refutare,
3460 423 3627 483 quam
3656 405 3814 464 beati

502 502 754 561 cubinam
799 500 1025 559 insimul
1070 501 1293 567 habere,
1334 500 1634 575 diligenter
1661 501 1831 558 verba
1858 501 2104 571 ejusdem

502 589 649 648 beati
695 589 951 665 Gregorii
978 591 1035 647 in
1075 590 1309 663 epistola
1351 590 1419 645 ad
1449 590 1760 648 Bacandum
1788 590 2109 662 episcopum

500 686 689 737 curent
715 679 1054 749 discernere,
1100 695 1209 753 qua
1248 677 1397 745 dicit,
1446 694 1559 734 non
1602 678 1672 735 de
1706 678 1928 752 longius
1968 677 2108 735 civi-

502 767 686 825 tatulis
710 783 745 824 a
774 784 838 824 se
862 768 1100 825 invicem
1131 767 1444 840 disparatis,
1478 767 1579 823 sed
1603 766 1675 823 de
1702 766 2105 833 collimitaneis,

502 863 559 913 et
583 855 655 913 de
681 864 797 912 tam
830 856 963 914 clari
994 871 1161 929 quam
1186 855 1365 928 plebis
1388 855 1767 912 imminutione
1815 855 2105 921 destitutis,

503 951 561 1000 et
604 944 771 1001 rebus
825 959 891 1003 ac
940 943 1290 1001 facultatibus
1334 943 1614 1000 desolatis.
1668 966 1691 993 α
1724 945 1793 999 Et
1846 941 2111 1014 temporis

503 1033 806 1089 necessitas
860 1049 986 1101 nos,
1041 1033 1215 1106 inquit
1242 1033 1363 1103 (lib.
1394 1047 1434 1101 ι,
1468 1033 1638 1106 epist.
1687 1035 1762 1103 8),
1824 1039 2107 1104 perurget,

503 1129 559 1177 et
583 1121 887 1179 imminutio
916 1136 1278 1194 personarum
1307 1120 1479 1193 exigit
1535 1128 1595 1176 ut
1624 1120 1897 1176 destitutis
1926 1120 2112 1177 eccle-

504 1209 604 1267 siis
631 1210 841 1267 salubri
877 1225 945 1267 ac
982 1210 1211 1282 provida
1253 1209 1557 1266 debeamus
1596 1209 1955 1281 dispositione
1986 1223 2112 1265 suc-

500 1314 746 1355 currere.
777 1299 848 1354 Et
875 1298 1000 1355 ideo
1028 1298 1289 1370 quoniam
1330 1297 1629 1355 ecclesiam
1670 1298 2113 1354 Minturnensem

502 1385 747 1443 funditus
798 1396 910 1443 tam
953 1387 1091 1443 cleri
1134 1403 1304 1460 quam
1342 1387 1523 1459 plebis
1557 1387 1870 1443 destitutam
1895 1386 2119 1443 desola-

505 1474 654 1531 tione
707 1474 1089 1549 cognovimus,
1174 1483 1429 1547 tuamque
1484 1491 1589 1548 pro
1636 1491 1706 1531 ea
1769 1475 2113 1559 petitionem!

2205 501 2352 556 Petri
2383 501 2573 558 sedem
2591 508 2646 557 et
2673 501 2827 574 sequi
2851 500 3033 557 videat
3063 508 3117 557 et
3143 501 3366 566 docere,
3399 498 3644 572 satisque
3676 512 3818 554 con-

2205 589 2432 646 veniens
2460 589 2549 661 sit,
2578 598 2636 645 ut
2660 597 2831 647 totum
2861 606 3059 662 corpus
3085 589 3350 646 Ecclesiae
3380 587 3436 642 in
3463 589 3568 644 hac
3588 586 3820 642 sibimet

2206 677 2588 734 observatione
2617 678 2931 744 concordet,
2953 693 3120 750 quam
3148 677 3261 734 illic
3288 677 3480 750 vigere
3501 673 3819 747 conspiciat

2207 767 2301 822 ubi
2320 767 2586 824 Dominus
2612 767 2877 824 Ecclesia
2901 767 3065 823 totius
3116 765 3297 838 posuit
3347 764 3742 836 principatum.
3791 782 3816 812 ι

2206 855 2277 911 Et
2343 855 2473 911 item
2513 855 2660 911 idem
2692 873 2707 910 :
2742 876 2765 906 ι
2810 855 3023 922 Patres,
3069 853 3262 928 inquit,
3321 852 3499 910 nostri
3553 848 3818 908 catholici

2207 944 2462 1002 videlicet
2480 943 2736 1016 doctique
2763 942 3066 1016 pontiﬁces,
3099 943 3364 1016 quidquid
3394 958 3492 1014 pro
3546 940 3680 1007 ﬁde,
3712 954 3818 1012 pro

2210 1033 2451 1099 veritate,
2484 1048 2588 1104 pro
2613 1033 2994 1089 communione
3040 1032 3307 1090 catholica
3355 1039 3520 1104 atque
3574 1035 3818 1101 aposto-

2209 1122 2334 1188 lica,
2393 1121 2691 1177 secundum
2747 1121 3156 1193 Scripturarum
3211 1119 3483 1176 tramitem
3552 1117 3820 1174 traditio-

2210 1226 2447 1283 nemque
2474 1210 2760 1279 majorum,
2793 1208 2937 1266 facta
2966 1210 3138 1266 semel
3152 1207 3580 1282 congregatione
3611 1220 3825 1262 sanxe-

2212 1306 2358 1366 runt,
2414 1297 2793 1355 inconvulsum
2844 1298 3135 1354 voluerunt
3174 1298 3435 1368 deinceps
3483 1294 3821 1366 ﬁrmumque

2214 1395 2481 1456 constare,
2513 1403 2616 1444 nec
2668 1387 2727 1442 in
2755 1388 2861 1443 hac
2889 1387 3080 1444 eadem
3108 1402 3270 1443 causa
3297 1387 3480 1442 denuo
3510 1400 3637 1457 qua:
3666 1399 3825 1455 prae-

2214 1475 2324 1531 ﬁxa
2378 1475 2589 1531 fuerant
2642 1476 2925 1532 retractari
2980 1475 3221 1548 qualibet
3264 1474 3475 1531 recenti
3536 1486 3822 1544 praesum-

512 1572 783 1635 quatenus
828 1563 1131 1621 Formiana:
1164 1563 1434 1632 ecclesiae,
1464 1563 1522 1619 in
1553 1579 1662 1637 qua
1713 1579 1914 1636 corpus
1969 1564 2118 1620 beatl
2216 1565 2399 1636 ptione
2426 1564 2813 1636 permiserunt,
2850 1563 3251 1636 sapientissime
3265 1562 3642 1636 pervidentes,
3675 1574 3822 1633 quo-

510 1651 725 1709 Erasmi
750 1651 1013 1725 martyris
1057 1652 1370 1725 requiescit,
1416 1652 1616 1725 cuique
1663 1650 1973 1708 fraternitas
2026 1659 2117 1707 tua
2217 1652 2362 1708 niam
2392 1653 2439 1708 si
2466 1653 2688 1709 decreta
2715 1653 3006 1708 salubriter
3030 1652 3283 1725 cuiquam
3340 1652 3532 1709 liceret
3588 1650 3822 1716 iterare,

499 1740 778 1830 prasidet,
807 1741 1037 1815 adjungi
1063 1741 1281 1830 debeat,
1310 1741 1459 1830 piam
1503 1757 1628 1797 esse
1657 1756 1724 1798 ac
1747 1740 2101 1830 justissimam
2127 1768 2185 1830 Β
2218 1741 2425 1830 nullum
2483 1750 2670 1798 contra
2707 1741 2952 1813 singulos
2984 1757 3252 1830 quosque
3306 1756 3532 1812 prorsus
3587 1752 3825 1795 errores

498 1829 886 1900 praeﬁdentes,
917 1829 1292 1886 necessarium
1307 1829 1580 1895 duximus,
1610 1829 1960 1885 consulentes
1988 1837 2099 1885 tam
2158 1829 2163 1830 “
2201 1829 2396 1886 stabile
2421 1831 2743 1901 persisteret
2783 1829 3044 1887 Ecclesiae
3070 1830 3439 1896 constitutum,
3473 1844 3539 1895 ac
3583 1843 3820 1898 semper

500 1916 823 1975 desolationi
875 1917 1042 1986 illius,
1098 1933 1261 1991 quam
1316 1925 1425 1974 tuae
1478 1917 1730 1974 ecclesia:
1774 1918 2097 1990 paupertati,
2201 1917 2378 1974 isdem
2427 1917 2698 1974 furoribus
2728 1918 2989 1974 redivivis
3018 1918 3199 1974 omnis
3271 1918 3487 1991 integra
3562 1915 3827 1972 difﬁnitio

501 2007 708 2063 reditus
732 2006 1075 2078 supraedictaa
1113 2005 1365 2063 ecclesia:
1392 2005 1798 2072 Minturnensis,
1830 2005 1920 2062 vel
1947 2005 2102 2078 quid-
2205 2008 2535 2064 turbaretur.
2574 2027 2598 2057 ι
2632 2009 2701 2062 Et
2721 2007 3075 2079 Symmachus
3097 2007 3228 2064 dicit
3247 2007 3433 2080 (epist.
3462 2011 3514 2074 1,
3549 2006 3781 2076 ﬂama)
3803 2024 3823 2060 :

503 2094 637 2167 quid
662 2095 713 2151 ei
743 2095 969 2168 antiquo
1013 2095 1389 2168 modernoque
1419 2095 1542 2165 jure
1572 2094 1663 2150 vel
1687 2094 1976 2166 privilegio
2005 2110 2104 2166 po-
2209 2118 2234 2148 ι
2267 2097 2353 2152 Ad
2409 2097 2585 2167 ipsam
2635 2104 3046 2153 sacrosanctam
3102 2095 3428 2152 catholicam
3479 2094 3829 2168 religionem

504 2181 606 2239 tuit
657 2191 906 2255 potestve
960 2183 1198 2258 qualibet
1251 2183 1459 2239 ratione
1501 2191 1834 2255 competere,
1894 2183 1963 2238 ad
1999 2191 2106 2239 tua:
2203 2185 2496 2256 pertinere,
2553 2184 2708 2254 cujus
2744 2185 2922 2240 omnis
2976 2191 3221 2256 potestas
3303 2182 3641 2257 infringitur,
3704 2181 3818 2238 nisi

506 2271 757 2329 ecclesiae
823 2272 914 2343 jus
976 2279 1410 2345 potestatemque
1467 2271 1573 2327 hac
1615 2271 1879 2344 praecepti
1932 2271 2104 2327 nostri
2204 2273 2460 2330 universa
2488 2289 2613 2345 quae
2639 2288 2671 2327 a
2717 2272 2936 2328 Domini
2965 2272 3345 2328 sacerdotibus
3391 2271 3563 2328 semel
3593 2271 3820 2345 regula-

505 2359 826 2417 auctoritate
873 2361 1289 2433 transmigrare.
1325 2380 1349 2410 ι
1385 2361 1447 2415 In
1475 2359 1630 2430 cujus
1665 2359 1850 2415 verbis
1876 2359 2106 2432 quisque
2205 2361 2337 2417 riter
2365 2369 2946 2432 statuunturperpetua
2974 2361 3100 2416 sint.
3120 2360 3283 2430 Quod
3308 2359 3444 2416 alias
3472 2359 3812 2432 contingere

504 2448 668 2505 debet
723 2449 1029 2517 attendere,
1059 2449 1185 2522 quia
1219 2448 1353 2505 dicit
1383 2448 1531 2520 quod
1568 2447 1831 2520 temporis
1862 2447 2105 2504 necessi-

503 2544 585 2592 tas
624 2545 903 2612 perurget,
950 2545 1004 2594 et
1045 2536 1352 2593 imminutio
1400 2535 1568 2609 exigit
1629 2551 2006 2608 personarum,
2050 2544 2110 2591 ut

504 2624 774 2683 destitutis
806 2625 1057 2683 ecclesiis
1078 2626 1278 2683 debeat
1308 2632 1710 2693 succurrere,et
1738 2623 2109 2682 necessarium

507 2712 656 2770 ducit
685 2721 794 2769 tam
821 2713 1144 2771 desolationi
1188 2713 1317 2781 loci,
1378 2728 1542 2786 quam
1587 2713 1887 2784 paupertati
1933 2713 2111 2770 eccle-

509 2799 608 2858 sia
679 2801 987 2859 consulere.
1071 2801 1271 2857 Volunt
1333 2799 1499 2857 etiam
1556 2800 1797 2873 quidam,
1845 2816 1912 2856 ex
1968 2816 2109 2873 quo-

508 2889 757 2947 rumdam
804 2889 1006 2946 novelli
1062 2889 1324 2961 temporis
1383 2887 1788 2959 adinventione,
1846 2903 2111 2960 usurpare

509 2978 1009 3051 praesumptionem,
1060 2986 1331 3051 quatenus
1388 2976 1553 3034 liceat
1609 2976 1690 3032 eis
1761 2977 1924 3032 sedes
1979 2992 2111 3033 suas

508 3075 740 3137 mutare,
783 3082 895 3123 non
937 3081 1104 3124 causa
1158 3065 1420 3134 utilitatis,
1452 3065 1551 3121 sed
1593 3065 1923 3137 superducto
1950 3064 2110 3138 quasi

508 3155 815 3215 velamento
880 3154 1239 3221 necessitatis,
1290 3170 1485 3211 revera
1542 3153 1763 3226 quidem
1817 3153 2110 3211 ambitione

509 3244 856 3316 cupiditatis;
914 3243 971 3299 in
1040 3259 1152 3315 qua
1207 3249 1705 3299 commemorantur
1761 3242 1985 3315 quidam
2038 3243 2110 3297 de

513 3331 824 3389 civitatibus
851 3331 920 3387 ad
947 3330 1217 3399 civitates,
1249 3339 1305 3387 et
1356 3331 1518 3386 etiam
1562 3331 1631 3385 de
1685 3330 1987 3387 minoribus
2039 3330 2110 3386 ad

515 3420 762 3492 potiores
814 3419 1062 3476 translati
1103 3417 1274 3475 fuisse
1315 3418 1580 3490 episcopi,
1637 3427 1929 3492 antequam
1981 3419 2111 3475 hinc

513 3517 679 3565 certae
707 3507 1061 3566 diﬂinitiones
1077 3522 1360 3564 sacrorum
1375 3521 1643 3564 canonum
1670 3505 1823 3564 fuere
1848 3505 2106 3578 praeﬁxae,

510 3613 647 3670 quas
698 3597 1006 3671 transgredi
1024 3596 1395 3668 perniciosum
1420 3604 1525 3652 est.
1557 3594 1925 3661 Manifestum,
1970 3594 2111 3651 sicut

513 3693 739 3742 sanctus
768 3685 987 3741 Hilarus
1032 3701 1177 3757 papa
1222 3685 1294 3740 ad
1348 3685 1633 3740 Leontium
1674 3691 1729 3740 et
1756 3685 1828 3739 ad
1883 3691 2112 3740 caeteros

512 3773 805 3844 episcopos
859 3772 1051 3831 scribit
1109 3772 1307 3829 dicens
1334 3772 1522 3845 (epist.
1557 3773 1647 3842 11)
1679 3788 1693 3828 :
1731 3793 1756 3824 ι
1807 3771 1949 3841 Quia
1998 3786 2111 3828 non

510 3860 691 3918 minus
732 3861 793 3916 in
855 3869 1165 3917 sanctarum
1208 3859 1555 3916 traditionum
1598 3859 1933 3933 delinquitur
1984 3874 2113 3916 san-

513 3949 742 4015 ctiones,
772 3964 937 4022 quam
963 3948 1021 4004 in
1319 3948 1490 4020 ipsius
1516 3947 1737 4004 Domini
1763 3948 2059 4020 prosilitur.
2081 3967 2106 3997 ι

508 4037 578 4093 Et
606 4046 830 4096 sanctus
859 4038 1183 4094 Coelestinus
1212 4037 1397 4109 (epist.
1432 4041 1490 4092 11
1508 4049 1541 4095 ):
1564 4037 1749 4093 «Nulli
1766 4037 2109 4094 sacerdotum

512 4142 643 4184 suos
668 4127 832 4185 liceat
860 4142 1101 4184 canones
1127 4126 1405 4201 ignorare,
1441 4142 1544 4183 nec
1575 4125 1871 4200 quidquam
1901 4125 2105 4191 facere,

511 4217 659 4288 quod
684 4225 905 4289 patrum
928 4216 1105 4290 possit
1141 4215 1349 4290 regulis
1400 4215 1643 4273 obviare.
1706 4215 1839 4286 Quae
1885 4215 2035 4273 enim
2075 4230 2109 4269 a

511 4305 673 4362 nobis
698 4322 788 4363 res
818 4306 985 4378 digna
1029 4305 1359 4369 servabitur,
1390 4304 1439 4360 si
1490 4304 1847 4361 decretalium
1905 4319 2099 4361 norma

511 4395 927 4450 constitutorum
951 4410 1057 4466 pro
1082 4393 1395 4465 aliquorum
1433 4392 1591 4447 libitu
1627 4392 1846 4449 licentia
1890 4393 2109 4465 pepulis

2205 2449 2426 2522 poterit,
2458 2451 2507 2504 si
2535 2465 2823 2506 successor
2848 2449 3158 2505 decessoris
3178 2449 3389 2506 actibus
3413 2464 3523 2506 non
3555 2448 3824 2504 tribuerit

2207 2537 2539 2606 ﬁrmitatem,
2570 2545 2626 2594 et
2654 2538 2965 2594 roboranda
2989 2554 3110 2610 quae
3137 2546 3294 2609 gesta
3337 2545 3463 2593 sunt
3491 2535 3659 2593 faciat
3686 2544 3811 2592 rata

2209 2643 2334 2683 esse
2371 2643 2494 2699 qua:
2521 2626 2773 2699 gesserit.
2811 2647 2834 2676 ι
2883 2627 2953 2681 Et
2980 2627 3111 2682 item
3138 2626 3284 2682 idem
3311 2627 3501 2699 (epist.
3535 2625 3768 2696 eadem)
3799 2641 3815 2681 :

2215 2737 2239 2767 ι
2271 2715 2483 2784 Quanta
2508 2715 2725 2771 vicariis
2751 2713 3053 2770 beatissimi
3095 2714 3239 2770 Petri
3267 2713 3502 2786 apostoli
3531 2713 3819 2782 judicabi-

2210 2812 2300 2858 tur
2325 2820 2449 2860 esse
2490 2803 2819 2869 reverentia,
2870 2803 2917 2857 si
2972 2819 3095 2876 quae
3139 2803 3195 2857 in
3242 2802 3555 2858 sacerdotio
3607 2801 3825 2874 praeci-

2210 2891 2383 2963 piunt,
2440 2891 2648 2947 eisdem
2728 2891 3135 2947 transeuntibus
3216 2890 3629 2947 dissolvantur?
3668 2909 3688 2942 ο
3754 2891 3832 2946 Ει

2213 2980 2385 3036 item:
2423 3001 2447 3031 ι
2480 2980 2606 3035 Non
2655 2986 2835 3051 potest
2871 2995 2939 3035 ex
2993 2989 3148 3050 parte
3202 2977 3419 3034 ﬁrmum
3465 2992 3596 3036 esse
3665 2980 3825 3052 quod

2215 3067 2585 3141 generalitatis
2610 3068 2787 3140 tangit
2801 3066 3135 3137 injuriam,et
3160 3069 3311 3141 quod
3327 3067 3507 3140 quasit
3530 3068 3604 3124 ad
3631 3076 3825 3124 astru-

2209 3157 2463 3225 ctionem,
2485 3156 2663 3229 magis
2688 3164 2870 3212 autem
2904 3156 2973 3211 ad
3001 3156 3429 3213 destructionem
3458 3156 3705 3227 positum
3735 3164 3829 3213 est

2207 3245 2263 3302 in
2333 3245 2715 3301 adinventione
2766 3244 3119 3316 praemissa.»
3179 3245 3336 3302 Unde
3388 3245 3566 3302 sancti
3616 3246 3824 3302 Patres

2207 3334 2414 3390 Nitieni
2442 3334 2615 3406 capite
2645 3332 2887 3390 secundo
2915 3333 3101 3390 dicunt
3121 3335 3273 3403 (can.
3304 3334 3394 3405 11)
3428 3351 3441 3388 :
3479 3356 3503 3384 ε
3538 3333 3826 3404 Quoniam

2208 3422 2365 3494 plura
2390 3431 2482 3478 aut
2507 3439 2609 3494 per
2637 3421 3041 3488 necessitatem,
3071 3430 3165 3478 aut
3191 3423 3325 3478 alias
3353 3423 3688 3495 cOgentibus
3710 3424 3821 3480 ho-

2206 3510 2445 3566 minibus
2464 3511 2729 3567 adversus
2741 3510 3170 3567 ecclesiasticam
3193 3509 3329 3567 facta
3348 3511 3776 3584 suntregulam;
3798 3534 3823 3564 ι

2209 3605 2264 3653 et
2293 3607 2515 3655 sanctus
2573 3600 2683 3656 Leo
2736 3614 2877 3671 papa
2925 3598 3103 3669 capite
3145 3599 3573 3672 quadragesimo
3620 3610 3828 3672 quarto

2210 3686 2575 3744 Decretalium
2603 3703 2829 3742 suorum
2856 3686 3008 3753 dicit,
3030 3687 3387 3743 omittendum
3409 3703 3534 3743 esse
3556 3695 3614 3742 et
3642 3687 3829 3746 incul-

2208 3775 2389 3844 pabile
2412 3775 2787 3846 judicandum,
2839 3775 2987 3847 quod
3035 3776 3337 3831 necessitas
3378 3774 3577 3832 intulit.
3641 3776 3831 3847 Quam

2210 3863 2448 3919 alienum
2477 3879 2511 3919 a
2555 3864 2765 3920 ratione
2806 3872 2861 3921 et
2905 3865 3225 3921 auctoritate
3282 3865 3635 3921 astructionis
3663 3867 3840 3937 hujus

2207 3951 2530 4022 perniciosae
2553 3952 2928 4026 permissionis
2946 3953 3035 4018 sit,
3068 3953 3161 4025 qui
3190 3954 3385 4009 eadem
3413 3952 3658 4024 capitula
3686 3953 3831 4028 legit

2208 4048 2461 4111 patenter
2491 4042 2759 4114 agnoscit,
2791 4041 2918 4114 quia
2944 4041 3089 4096 illius
3118 4042 3344 4098 secundi
3361 4042 3588 4113 capituli
3602 4043 3827 4100 Nicmni

2208 4130 2425 4186 concilii
2476 4145 2790 4202 processus,
2847 4130 2996 4203 quod
3058 4147 3293 4202 perpere
3352 4138 3539 4188 actum
3586 4140 3829 4189 eatenus

2211 4215 2404 4287 fuerat,
2436 4235 2508 4276 ne
2534 4219 2793 4291 deinceps
2821 4219 3053 4292 quisque
3096 4229 3409 4291 praesumat,
3461 4235 3590 4276 cum
3620 4237 3835 4296 magna

2207 4305 2643 4363 interminatione
2675 4307 2975 4378 prohibuit,
3033 4316 3087 4364 et
3142 4308 3433 4380 capitulum
3465 4308 3832 4384 quadragesi-

2206 4410 2357 4451 mum
2386 4396 2601 4452 tertium
2628 4396 2841 4462 Leonis,
2859 4396 2929 4450 ab
2956 4397 3059 4454 hac
3094 4395 3304 4452 ratione
3331 4397 3547 4468 penitus
3572 4405 3661 4454 est
3683 4399 3829 4454 alie-

507 4483 783 4552 permissa
807 4481 1139 4552 frangatur?
1189 4500 1215 4530 ι
1258 4479 1327 4534 Et
1368 4487 1592 4535 sanctus
1618 4480 1731 4536 Leo
1756 4481 1952 4552 (epist.
1991 4485 2016 4534 1
2034 4483 2107 4549 ἢζε
2140 4482 2368 4550 Dnum,
2397 4484 2535 4539 sicut
2564 4483 2904 4553 trigesimum
2922 4493 3173 4540 octavum
3201 4485 3498 4556 capitulum
3526 4484 3586 4541 in
3616 4486 3827 4546 decre—

518 4591 543 4620 ιι
573 4572 693 4628 Hoc
742 4569 1041 4627 admonitio
1082 4576 1268 4625 nostra
1291 4567 1569 4634 denuntia,
1601 4567 1748 4638 quod
1775 4567 1824 4622 si
1850 4567 1973 4639 quis
2002 4566 2113 4622 fra-

516 4665 665 4713 trum
689 4667 883 4716 contra
910 4660 1031 4715 hac
1059 4655 1351 4714 constituta
1363 4656 1551 4710 venire
1573 4654 1883 4721 tentaverit,
1912 4662 1966 4708 et
1985 4669 2115 4724 pro-

515 4743 691 4802 hibita
740 4746 905 4803 fuerit
959 4762 1126 4802 ausus
1179 4743 1487 4808 admittere,
1544 4759 1581 4796 a
1629 4756 1729 4796 suo
1780 4757 1841 4797 se
1896 4741 2111 4798 noverit

516 4831 697 4888 oﬂicio
728 4835 1185 4901 submovendum,
1212 4846 1317 4888 nec
1333 4829 1735 4887 communionis
1751 4838 1951 4885 nostra
1970 4829 2115 4884 futu-

517 4937 639 4975 rum
665 4936 791 4976 esse
840 4931 1187 4991 consortem,
1229 4919 1325 4992 qui
1362 4920 1547 4976 socius
1589 4932 1713 4973 esse
1741 4918 1914 4973 noluit
1939 4917 2111 4973 disci-

520 5008 709 5080 pline.
745 5028 771 5059 ι
802 5008 875 5063 Et
912 5017 1132 5064 sanctus
1160 5007 1415 5066 Gelasius
1455 5007 1651 5087 (epist.
1684 5007 1719 5058 6
1751 5005 1825 5060 ad
1876 5009 2113 5062 univer-

517 5115 607 5155 so:
649 5097 847 5171 cpias.)
879 5113 895 5153 :
931 5117 956 5147 α
1019 5095 1269 5169 Cumque
1322 5095 1480 5151 nobis
1544 5101 1736 5150 contra
1795 5095 2115 5150 salutarium

518 5186 885 5243 reverentiam
950 5183 1271 5257 regularum
1297 5183 1580 5254 cupiamus
1614 5187 1817 5238 temere
1840 5184 1917 5238 nil
1944 5184 2113 5240 licere

519 5284 577 5332 et
598 5290 725 5333 cum
768 5275 933 5332 sedes
975 5273 1275 5344 apostolica
1311 5286 1477 5340 super
1504 5268 1591 5322 his
1618 5270 1871 5328 omnibus
1897 5273 2112 5330 favente

518 5367 773 5431 Domino,
797 5380 919 5438 qua
1256 5357 1559 5414 canonibus
1598 5364 1721 5411 sunt
1747 5361 1989 5433 praeﬁxa,

511 5455 821 5526 devotaque
846 5453 1057 5509 suadeat
1107 5459 1295 5507 tenere
1329 5462 1389 5496 ιτ·
1534 5444 1623 5499 ⁵η).
1658 5448 1791 5504 satis
1819 5451 2103 5528 indignum

516 5562 603 5613 est
635 5569 983 5629 quemqum,
1014 5550 1103 5608 vel
1138 5567 1203 5623 pc
1701 5546 1869 5608 ‘Jnum
1910 5554 2111 5610 subse-

2214 4569 2284 4623 tis
2312 4571 2427 4625 suis
2452 4570 2523 4624 ad
2550 4571 2895 4625 Anastasium
2909 4573 3820 4647 Tliessalonicensemepiscopum,

2215 4657 2314 4712 sed
2336 4658 2395 4712 id
2420 4657 2600 4728 ipsum
2625 4658 2913 4728 capitulum
2943 4661 3227 4717 evidenter
3257 4662 3517 4718 ostendit.
3543 4663 3658 4719 Sed
3687 4673 3745 4720 et
3768 4673 3823 4721 te

2214 4743 2300 4799 his
2328 4762 2450 4817 quae
2468 4761 2567 4817 per
2594 4747 2972 4804 necessitatem
3002 4750 3157 4816 ﬁunt,
3218 4750 3515 4822 potiusque
3556 4754 3829 4826 usurpari

2213 4832 2483 4903 videntur,
2514 4842 2733 4891 sanctus
2778 4835 3121 4893 [mouendus
3170 4838 3227 4893 in
3272 4839 3515 4895 decretis
3568 4841 3687 4896 suis
3746 4843 3824 4898 ad

2212 4921 2413 4978 Rufum
2454 4932 2508 4979 et
2563 4923 2858 4979 Eusebium
2912 4942 2975 4982 ac
3025 4936 3257 4983 ca‘teros
3310 4928 3607 5000 episcopos
3685 4931 3829 4988 dicit

2214 5008 2401 5082 (epist.
2423 5012 2551 5073 2'7):
2576 5032 2598 5062 ι
2624 5011 2907 5068 Pervideat
2931 5030 3069 5088 ergo
3088 5014 3307 5071 dilectio
3337 5024 3527 5072 vestra
3545 5019 3827 5076 hactenus

2215 5099 2337 5154 talia
2364 5100 2641 5165 transisse,
2697 5108 2751 5156 et
2802 5102 3069 5158 advertite
3124 5103 3270 5174 quod
3298 5104 3483 5177 utique
3542 5112 3603 5161 ut
3633 5107 3827 5164 dicitis

2210 5189 2512 5244 necessitas
2538 5189 2840 5261 imperavit,
2868 5191 2927 5247 in
2951 5207 3087 5263 pace
3108 5191 3222 5260 jam
3259 5192 3528 5250 ecclesias
3543 5197 3823 5253 constitu-

2214 5284 2299 5332 tas
2368 5293 2479 5334 non
2538 5294 2705 5350 posse
2756 5295 3108 5351 praesumere.
3168 5299 3193 5329 ι
3260 5281 3331 5336 Et
3388 5283 3561 5339 Paulo
3644 5293 3777 5356 post
3811 5305 3829 5342 :

2218 5388 2241 5418 ι
2274 5368 2457 5424 Priora
2500 5384 2637 5442 ergo
2676 5368 3010 5424 dimettenda
3055 5367 3179 5423 dico
3224 5369 3327 5424 Dei
3374 5370 3609 5438 judicio,
3664 5380 3725 5429 et
3751 5374 3827 5431 de

2211 5456 2423 5530 reliquo
2448 5459 2685 5514 maxima
2697 5456 3059 5516 sollicitudine
3093 5458 3532 5527 praecavendum.
3553 5480 3577 5509 ι
3610 5462 3827 5520 Videre

2210 5555 2379 5629 igitur
2404 5565 2458 5614 et
2485 5556 2687 5614 mentis
2713 5553 3026 5627 etcorporis
3053 5553 3213 5611 oculo
3241 5555 3335 5628 qui
3362 5557 3481 5612 haec
3507 5558 3829 5618 adinvene-
