4072 6296
213 290 320 348 221

1652 281 2029 342 EPISTOLE.

3363 275 3373 282 “
3419 290 3528 348 222

217 420 350 469 runt
379 411 683 468 debuerant
710 411 865 468 Pauli
885 410 1208 468 sententiam
1225 425 1333 484 qua
1351 409 1483 468 dicit
1505 411 1655 468 :Non
1673 411 1828 467 enim
1846 409 1904 473 A
1932 408 2117 466 cilium
2145 407 2278 465 dicit
2298 408 2452 481 (can.
2473 409 2562 481 11)
2587 427 2601 464 :
2629 429 2652 461 ι
2679 409 2748 466 Ut
2765 409 2976 467 etiamsi
2997 411 3116 468 talis
3139 413 3336 486 aliquis
3357 414 3528 470 exsti-

218 518 424 586 sumus
492 503 644 558 sicut
697 502 946 574 plurimi
999 501 1392 558 adulterantes
1454 501 1682 556 verbum
1730 499 1832 554 Dei

219 592 299 663 (ΙΙ
327 589 454 646 Cor.
488 605 548 656 ιι,
583 589 694 661 17).
734 611 757 641 ι
809 589 1052 657 Adulter,
1103 589 1276 662 inquit
1304 589 1498 644 beatus
1529 587 1832 659 Gregorius

218 678 443 751 (Morel.
495 693 616 744 ενι,
649 693 751 749 cap
788 680 902 749 25),
947 677 1005 732 in
1032 677 1242 734 carnali
1289 677 1433 734 coitu
1480 693 1593 732 non
1618 675 1833 748 prolem

217 767 320 824 sed
349 767 692 838 voluptatem
719 767 932 839 quaerit,
965 773 1018 822 et
1047 781 1339 838 perversus
1369 765 1570 838 quique
1597 781 1663 822 ac
1679 781 1832 823 vanae

217 855 414 932 gloriae
443 855 696 912 serviens
724 863 875 912 recte
905 855 1218 910 adulterare
1245 854 1828 926 verbumlDeidicitur,

219 945 352 1018 quia
383 960 486 1016 per
533 960 754 1002 sacrum
795 943 1074 1015 eloquium
1121 960 1231 999 non
1261 944 1378 1000 Deo
1408 941 1548 1002 filios
1579 943 1827 1016 gignere,

219 1034 320 1089 sed
341 1047 504 1088 suam
536 1032 818 1088 scientiam
849 1032 1128 1088 desiderat
1157 1039 1451 1088 ostentare.
1483 1030 1663 1101 Quem
1684 1031 1831 1086 enim

219 1121 390 1176 libido
420 1120 615 1194 gloriae
656 1121 724 1176 ad
767 1121 1103 1193 loquendum
1140 1120 1323 1187 trahit,
1359 1119 1622 1191 voluptati
1651 1119 1831 1193 magis

223 1226 389 1283 quam
425 1210 799 1282 procreationi
851 1225 1073 1281 operam
1130 1209 1447 1281 impendit.»
1495 1209 1585 1265 Sic
1633 1217 1687 1264 et
1737 1209 1832 1280 qui

221 1311 326 1366 pro
358 1293 560 1364 opibus
591 1301 645 1350 et
673 1292 988 1350 facultatum
1045 1293 1217 1364 cOpiis
1271 1307 1338 1349 ac
1396 1292 1563 1347 rebus
1595 1291 1829 1347 terrenis

221 1378 535 1435 Ecclesiam
578 1393 730 1434 suam
771 1385 958 1446 mutat,
1000 1377 1213 1433 adulter
1257 1375 1454 1432 merito
1501 1384 1746 1446 vocatur,
1779 1383 1832 1431 et

220 1467 364 1522 inter
410 1466 693 1523 adulteros
747 1466 1114 1538 deputabitur.
1146 1465 1289 1522 Nam
1317 1465 1608 1532 civitatem,
1640 1465 1696 1519 in
1725 1478 1832 1537 qua

222 1556 421 1612 Comes
465 1555 772 1624 inhabitat,
805 1562 858 1610 et
884 1555 1068 1611 clerici
1111 1569 1176 1610 ac
1207 1553 1332 1610 laici
1374 1553 1608 1622 nobiles,
1650 1553 1749 1608 sed
1777 1560 1832 1606 et

221 1643 496 1718 ignobiles
529 1651 692 1715 atque
739 1644 930 1700 rustici
985 1643 1347 1712 laboratores,
1381 1650 1436 1698 et
1463 1643 1628 1698 etiam
1658 1641 1832 1698 Judaei

223 1741 280 1787 ut
335 1732 510 1787 fertur
564 1731 886 1799 inhabitant,
945 1740 999 1787 et
1058 1733 1113 1786 in
1165 1730 1427 1803 parochia
1457 1731 1557 1786 sub
1608 1729 1828 1786 nomine

222 1821 534 1878 Christiano
562 1821 788 1892 degunt,
831 1821 1150 1893 episcopum
1179 1835 1348 1876 causa
1377 1819 1702 1892 cupiditatis,
1736 1827 1830 1874 aut

221 1909 418 1966 ardore
449 1908 763 1965 ambitionis
791 1910 1072 1976 deserere,
1097 1917 1150 1964 et
1178 1909 1406 1964 alteram
1422 1909 1611 1964 sedem
1630 1923 1830 1966 vacan-

223 2008 328 2054 tem
386 1998 676 2069 invadere,
725 2007 777 2053 et
807 2014 930 2054 cum
959 1997 1054 2053 illa
1091 1998 1147 2052 in
1179 2013 1288 2070 qua
1316 1997 1598 2052 ordinatus
1625 1996 1742 2065 fuit,
1777 2003 1830 2051 et

220 2088 274 2142 in
309 2100 423 2160 qua
469 2086 592 2142 sine
635 2086 880 2158 periculo
927 2086 1120 2143 mortis
1171 2083 1377 2159 de‘gere
1425 2085 1587 2155 valet,
1622 2093 1824 2154 tenere,

223 2191 328 2232 non
349 2175 540 2232 solum
570 2183 727 2248 turpe
754 2176 851 2230 sed
882 2183 935 2230 et
963 2173 1331 2246 periculosum
1349 2181 1509 2246 atque
1556 2172 1830 2244 pernicio-

223 2259 345 2322 sum
389 2273 497 2331 est,
541 2277 668 2321 cum
726 2265 864 2320 sacri
895 2279 1134 2320 canones
1163 2263 1322 2318 etiam
1354 2263 1422 2318 de
1451 2271 1678 2320 vacante
1709 2262 1830 2332 epi-

225 2369 390 2426 scopo
421 2353 480 2408 in
510 2353 820 2410 Ecclesiam
857 2362 1142 2410 vacantem
1172 2351 1488 2424 prosiliente
1535 2352 1833 2406 decernant

224 2445 399 2512 (conc.
433 2443 705 2499 Antioch.
726 2458 826 2498 can
847 2444 956 2512 lt),
986 2462 1010 2493 α
1030 2449 1088 2496 ut
1109 2441 1155 2495 si
1176 2440 1299 2513 quis
1319 2439 1610 2512 episc0pus
1629 2454 1832 2496 vacans

223 2531 275 2586 in
303 2530 598 2587 ecclesiam
629 2539 908 2588 vacantem
953 2529 1216 2602 prosiliat,
1249 2529 1544 2600 sedemque
1573 2528 1833 2598 pervadat

225 2621 434 2692 absque
471 2619 691 2692 integro
734 2619 1090 2691 perfectoque
1135 2617 1387 2685 concilio,
1433 2617 1522 2673 hic
1550 2617 1833 2685 abjiciatur

225 2724 452 2764 necesse
485 2715 594 2776 est,
629 2707 730 2763 etsi
758 2715 986 2764 cunctus
1013 2707 1249 2779 populus
1279 2721 1443 2779 quem
1461 2705 1678 2776 diripuit
1708 2720 1833 2761 eum

226 2798 429 2854 habere
487 2797 778 2868 delegerit.
828 2795 1138 2852 Perfectum
1193 2810 1324 2852 vero
1377 2793 1673 2852 concilium
1703 2793 1834 2848 illud

226 2897 326 2956 est,
359 2885 458 2942 ubi
512 2885 821 2942 interfuerit
874 2884 1318 2957 metropolitanus
1375 2884 1620 2939 antistes.
1669 2904 1691 2933 ι
1726 2883 1836 2939 Sed

228 2985 280 3033 et
309 2975 378 3031 de
410 2989 479 3031 eo
511 2976 604 3048 qui
635 2974 1070 3031 irrationabiliter
1093 2982 1148 3030 et
1166 2973 1544 3044 irregulariter
1563 2972 1836 3028 civitatem

228 3087 381 3129 suam
426 3071 484 3124 in
532 3083 639 3141 qua
695 3065 975 3121 ordinatus
1008 3063 1105 3120 fuit
1161 3063 1365 3118 deserit
1399 3105 1412 3130 ,
1448 3071 1502 3118 et
1558 3063 1628 3117 ad
1672 3061 1834 3116 aliam

231 3161 454 3232 transi},
482 3156 812 3214 Sardicense
869 3153 1156 3210 concilium
1187 3152 1318 3208 dicit
1347 3151 1498 3222 (can.
1541 3150 1596 3222 1)
1622 3169 1634 3204 :
1663 3171 1685 3200 ι
1710 3150 1836 3205 Non

228 3251 406 3306 minus
439 3247 587 3304 mala
617 3243 972 3310 consuetudo,
1002 3257 1164 3314 quam
1191 3240 1503 3312 perniciosa
1525 3238 1834 3310 corruptela

231 3339 471 3396 funditus
527 3333 863 3392 eradicanda
921 3339 1022 3401 est,
1053 3347 1122 3385 ne
1173 3329 1261 3386 cui
1288 3329 1448 3385 liceat
1479 3328 1737 3399 episcopo
1765 3327 1835 3382 de

233 3428 447 3486 civitate
477 3440 578 3480 sua
609 3423 682 3479 ad
711 3421 876 3477 aliam
903 3419 1136 3476 transire
1195 3417 1488 3475 civitatem.
1551 3415 1837 3473 Manifesta

235 3526 316 3574 est
336 3516 486 3573 enim
516 3527 686 3570 causa
715 3527 820 3582 qua
849 3511 952 3565 hoc
981 3507 1161 3564 facere
1198 3513 1389 3574 tentat,
1421 3521 1544 3561 cum
1572 3505 1754 3561 nullus
1781 3504 1838 3558 in

233 3608 332 3663 hac
361 3621 424 3661 re
443 3605 701 3660 inventus
731 3599 799 3654 sit
827 3598 1136 3670 episcOpus,
1172 3595 1264 3668 qui
1285 3595 1352 3650 de
1379 3595 1587 3665 majore
1619 3593 1839 3650 civitate

233 3696 302 3751 ad
347 3695 626 3749 minorem
669 3687 921 3743 transiret
952 3704 966 3742 :
1000 3686 1146 3741 unde
1199 3693 1388 3756 aparet
1447 3683 1691 3740 avaritia:
1745 3697 1838 3737 ar-

231 3785 364 3840 dore
417 3798 517 3838 eos
572 3776 914 3842 inflammari,
997 3783 1049 3830 et
1103 3773 1383 3829 ambitioni
1441 3772 1668 3839 servire,
1701 3778 1754 3826 et
1781 3778 1842 3826 ut

236 3870 668 3929 dominationem
698 3873 886 3940 agant.
923 3864 981 3921 Si
1011 3864 1264 3958 omnibus
1295 3863 1494 3934 placet,
1527 3859 1840 3932 hujusmodi

233 3960 508 4035 pernicies
567 3955 766 4014 saevius
823 3961 877 4010 et
931 3951 1202 4008 austeriué
1255 3951 1558 4008 vindicetur
1579 3994 1591 4017 ,
1624 3957 1680 4004 ut
1738 3964 1840 4004 nec

229 4051 423 4108 laicam
453 4045 898 4106 communionem
926 4044 1128 4099 habeat
1157 4041 1250 4113 qui
1279 4039 1400 4118 talis
1431 4047 1533 4095 est.
1571 4060 1594 4088 »
1629 4040 1690 4094 In
1737 4039 1842 4094 hoc

231 4139 466 4213 capitulo
495 4137 675 4206 major
701 4142 756 4191 et
782 4133 959 4189 minor
985 4132 1191 4198 civitas,
1217 4146 1329 4186 non
1359 4129 1538 4184 solum
1561 4127 1844 4200 pensanda

233 4237 312 4284 est
339 4227 584 4292 nomine,
620 4225 719 4280 sed
748 4231 802 4279 et
829 4221 1198 4294 possessione,
1232 4219 1372 4276 sicut
1409 4225 1461 4274 et
1493 4217 1714 4274 avaritia
1733 4233 1845 4272 non

234 4318 408 4374 solum
437 4313 690 4388 pecuniae
719 4319 801 4368 est
828 4327 892 4368 ac
919 4308 1303 4383 possessionis,
1337 4307 1434 4363 sed
1463 4307 1626 4362 etiam
1657 4305 1844 4360 altitu-

234 4407 395 4462 dinis.
429 4405 494 4462 In
581 4401 804 4458 nomine
859 4399 1270 4470 Metropolitano
1344 4395 1570 4452 avaritia
1624 4393 1841 4462 dicitur,

1934 497 2060 552 terit
2087 497 2434 565 temerarius,
2468 506 2528 552 ut
2573 497 2825 554 fortassis
2852 501 3258 558 excusationem
3288 501 3529 560 aii‘erens

1932 595 2213 642 asseverat
2243 586 2388 658 quod
2416 587 2604 658 populi
2633 586 2838 642 litteras
2865 590 3160 661 acceperit,
3195 606 3317 646 cum
3346 594 3528 661 mani-5

1932 674 2133 731 festum
2163 675 2232 730 sit
2261 674 2507 746 potuisse
2534 691 2742 747 paucos
2768 659 3018 748 praemio
3043 685 3096 733 et
3126 681 3379 736 mercede
3408 659 3541 738 cor:

1931 764 2130 836 rumpi,
2165 779 2262 822 eos
2291 765 2385 836 qui
2415 765 2689 821 sinceram
2721 765 2884 820 tidem
2935 781 3045 821 non
3073 766 3296 835 habuit,
3329 776 3386 823 ut
3415 769 3528 826 cla-

1928 861 2139 910 marent
2165 853 2221 908 in
2251 853 2518 923 Ecclesia,
2551 861 2604 910 et
2633 854 2812 926 ipsum
2856 862 3046 925 petere
3074 855 3390 912 viderentur
3419 857 3533 929 epi-

1932 957 2178 1012 scopum,
2209 942 2430 997 omnino
2457 943 2556 997 has
2585 941 2810 998 fraudes
2852 943 3196 1000 damnandas
3228 959 3352 1000 esse
3382 945 3533 1001 arbi-

1930 1037 2068 1097 tror,
2101 1030 2176 1085 ita
2203 1038 2262 1085 ut
2299 1047 2401 1087 nec
2430 1030 2629 1087 laicam
2676 1030 2732 1086 in
2781 1029 2888 1087 ﬁne
2935 1032 3374 1088 communionem
3413 1033 3534 1090 talis

1931 1117 2185 1189 accipiat.
2216 1139 2238 1170 ι
2274 1117 2415 1188 Quia
2467 1135 2600 1175 vero
2656 1119 2872 1175 duabus
2901 1120 3335 1192 metropolitanis
3383 1121 3534 1178 sedi-

1932 1207 2038 1262 bus
2067 1224 2209 1262 unus
2237 1207 2684 1278 metropolitanus
2713 1208 3003 1280 episcopus
3030 1209 3360 1282 regulariter
3387 1225 3534 1282 prae-

1933 1296 2117 1352 sidere
2135 1311 2247 1350 non
2275 1295 2492 1366 poterit,
2527 1304 2747 1352 sanctus
2777 1296 3090 1353 Bonifacius
3116 1314 3258 1369 papa
3287 1299 3534 1357 auctori-

1931 1392 2038 1440 tate
2067 1384 2274 1438 Nicaeni
2308 1383 2533 1443 concilii
2557 1384 2866 1440 manifestat
2887 1385 3137 1441 scribens
3155 1387 3224 1441 ad
3245 1386 3531 1454 Hilarium,

1929 1473 2348 1530 Narbonensem
2365 1472 2680 1544 episcOpum
2702 1473 2902 1544 (Epist.
2919 1475 2974 1544 8)
2996 1491 3010 1528 :
3039 1494 3061 1524 α
3077 1473 3243 1540 Nulli,
3258 1475 3531 1547 inquiens,

1931 1561 2148 1617 videtur
2190 1561 2474 1634 incognita
2521 1560 2716 1633 synodi
2755 1561 3066 1618 constitutio
3108 1563 3364 1629 Nicaenae,
3397 1563 3534 1635 {qua

1931 1649 2005 1706 ita
2033 1649 2279 1721 praecipit
2309 1657 2366 1704 ut
2386 1649 2576 1705 eadem
2632 1649 2854 1721 proprie
2882 1650 3056 1706 verba
3096 1665 3402 1721 ponamus;
3433 1667 3534 1723 per

1855 1767 1910 1828 B
1932 1753 2373 1810 unamquamque
2409 1737 2746 1810 provinciam
2775 1737 2894 1807 ejus
2941 1739 3388 1810 metropolitanos
3417 1739 3535 1794 sin-

1931 1827 2092 1900 gulos
2130 1827 2337 1882 habere
2367 1826 2590 1896 debere,
2620 1842 2724 1882 nec
2751 1827 3005 1898 cuiquam
3052 1827 3190 1882 duas
3220 1843 3344 1883 esse
3371 1843 3537 1899 posse

1932 1915 2228 1986 subjectas,
2261 1915 2406 1987 quod
2445 1914 2543 1980 illi,
2577 1915 2703 1986 quia
2731 1915 2888 1970 aliter
2916 1915 3252 1971 credendum
3293 1931 3404 1971 non
3431 1925 3534 1983 est,

1931 2004 2263 2060 servandum
2293 2011 2482 2060 sancto
2511 2003 2714 2074 Spiritu
2759 2012 3091 2076 suggerente
3120 2003 3356 2060 siblimet
3403 2020 3538 2060 cen—

1929 2101 2206 2150 suerunt.»
2239 2093 2310 2148 Et
2327 2099 2451 2164 post
2465 2091 2740 2164 aliquanta
2773 2109 2788 2146 :
2823 2114 2846 2143 α
2881 2091 3040 2161 Quod
3059 2091 3264 2148 idcirco
3280 2091 3533 2160 dicimus,

1931 2189 1985 2236 et
2013 2181 2276 2236 advertat
2323 2180 2562 2236 charitas
2592 2187 2702 2247 tua,
2735 2180 2874 2236 adeo
2909 2196 3010 2236 nos
3063 2195 3337 2236 canonum
3389 2196 3538 2252 prae-

1929 2277 2091 2341 cepta
2155 2285 2398 2336 servare,
2458 2277 2517 2324 ut
2571 2268 2644 2323 ita
2701 2268 3016 2324 constitutio
3071 2284 3290 2341 quoque
3345 2275 3536 2324 nostra

1931 2357 2164 2424 ofliniat,
2197 2365 2466 2430 quatenus
2492 2357 2894 2428 metropolitani
2923 2357 3008 2412 sui
3033 2374 3373 2429 unaquaeque
3393 2373 3522 2428 pro-

1932 2446 2113 2504 vincia
2141 2447 2196 2501 in
2227 2445 2480 2501 omnibus
2535 2446 2702 2500 rebus
2731 2445 3130 2501 ordinationem
3189 2462 3406 2516 semper
3434 2461 3534 2500 ex-

1934 2542 2159 2606 spectet.
2198 2555 2220 2584 ι
2277 2535 2508 2607 Cogunt,
2541 2533 2715 2605 inquit
2760 2533 3118 2606 Augustinus,
3167 2533 3349 2589 multis
3375 2535 3536 2589 inve-

1933 2625 2050 2680 nire
2096 2621 2396 2678 medicinas
2443 2623 2737 2677 multorum
2785 2621 3155 2693 experimenta
3197 2623 3532 2678 morborum.

1935 2714 2003 2768 Et
2031 2712 2179 2785 quia,
2212 2719 2268 2766 ut
2300 2709 2493 2766 Daniel
2523 2710 2656 2766 dicit
2683 2731 2701 2766 :
2731 2712 3170 2767 Pertransibunt
3199 2712 3456 2784 plurimi,
3480 2715 3538 2766 et

1934 2802 2244 2874 multiplex
2273 2801 2388 2856 erit
2404 2801 2647 2856 scientia
2675 2799 2844 2871 (Dan.
2879 2803 2964 2866 i2,
2989 2800 3066 2868 4),
3098 2815 3202 2872 pro
3232 2807 3537 2870 temporum

1935 2889 2266 2956 diversitate,
2303 2896 2354 2944 et
2381 2889 2696 2944 morborum
2723 2887 3000 2957 varietate,
3039 2896 3202 2960 atque
3256 2887 3537 2943 hominum

1938 2979 2190 3042 sanitate,
2221 2977 2471 3050 quaedam
2499 2976 2893 3044 conceduntur,
2927 2975 3066 3032 sicut
3093 2978 3213 3032 Noe
3232 2982 3286 3030 et
3305 2975 3539 3030 ﬁliorum

1936 3068 2028 3136 jus
2099 3066 2290 3120 usibus
2337 3063 2598 3120 alimenta
2652 3080 2792 3119 nova
2851 3063 3213 3134 permissione
3269 3079 3532 3119 concessa

1937 3154 2154 3220 deinde,
2188 3169 2288 3224 per
2333 3153 2578 3223 Moysern
2630 3151 2842 3223 populo
2907 3151 3223 3206 Judaaorum
3269 3151 3541 3222 prohibita

1933 3258 2234 3315 rursusque
2282 3241 2440 3296 nobis
2471 3249 2596 3295 sunt
2635 3239 2708 3294 ita
2758 3255 3052 3306 concessa,
3084 3247 3144 3294 ut
3186 3256 3309 3311 quae
3336 3239 3538 3295 Iudaeis

1933 3331 2151 3387 fuerunt
2199 3330 2361 3387 vetita
2409 3329 2465 3383 in
2513 3329 2824 3400 pecoribus,
2857 3328 3016 3384 nobis
3060 3327 3457 3398 prohibeantur
3481 3329 3538 3382 in

1935 3421 2200 3486 moribus,
2235 3419 2373 3475 sicut
2416 3417 2681 3474 Dominus
2728 3417 2785 3472 in
2816 3415 3118 3490 Evangelio
3147 3417 3278 3473 dicit
3312 3434 3326 3471 :
3358 3417 3540 3472 Audi-

1935 3512 2040 3566 stis
2073 3511 2206 3582 quia
2234 3509 2451 3565 dictum
2481 3511 2566 3564 est
2595 3506 2885 3578 antiquis:
2911 3522 3004 3578 ego
3030 3509 3224 3561 autem
3253 3506 3374 3562 dico
3392 3506 3541 3562 vobis

1937 3599 2156 3667 (Matth.
2190 3613 2246 3664 v,
2280 3599 2391 3666 21).
2427 3595 2776 3666 Quapropter
2805 3595 2954 3666 quod
2983 3593 3188 3649 licitum
3209 3593 3328 3660 fuit,
3350 3609 3544 3649 neces-

1939 3687 2097 3742 sitate
2144 3685 2231 3741 vel
2279 3684 2528 3752 utilitate,
2561 3684 2630 3738 de
2674 3683 3137 3756 transmigrandis
3169 3681 3444 3754 episcopis
3473 3683 3544 3738 ab

1941 3775 2188 3834 ecclesiis
2215 3775 2284 3830 ad
2317 3773 2582 3830 ecclesias
2611 3780 2737 3828 ante
2766 3787 3048 3828 sacrarum
3067 3771 3381 3844 regularum
3399 3788 3543 3843 prae-

1939 3865 2215 3931 ﬁxionem,
2247 3870 2441 3936 postea
2494 3861 2757 3917 intentum
2796 3860 2916 3928 fuit,
2950 3869 3052 3927 est,
3087 3868 3142 3916 et
3168 3861 3272 3917 erit
3297 3859 3546 3917 illicitum

1941 3961 2125 4011 contra
2165 3953 2390 4008 easdem
2418 3967 2606 4008 sacras
2650 3951 2873 4024 regulas
2901 3965 3186 4021 usurpare,
3217 3957 3278 4004 ut
3323 3956 3545 4005 sanctus

1941 4043 2247 4116 Gregorius
2275 4041 2674 4106 Nazianzenus,
2708 4039 2791 4095 vir
2835 4038 3204 4107 doctissimus,
3239 4037 3546 4094 catholicis-

1943 4128 2113 4187 simus
2155 4135 2316 4198 atque
2362 4123 2858 4196 eloquentissimus,
2891 4132 2944 4179 et
2973 4123 3096 4179 vitae
3123 4123 3321 4178 merito
3350 4139 3414 4178 ac
3445 4138 3540 4178 sa-

1939 4215 2154 4288 pientiae
2169 4213 2418 4270 doctrina
2437 4211 2904 4283 venerandus,qui
2931 4211 3077 4282 apud
3113 4211 3338 4266 Graecos
3357 4211 3544 4266 Theo-

1943 4304 2103 4378 logus
2157 4301 2594 4376 cognominatur,
2629 4300 2923 4356 multorum
2982 4299 3204 4356 decreto
3252 4298 3546 4370 episcopo-

1944 4410 2087 4463 rum,
2119 4400 2177 4448 ut
2205 4393 2263 4448 in
2291 4390 2528 4448 historiis
2557 4388 2946 4447 ecclesiasticis
2973 4388 3209 4462 legimus
3241 4405 3255 4444 :
3287 4388 3356 4444 de
3377 4403 3548 4459 parva

233 4512 354 4551 cum
397 4508 566 4566 supra
594 4491 821 4548 modum
875 4487 1178 4544 sublimitas
1208 4485 1445 4542 ambitur
1477 4502 1492 4539 :
1525 4484 1582 4538 in
1610 4499 1835 4554 posses-
1864 4483 1918 4544 D
1941 4483 2158 4540 civitate
2185 4481 2462 4538 Nazianzo
2489 4478 3017 4551 ConstantinOpolim
3037 4493 3202 4535 causa
3220 4477 3349 4533 ﬁdei
3368 4484 3548 4531 trans-

240 4585 410 4651 sione,
451 4580 712 4639 videlicet
747 4579 802 4634 in
831 4594 1016 4634 rerum
1045 4592 1110 4633 ac
1138 4575 1453 4632 facultatum
1507 4572 1846 4644 capiositate,

235 4683 315 4729 est
366 4671 616 4740 avaritia,
652 4684 814 4741 quam
870 4664 1162 4738 Apostolus
1220 4664 1491 4720 idolorum
1534 4663 1851 4719 servitutem

237 4762 493 4834 appellat.
529 4761 600 4815 Et
622 4765 844 4814 sanctus
872 4756 980 4812 Leo
1009 4771 1152 4827 papa
1167 4755 1273 4810 hoc
1295 4769 1531 4826 sequens
1552 4750 1851 4823 capitulum

235 4850 484 4908 decrevit
512 4850 704 4921 (epist.
743 4850 808 4902 88
838 4845 1140 4902 Anastasio
1180 4843 1475 4915 Thessal.),
1513 4864 1535 4892 α
1561 4849 1618 4896 ut
1651 4840 1697 4895 si
1727 4840 1850 4912 quis

238 4941 530 5012 episcopus
567 4935 802 4992 civitatis
849 4949 961 4990 suae
988 4931 1364 4988 mediocritate
1394 4931 1653 5014 deSpecta
1679 4928 1851 4984 admi-

238 5028 624 5084 nistrationem
678 5023 787 5080 loci
847 5021 1163 5080 celebrioris
1192 5020 1460 5103 ambierit,
1495 5027 1547 5075 et
1577 5021 1644 5074 ad
1673 5017 1849 5087 majo-

239 5135 352 5174 rem
383 5134 444 5174 se
473 5116 699 5188 plebem
729 5127 1054 5185 quacunque
1071 5110 1279 5166 ratione
1301 5108 1600 5178 transierit,
1617 5125 1649 5164 a
1669 5109 1853 5165 cathe-

239 5207 335 5263 dra
363 5206 588 5279 quidem
620 5203 851 5274 pellatur
877 5201 1074 5269 aliena,
1100 5199 1197 5255 sed
1219 5206 1270 5254 et
1299 5198 1507 5255 carebit
1529 5206 1582 5254 et
1610 5197 1848 5270 propria,

243 5305 298 5350 ut
324 5311 426 5352 nec
448 5293 559 5350 illis
588 5291 897 5364 praesideat,
934 5306 1072 5363 quos
1101 5305 1202 5360 per
1222 5287 1499 5345 avaritiam
1519 5287 1848 5358 concupivit,

235 5401 338 5442 nec
366 5384 474 5440 illis
506 5397 649 5454 quos
669 5397 768 5453 per
791 5379 1106 5452 superbiam
1134 5377 1356 5450 sprevit.
1397 5376 1521 5431 Suis
1552 5375 1720 5449 igitur
1751 5383 1854 5431 ter'

239 5473 401 5529 minis
436 5471 673 5545 quisque
736 5476 1024 5526 contentus
1053 5468 1139 5535 sit,
1180 5483 1284 5523 nec
1322 5480 1488 5536 supra
1542 5481 1853 5520 mensuram

237 5571 376 5641 juris
426 5571 510 5628 sui
540 5568 759 5627 alfectet
806 5567 1019 5642 augeri.
1049 5587 1072 5618 »
1105 5568 1174 5624 Et
1199 5565 1329 5622 item
1360 5562 1686 5621 Sardicense
1717 5579 1852 5620 con-

1949 4572 2109 4640 latus,
2143 4587 2307 4645 quam
2336 4586 2436 4642 per
2465 4585 2638 4626 annos
2659 4568 2950 4626 duodecim
2969 4566 3339 4640 insignissime
3357 4565 3549 4638 guber-

1950 4661 2098 4717 navit
2128 4661 2266 4716 etab
2296 4659 2490 4715 haaresi
2535 4658 2734 4714 Ariana
2779 4655 3170 4730 gloriosissime
3199 4651 3466 4720 liberavit,
3495 4661 3550 4710 et

1951 4751 2150 4822 dogma
2178 4748 2389 4806 Nicaeni
2417 4746 2633 4806 concilii
2663 4745 2816 4820 quasi
2840 4745 2954 4814 jam
2981 4749 3252 4797 mortuum
3271 4741 3328 4796 in
3356 4742 3550 4798 eadem

1952 4839 2108 4911 regia
2164 4837 2381 4895 civitate
2440 4837 2554 4892 suis
2583 4832 3012 4906 expositionibus
3042 4829 3408 4900 resuscitavit,
3443 4847 3549 4904 ag-

1952 4944 2188 4984 noscens
2219 4927 2508 4998 episcopos
2536 4936 2872 4979 murmurare
2901 4934 2967 4976 eo
2997 4921 3143 4992 quod
3173 4929 3320 4977 esset
3366 4929 3418 4977 et
3446 4921 3552 4976 alia

1952 5017 2162 5073 civitate
2217 5023 2409 5072 contra
2455 5028 2690 5070 canones
2719 5009 3010 5066 translatus
3041 5009 3113 5066 ad
3143 5010 3326 5078 aliam,
3378 5009 3552 5066 vitare

1952 5105 2062 5162 imo
2093 5105 2309 5162 auferre
2336 5104 2636 5159 fraternum
2654 5098 2845 5155 volens
2863 5099 3200 5170 scandalum,
3220 5115 3291 5155 ne
3311 5098 3554 5156 schisma

1953 5196 2010 5251 in
2061 5193 2365 5252 Ecclesiam
2412 5190 2754 5246 introducere
2781 5187 3080 5255 videretur,
3111 5195 3370 5245 monente
3397 5191 3550 5260 Apo-

1955 5285 2094 5340 stolo
2118 5302 2131 5338 :
2147 5285 2211 5338 In
2231 5281 2488 5339 omnibus
2507 5279 2878 5335 exhibeamus
2897 5278 3265 5350 nosmetipsos
3286 5279 3438 5334 sicut
3449 5279 3553 5333 Dei

1953 5374 2268 5437 ministros,
2290 5369 2510 5424 nemini
2527 5369 2729 5425 dantes
2745 5369 2929 5424 ullam
2939 5368 3324 5440 offensionem,
3351 5369 3417 5422 ut
3435 5381 3552 5422 non

1954 5472 2308 5542 vituperetur
2325 5467 2715 5524 ministerium
2730 5471 3008 5525 nostrum.
3036 5466 3111 5536 (II
3129 5465 3249 5522 Cor.
3270 5479 3347 5533 v1,
3371 5463 3448 5536 4),
3465 5462 3554 5517 ad-

1954 5568 2206 5626 veniente
2237 5565 2762 5640 ConstantinOpolim
2814 5563 3122 5620 Theodosio
3149 5561 3416 5634 principe,
3449 5573 3552 5632 pa-
