4072 6308
505 287 612 342 219

1284 278 1629 336 HINCMARI
1654 277 2058 335 RHEMENSIS
2085 275 2634 335 ARCHIEPISCOPI.

3695 280 3808 336 220

507 407 732 474 licitum,
763 406 851 463 vel
879 406 1017 463 duas
1056 420 1256 460 uxores
1290 404 1472 470 simul,
1515 403 1603 460 vel
1633 419 1860 460 uxorem
1890 411 1945 460 et
1973 418 2104 460 con-
2129 397 2188 463 A
2208 403 2508 474 quentium,
2539 404 2682 458 hanc
2727 401 3129 458 observantiam
3169 400 3426 468 refutare,
3463 416 3627 474 quam
3657 401 3812 457 beati

508 495 760 552 cubinam
807 493 1030 550 insimul
1075 494 1296 559 habere,
1339 492 1636 566 diligenter
1665 493 1834 548 verba
1862 492 2106 562 ejusdem

509 583 654 641 beati
703 583 956 657 Gregorii
984 584 1039 638 in
1081 582 1313 654 epistola
1357 583 1424 637 ad
1455 582 1762 638 Bacandum
1793 581 2111 652 episcopum

507 679 696 730 curent
723 673 1059 740 discernere,
1107 687 1212 744 qua
1253 670 1402 736 dicit,
1452 686 1562 726 non
1607 670 1675 726 de
1711 669 1932 742 longius
1973 669 2111 724 civi-

509 761 691 818 tatulis
718 777 752 816 a
782 777 843 817 se
869 761 1106 818 invicem
1137 759 1448 831 disparatis,
1484 759 1582 814 sed
1609 759 1678 814 de
1708 757 2108 823 collimitaneis,

510 857 565 904 et
592 849 660 905 de
689 857 802 904 tam
837 849 969 906 cleri
1002 864 1166 921 quam
1193 848 1368 919 plebis
1395 847 1770 903 imminutione
1820 845 2108 911 destitutis,

512 945 567 993 et
612 938 777 993 rebus
833 953 897 994 ac
948 936 1294 993 facultatibus
1341 935 1617 991 desolatis.
1673 957 1694 984 «
1729 936 1796 989 Et
1852 933 2114 1004 temporis

511 1027 812 1082 necessitas
870 1042 992 1094 nos,
1049 1025 1218 1096 inquit
1249 1025 1368 1096 (lib.
1401 1040 1439 1093 ι,
1474 1025 1640 1096 epist.
1693 1027 1766 1094 8),
1830 1031 2110 1094 perurget,

512 1122 566 1170 et
592 1115 892 1170 imminutio
925 1129 1282 1186 personarum
1314 1112 1482 1184 exigit
1539 1120 1598 1167 ut
1629 1111 1900 1167 destitutis
1930 1111 2115 1167 eccle-

513 1203 611 1258 siis
641 1204 848 1258 salubri
885 1218 951 1259 ac
989 1203 1216 1274 provida
1259 1202 1560 1258 debeamus
1601 1200 1958 1271 dispositione
1991 1214 2115 1255 suc-

509 1309 752 1348 currere.
785 1293 855 1347 Et
883 1292 1006 1348 ideo
1035 1291 1292 1362 quoniam
1337 1289 1632 1346 ecclesiam
1677 1289 2116 1344 Minturnensem

512 1379 753 1436 funditus
807 1389 917 1436 tam
961 1380 1094 1435 cleri
1141 1395 1307 1452 quam
1347 1379 1526 1450 plebis
1561 1379 1873 1434 destitutam
1901 1377 2121 1432 desola-

514 1469 661 1524 tione
717 1468 1094 1541 cognovimus,
1180 1475 1434 1538 tuamque
1489 1483 1592 1538 pro
1641 1482 1709 1522 ea
1775 1466 2116 1541 petitionem,

523 1540 806 1628 quatenus,
835 1557 1136 1613 Formiana:
1171 1556 1438 1623 ecclesiae,
1469 1556 1526 1610 in
1558 1571 1665 1628 qua
1718 1571 1917 1626 corpus
1974 1540 2120 1610 beati

520 1645 734 1701 Erasmi
759 1646 1019 1718 martyris
1065 1645 1374 1717 requiescit,
1423 1643 1620 1716 cuique
1668 1643 1976 1698 fraternitas
2032 1651 2120 1697 tua

509 1734 784 1804 praesidet,
817 1733 1042 1808 adjungi
1071 1734 1285 1799 debeat,
1316 1734 1462 1804 piam
1509 1748 1632 1787 esse
1662 1748 1727 1788 ac
1752 1731 2104 1801 justissimam
2131 1759 2188 1819 B

508 1822 894 1893 praevidentes,
927 1821 1296 1878 necessarium
1313 1821 1584 1888 duximus,
1615 1821 1962 1876 consulentes
1994 1827 2102 1875 tam

510 1910 830 1966 desolationi
884 1910 1047 1977 illius,
1105 1927 1266 1982 quam
1322 1917 1430 1965 tuae
1483 1909 1734 1965 ecclesiae
1779 1909 2100 1981 paupertati,

511 2000 716 2055 reditus
741 2000 1081 2070 supraedictae
1120 1999 1369 2055 ecclesiae
1399 1997 1801 2063 Minturnensis,
1837 1997 1923 2052 vel
1952 1997 2105 2069 quid-

513 2088 644 2159 quid
671 2089 722 2143 ei
752 2089 976 2160 antiquo
1021 2088 1394 2159 modernoque
1425 2088 1547 2156 jure
1578 2087 1666 2142 vel
1692 2086 1979 2157 privilegio
2009 2102 2106 2156 po-

2209 491 2354 546 Petri
2387 492 2574 548 sedem
2595 497 2648 546 et
2677 491 2829 563 sequi
2855 490 3035 547 videat
3067 499 3120 546 et
3147 491 3366 557 docere,
3401 490 3643 564 satisque
3675 507 3816 546 con-

2209 581 2434 635 veniens
2463 580 2552 650 sit,
2581 588 2638 635 ut
2663 587 2834 635 totum
2864 596 3061 650 corpus
3089 580 3350 636 Ecclesiae
3381 579 3436 634 in
3467 581 3568 636 hac
3589 579 3817 634 sibimet

2209 668 2591 723 observatione
2621 669 2934 733 concordet,
2957 683 3122 740 quam
3151 667 3262 724 illic
3291 668 3481 740 vigere
3504 667 3816 739 conspiciat

2210 757 2303 812 ubi
2323 757 2588 813 Dominus
2616 757 2878 814 Ecclesiae
2905 757 3068 812 totius
3120 757 3299 828 posuit
3351 756 3739 828 principatum.
3789 778 3814 806 ι

2211 847 2278 900 Et
2346 845 2476 901 item
2517 845 2709 900 idem:
2746 867 2768 895 κ
2814 845 3025 911 Patres,
3073 844 3263 918 inquit,
3325 845 3500 900 nostri
3555 845 3816 900 catholici

2211 935 2464 992 videlicet
2484 935 2738 1006 doctique
2766 933 3068 1005 pontiﬁces,
3103 933 3366 1006 quidquid
3396 949 3494 1006 pro
3549 932 3678 1000 ﬁde,
3711 949 3816 1006 pro

2214 1023 2453 1089 veritate,
2488 1039 2590 1093 pro
2617 1023 2996 1078 communione
3045 1023 3309 1080 catholica
3359 1031 3520 1095 atque
3577 1031 3815 1093 aposto-

2213 1111 2336 1178 lica,
2397 1112 2692 1166 secundum
2751 1111 3158 1182 Scripturarum
3215 1111 3483 1166 tramitem
3556 1111 3817 1165 traditio-

2214 1217 2449 1272 nemque
2478 1201 2762 1268 majorum,
2796 1199 2939 1256 facta
2970 1200 3141 1256 semel
3156 1200 3581 1272 congregatione
3613 1214 3821 1254 sanxe-

2217 1297 2360 1355 runt,
2419 1289 2794 1344 inconvulsum
2848 1289 3136 1344 voluerunt
3179 1288 3437 1359 deinceps
3485 1287 3817 1359 firmumque

2218 1385 2483 1445 constare,
2517 1393 2618 1434 nec
2673 1378 2729 1431 in
2759 1379 2863 1432 bac
2893 1378 3082 1433 eadem
3112 1393 3274 1433 causa
3301 1378 3482 1431 denuo
3513 1392 3636 1448 quze
3667 1393 3820 1447 prae-

2219 1466 2326 1520 fixa
2381 1466 2591 1520 fuerant
2647 1465 2927 1522 retractari
2985 1465 3223 1537 qualibet
3269 1466 3476 1521 recenti
3539 1479 3818 1535 praesum-

2220 1555 2401 1626 ptione
2431 1555 2816 1625 permiserunt,
2854 1555 3254 1625 sapientissime
3269 1553 3640 1626 pervidentes,
3673 1568 3817 1626 quo-

2221 1643 2363 1698 niam
2396 1643 2442 1698 si
2471 1645 2691 1698 decreta
2719 1644 3008 1698 salubriter
3035 1643 3286 1715 cuiquam
3345 1643 3532 1699 liceret
3591 1642 3818 1708 iterare,

2222 1732 2428 1786 nullum
2487 1740 2672 1788 contra
2711 1731 2954 1801 singulos
3010 1747 3254 1804 quosque
3309 1748 3532 1802 prorsus
3589 1745 3820 1786 errores

2205 1820 2398 1876 stabile
2426 1821 2744 1890 persisteret
2787 1820 3046 1877 Ecclesiae
3075 1821 3441 1886 constitutum,
3477 1836 3540 1885 ac
3586 1836 3814 1890 semper

2206 1908 2380 1964 isdem
2431 1909 2701 1965 furoribus
2732 1909 2991 1964 redivivis
3023 1909 3202 1963 omnis
3276 1909 3488 1982 integra
3565 1908 3822 1964 diﬂinitio

2209 1999 2538 2054 turbaretur.
2578 2019 2600 2048 ι
2635 2000 2703 2052 Et
2725 1998 3078 2070 Symmachus
3101 1997 3231 2054 dicit
3251 1998 3436 2071 (epist.
3466 2003 3516 2064 t,
3552 1999 3776 2068 (Εοηίο)
3800 2018 3818 2052 :

2213 2109 2236 2138 ι
2271 2088 2355 2142 Ad
2413 2087 2588 2157 ipsam
2639 2096 3048 2143 sacrosanctam
3107 2087 3430 2142 catholicam
3483 2086 3826 2159 religionem

513 2176 614 2231 tuit
667 2185 912 2248 potestve
968 2176 1204 2249 qualibet
1258 2176 1464 2231 ratione
1507 2183 1838 2246 competere,
1899 2175 1968 2229 ad
2003 2183 2108 2230 tua:
2207 2175 2498 2247 pertinere,
2557 2175 2710 2244 cujus
2749 2175 2925 2230 omnis
2981 2183 3224 2246 potestas
3307 2175 3638 2248 infringitur,
3701 2175 3814 2230 nisi

515 2265 764 2322 ecclesiae
832 2266 920 2335 jus
984 2273 1414 2337 potestatemque
1474 2265 1577 2318 hac
1620 2263 1882 2335 praecepti
1937 2263 2107 2318 nostri
2208 2265 2462 2321 universa
2492 2281 2615 2336 quae
2643 2280 2672 2317 a
2721 2263 2938 2318 Domini
2969 2264 3346 2320 sacerdotibus
3394 2263 3564 2320 semel
3595 2264 3816 2337 regula-

513 2353 834 2410 auctoritate
882 2354 1294 2424 transmigrare.
1332 2373 1354 2402 ι
1391 2354 1451 2406 In
1481 2352 1633 2422 cujus
1670 2351 1853 2407 verbis
1880 2351 2109 2423 quisque
2209 2353 2339 2408 riter
2369 2360 2949 2423 statuunturperpetua
2979 2352 3103 2407 sint.
3125 2352 3286 2421 Quod
3313 2352 3448 2407 alias
3477 2353 3806 2424 contingere

513 2442 676 2498 debet
733 2443 1034 2509 attendere,
1066 2442 1191 2514 quia
1227 2441 1357 2497 dicit
1389 2441 1535 2512 quod
1572 2440 1834 2511 temporis
1866 2440 2108 2495 necessi-

512 2538 592 2584 tas
632 2539 909 2604 perurget,
957 2539 1010 2586 et
1052 2529 1356 2585 imminutio
1406 2529 1572 2600 exigit
1634 2543 2009 2599 personarum,
2054 2537 2113 2582 ut

513 2619 782 2674 destitutis
815 2619 1063 2675 ecclesiis
1085 2619 1284 2675 debeat
1314 2625 1714 2686 succurrere,et
1743 2617 2112 2673 necessarium

515 2707 664 2762 ducit
693 2715 801 2762 tam
829 2707 1150 2762 desolationi
1196 2706 1322 2773 loci,
1384 2722 1547 2778 quam
1593 2706 1890 2776 paupertati
1937 2705 2113 2761 eccle-

517 2795 615 2851 siae
687 2795 992 2852 consulere.

517 2884 765 2940 rumdam
812 2883 1013 2940 novelli
1068 2883 1330 2954 temporis
1389 2882 1791 2951 adinventione,
1851 2898 2114 2952 usurpare

516 2972 1015 3044 praesumptionem,
1067 2980 1336 3044 quatenus
1395 2971 1558 3026 liceat
1614 2971 1693 3025 eis
1766 2971 1927 3025 sedes
1984 2986 2112 3025 suas

517 3069 746 3130 mutare,
791 3077 900 3116 non
944 3076 1110 3116 causa
1165 3059 1424 3128 utilitatis,
1458 3059 1556 3114 sed
1598 3059 1926 3130 superducto
1955 3059 2112 3131 quasi

516 3150 822 3206 velamento
888 3149 1244 3214 necessitatis,
1297 3164 1491 3204 revera
1547 3148 1765 3220 quidem
1822 3147 2112 3204 ambitione

516 3239 862 3310 cupiditatis;
922 3239 976 3292 in
1046 3254 1158 3308 qua.
1213 3244 1709 3292 commemorantur
1766 3237 1988 3308 quidam
2042 3237 2112 3292 de

521 3326 830 3382 civitatibus
859 3327 926 3380 ad
955 3325 1222 3394 civitates,
1255 3333 1309 3380 et
1362 3325 1522 3380 etiam
1567 3325 1635 3379 de
1689 3325 1989 3381 minoribus
2044 3325 2112 3380 ad

523 3415 768 3486 potiores
823 3414 1066 3470 translati
1110 3413 1279 3468 fuisse
1322 3413 1584 3484 episcopi,
1643 3423 1932 3486 antequam
1987 3413 2114 3470 hinc

520 3512 685 3560 certae
715 3502 1066 3560 difiinitiones
1084 3517 1364 3558 sacrorum
1381 3517 1646 3558 canonum
1676 3501 1826 3558 fuere
1853 3501 2108 3573 praefixae,

517 3609 652 3666 quas
707 3593 1011 3665 transgredi
1030 3591 1399 3663 perniciosum
1427 3599 1528 3646 est.
1563 3590 1928 3656 Manifestum,
1975 3591 2113 3646 sicut

521 3689 746 3736 sanctus
776 3681 992 3735 Hilarus
1038 3697 1182 3752 papa
1228 3681 1298 3734 ad
1354 3680 1638 3736 Leontium
1680 3687 1734 3735 et
1761 3681 1832 3734 ad
1889 3688 2114 3736 caeteros

520 3769 810 3840 episcopos
867 3769 1057 3825 scribit
1115 3768 1311 3824 dicens
1340 3769 1526 3840 (epist.
1563 3769 1696 3839 tt):
1737 3790 1760 3819 ι
1813 3767 1952 3836 Quia
2002 3784 2113 3824 non

519 3857 697 3913 minus
740 3857 796 3912 in
863 3865 1170 3912 sanctarum
1215 3856 1560 3911 traditionum
1604 3857 1934 3928 delinquitur
1989 3872 2116 3912 san-

521 3945 748 4011 ctiones,
781 3961 943 4018 quam
971 3945 1028 3999 in
1056 3944 1306 4014 injuriam
1325 3945 1495 4016 ipsius
1523 3944 1742 4001 Domini
1771 3945 2062 4016 prosilitur.
2087 3966 2108 3994 υ

517 4035 586 4090 Ει
615 4042 837 4091 sanctus
867 4034 1188 4090 Cwlestinus
1219 4034 1402 4106 (epist.
1439 4037 1546 4103 lt):
1571 4058 1592 4081 ιι
1609 4034 1756 4090 Nulli
1773 4035 2111 4090 sacerdotum

521 4139 650 4180 suos
677 4123 840 4180 liceat
869 4139 1107 4180 canones
1134 4123 1410 4197 ignorare,
1449 4139 1548 4179 nec
1581 4122 1877 4196 quidquam
1908 4123 2108 4188 facere,

520 4213 666 4286 quod
695 4221 912 4284 patrum
938 4212 1112 4285 possit
1149 4212 1353 4286 regulis
1407 4212 1648 4268 obviare.
1713 4212 1845 4282 Quae
1893 4213 2040 4269 enim
2081 4229 2113 4267 a

520 4301 679 4358 nobis
709 4319 796 4358 res
828 4303 992 4374 digna
1039 4303 1364 4368 servabitur,
1397 4301 1444 4356 si
1497 4301 1852 4357 decretalium
1913 4317 2102 4358 norma

521 4391 934 4447 constitutorum
961 4407 1062 4461 pro
1091 4390 1399 4462 aliquorum
1441 4389 1595 4444 libitu
1634 4390 1852 4446 licentia
1897 4391 2113 4462 populis

1077 2795 1276 2850 Volunt
1339 2793 1503 2850 etiam
1561 2794 1800 2866 quidam,
1849 2809 1915 2848 ex
1972 2811 2112 2865 quo-

2209 2441 2428 2513 poterit,
2462 2443 2509 2496 si
2539 2457 2826 2498 successor
2853 2441 3161 2496 decessoris
3183 2441 3392 2497 actibus
3418 2457 3525 2497 non
3559 2441 3820 2496 tribuerit

2211 2529 2541 2598 ﬁrmitatem,
2575 2538 2628 2586 et
2658 2530 2968 2586 roborando
2994 2546 3114 2602 quae
3142 2538 3297 2600 gesta
3341 2537 3466 2584 sunt
3495 2528 3656 2585 faciat
3684 2538 3807 2584 rata

2212 2635 2336 2675 esse
2375 2636 2496 2690 qum
2525 2619 2776 2692 gesserit.
2815 2639 2836 2668 ν
2887 2619 2957 2672 Et
2985 2619 3114 2674 item
3143 2618 3286 2674 idem
3315 2620 3504 2690 (epist.
3539 2618 3762 2689 eadem)
3797 2635 3810 2674 :

2218 2730 2241 2759 α
2275 2707 2485 2776 Quanta
2512 2707 2728 2764 vicariis
2755 2706 3056 2762 beatissimi
3101 2707 3241 2762 Petri
3272 2706 3503 2777 apostoli
3535 2707 3813 2775 judicabi-

2214 2804 2302 2851 tur
2329 2813 2452 2852 esse
2495 2795 2821 2861 reverentia,
2875 2797 2920 2850 si
2976 2812 3098 2868 quae
3144 2795 3199 2849 in
3247 2795 3556 2850 sacerdotio
3609 2795 3820 2866 praeci-

2214 2885 2386 2956 piunt,
2445 2884 2651 2939 eisdem
2733 2884 3138 2939 transeuntibus
3221 2883 3629 2939 dissolvantur?
3666 2903 3684 2934 ι
3748 2885 3825 2939 Ει

2217 2973 2342 3028 item
2376 2989 2387 3028 :
2427 2994 2449 3023 α
2485 2974 2608 3028 Non
2659 2980 2838 3044 potest
2876 2988 2942 3028 ex
2997 2982 3150 3042 parte
3207 2971 3421 3027 firmum
3470 2988 3594 3028 esse
3663 2975 3818 3045 quod

2219 3061 2588 3134 generalitatis
2615 3061 2789 3134 tangit
2805 3061 3138 3131 injuriam,et
3165 3062 3313 3134 quod
3331 3061 3508 3134 quasit
3533 3061 3602 3116 ad
3631 3071 3816 3118 astru-

2213 3151 2465 3218 ctionem,
2489 3149 2664 3223 magis
2693 3158 2873 3205 autem
2908 3150 2976 3204 ad
3005 3150 3431 3206 destructionem
3462 3150 3698 3221 positum
3730 3159 3820 3206 est

2211 3240 2265 3296 in
2337 3239 2718 3294 adinventione
2770 3239 3122 3310 praemissa.»
3184 3239 3339 3294 Unde
3392 3239 3567 3295 sancti
3617 3241 3815 3295 Patres

2211 3329 2416 3384 Niczeni
2445 3329 2617 3399 capite
2649 3328 2888 3383 secundo
2919 3327 3105 3384 dicunt
3125 3330 3275 3399 (can.
3308 3329 3396 3399 ll)
3432 3346 3444 3381 :
3483 3351 3504 3378 α
3542 3327 3817 3397 Quoniam

2210 3418 2366 3488 plura
2394 3426 2484 3472 aut
2512 3434 2612 3487 per
2641 3416 3042 3484 necessitatem,
3075 3425 3166 3472 aut
3195 3417 3327 3471 alias
3358 3417 3683 3489 cogentibus
3704 3419 3812 3474 ho-

2209 3505 2446 3560 minibus
2468 3506 2731 3562 adversus
2745 3505 3173 3562 ecclesiasticam
3197 3504 3331 3561 facta
3353 3506 3767 3578 suntregulam;
3791 3529 3813 3558 ι

2213 3602 2266 3649 et
2297 3603 2516 3649 sanctus
2576 3595 2684 3650 Leo
2740 3609 2879 3666 papa
2929 3593 3104 3664 capite
3149 3594 3574 3666 quadragesimo
3621 3605 3818 3666 quarto

2212 3682 2576 3738 Decretalium
2607 3699 2830 3737 suorum
2859 3682 3010 3748 dicit,
3035 3681 3390 3738 omittendum
3413 3698 3535 3737 esse
3559 3689 3612 3736 et
3642 3683 3820 3739 incul-

2211 3771 2391 3843 pabile
2415 3771 2790 3840 judicandum,
2843 3771 2988 3843 quod
3039 3771 3340 3826 necessitas
3382 3770 3578 3826 intulit.
3641 3772 3823 3841 Quam

2213 3861 2450 3916 alienum
2481 3877 2511 3915 a
2558 3861 2766 3916 ratione
2809 3869 2863 3916 et
2909 3860 3227 3916 auctoritate
3285 3859 3632 3916 astructionis
3661 3863 3830 3932 hujus

2210 3949 2530 4021 perniciosae
2556 3949 2930 4022 permissionis
2950 3949 3037 4015 sit,
3072 3949 3164 4020 qui
3194 3949 3388 4004 eadem
3418 3949 3656 4020 capitula
3683 3949 3823 4024 legit

2211 4046 2461 4110 patenter
2494 4038 2760 4110 agnoscit,
2795 4039 2919 4110 quia
2947 4037 3092 4093 illius
3122 4038 3346 4094 secundi
3366 4037 3588 4108 capituli
3601 4039 3819 4095 Nieaeni

2211 4127 2426 4184 concilii
2479 4143 2792 4198 processus,
2851 4128 2998 4200 quod
3060 4143 3296 4198 perpere
3357 4134 3539 4183 actum
3587 4136 3821 4184 eatenus

2214 4216 2405 4286 fuerat,
2440 4233 2509 4274 ne
2538 4217 2794 4288 deinceps
2825 4217 3056 4288 quisque
3101 4225 3411 4287 praesumat,
3466 4232 3589 4272 cum
3619 4233 3829 4290 magna

2211 4306 2643 4362 interminatione
2679 4305 2976 4377 prohibuit,
3038 4314 3091 4360 et
3147 4305 3435 4375 capitulum
3469 4305 3826 4378 quadragesi-

2209 4411 2359 4450 mum
2390 4395 2602 4451 tertium
2630 4395 2844 4460 Leonis,
2863 4395 2930 4448 ab
2958 4395 3061 4452 hac
3099 4393 3307 4449 ratione
3335 4393 3546 4465 penitus
3574 4402 3657 4449 est
3681 4395 3821 4450 alie-

518 4479 790 4551 permissa
817 4478 1146 4550 frangatur?
1197 4498 1220 4528 r
1266 4478 1334 4532 Et
1376 4485 1597 4533 sanctus
1625 4478 1736 4533 Leo
1763 4478 1956 4550 (epist.
1999 4481 2110 4549 1))22
2145 4483 2200 4547 D
2220 4501 2369 4550 num,
2401 4484 2537 4540 sicut
2566 4483 2906 4554 trigesimum
2925 4491 3174 4539 octavum
3207 4483 3499 4554 capitulum
3528 4481 3585 4537 in
3615 4483 3820 4541 decre-

527 4591 549 4620 ι
583 4571 700 4626 Hoc
752 4567 1047 4624 admonitio
1091 4574 1274 4622 nostra
1298 4566 1574 4632 denuntia,
1608 4567 1753 4638 quod
1783 4567 1829 4620 si
1858 4566 1978 4638 quis
2007 4566 2116 4622 fra-

526 4665 672 4712 trum
699 4665 892 4714 contra
919 4657 1039 4712 haec
1068 4654 1355 4712 constituta
1371 4655 1558 4710 venire
1580 4655 1887 4722 tentaverit,
1920 4663 1972 4709 et
1993 4671 2117 4725 pro-

526 4745 696 4802 hibita
749 4745 913 4802 fuerit
969 4761 1133 4800 ausus
1189 4743 1493 4809 admittere,
1551 4759 1584 4798 a
1635 4758 1734 4798 suo
1787 4759 1846 4798 se
1903 4744 2116 4799 noverit

525 4833 704 4890 officio
738 4834 1190 4901 submovendum,
1221 4848 1324 4890 nec
1340 4831 1738 4889 communionis
1757 4840 1956 4888 nostra:
1975 4832 2116 4887 futu-

526 4939 646 4978 rum
674 4937 798 4978 esse
851 4930 1192 4992 consortem,
1237 4922 1330 4994 qui
1370 4922 1552 4978 socius
1595 4936 1718 4977 esse
1748 4921 1920 4976 noluit
1945 4920 2115 4977 disci—

530 5011 714 5084 plinae.
755 5031 778 5060 ιν
812 5011 882 5065 Et
923 5019 1140 5066 sanctus
1171 5011 1420 5066 Gelasius
1461 5012 1655 5092 (epist.
1690 5013 1722 5063 6
1758 5010 1830 5066 ad
1884 5012 2116 5066 univer-

527 5118 616 5158 sos
659 5101 854 5174 episc.)
890 5116 902 5156 :
941 5121 964 5151 κ
1028 5098 1273 5171 Cumque
1328 5101 1486 5156 nobis
1550 5107 1740 5156 contra
1801 5099 2119 5156 salutarium

529 5189 895 5246 reverentiam
961 5187 1276 5262 regularum
1304 5189 1584 5261 cupiamus
1621 5196 1822 5245 temere
1847 5189 1923 5244 nil
1951 5189 2118 5246 licere

529 5287 732 5335 etcum
779 5278 940 5334 sedes
985 5277 1280 5349 apostolica
1318 5294 1480 5348 super
1511 5277 1594 5332 his
1623 5277 1877 5334 omnibus
1905 5278 2118 5336 favente

529 5369 780 5433 Domino,
809 5384 928 5440 quae
981 5367 1220 5439 paternis
1265 5366 1564 5422 canonibus
1601 5375 1726 5423 sunt
1753 5367 1994 5440 praeﬁxa,
2029 5369 2119 5441 pio

523 5457 828 5528 devotoque
857 5457 1065 5512 studeat
1105 5465 1304 5522 tenere
1331 5457 1628 5528 proposito,
1662 5457 1796 5512 satis
1827 5458 2112 5532 indignum

528 5565 611 5616 est
647 5573 992 5632 quemquam,
1025 5555 1111 5612 vel
1148 5554 1480 5630 pontiﬁcum,
1514 5556 1599 5613 vel
1627 5557 1878 5613 ordinum
1921 5557 2119 5612 subse-

2217 4572 2286 4626 tis
2316 4572 2428 4626 suis
2456 4573 2524 4626 ad
2553 4571 2898 4626 Anastasium
2913 4571 3812 4643 Thessalonicensemepiscopum,

2217 4661 2315 4715 sed
2340 4661 2396 4714 id
2422 4660 2601 4730 ipsum
2629 4660 2916 4730 capitulum
2949 4661 3229 4716 evidenter
3262 4661 3517 4716 ostendit.
3545 4661 3654 4716 Sed
3685 4669 3738 4716 et
3763 4671 3814 4718 te

2217 4749 2302 4803 his
2332 4766 2452 4820 qua:
2471 4766 2568 4820 per
2597 4749 2976 4805 necessitatem
3007 4749 3160 4816 fiunt,
3223 4750 3514 4821 potiusque
3559 4752 3821 4822 usurpari

2216 4837 2484 4907 videntur,
2519 4846 2735 4895 sanctus
2782 4839 3125 4894 Innocentius
3175 4838 3229 4892 in
3278 4838 3514 4895 decretis
3569 4839 3683 4894 suis
3741 4841 3815 4896 ad

2217 4927 2416 4984 Rufum
2459 4936 2512 4982 et
2548 4927 2860 4992 Eusebium
2917 4944 2980 4982 ac
3031 4936 3260 4984 cmteros
3315 4929 3606 4999 episcopos
3683 4929 3820 4985 dicit

2219 5015 2405 5088 (epist.
2429 5017 2554 5086 2'7):
2581 5037 2603 5067 «
2629 5015 2912 5072 Pervideat
2938 5032 3073 5090 ergo
3094 5016 3310 5072 dilectio
3343 5025 3526 5072 vestra
3547 5019 3817 5073 hactenus

2219 5104 2342 5159 talia
2369 5105 2644 5170 transisse,
2703 5113 2756 5160 et
2807 5105 3073 5161 advertite
3131 5105 3273 5177 quod
3305 5105 3486 5178 utique
3544 5113 3603 5160 ut
3633 5106 3818 5162 dicitis

2216 5193 2517 5250 necessitas
2544 5195 2844 5265 imperavit,
2875 5195 2931 5250 in
2957 5211 3090 5266 pace
3115 5195 3225 5263 jam
3265 5194 3528 5251 ecclesias
3545 5196 3813 5252 constitu-

2220 5291 2303 5338 tas
2375 5297 2486 5338 non
2546 5299 2708 5354 posse
2763 5299 3112 5355 praesumere.
3175 5303 3196 5333 ›
3266 5285 3336 5339 Et
3393 5283 3561 5340 Paulo
3642 5292 3818 5356 post:

2225 5395 2246 5424 α
2281 5373 2464 5428 Priora
2509 5389 2644 5446 ergo
2685 5373 3016 5428 dimettenda
3062 5371 3184 5428 dico
3231 5373 3332 5426 Dei
3379 5373 3608 5441 judicio,
3662 5381 3717 5428 et
3745 5374 3816 5430 de

2220 5461 2430 5534 reliquo
2456 5463 2693 5518 maxime
2705 5461 3066 5522 sollicitudine
3100 5461 3534 5532 praecavendum.
3555 5482 3577 5510 ι
3610 5462 3815 5518 Videre

2221 5561 2387 5635 igitur
2415 5568 2468 5616 et
2494 5560 2694 5617 mentis
2722 5559 3033 5631 etcorporis
3061 5559 3218 5616 oculo
3248 5559 3340 5633 qui
3368 5561 3484 5616 haec
3511 5560 3817 5617 adinvene-
