4072 6294
205 293 304 350 221

1638 285 2014 345 EPISTOLE.

3346 279 3513 352 ἠπ

209 423 336 471 runt
365 415 668 472 debuerant
695 413 850 470 Pauli
869 413 1194 471 sententiam
1211 427 1318 486 qua
1337 412 1468 472 dicit
1491 415 1640 471 :Non
1659 416 1814 470 enim
1831 411 1890 476 Α
1918 411 2102 469 cilium
2131 411 2262 468 dicit
2283 412 2437 484 (can.
2457 413 2547 484 11)
2572 430 2586 468 :
2615 433 2638 464 α
2663 413 2732 470 Ut
2751 413 2961 472 etiamsi
2982 415 3101 471 talis
3124 415 3322 490 aliquis
3343 418 3514 474 exsti-

210 520 410 588 sumus
478 505 629 560 sicut
682 505 931 576 plurimi
985 504 1378 562 adulterantes
1439 503 1667 560 verbum
1715 502 1818 558 Dei

210 595 284 664 (Il
313 593 440 649 Cor.
474 607 534 660 ιι,
569 592 680 664 17).
719 614 742 644 ι
794 592 1038 660 Adulter,
1089 592 1262 664 inquit
1288 592 1483 648 beatus
1513 590 1817 662 Gregorius

209 682 429 755 (Moral.
480 696 601 748 xvr,
634 696 737 753 cap
773 683 887 752 25),
933 681 990 735 in
1017 681 1228 736 carnali
1274 681 1418 737 coitu
1465 696 1578 736 non
1604 679 1818 751 prolem

207 771 304 827 sed
333 769 676 841 voluptatem
704 769 916 842 quaerit,
950 777 1003 824 et
1031 785 1324 840 perversus
1353 769 1554 841 quique
1583 783 1648 826 ac
1664 783 1818 826 vana:

206 859 399 934 gloriae
429 859 681 914 serviens
710 866 860 914 recte
891 858 1203 914 adulterare
1231 857 1813 929 verbumDeidicitur,

208 947 336 1020 quia
368 963 472 1018 per
519 963 739 1004 sacrum
781 946 1060 1018 eloquium
1106 963 1216 1002 non
1247 947 1364 1003 Deo
1393 945 1533 1005 filios
1564 946 1812 1020 gignere,

207 1037 303 1092 sed
325 1051 490 1092 suam
521 1035 802 1092 scientiam
833 1035 1113 1091 desiderat
1143 1043 1436 1092 ostentare.
1467 1033 1648 1104 Quem
1669 1033 1816 1090 enim

206 1124 374 1180 libido
405 1123 600 1198 gloriae
641 1125 710 1178 ad
752 1124 1088 1196 loquendum
1126 1123 1308 1191 trahit,
1344 1123 1608 1194 voluptati
1637 1123 1816 1196 magis

209 1229 374 1286 quam
408 1213 783 1284 procreationi
835 1228 1059 1284 operam
1115 1211 1432 1284 impendit.»
1480 1212 1570 1268 Sic
1618 1219 1672 1266 et
1723 1211 1817 1284 qui

208 1313 309 1369 pro
342 1296 547 1368 opibus
577 1303 630 1352 et
658 1295 974 1352 facultatum
1031 1295 1202 1367 COpiis
1257 1311 1323 1352 ac
1382 1295 1548 1350 rebus
1579 1294 1814 1350 terrenis

208 1380 520 1438 Ecclesium
564 1395 715 1436 suam
756 1388 944 1448 mutat,
985 1380 1198 1436 adulter
1243 1379 1439 1435 merito
1486 1387 1732 1449 vocatur,
1765 1387 1817 1434 et

207 1470 348 1525 inter
395 1469 678 1525 adulteros
733 1469 1100 1541 deputabitur.
1131 1468 1274 1526 Nam
1302 1469 1592 1535 civitatem,
1625 1467 1681 1522 in
1711 1481 1817 1540 qua

208 1559 406 1614 Comes
450 1557 756 1628 inhabitat,
790 1565 843 1612 et
869 1557 1053 1614 clerici
1097 1573 1162 1614 ac
1191 1557 1318 1613 laici
1359 1556 1592 1625 nobiles,
1635 1556 1734 1611 sed
1763 1563 1817 1610 et

208 1645 483 1720 ignobiles
515 1653 677 1718 atque
724 1647 915 1703 rustici
971 1646 1332 1716 laboratores,
1367 1653 1420 1700 et
1448 1645 1613 1701 etiam
1643 1644 1816 1700 Judaei

210 1744 266 1790 ut
322 1734 497 1790 fertur
549 1733 872 1802 inhabitant,
931 1742 984 1790 et
1043 1735 1098 1788 in
1149 1733 1412 1806 parochia
1441 1734 1542 1789 sub
1593 1733 1813 1790 nomine

210 1823 518 1880 Christiano
547 1823 774 1894 degunt,
816 1823 1134 1895 episcopum
1164 1837 1332 1879 causa
1363 1821 1686 1894 cupiditatis,
1721 1830 1815 1877 aut

210 1912 404 1969 ardore
435 1911 748 1968 ambitionis
777 1912 1056 1979 deserere,
1083 1920 1135 1967 et
1163 1912 1390 1967 alteram
1407 1912 1596 1966 sedem
1615 1926 1815 1968 vacan-

212 2010 317 2057 tem
374 2001 661 2072 invadere,
709 2010 762 2056 et
791 2017 915 2058 cum
943 2000 1040 2056 illa
1077 2001 1132 2055 in
1164 2016 1272 2072 qua
1301 1999 1583 2056 ordinatus
1609 1999 1727 2068 fuit,
1761 2007 1814 2054 et

209 2090 264 2145 in
298 2103 411 2162 qua
457 2088 578 2144 sine
620 2089 865 2161 periculo
911 2089 1106 2145 mortis
1157 2085 1361 2162 de‘gere
1409 2087 1571 2158 valet,
1607 2096 1809 2157 tenere,

211 2193 318 2235 non
338 2177 525 2234 solum
555 2185 712 2250 turpe
739 2179 837 2234 sed
867 2186 920 2234 et
948 2175 1315 2249 periculosum
1333 2185 1494 2249 atque
1541 2175 1814 2247 pernicio-

211 2262 335 2324 sum
378 2275 485 2333 est,
528 2280 654 2324 cum
711 2267 849 2323 sacri
879 2281 1118 2323 canones
1147 2267 1308 2322 etiam
1339 2266 1407 2320 de
1437 2273 1663 2322 vacante
1693 2265 1815 2335 epi-

215 2371 378 2428 scopo
409 2357 468 2410 in
497 2355 805 2412 Ecclesiam
843 2365 1127 2412 vacantem
1157 2354 1473 2426 prosiliente
1519 2355 1818 2410 decernant

212 2447 388 2517 (conc.
421 2445 690 2502 Antioch.
711 2461 812 2500 can
831 2447 941 2516 ιι),
971 2465 994 2496 ι
1015 2452 1073 2500 ut
1094 2444 1139 2498 si
1161 2443 1284 2516 quis
1304 2442 1594 2514 episcopus
1615 2457 1816 2498 vacans

211 2534 264 2588 in
292 2533 584 2590 ecclesiam
614 2542 893 2590 vacantem
938 2533 1200 2605 prosiliat,
1233 2532 1530 2603 sedemque
1558 2531 1818 2602 pervadat

213 2623 421 2694 absque
457 2622 676 2694 integro
718 2621 1075 2694 perfectoque
1121 2619 1372 2688 concilio,
1418 2621 1507 2676 hic
1535 2619 1818 2688 abjiciatur

213 2726 438 2767 necesse
471 2718 580 2779 est,
613 2710 716 2766 etsi
743 2719 970 2767 cunctus
999 2709 1233 2782 populus
1264 2725 1428 2782 quem
1445 2708 1663 2780 diripuit
1692 2723 1818 2764 eum

213 2801 415 2856 habere
473 2799 762 2871 delegerit.
813 2799 1123 2855 Perfectum
1178 2813 1309 2854 vero
1361 2797 1658 2854 concilium
1687 2796 1819 2852 illud

213 2899 312 2960 est,
344 2887 443 2944 ubi
498 2888 806 2945 interfuerit
860 2887 1304 2959 metropolitanus
1360 2886 1604 2942 antistes.
1653 2907 1675 2936 ι
1711 2886 1820 2942 Sed

215 2988 266 3035 et
295 2977 364 3034 de
396 2992 465 3034 eo
497 2979 590 3050 qui
620 2977 1054 3034 irrationabiliter
1079 2985 1133 3032 et
1151 2976 1530 3047 irregulariter
1548 2975 1820 3032 civitatem

214 3090 366 3132 suam
411 3073 469 3127 in
518 3086 624 3143 qua
681 3068 960 3124 ordinatus
993 3065 1089 3122 fuit
1145 3066 1350 3121 deserit
1384 3108 1397 3134 ,
1433 3073 1486 3120 et
1543 3065 1614 3120 ad
1657 3064 1818 3119 aliam

217 3163 438 3234 transit,
467 3159 796 3217 Sardicense
853 3155 1140 3212 concilium
1172 3155 1303 3210 dicit
1331 3153 1482 3224 (can.
1527 3153 1580 3225 1)
1607 3172 1618 3206 :
1648 3174 1670 3203 ι
1695 3153 1820 3208 Non

215 3254 390 3309 minus
423 3250 571 3306 mala
601 3245 958 3314 consuetudo,
986 3259 1149 3317 quam
1177 3243 1488 3315 perniciosa
1509 3241 1820 3314 corruptela

218 3341 456 3398 funditus
511 3335 847 3394 eradicanda
905 3342 1006 3402 est,
1038 3349 1107 3388 ne
1157 3332 1246 3389 cui
1273 3332 1433 3387 liceat
1463 3331 1722 3402 episcopo
1751 3331 1820 3385 de

219 3431 431 3488 civitate
461 3443 562 3483 sua
593 3426 666 3482 ad
695 3424 860 3480 aliam
888 3423 1120 3478 transire
1181 3421 1473 3477 civitatem.
1535 3418 1822 3476 Manifesta

223 3529 302 3576 est
321 3519 472 3575 enim
499 3529 670 3572 causa
699 3529 805 3585 qua
833 3513 936 3568 hoc
966 3511 1146 3567 facere
1183 3516 1374 3577 tentat,
1406 3525 1529 3564 cum
1557 3508 1739 3564 nullus
1765 3507 1823 3562 in

218 3611 316 3666 hac
347 3624 409 3663 re
428 3607 686 3662 inventus
715 3602 784 3656 sit
812 3601 1122 3673 episcopus,
1157 3598 1249 3670 qui
1269 3599 1337 3653 de
1365 3599 1572 3668 majore
1603 3596 1823 3654 civitate

220 3698 287 3753 ad
333 3697 610 3752 minorem
654 3689 951 3746 transiret:
984 3688 1130 3744 unde
1183 3696 1373 3758 aparet
1431 3685 1675 3743 avaritia:
1730 3700 1822 3740 ar-

218 3787 348 3843 dore
401 3801 501 3841 eos
557 3779 898 3845 inflammari,
981 3786 1034 3833 et
1087 3776 1367 3832 ambitioni
1427 3775 1652 3842 servire,
1686 3781 1738 3829 et
1766 3781 1826 3829 ut

223 3873 652 3932 dominationem
682 3876 870 3943 agant.
907 3867 966 3924 Si
995 3867 1248 3962 omnilius
1278 3865 1478 3936 placet,
1511 3863 1825 3934 hujusmodi

220 3963 492 4037 pernicies
550 3959 750 4016 suavius
807 3964 861 4012 et
915 3953 1187 4012 austerius
1239 3953 1576 4020 vindicetur,
1609 3960 1665 4007 ut
1723 3967 1825 4007 nec

217 4054 408 4111 laicam
437 4048 882 4108 communionem
910 4047 1112 4102 habeat
1141 4043 1234 4116 qui
1263 4043 1384 4121 talis
1416 4050 1518 4098 est.
1556 4063 1578 4092 ν
1613 4043 1674 4098 In
1722 4042 1826 4097 hoc

219 4141 450 4216 capitulo
479 4139 659 4210 major
686 4145 740 4194 et
766 4136 943 4192 minor
970 4135 1175 4202 civitas,
1201 4149 1314 4190 non
1343 4133 1523 4188 solum
1545 4131 1828 4203 pensanda

220 4241 296 4287 est
324 4230 567 4294 nomine,
604 4228 703 4283 sed
732 4235 785 4282 et
813 4224 1182 4298 possessione,
1216 4223 1356 4279 sicut
1393 4229 1446 4278 et
1477 4220 1698 4278 avaritia
1717 4236 1829 4276 non

222 4321 392 4376 solum
423 4317 674 4391 pecunia;
703 4323 784 4372 est
812 4331 876 4371 ac
903 4311 1288 4387 possessionis,
1321 4311 1418 4366 sed
1447 4310 1610 4366 etiam
1641 4309 1828 4364 altitu-

221 4409 379 4465 dinis.
415 4409 478 4465 In
564 4405 788 4462 nomine
842 4402 1254 4474 Metr0politano
1329 4399 1554 4455 avaritia
1608 4397 1826 4466 dicitur,

1919 501 2045 556 terit
2072 501 2420 568 temerarius,
2455 509 2513 556 ut
2558 501 2810 558 fortassis
2837 505 3244 562 excusationem
3273 505 3515 564 aﬁ‘erens

1917 597 2198 646 asseveret
2228 590 2374 662 quod
2403 590 2590 662 populi
2618 590 2822 646 litteras
2851 594 3146 664 acceperit,
3179 610 3303 650 cum
3331 597 3514 652 mani-

1917 677 2118 734 festum
2148 678 2217 733 sit
2246 678 2493 750 potuisse
2519 695 2727 750 paucos
2753 663 3002 752 praemio
3028 689 3082 736 et
3112 685 3364 740 mercede
3394 663 3527 742 cor:

1916 767 2116 840 rumpi,
2150 783 2247 824 eos
2277 767 2371 840 qui
2399 768 2674 824 sinceram
2706 769 2870 824 ﬁdem
2919 785 3030 825 non
3059 769 3280 838 hebant,
3313 779 3372 827 ut
3401 773 3513 830 cla-

1914 864 2124 912 marent
2150 857 2206 911 in
2236 855 2504 926 Ecclesia,
2536 865 2590 913 et
2618 857 2797 929 ipsum
2841 865 3030 929 petere
3059 858 3376 915 viderentur
3404 861 3518 933 epi-

1917 961 2162 1016 scopum,
2194 945 2415 1001 omnino
2443 947 2542 1000 has
2570 944 2795 1002 fraudes
2837 947 3181 1003 damnandas
3213 963 3337 1004 esse
3367 949 3517 1005 arbi-

1915 1041 2053 1101 tror,
2086 1033 2161 1088 ita
2189 1042 2247 1088 ut
2285 1050 2386 1091 nec
2415 1034 2615 1090 laicam
2661 1034 2717 1090 in
2765 1033 2874 1092 ﬁne
2920 1036 3358 1092 communionem
3397 1037 3519 1094 talis

1917 1121 2170 1193 accipiat.
2201 1142 2224 1174 ι
2259 1121 2401 1191 Quia
2452 1138 2585 1179 vero
2641 1123 2857 1178 duabus
2886 1125 3320 1196 metropolitanis
3368 1125 3518 1182 sedi-

1917 1211 2022 1265 bus
2052 1227 2194 1265 unus
2222 1211 2670 1282 metropolitanus
2699 1212 2988 1283 episcopus
3015 1213 3346 1286 regulariter
3371 1229 3520 1286 prae-

1919 1299 2102 1355 sidere
2120 1315 2232 1354 non
2260 1299 2477 1370 poterit,
2511 1308 2732 1356 sanctus
2761 1300 3074 1358 Bonifacius
3101 1317 3243 1373 papa
3273 1303 3519 1360 auctori-

1916 1395 2024 1443 tate
2052 1387 2259 1442 Nicaani
2293 1387 2518 1446 concilii
2542 1387 2850 1444 manifeth
2871 1389 3122 1444 scribens
3139 1390 3210 1445 ad
3230 1391 3516 1459 Hilarium,

1915 1476 2332 1532 Narbonensem
2349 1476 2664 1547 episc0pum
2687 1477 2888 1547 (Epist.
2905 1478 2960 1548 8)
2981 1495 2995 1532 :
3023 1499 3046 1528 ‹‹
3063 1478 3228 1545 Nulli,
3243 1479 3516 1550 inquiens,

1917 1564 2132 1620 videtur
2176 1564 2460 1637 incognita
2506 1565 2701 1636 synodi
2739 1565 3051 1621 constitutio
3092 1566 3349 1633 Nicaeum,
3381 1567 3518 1640 {quae

1917 1653 1990 1709 ita
2018 1652 2264 1724 praecipit
2294 1661 2351 1707 ut
2371 1653 2562 1708 eadem
2617 1653 2840 1724 proprie
2868 1654 3040 1710 verba
3081 1669 3386 1726 ponamus;
3418 1671 3520 1726 per

1841 1770 1896 1831 Β
1917 1756 2358 1814 unamquamque
2394 1740 2731 1812 provinciam
2761 1741 2880 1810 ejus
2925 1743 3372 1813 metropolitanos
3401 1743 3520 1799 sin-

1915 1829 2077 1902 gulos
2115 1830 2322 1885 habere
2351 1830 2575 1900 debere,
2605 1845 2709 1886 nec
2735 1831 2990 1901 cuiquam
3037 1831 3174 1885 duas
3205 1847 3328 1886 esse
3355 1847 3522 1903 posse

1917 1919 2214 1988 subjectas,
2247 1918 2392 1990 quod
2431 1917 2528 1983 illi,
2563 1917 2688 1990 quia
2717 1917 2873 1973 aliter
2901 1917 3236 1975 credendum
3277 1935 3388 1974 non
3415 1928 3519 1986 est,

1916 2007 2248 2062 servandum
2277 2014 2468 2062 sancto
2495 2006 2699 2078 Spiritu
2743 2015 3076 2079 suggerente
3105 2007 3341 2063 siblimet
3387 2023 3522 2064 cen-

1914 2103 2192 2153 suerunt.»
2223 2096 2294 2150 Et
2311 2102 2436 2166 post
2449 2095 2725 2166 aliquanta
2757 2112 2773 2150 :
2809 2118 2831 2146 α
2865 2094 3025 2165 Quod
3043 2095 3250 2152 idcirco
3265 2095 3518 2163 dicimus,

1915 2192 1969 2239 et
1998 2184 2261 2240 advertat
2308 2183 2547 2239 charitas
2576 2191 2686 2249 tua,
2719 2183 2858 2240 adeo
2893 2199 2994 2239 nos
3047 2199 3321 2240 canonum
3373 2200 3522 2255 prae-

1914 2281 2076 2344 cepta
2139 2287 2383 2338 servare,
2443 2279 2502 2326 ut
2557 2271 2630 2326 ita
2686 2271 3000 2328 constitutio
3056 2288 3275 2344 quoque
3330 2280 3522 2328 nostra

1916 2360 2148 2428 oﬂiniat,
2182 2368 2450 2433 quatenus
2477 2360 2879 2431 metropolitani
2907 2360 2992 2416 sui
3018 2377 3358 2432 unaquaeque
3378 2376 3507 2432 pro-

1917 2450 2098 2506 vincia
2127 2449 2181 2504 in
2212 2449 2465 2504 omnibus
2519 2449 2687 2504 rebus
2717 2449 3115 2504 ordinationem
3173 2465 3391 2520 semper
3419 2465 3519 2504 ex-

1919 2545 2143 2609 spectet.
2183 2558 2205 2588 »
2261 2538 2493 2610 Cogunt,
2527 2537 2700 2608 inquit
2744 2537 3102 2610 Augustinus,
3152 2537 3334 2592 multis
3360 2538 3520 2593 inve-

1917 2628 2034 2682 nire
2081 2625 2382 2682 medicinas
2428 2626 2721 2681 multorum
2769 2625 3140 2696 experimenta
3181 2627 3517 2682 morborum.

1919 2717 1988 2772 Et
2016 2716 2164 2788 quia,
2197 2723 2254 2770 ut
2285 2713 2478 2770 Daniel
2508 2713 2640 2770 dicit
2667 2734 2686 2770 :
2715 2715 3155 2771 Pertransibunt
3183 2717 3440 2788 plurimi,
3465 2719 3523 2770 et

1919 2805 2230 2878 multiplex
2258 2805 2372 2859 erit
2389 2805 2632 2860 scientia
2660 2802 2828 2874 (Dan.
2863 2807 2950 2870 12,
2974 2803 3050 2872 4),
3083 2819 3186 2875 pro
3216 2811 3522 2874 temporum

1920 2892 2252 2959 diversitate,
2287 2900 2340 2947 et
2366 2891 2680 2947 morborum
2708 2891 2984 2960 varietate,
3023 2899 3187 2963 atque
3241 2891 3522 2947 hominum

1923 2981 2174 3047 sanitate,
2206 2981 2455 3052 quaedam
2484 2979 2877 3048 conceduntur,
2912 2979 3051 3036 sicut
3077 2981 3198 3035 Noe
3217 2985 3270 3034 et
3289 2978 3524 3034 ﬁliorum

1920 3071 2012 3140 jus
2083 3069 2274 3123 usibus
2321 3067 2584 3122 alimenta
2636 3083 2777 3121 nova
2835 3067 3198 3138 permissione
3253 3083 3516 3122 concessa

1922 3157 2138 3223 deinde,
2173 3173 2272 3227 per
2318 3156 2562 3226 Moysem
2614 3155 2826 3226 populo
2891 3155 3208 3210 Judaeorum
3253 3154 3525 3225 prohibita

1917 3262 2219 3318 rursusque
2266 3245 2425 3300 nobis
2455 3252 2580 3298 sunt
2619 3243 2692 3298 ita
2743 3258 3036 3309 concessa,
3068 3251 3128 3298 ut
3170 3260 3294 3315 quae
3320 3243 3523 3299 Iudaeis

1919 3335 2135 3390 fuerunt
2184 3333 2346 3389 vetita
2393 3333 2450 3387 in
2497 3331 2808 3403 pecoribus,
2841 3331 3002 3388 nobis
3044 3331 3441 3403 prohibeantur
3466 3332 3522 3386 in

1919 3423 2184 3489 moribus,
2219 3421 2358 3478 sicut
2401 3421 2665 3477 Dominus
2712 3420 2769 3476 in
2801 3419 3103 3494 Evangelio
3131 3420 3262 3477 dicit
3297 3438 3310 3474 :
3342 3421 3524 3476 Audi-

1919 3515 2025 3570 stis
2058 3514 2191 3586 quia
2218 3511 2435 3568 dictum
2465 3514 2550 3567 est
2579 3510 2870 3582 antiquis:
2895 3525 2989 3581 ego
3014 3513 3208 3564 autem
3237 3509 3359 3566 dico
3377 3510 3524 3566 vobis

1922 3603 2140 3671 (Matth.
2174 3617 2230 3667 v,
2265 3602 2376 3669 21).
2412 3597 2760 3669 Quapropter
2789 3598 2938 3669 quod
2968 3597 3172 3653 licitum
3193 3596 3312 3665 fuit,
3335 3613 3528 3654 neces-

1923 3690 2081 3746 sitate
2128 3689 2214 3744 vel
2263 3687 2512 3754 utilitate,
2546 3688 2615 3742 de
2658 3686 3121 3759 transmigrandis
3153 3685 3428 3758 episcopis
3457 3687 3528 3742 ab

1926 3778 2172 3836 ecclesiis
2200 3777 2268 3833 ad
2301 3776 2566 3833 ecclesias
2595 3783 2721 3832 ante
2751 3791 3032 3832 sacrarum
3051 3774 3366 3847 regularum
3383 3792 3528 3846 prae-

1924 3867 2199 3934 ﬁxionem,
2231 3873 2425 3938 postea
2478 3865 2742 3920 intantum
2780 3863 2900 3932 fuit,
2935 3873 3037 3931 est,
3071 3872 3126 3920 et
3153 3864 3256 3920 erit
3282 3863 3530 3920 illicitum

1925 3965 2109 4014 contra
2150 3956 2374 4012 easdem
2403 3970 2590 4011 sacras
2634 3955 2857 4028 regulas
2886 3969 3172 4024 usurpare,
3202 3961 3262 4008 ut
3308 3960 3528 4009 sanctus

1925 4046 2231 4120 Gregorius
2259 4045 2658 4112 Nazianzenus,
2693 4043 2776 4098 vir
2819 4043 3188 4110 doctissimus,
3223 4041 3530 4098 catholicis-

1928 4131 2096 4190 simus
2139 4139 2300 4202 atque
2347 4127 2842 4200 eloquentissimus,
2876 4136 2928 4182 et
2956 4127 3081 4183 vitae
3108 4127 3306 4182 merito
3333 4143 3399 4182 ac
3429 4142 3524 4182 sa-

1924 4219 2138 4292 pientiae
2153 4217 2402 4273 doctrina
2421 4215 2889 4286 venerandus,qui
2916 4215 3060 4286 apud
3098 4215 3322 4270 Graecos
3341 4215 3528 4270 Theo-

1927 4307 2087 4381 logus
2142 4305 2579 4380 cognominatur,
2613 4303 2908 4360 multorum
2967 4303 3188 4360 decreto
3236 4303 3529 4374 episcopo-

1929 4414 2071 4468 rum,
2103 4404 2161 4451 ut
2189 4396 2247 4451 in
2275 4393 2512 4452 historiis
2541 4392 2930 4451 ecclesiasticis
2957 4392 3194 4466 legimus
3225 4409 3239 4447 :
3271 4392 3341 4448 de
3360 4406 3532 4464 parva

221 4514 339 4554 cum
381 4511 549 4569 supra
578 4495 805 4551 modum
859 4491 1162 4548 sublimitas
1193 4489 1429 4545 ambitur
1461 4505 1476 4542 :
1509 4487 1566 4542 in
1594 4503 1820 4558 posses-
1848 4487 1902 4548 D
1925 4486 2143 4544 civitate
2169 4485 2445 4541 Nazianzo
2473 4482 3001 4555 Constantinopolim
3021 4497 3186 4539 causa
3205 4480 3333 4537 ﬁdei
3353 4487 3532 4536 trans-

227 4587 396 4654 sione,
435 4583 696 4642 videlicet
730 4583 785 4637 in
815 4597 1000 4638 rerum
1029 4596 1093 4636 ac
1121 4579 1436 4635 facultatum
1491 4575 1830 4648 copiositate,

223 4685 300 4732 est
351 4674 599 4742 avaritia,
636 4688 798 4744 quam
853 4668 1146 4742 Apostolus
1204 4667 1474 4723 idolorum
1518 4667 1835 4722 servitutem

225 4765 476 4836 appellat.
513 4764 584 4818 Et
606 4769 828 4818 sanctus
856 4759 964 4815 Leo
992 4774 1135 4830 papa
1151 4758 1256 4813 hoc
1278 4773 1516 4829 sequens
1536 4753 1835 4826 capitulum

223 4853 468 4911 decrevit
496 4853 688 4924 (epist.
726 4854 792 4904 88
822 4849 1124 4906 Anastasio
1164 4846 1459 4918 Thessal.),
1497 4868 1518 4896 α
1545 4853 1601 4900 ut
1635 4844 1680 4898 si
1711 4843 1834 4916 quis

227 4943 514 5015 episcopus
551 4938 786 4996 civitatis
833 4953 945 4994 suae
972 4935 1348 4992 mediocritate
1378 4935 1637 5015 despecta
1663 4932 1835 4988 admi-

227 5008 608 5087 nistrationem
661 5026 770 5083 loci
831 5025 1146 5083 celebrioris
1176 5023 1444 5105 ambierit,
1479 5008 1535 5079 et
1561 5024 1628 5078 ad
1657 5022 1833 5091 majo-

229 5137 337 5176 rem
368 5137 429 5176 se
457 5119 683 5191 plebem
713 5131 1038 5188 quacunque
1053 5114 1262 5170 ratione
1285 5112 1583 5182 transierit,
1601 5129 1632 5168 a
1653 5113 1837 5169 cathe-

231 5209 320 5265 dra
349 5209 572 5282 quidem
603 5206 834 5278 pellatur
862 5203 1056 5273 aliena,
1083 5203 1181 5258 sed
1201 5211 1254 5258 et
1283 5201 1491 5259 carebit
1513 5209 1566 5258 et
1593 5201 1832 5274 propria,

234 5307 285 5351 ut
310 5313 410 5355 nec
432 5297 542 5352 illis
571 5295 881 5368 praesideat,
918 5309 1056 5366 quos
1084 5309 1186 5364 per
1205 5291 1482 5348 avaritiam
1503 5291 1832 5362 concupivit,

229 5403 324 5444 nec
351 5387 458 5442 illis
490 5400 632 5458 quos
652 5401 751 5456 per
773 5383 1089 5455 superbiam
1118 5381 1340 5454 sprevit.
1379 5379 1504 5435 Suis
1535 5379 1703 5453 igitur
1734 5387 1838 5435 ter'

235 5475 385 5532 minis
420 5475 656 5548 quisque
719 5480 1008 5530 contentus
1036 5471 1122 5540 sit,
1163 5487 1268 5526 nec
1305 5485 1471 5540 supra
1525 5485 1837 5524 mensuram

235 5572 362 5641 juris
410 5573 494 5630 sui
523 5571 742 5630 aﬁ‘ectet
789 5571 1002 5646 augeri.
1033 5591 1055 5621 »
1089 5571 1157 5628 Et
1182 5569 1312 5626 item
1344 5565 1670 5625 Sardicense
1699 5583 1836 5623 con-

1933 4575 2093 4642 latus,
2126 4591 2291 4648 quam
2320 4590 2420 4646 per
2448 4589 2622 4629 annos
2643 4572 2934 4630 duodecim
2953 4569 3323 4644 insignissime
3342 4569 3533 4642 guber-

1935 4665 2082 4720 navit
2112 4664 2249 4720 etab
2279 4663 2474 4719 haeresi
2519 4662 2718 4718 Ariana
2763 4659 3154 4734 gloriosissime
3183 4656 3450 4725 liberavit,
3479 4665 3535 4714 et

1935 4755 2134 4826 dogma
2161 4752 2372 4809 Nicami
2400 4750 2616 4809 concilii
2647 4749 2800 4823 quasi
2824 4749 2938 4818 jam
2964 4753 3236 4801 mortuum
3256 4745 3313 4800 in
3340 4747 3534 4804 eadem

1935 4843 2092 4914 regia
2148 4841 2365 4898 civitate
2424 4840 2538 4895 suis
2567 4836 2996 4910 expositionibus
3027 4835 3392 4905 resuscitavit,
3427 4851 3532 4908 ag-

1935 4947 2171 4988 noscens
2202 4931 2492 5002 episcOpos
2519 4940 2856 4983 murmurare
2885 4939 2951 4980 eo
2981 4925 3128 4997 quod
3157 4934 3304 4982 esset
3351 4934 3402 4982 et
3431 4925 3534 4981 alia

1936 5021 2146 5077 civitate
2201 5027 2394 5076 contra
2439 5033 2674 5075 canones
2702 5013 2994 5071 translatus
3025 5014 3098 5070 ad
3127 5015 3311 5084 aliam,
3362 5014 3536 5071 vitare

1936 5110 2046 5166 imo
2076 5109 2293 5165 auferre
2320 5108 2620 5164 fraterntun
2639 5103 2830 5159 volens
2846 5103 3184 5174 scandalum,
3205 5121 3275 5160 ne
3297 5103 3538 5161 schisma

1937 5199 1993 5254 in
2045 5199 2348 5256 Ecclesium
2396 5194 2738 5250 introducere
2765 5191 3063 5260 videretur,
3095 5200 3354 5249 monente
3381 5195 3534 5264 Apo-

1938 5288 2078 5344 stolo
2102 5290 2195 5343 :In
2214 5285 2473 5344 omnibus
2491 5283 2862 5339 exhibeamus
2881 5283 3250 5354 nosmetipsos
3270 5284 3422 5338 sicut
3433 5282 3537 5336 Dei

1937 5378 2251 5442 ministros,
2273 5373 2494 5429 nemini
2511 5372 2713 5428 dantes
2729 5373 2913 5428 ullam
2924 5372 3308 5444 offensionem,
3334 5374 3401 5426 ut
3419 5385 3536 5426 non

1938 5476 2291 5547 vituperetur
2309 5472 2698 5528 ministerium
2714 5474 2992 5528 nostrum.
3019 5471 3095 5540 (II
3113 5469 3233 5526 Cor.
3254 5483 3331 5537 v1,
3355 5467 3431 5540 4),
3449 5466 3538 5521 ad-

1937 5572 2190 5630 veniente
2220 5569 2745 5644 ConstantinOpolim
2797 5567 3105 5624 Theodosio
3133 5565 3400 5638 principe,
3433 5578 3536 5636 pa-
