4072 6306
516 293 620 350 223

1514 279 1855 339 HINCMARI
1881 273 2282 336 RHEMENSIS
2337 269 2886 332 ARCHIEPISCOPI.

3713 267 3826 322 224

513 415 668 472 ciﬁce
695 413 978 485 impetrata
1006 409 1245 476 licentia,
1278 407 1526 464 habitare
1580 406 1806 462 ulterius
1831 406 1886 460 in
1915 405 2104 460 eadem
2133 401 2190 463 Α
2209 419 2340 475 dicit
2370 436 2384 473 ε
2495 417 2776 473 tradidero
2795 430 2996 486 corpus
3024 429 3214 469 meum
3231 415 3296 468 ut
3315 410 3530 476 ardeat,
3555 409 3819 466 charita-

513 503 730 560 civitate
785 499 1096 566 declinavit,
1130 514 1366 570 sequens
1399 495 1617 552 Domini
1659 499 1982 551 sententiam
2025 493 2113 548 di-

511 591 686 650 centis
743 591 815 646 ad
873 591 1112 654 Petrum,
1148 595 1203 643 ut
1259 587 1349 658 qui
1409 601 1635 642 censum
1683 600 1792 639 non
1821 583 2110 651 debebant,

510 679 854 753 exigentibus
883 693 1111 734 censum
1139 677 1352 746 darent,
1398 683 1663 746 quatenus
1683 673 2000 729 scandalum
2019 673 2106 726 de-

411 774 420 780 ’
515 770 767 826 vitarent.
798 763 1604 836 Qtiscandalizaveritﬁnquit
1626 762 1908 827 Dominus,
1933 777 2115 816 unum

515 859 582 915 de
601 857 831 931 pusillis
851 856 977 912 istis
997 857 1092 926 qui
1106 855 1171 908 in
1190 869 1280 909 me
1301 852 1560 921 credunt,
1587 851 1818 924 expedit
1835 851 1889 904 ei
1908 853 1974 905 ut
1993 865 2116 904 sus-

515 946 800 1017 pendatur
817 945 969 1001 mola
998 944 1251 999 asinaria
1271 943 1336 997 in
1348 942 1488 997 collo
1505 943 1645 1012 ejus,
1673 943 1728 994 et
1759 939 2117 1009 demergatur

514 1037 578 1090 in
609 1033 957 1104 profundum
1010 1033 1188 1086 maris
1211 1030 1426 1100 (Matth.
1461 1043 1624 1094 xvm,
1659 1028 1734 1096 6).
1783 1027 1888 1081 Per
1917 1026 2118 1081 molam

517 1123 717 1194 quippe
743 1120 1061 1188 asinariam,
1095 1126 1153 1172 ut
1185 1125 1404 1172 sanctus
1434 1115 1738 1187 Gregorius
1770 1115 1823 1168 in
1853 1114 2118 1170 Pastorali

516 1210 704 1282 regula
754 1208 976 1280 exponit
1006 1211 1177 1277 (part.
1219 1222 1255 1272 ι,
1289 1221 1412 1275 cap.
1446 1205 1523 1274 2),
1586 1225 1608 1254 ι
1659 1203 1939 1259 saecularis
1994 1202 2118 1258 vitae

515 1297 772 1354 circuitus
798 1313 861 1352 ac
890 1297 1043 1351 labor
1071 1293 1408 1365 exprimitur,
1443 1300 1497 1348 et
1526 1309 1627 1363 per
1642 1291 1974 1363 profundum
1993 1306 2118 1346 ma—

515 1387 594 1442 ris
623 1395 864 1442 extrema
893 1383 1171 1438 damnatio
1191 1383 1529 1455 designatur.
1564 1380 1670 1450 Qui
1707 1397 1842 1452 ergo
1871 1380 1938 1434 ad
1986 1395 2118 1434 san-

517 1474 718 1532 ctitatis
743 1473 983 1544 speciem
1009 1472 1294 1534 deductus,
1328 1470 1416 1526 vel
1438 1471 1602 1526 verbo
1624 1478 1850 1526 caeteros
1869 1468 2116 1538 destruit,

515 1564 600 1620 vel
633 1561 900 1632 exemplo,
933 1561 1130 1616 melius
1157 1560 1404 1631 profecto
1433 1558 1608 1614 fuerat
1635 1567 1693 1612 ut
1721 1559 1865 1614 hunc
1884 1558 1952 1613 ad
1981 1574 2122 1612 mor-

515 1661 623 1708 tem
669 1651 770 1706 sub
799 1649 1058 1705 exteriori
1108 1649 1325 1704 habitur
1355 1657 1569 1703 terrena
1601 1656 1721 1702 acta
1769 1646 2120 1718 constringe-

2213 511 2326 563 tem
2355 523 2470 562 non
2491 506 2740 573 habeam,
2761 503 2909 558 nihil
2931 503 3074 558 mihi
3089 501 3320 574 prodest
3339 515 3435 567 ;ac
3456 499 3502 554 si
3520 505 3710 569 aperte
3730 497 3818 552 di-

2213 603 2362 652 ceret
2385 611 2398 650 :
2417 595 2588 648 Extra
2617 594 2793 648 locum
2811 607 2968 647 suum
2987 589 3325 646 conﬂationis
3345 587 3477 642 mihi
3495 587 3640 660 ignis
3669 586 3829 641 adhi-

2212 684 2354 738 bitus
2371 690 2638 738 tormento
2652 696 2738 736 me
2755 680 2983 749 cruciat,
3001 678 3351 733 mundatione
3379 692 3487 732 non
3525 682 3751 748 purgat.
3793 694 3818 724 ι

2213 774 2361 828 Auro
2391 771 2536 826 enim
2564 771 2717 824 locus
2743 776 2824 824 est
2861 768 2916 822 in
2946 783 3054 839 quo
3083 765 3368 834 conﬂatur,
3404 764 3461 819 id
3507 772 3589 819 est
3634 762 3819 817 unitas

2213 860 2492 916 catholicae
2547 857 2828 923 Ecclesiae,
2889 856 2945 910 in
2999 871 3102 928 qua
3159 853 3506 926 baptismum,
3541 860 3596 908 et
3650 866 3828 922 opera

2217 950 2356 1004 bona
2389 991 2402 1014 ,
2437 956 2489 1003 et
2533 947 2698 1002 etiam
2747 944 3064 1017 martyrium
3129 944 3396 1014 prodest,
3449 949 3603 996 extra
3676 940 3830 994 illam

2219 1038 2440 1110 quippe,
2487 1052 2588 1092 nec
2620 1035 2940 1106 baptismus,
2973 1049 3074 1088 nec
3102 1047 3274 1103 Opera
3332 1031 3494 1098 bona,
3525 1045 3627 1084 nec
3658 1028 3833 1083 etiam

2216 1125 2534 1196 martyrium
2563 1122 2794 1195 proﬁcit.
2837 1122 2975 1192 Quia
3006 1121 3166 1176 etiam
3190 1119 3407 1193 cognati
3454 1125 3578 1172 sunt
3629 1119 3818 1172 hatre-

2216 1215 2307 1270 tici
2338 1222 2391 1268 et
2420 1212 2770 1274 schismatici,
2805 1219 2859 1266 et
2915 1209 3249 1266 solemnibus
3291 1207 3624 1263 orationibus
3656 1214 3833 1261 sextae

2218 1303 2368 1360 feriae
2415 1310 2537 1356 ante
2620 1301 2825 1356 Pascha
2895 1307 3240 1353 monstratur.
3294 1319 3315 1347 α
3352 1297 3489 1352 Hinc
3545 1311 3700 1368 ergo,
3764 1303 3827 1348 ut

2221 1399 2442 1446 sanctus
2487 1389 2813 1445 leestinus
2861 1388 3046 1443 scribit
3069 1387 3257 1459 (epist.
3309 1390 3340 1440 8
3368 1385 3432 1440 in
3459 1383 3615 1454 ﬁne),
3639 1383 3826 1455 legem

2221 1479 2477 1536 credendi
2537 1479 2623 1532 lex
2683 1483 2882 1534 statuat
2939 1473 3303 1546 supplicandi.
3340 1495 3362 1520 ι
3398 1473 3506 1528 Sed
3562 1481 3615 1527 et
3659 1487 3828 1544 quam

2221 1584 2390 1640 grave
2429 1574 2715 1637 peccatum
2769 1565 3005 1620 schisma
3034 1563 3120 1629 sit,
3155 1569 3372 1618 sanctus
3403 1559 3741 1634 Augustinus
3775 1559 3832 1612 in

2223 1656 2363 1710 libro
2413 1655 2655 1710 secundo
2711 1654 2780 1707 de
2827 1653 3102 1722 Baptismo
3152 1653 3294 1721 (cap.
3355 1651 3410 1720 6)
3467 1650 3829 1712 demonstrat,

520 1749 660 1810 rem:
696 1755 856 1812 quam
887 1753 1044 1794 530m
1074 1737 1252 1793 σθίοίᾶ
1284 1737 1340 1790 in
1383 1737 1545 1807 Cl11131"
1570 1735 1777 1791 οἱὲῐενίε
1806 1735 2122 1791 imitabilem
2151 1759 2204 1819 Β
2231 1744 2420 1800 dicens
2445 1762 2458 1797 :
2497 1765 2519 1793 α
2558 1740 2861 1797 Afferamus
2890 1740 3128 1795 divinam
3158 1747 3409 1792 stateram
3438 1737 3507 1792 de
3533 1735 3832 1807 Scripturis

515 1829 956 1885 demonstrarent
987 1843 1000 1882 :
1035 1826 1161 1898 quia
1188 1825 1445 1880 nimirum
1477 1825 1524 1878 si
1571 1825 1722 1880 solus
1770 1825 2009 1890 caderet,
2040 1833 2125 1879 ut-

518 1933 736 1989 cunque
777 1919 924 1972 hunc
975 1915 1306 1970 tolerabilior
1335 1913 1529 1968 inferni
1585 1927 1748 1984 poena
1776 1913 2060 1968 cruciaret.
2101 1935 2123 1963 ι

516 2007 586 2061 Et
615 2006 746 2060 item
775 2005 950 2076 (part.
972 2019 1051 2068 ut,
1071 2019 1193 2074 cap.
1217 2003 1273 2074 5)
1299 2021 1311 2057 :
1341 2025 1362 2053 ι
1391 2003 1543 2057 Scire
1573 2002 1772 2056 etenim
1802 2001 2014 2072 praelati
2035 2003 2130 2056 de-

523 2095 672 2161 bent,
723 2094 850 2166 quia
881 2095 928 2148 si
952 2108 1215 2165 perversa
1242 2107 1479 2163 unquam
1512 2098 1848 2162 perpetrant,
1884 2099 1960 2145 tot
1989 2107 2131 2146 mor-

517 2184 657 2238 tibus
686 2182 839 2256 digni
867 2190 1010 2248 sunt,
1061 2189 1193 2253 quot
1221 2181 1292 2236 ad
1326 2180 1576 2235 subditos
1625 2196 1754 2234 suos
1803 2179 2130 2250 perditionis

519 2271 766 2343 exempla
796 2270 1182 2326 transmittunt.
1205 2269 1361 2328 Unde
1391 2285 1618 2325 necesse
1658 2276 1740 2323 est
1785 2277 1842 2322 ut
1890 2276 2039 2323 tanto
2070 2283 2128 2322 se

519 2359 730 2418 cautius
757 2375 787 2414 a
816 2358 978 2431 culpa
1035 2358 1362 2428 custodiant,
1397 2365 1602 2428 quanto
1659 2373 1758 2428 per
1812 2372 1977 2427 prava
2009 2373 2132 2428 quae

522 2448 723 2505 faciunt
752 2464 863 2504 non
891 2446 993 2502 soli
1047 2446 1372 2502 moriuntur.
1415 2467 1436 2495 ν
1472 2447 1540 2501 At
1570 2445 1615 2500 si
1670 2444 1870 2516 aliquis
1908 2445 2125 2504 dixerit,

514 2553 621 2594 non
651 2553 756 2608 ego
786 2536 982 2593 invado
1012 2535 1319 2592 Ecclesiam
1349 2535 1418 2589 ad
1449 2550 1612 2605 quam
1665 2533 1958 2588 multorum
1990 2549 2128 2590 con-

517 2643 682 2682 sensu
701 2625 1082 2697 episcoporum
1110 2632 1163 2680 et
1196 2624 1372 2696 plebis
1416 2623 1766 2695 transmigro,
1801 2631 1995 2694 penset
2023 2623 2132 2677 sol"

512 2710 680 2777 licite,
729 2711 868 2766 sicut
924 2718 976 2764 et
1020 2717 1242 2765 sanctus
1284 2707 1533 2778 pensavit
1561 2707 1936 2762 Nazianzenus
1985 2707 2130 2762 Gre—

516 2799 725 2871 gorius,
788 2815 928 2870 quae,
972 2805 1030 2852 ut
1058 2795 1440 2868 praemisimus,
1480 2812 1511 2848 a
1555 2794 1727 2850 sacris
1755 2803 1880 2849 sunt
1911 2793 2132 2865 praeﬁxa

523 2886 839 2956 canonibus,
891 2901 923 2941 a
973 2885 1171 2957 quibus
1210 2901 1330 2955 per,
1389 2891 1757 2954 contemptum
1801 2883 2018 2939 deviare
2075 2883 2132 2938 in

517 2975 754 3031 schisma
783 2982 866 3030 est
900 2990 1084 3042 ruere,
1109 2973 1252 3030 sicut
1269 2981 1491 3028 sanctus
1519 2987 1681 3042 papa.
1706 2973 1922 3026 Hilarus
1942 2980 2130 3043 paten-

520 3071 606 3121 ter
635 3063 876 3120 ostendit
899 3063 1084 3134 (epist.
1107 3063 1196 3132 11)
1218 3080 1231 3116 :
1255 3082 1276 3112 α
1298 3062 1422 3116 Non
1440 3061 1638 3127 minus,
1663 3059 1996 3132 inquiens,in
2012 3077 2130 3116 san-

524 3161 746 3219 ctarum,
773 3151 1121 3207 traditionum
1153 3149 1482 3222 delinquitur
1511 3149 1841 3219 sanctiones,
1877 3165 2040 3220 quam
2068 3148 2126 3204 in

518 3241 772 3312 injuriam
819 3241 992 3310 ipsius
1035 3239 1252 3296 Domini
1297 3237 1598 3310 prosilitur.
1636 3259 1658 3288 ι
1694 3237 1812 3307 Qua
1859 3237 2125 3294 sententia

517 3330 708 3385 beatus
737 3329 955 3400 Hilarus
983 3342 1128 3400 papa
1179 3327 1465 3384 haaretieos
1489 3337 1541 3381 et
1569 3326 1941 3382 schismaticos
1970 3326 2123 3396 pari-

519 3427 602 3474 ter
628 3417 924 3474 denotavit.
960 3415 1348 3472 Schismaticos
1377 3416 1616 3488 quidem,
1637 3414 1692 3469 in
1714 3431 1780 3470 eo
1801 3415 1948 3486 quod
1971 3414 2120 3480 dixit,

518 3523 626 3563 non
653 3505 832 3561 minus
863 3505 916 3560 in
947 3512 1262 3560 sanctarum
1284 3505 1624 3560 traditionum
1681 3503 1990 3559 sanctiones
2023 3503 2123 3557 de-

515 3595 794 3667 linquitur,
847 3604 899 3649 et
945 3593 1250 3661 hzereticos,
1301 3594 1358 3648 in
1387 3609 1452 3648 eo
1502 3593 1648 3664 quod
1681 3591 1832 3657 dixit,
1876 3607 2040 3664 quam
2070 3591 2126 3644 in

514 3685 770 3753 injuriam
800 3683 968 3753 ipsius
1020 3683 1236 3738 Domini
1283 3683 1584 3753 prosilitur.
1625 3702 1646 3730 »
1693 3682 1831 3735 Nam
1879 3680 2123 3736 heretici

516 3780 574 3828 ut
605 3773 661 3827 S.
699 3771 1002 3844 Gregorius
1019 3788 1085 3826 ex
1117 3771 1383 3834 sententia
1403 3770 1634 3842 apostoli
1664 3769 1815 3825 Pauli
1851 3769 1974 3840 quia
1995 3769 2125 3824 dicit

517 3862 578 3920 Si
595 3860 878 3916 tradidero
898 3877 1099 3931 corpus
1116 3877 1307 3915 meum
1329 3863 1396 3914 ut
1415 3859 1631 3924 ardeat,
1657 3859 2001 3914 charitatem
2021 3875 2124 3914 au-

523 3954 638 4006 tem
656 3966 772 4006 non
794 3950 1046 4015 habeam,
1071 3949 1221 4004 nihil
1238 3949 1381 4003 mihi
1399 3947 1623 4018 prodest
1655 3948 1718 4017 (Ι.
1750 3948 1872 4003 Cor.
1894 3961 2016 4013 xui,
2045 3947 2120 4017 3),

516 4039 851 4094 demonstrat
875 4037 1031 4107 (Mor.
1063 4052 1224 4102 xvm,
1258 4051 1378 4106 cap.
1413 4035 1520 4105 14),
1559 4050 1732 4106 prava
1761 4035 1830 4092 de
1849 4036 1963 4091 Deo
1993 4052 2124 4090 sen-

517 4127 658 4183 tiunt
687 4125 1017 4183 schismatici
1047 4132 1192 4181 recta
1220 4124 1289 4179 de
1333 4132 1557 4180 auctore
1601 4132 1824 4190 tement,
1857 4124 1955 4178 sed
1986 4123 2113 4178 uni-

518 4224 684 4273 tatem
713 4231 838 4272 cum
869 4213 1131 4270 fratribus
1159 4214 1216 4267 in
1251 4222 1557 4270 sanctarum
1615 4213 1964 4268 traditionum
1992 4229 2123 4267 san-

517 4306 698 4362 ctione
729 4321 838 4360 non
881 4311 1064 4358 tenent
1097 4321 1110 4357 :
1143 4302 1219 4356 illi
1279 4318 1470 4358 errore
1501 4301 1645 4368 ﬁdei,
1678 4302 1767 4358 isti
1815 4319 1944 4360 vero
1975 4302 2122 4357 schi-

519 4395 678 4450 matis
707 4392 1113 4465 perpetratione
1145 4391 1304 4446 divisi
1325 4399 1468 4446 sunt.
1489 4392 1645 4447 Unde
1663 4399 1714 4446 et
1734 4391 1789 4447 in
1809 4391 1926 4462 ipsa
1947 4391 2126 4462 prima

517 4492 670 4555 parte
700 4481 966 4554 Decalogi
995 4488 1344 4551 utrarumque
1370 4480 1602 4550 partium
1619 4481 1793 4550 culpae
1825 4479 2122 4550 reprimun-
2149 4479 2201 4540 D

513 4580 638 4638 tur,
671 4587 796 4628 cum
847 4569 1035 4626 divina
1079 4585 1215 4625 voce
1260 4568 1456 4624 dicitur
1504 4587 1517 4623 :
1569 4569 1774 4640 Diliges
1819 4569 2125 4625 Dominum

519 4663 697 4718 Deum
729 4665 893 4717 tuum
925 4676 1000 4731 ea
1033 4663 1146 4716 toto
1177 4659 1340 4714 corde
1359 4662 1453 4713 tuo
1473 4662 1529 4714 et
1551 4673 1626 4713 ea:
1649 4661 1764 4713 tota
1784 4659 1980 4712 anima
2003 4660 2122 4722 tua,

523 4753 582 4804 et
601 4766 674 4805 ex
699 4753 814 4805 tota
834 4751 1046 4805 virtute
1071 4753 1171 4803 tua
1192 4749 1377 4817 (Deut.
1401 4762 1476 4812 γι,
1512 4747 1590 4817 5),
1609 4754 1769 4816 atque
1787 4759 1913 4800 mox
1931 4744 2124 4800 subdi-

519 4845 602 4892 tur
621 4855 634 4891 :
656 4839 862 4908 Diliges
874 4840 1206 4907 proximum
1221 4841 1382 4894 tuum
1397 4838 1548 4892 sicut
1567 4837 1826 4905 teipsum.
1848 4833 1952 4902 Qui
1981 4833 2126 4888 enim

521 4925 588 4981 de
611 4926 725 4980 Deo
744 4941 1007 4996 perversa
1023 4925 1202 4991 sentit,
1227 4925 1396 4998 liquet
1411 4923 1658 4996 profecto
1677 4923 1804 4994 quia
1825 4923 1996 4979 Deum
2017 4939 2125 4978 non

524 5013 702 5086 diligit
747 5031 760 5068 :
809 5013 900 5087 qui
942 5030 1071 5069 vero
1115 5015 1181 5070 de
1221 5015 1337 5070 Deo
1379 5021 1526 5068 recta
1573 5011 1832 5077 sentiens,
1866 5027 1900 5068 a
1925 5021 2126 5068 sanctae

517 5103 781 5160 Ecclesiae
811 5103 1014 5158 unitate
1047 5102 1252 5158 divisus
1277 5111 1380 5168 est,
1414 5109 1623 5158 constat
1665 5100 1788 5172 quia
1817 5100 2124 5172 proximum

517 5209 627 5249 non
681 5199 844 5258 amat,
877 5207 1039 5264 quem
1095 5192 1300 5247 habere
1358 5191 1566 5248 socium
1599 5197 1830 5245 recusat.
1865 5189 2124 5264 Quisquis

518 5297 650 5354 ergo
681 5281 748 5334 ab
765 5282 868 5336 hac
888 5281 1094 5336 unitate
1115 5280 1304 5336 matris
1326 5277 1736 5346 Ecclesiae,sive
1757 5295 1854 5352 per
1868 5280 2124 5335 haresim

520 5370 590 5426 de
623 5371 740 5426 Deo
795 5385 1060 5440 perversa
1119 5367 1421 5432 sentiendo,
1457 5367 1570 5423 sive
1598 5383 1786 5423 errore
1815 5368 2124 5425 sehismatis

519 5459 826 5530 proximum
866 5473 976 5514 non
1010 5458 1289 5531 diligendo
1324 5455 1602 5524 dividitur,
1637 5457 1918 5514 charitatis
1963 5459 2123 5527 hujus

521 5557 694 5631 gratia
721 5556 984 5629 privatur,
1008 5557 1075 5612 de
1110 5571 1216 5628 qua
1227 5557 1332 5612 hoc
1344 5555 1490 5627 quod
1519 5557 1900 5628 pramisimus,
1925 5555 2123 5612 Paulus

2233 1833 2454 1901 sanctis,
2490 1839 2745 1902 tanquam
2773 1830 2842 1884 de
2869 1827 3136 1884 thesauris
3168 1825 3485 1892 Dominicis,
3519 1833 3571 1880 et
3601 1824 3659 1878 in
3715 1824 3818 1878 illa

2231 1921 2359 1994 quid
2389 1921 2459 1975 sit
2505 1919 2725 1992 gravius
2779 1917 3152 1988 appendamus
3187 1933 3201 1970 :
3233 1916 3342 1970 imo
3373 1931 3481 1970 non
3537 1913 3830 1984 appenda-

2229 2026 2369 2074 mus,
2405 2008 2500 2062 sed
2531 2022 2564 2062 a
2592 2006 2824 2062 Domino
2878 2021 3116 2076 appensa
3160 2017 3637 2073 recognoscamus,
3682 2011 3831 2056 tem-

2231 2113 2364 2169 pore
2413 2097 2505 2150 illo
2552 2111 2660 2166 quo
2722 2093 2986 2149 Dominus
3040 2092 3160 2163 prio
3243 2091 3439 2146 delicta
3512 2090 3831 2146 recentibus

2230 2201 2514 2258 pcenarum
2571 2183 2829 2254 exemplis
2859 2181 3106 2238 cavenda
3158 2179 3496 2250 monstravit,
3528 2187 3581 2234 et
3621 2179 3835 2234 idolum

2231 2274 2552 2330 fabricatum
2583 2281 2745 2344 atque
2777 2272 3060 2326 adoratum
3087 2277 3187 2334 est,
3220 2277 3272 2324 et
3303 2268 3646 2340 propheticus
3685 2266 3834 2322 liber

2226 2363 2310 2418 ira
2367 2363 2515 2434 regis
2562 2359 2951 2432 contemptoris
3007 2359 3262 2414 incensus
3290 2365 3343 2412 et
3383 2357 3614 2411 schisma
3645 2364 3833 2410 tenta-

2229 2459 2338 2506 tum
2397 2450 2638 2506 idolatria
2670 2448 2854 2523 gladio
2907 2447 3090 2518 punita
3145 2454 3244 2512 est,
3279 2447 3488 2500 exustio
3523 2444 3649 2499 libri
3713 2445 3834 2499 bel-

2227 2540 2331 2594 lica
2387 2540 2535 2595 caede
2585 2546 2636 2592 et
2693 2535 2989 2608 peregrina
3044 2534 3374 2606 captivitate,
3407 2533 3643 2589 schisma
3675 2533 3831 2587 hiatu

2231 2637 2392 2684 terrae
2447 2627 2670 2698 sepultis
2717 2625 3029 2680 auctoribus
3059 2622 3215 2692 vivis,
3275 2630 3329 2677 et
3375 2621 3586 2678 caeteris
3614 2621 3829 2676 caelesti

2231 2717 2360 2789 igne
2417 2713 2799 2785 consumptis:
2851 2730 2971 2784 quis
3021 2712 3135 2781 jam
3173 2711 3497 2766 dubitaverit
3533 2711 3638 2765 hoc
3699 2726 3830 2766 esse

2231 2805 2550 2861 sceleratius
2602 2801 2974 2869 commissum,
3015 2801 3160 2873 quod
3190 2807 3271 2854 est
3309 2799 3525 2873 gravius
3582 2798 3832 2854 vindica—

2232 2895 2383 2948 tum?
2419 2914 2440 2942 ι

2302 2981 2439 3037 Hinc
2468 2988 2520 3036 et
2549 2981 2606 3035 in
2632 2978 2870 3036 decretis
2898 2977 3212 3049 apostolicae
3232 2976 3380 3033 sedis
3407 2985 3490 3032 est
3519 2975 3784 3048 scriptum
3812 2993 3826 3031 ε

2232 3071 2380 3127 Sicut
2409 3069 2551 3125 enim
2567 3069 2741 3138 justos
2771 3069 2838 3122 ad
2867 3077 3125 3123 aeternam
3167 3067 3332 3122 vitam
3363 3065 3624 3121 Dominus
3671 3082 3829 3136 prae-

2225 3159 2358 3214 dixit
2387 3159 2579 3223 ituros,
2614 3158 2691 3214 sic
2721 3157 2917 3228 impios
2947 3165 3153 3213 aterno
3197 3155 3539 3211 damnandos
3563 3154 3826 3210 interitu:

2223 3256 2279 3303 ut
2310 3248 2450 3304 sicut
2481 3262 2590 3302 non
2619 3254 2796 3318 potest
2826 3245 2968 3300 ﬁniri
2996 3245 3270 3299 beatitudo
3293 3246 3584 3312 justorum,
3611 3243 3692 3299 sic
3722 3259 3832 3299 nec

2223 3337 2513 3408 impiorum
2541 3343 2813 3390 tormenta
2868 3333 3144 3388 ﬁniantur.
3204 3333 3331 3388 Haec
3363 3331 3635 3387 hmreticis
3683 3332 3833 3387 schi-

2223 3425 2570 3496 smaticisque
2601 3432 2743 3478 sunt.
2779 3425 2845 3478 Et
2875 3422 2998 3494 quia
3031 3421 3292 3495 quidquid
3349 3437 3493 3477 nunc
3523 3420 3667 3494 gerit
3725 3421 3836 3476 Ec-

2223 3514 2413 3580 clesia,
2447 3514 2675 3584 mystice
2731 3520 2892 3584 typus
2922 3519 3004 3566 est
3063 3511 3384 3577 futurorum,
3433 3510 3481 3564 si
3529 3509 3832 3582 gustabunt

2223 3603 2291 3658 de
2350 3619 2489 3673 pane
2547 3601 2777 3666 caelesti,
2807 3600 2863 3655 id
2913 3609 2994 3654 est
3049 3607 3100 3654 te
3151 3599 3412 3654 suavitate
3466 3597 3668 3664 divina,
3722 3614 3830 3671 ge-

2222 3693 2416 3746 hennae
2435 3689 2748 3762 participes,
2773 3688 3036 3744 bzereticis
3059 3688 3526 3758 schismaticisque
3546 3687 3832 3742 damnatio

2225 3788 2306 3835 est
2336 3779 2578 3850 corporis
2610 3787 2662 3832 et
2719 3777 3002 3850 sanguinis
3056 3776 3256 3831 Christi
3295 3775 3621 3831 communio.
3654 3775 3828 3844 Quis-

2224 3869 2346 3940 quis
2377 3884 2511 3938 ergo
2565 3867 2794 3922 assentit
2853 3865 3230 3932 schismatico,
3268 3864 3646 3921 scliismaticus
3703 3881 3831 3920 esse

2224 3956 2417 4028 negari
2447 3971 2556 4010 non
2575 3955 2792 4026 poterit.
2827 3954 2986 4023 Quod
3043 3952 3146 4009 etsi
3187 3969 3378 4008 omnes
3421 3953 3746 4010 sacerdotes
3777 3962 3835 4008 et

2224 4045 2462 4100 mundus
2499 4043 2777 4113 assentiat,
2811 4043 3087 4098 damnatio
3135 4041 3536 4097 consentientes
3585 4041 3839 4114 involvit,

2224 4150 2334 4189 non
2364 4131 2863 4204 praevaricationem
2895 4147 3194 4187 consensus
3221 4131 3471 4186 absolvit.
3519 4131 3645 4186 Non
3677 4131 3831 4186 enim

2225 4223 2430 4280 crimen
2488 4222 2784 4288 minuitur,
2823 4221 2920 4276 sed
2969 4220 3252 4286 accrescit,
3285 4237 3407 4275 cum
3456 4219 3718 4293 generale
3767 4220 3829 4275 ﬁt

2223 4328 2288 4368 ex
2335 4311 2564 4383 privato.
2600 4312 2714 4366 Hoc
2761 4311 2907 4366 enim
2950 4311 3096 4364 Deus
3152 4309 3392 4364 omnium
3421 4308 3697 4376 indicavit,
3732 4309 3832 4381 qui

2216 4401 2480 4456 mundum
2569 4408 2888 4471 peccantem
2972 4397 3214 4470 generali
3263 4397 3467 4453 diluvio
3522 4397 3822 4454 interemit.

2299 4515 2319 4536 α
2365 4490 2428 4544 Et
2452 4488 2588 4545 sicut
2612 4505 2719 4544 non
2750 4496 2946 4560 potest,
2969 4495 3026 4542 ut
3055 4487 3308 4543 Gelasius
3328 4486 3514 4542 scribit
3546 4487 3836 4558 (epistJO,

2225 4580 2297 4633 ad
2334 4579 2742 4649 Anastasium),
2803 4577 3168 4648 perversitatis
3210 4569 3674 4632 communicatore
3723 4593 3826 4632 su—

2227 4676 2432 4739 scepto,
2470 4683 2580 4723 non
2621 4665 2825 4737 pariter
2853 4666 3187 4736 perversitas
3228 4665 3553 4736 approbari:
3587 4665 3664 4720 sic
3713 4681 3827 4721 non

2224 4765 2401 4827 potest
2455 4755 2672 4812 refutari
2727 4754 3054 4825 perversitas
3103 4755 3368 4825 complice
3397 4762 3666 4810 sectatore
3696 4772 3827 4826 per-

2225 4844 2498 4901 versitatis
2528 4843 2786 4909 admisso,
2822 4859 2944 4899 cum
2981 4843 3126 4899 dicat
3156 4843 3448 4914 Apostolus
3503 4859 3612 4898 non
3642 4843 3825 4898 solum

2225 4951 2318 5006 qui
2348 4949 2456 4990 non
2488 4931 2735 4988 facienda
2764 4931 2968 4988 faciunt
2995 4948 3121 4988 reos
3148 4932 3342 5000 videri,
3392 4931 3490 4986 sed
3529 4932 3694 4988 etiam
3725 4934 3826 5006 qui

2224 5025 2594 5080 consentiunt
2618 5021 2956 5092 facientibus
2975 5022 3149 5092 (Rom.
3187 5036 3224 5087 ι,
3259 5023 3370 5091 32).
3404 5021 3645 5094 Legibus
3675 5022 3823 5076 enim

2224 5110 2456 5182 publicis
2488 5109 2775 5164 criminum
2807 5109 3074 5178 conscios,
3109 5117 3558 5180 susceptoresque
3601 5109 3824 5167 latroci-

2224 5200 2466 5255 nantium
2499 5214 2598 5268 par
2635 5199 2964 5268 judiciorum
2993 5215 3154 5270 pmna
3179 5198 3520 5270 constringit,
3583 5215 3686 5254 nec
3734 5216 3825 5255 ex-

2225 5305 2352 5360 pers
2382 5286 2636 5343 facinoris
2665 5288 2978 5352 aestimatur,
3012 5287 3103 5360 qui
3133 5287 3259 5343 licet
3304 5287 3421 5358 ipse
3466 5303 3576 5344 non
3605 5286 3800 5344 fecerit

2225 5375 2486 5432 facientes
2531 5384 2710 5432 tamen
2737 5377 2791 5431 in
2849 5375 3263 5432 familiaritatem
3323 5374 3609 5447 fmdusque
3663 5393 3820 5432 rece-

2222 5465 2380 5538 perit.
2431 5465 2568 5522 Hinc
2610 5482 2744 5537 ergo
2789 5465 3053 5520 audianus
3114 5466 3388 5537 quomodo
3443 5473 3496 5520 et
3551 5466 3820 5520 Dominus

2224 5563 2380 5613 vocet
2408 5571 2520 5626 eos,
2556 5555 2648 5627 qui
2676 5554 2732 5609 in
2764 5553 2905 5610 ovile
2933 5553 3114 5610 ovium
3145 5563 3335 5611 contra
3361 5569 3549 5610 sacros
3578 5570 3821 5612 canones
