4072 6308
253 236 365 291 225
1755 231 1843 287 ΕΡ

1943 231 2112 288 .‘OLIE
3447 243 3552 298 226

253 355 464 428 Spiritu
498 356 600 410 Dei
628 355 876 411 conditos
903 354 1164 423 insiliunt,
1195 355 1251 411 id
1309 363 1392 411 est
1447 356 1697 430 regimen
1749 357 1862 412 Ec-
1891 359 1948 418 A
1975 358 2245 415 cularibus
2291 359 2436 415 curis
2490 359 2717 430 inhient,
2768 369 2820 416 et
2867 362 3010 432 quod
3065 363 3355 436 unicuique
3385 366 3564 422 visum

251 453 439 510 clesiaa
467 452 687 524 rapiunt
715 452 894 524 potius
945 468 1108 524 quam
1164 461 1543 524 assequuntur,
1594 453 1699 520 Qui
1746 470 1862 510 non
1962 446 2122 502 fuerit
2155 447 2378 504 liberius
2423 457 2607 522 agant.
2659 471 2680 499 n
2719 451 2786 504 Et
2833 451 2954 518 alia,
3003 468 3124 523 quae
3168 453 3222 509 in
3267 455 3378 510 suis
3424 455 3562 512 locis

247 543 462 609 intrat,
498 541 691 614 inquit,
722 559 823 614 per
851 543 1062 598 ostium
1090 543 1154 597 in
1183 541 1324 598 ovile
1353 544 1559 610 ovium,
1604 544 1862 600 ascendit
1961 537 2133 592 lector
2189 537 2437 594 invenire
2495 538 2712 594 valebit.
2771 539 2878 594 Sed
2936 547 2989 595 et
3035 541 3174 596 sicut
3221 543 3277 597 in
3331 544 3561 616 epistola

251 632 510 695 aliunde,
547 633 638 688 hic
664 634 764 702 fur
793 636 880 687 est
907 634 966 686 et
995 632 1140 688 latro
1173 632 1355 701 (Joan.
1390 647 1448 698 x,
1486 635 1558 702 1).
1595 633 1676 687 De
1723 649 1859 704 qua-

251 719 396 774 libus
426 719 578 774 idem
604 735 704 791 per
729 721 1049 791 prophetam
1079 719 1210 776 dicit
1244 722 1784 792 :Ipsiregnaveruut
1803 725 1862 777 et

246 825 366 866 non
387 826 462 864 ex
474 825 564 865 me
580 809 864 882 principes
880 811 1254 876 exstiterunt,
1271 815 1326 865 et
1336 827 1452 865 non
1467 812 1698 882 cognovi
1710 811 1855 880 (Ose.

246 913 368 963 vni,
401 899 480 968 4).
521 917 542 948 ι
570 918 593 948 κ
615 900 756 967 Ase,
781 897 952 969 inquit
975 897 1273 969 Gregorius
1286 898 1528 968 (Pastor.
1551 915 1590 968 ι,
1611 915 1730 970 cap.
1781 898 1853 969 1),

245 994 303 1040 et
330 1001 442 1041 non
472 1003 542 1041 ex
569 985 791 1040 arbitrio
821 987 1018 1040 summi
1045 987 1274 1042 rectoris
1304 995 1555 1059 regnant,
1615 988 1707 1060 qui
1760 1003 1859 1042 sua

246 1075 548 1146 cupiditate
579 1075 818 1142 accensi,
853 1075 1070 1131 culmen
1100 1075 1384 1147 regiminis
1413 1077 1632 1146 rapiunt
1677 1076 1857 1147 potius

245 1179 410 1236 quam
424 1171 797 1236 assequuntur
820 1181 832 1217 :
858 1179 993 1235 quos
1009 1172 1190 1219 tamen
1206 1165 1453 1220 internus
1464 1165 1630 1234 judex
1661 1173 1712 1220 et
1731 1181 1858 1236 pro-

249 1253 415 1321 vehit,
435 1261 488 1308 et
510 1253 936 1323 noncognoscit,
955 1252 1083 1323 quia
1103 1269 1240 1324 quos
1254 1254 1620 1324 permittendo
1641 1253 1851 1321 tolerat,

243 1340 499 1412 profecto
529 1341 884 1412 perjudicium
940 1341 1341 1412 reprobationis
1395 1341 1636 1415 ignorat.
1675 1363 1697 1393 ii
1759 1341 1853 1397 Ti-

243 1429 447 1485 menda
479 1439 564 1486 est
592 1429 758 1502 igitur
785 1429 864 1484 eis
895 1429 987 1501 qui
1015 1430 1212 1485 talibus
1242 1429 1426 1487 favent
1452 1447 1486 1486 a
1533 1431 1690 1486 beato
1738 1431 1854 1486 Ge-

244 1518 384 1574 lasio
419 1519 493 1574 ad
517 1535 739 1574 sensum
766 1518 1049 1590 praemissa
1065 1519 1330 1575 sententia
1364 1519 1534 1586 Pauli,
1559 1537 1666 1592 qua
1683 1520 1811 1575 dicit
1836 1537 1848 1575 :

245 1609 364 1665 Non
419 1609 608 1664 solum
630 1609 724 1680 qui
751 1608 996 1678 faciunt,
1021 1608 1117 1663 sed
1133 1610 1228 1681 qui
1244 1611 1612 1666 consentiunt
1628 1611 1852 1680 facien-

1960 625 2138 681 beatm
2169 627 2449 683 memoriae
2468 627 2679 683 Nicolai
2697 644 2854 700 papae
2874 628 2942 684 ad
2973 631 3239 700 quosdam
3270 633 3560 706 episcopos

1959 714 2194 786 Belgicae
2220 716 2517 786 provinciae
2546 717 2754 773 directa
2784 717 3106 785 continetur,
3141 720 3318 776 Graeci
3371 730 3562 778 contra

1960 819 2083 858 eum
2115 803 2472 873 fremuerunt,
2509 805 2637 878 quia
2666 807 2803 876 ipse,
2855 806 2993 862 sicut
3045 815 3094 862 et
3141 809 3560 879 predecessores

1959 893 2061 960 sui,
2096 894 2411 950 sacerdotes
2441 895 2510 950 ab
2540 895 2796 950 uxoribus
2827 896 3103 952 abstinere
3131 899 3412 970 praecepit,
3456 916 3558 956 vo-

1958 981 2132 1036 lentes
2190 999 2292 1054 per
2339 999 2576 1038 canones
2621 991 2858 1040 statuere
2902 991 2959 1039 ut
3000 985 3159 1041 liceat
3201 985 3310 1040 illis
3357 1003 3558 1044 uxores

1956 1071 2180 1126 habere.
2214 1073 2330 1128 Nos
2360 1081 2543 1128 autem
2574 1073 2824 1128 moderni
2881 1081 2934 1128 et
2981 1074 3251 1131 Gallicani
3293 1077 3556 1149 episcopi,

1955 1175 2128 1215 novos
2159 1175 2398 1216 canones
2430 1160 2615 1218 facere
2645 1178 2925 1229 conamur,
2957 1171 3013 1217 ut
3041 1163 3199 1219 liceat
3227 1165 3384 1220 nobis
3413 1167 3558 1237 quod

1955 1247 2176 1320 gravius
2233 1257 2314 1304 est
2389 1265 2552 1321 quam
2627 1251 2832 1306 carnali
2887 1251 3248 1323 commercio,
3329 1253 3560 1325 spiritali

1955 1336 2240 1402 adulterio,
2273 1346 2364 1393 aut
2395 1339 2532 1393 duas
2551 1355 2766 1405 uxores,
2800 1339 2855 1394 id
2887 1348 2969 1394 est
2996 1341 3135 1396 duas
3183 1343 3342 1397 sedes
3398 1343 3560 1399 simul

1952 1426 2174 1493 habere,
2221 1436 2311 1482 aut
2360 1444 2584 1484 uxorem
2634 1429 2794 1484 simul
2850 1437 2904 1484 et
2957 1430 3314 1486 concubinam
3348 1439 3554 1504 tenere,

1953 1515 2040 1570 vel
2067 1516 2282 1571 vivente
2312 1515 2437 1572 licet
2463 1515 2674 1571 infirma
2721 1533 2911 1586 uxore,
2952 1517 3008 1573 id
3039 1527 3121 1574 est
3149 1520 3402 1576 Ecclesia
3446 1538 3552 1577 no-

1955 1613 2062 1657 stra
2108 1606 2487 1675 persecutione
2535 1607 2775 1678 qualibet
2819 1607 2982 1662 rebus
3006 1623 3070 1664 ac
3107 1609 3555 1678 possessionibus

248 1697 414 1763 tibus,
431 1697 1181 1768 dignisuntmorte(Rom.r,
1203 1699 1312 1768 32),
1336 1697 1479 1768 quia,
1499 1706 1556 1752 ut
1573 1698 1680 1753 Leo
1701 1697 1850 1764 dicit,
1883 1693 2254 1775 Bimminuta,
2288 1695 2358 1750 ad
2403 1695 2625 1754 alterius
2678 1695 2930 1767 copulam
2979 1697 3386 1769 transmigrare.
3419 1699 3551 1754 Cum

242 1785 298 1840 in
330 1785 524 1840 talium
551 1785 871 1856 praelatione
901 1801 1010 1842 non
1039 1794 1122 1840 est
1149 1785 1364 1857 populis
1391 1787 1698 1851 consulere,
1757 1787 1854 1842 sed

241 1889 462 1942 nocere,
489 1891 595 1931 nec
613 1882 874 1946 praestare
895 1874 1160 1947 regimen,
1187 1875 1290 1930 sed
1316 1891 1520 1948 augere
1541 1876 1852 1942 discrimen,

347 1964 501 2020 XIV.
539 1962 699 2032 Quod
726 1963 1012 2034 scripsisti,
1046 1964 1362 2034 episcopum
1393 1965 1460 2020 de
1517 1981 1624 2036 quo
1671 1965 1853 2038 agitur

241 2053 426 2108 dicere
455 2053 528 2108 ad
556 2052 894 2108 excusandas
923 2053 1298 2108 excusationes
1327 2052 1384 2107 in
1414 2053 1672 2123 peccatis,
1717 2070 1851 2124 quo-

239 2137 384 2191 niam
414 2144 542 2192 sunt
568 2137 624 2190 in
675 2137 891 2194 civitate
939 2137 1244 2208 metropoli,
1298 2137 1352 2191 in
1411 2153 1518 2208 qua
1572 2137 1850 2194 ordinatus

242 2226 430 2296 fuerat,
479 2225 717 2280 ministri
769 2225 1148 2292 ecclesiastici,
1211 2227 1304 2296 qui
1359 2226 1717 2299 indigentium
1747 2243 1849 2282 ne-

237 2313 582 2370 cessitatibus
609 2321 838 2384 possunt
879 2314 1190 2381 consulere,
1223 2315 1320 2368 sed
1368 2314 1488 2385 ipse
1536 2331 1647 2370 non
1705 2315 1845 2371 habe

243 2401 627 2458 suﬁicientiam
657 2419 842 2458 rerum
869 2418 932 2459 ac
959 2401 1292 2469 facultatum,
1327 2403 1524 2474 quibus
1553 2402 1607 2456 in
1655 2419 1722 2458 ea
1749 2405 1848 2460 ho-

240 2492 553 2548 norabiliter
579 2492 752 2563 possit
780 2491 1098 2560 subsistere,
1160 2493 1304 2548 unde
1361 2509 1419 2547 se
1475 2500 1701 2548 conatur
1755 2509 1849 2548 ex-

242 2596 455 2648 cusare,
489 2580 618 2636 inde
646 2580 826 2653 magis
855 2580 1067 2636 videtur
1094 2594 1378 2646 accusare,
1434 2588 1488 2636 et
1537 2580 1850 2652 cupiditatis

238 2679 394 2742 atque
423 2669 668 2725 cauterio
699 2669 1013 2725 ambitionis
1040 2668 1280 2736 inurere,
1313 2669 1406 2741 qui
1450 2669 1574 2740 plus
1619 2685 1846 2740 posses-

239 2759 423 2814 siones
469 2766 720 2814 terrenas
767 2774 931 2830 quam
983 2757 1280 2813 animarum
1335 2758 1487 2814 lucra
1541 2759 1756 2815 videtur
1783 2776 1847 2816 ac

240 2847 474 2920 quirere.
509 2847 789 2902 Debuerat
817 2847 961 2902 enim
990 2846 1046 2901 in
1072 2855 1255 2903 mente
1285 2847 1491 2903 habere
1511 2848 1670 2918 .quod
1728 2849 1836 2919 spi-

237 2936 369 2991 ritus
399 2935 568 2992 Paulo
601 2935 752 3002 dixit,
784 2944 980 2992 utnon
1036 2935 1205 2992 exiret
1253 2935 1321 2990 de
1376 2937 1591 2992 civitate
1639 2937 1694 2992 in
1742 2954 1847 3008 qua

233 3025 282 3080 ei
309 3025 515 3079 multus
544 3025 780 3096 populus
811 3033 942 3095 erat,
985 3025 1084 3081 sed
1135 3022 1448 3080 cOnstanter
1501 3026 1838 3096 praedicaret.

235 3112 373 3184 Quid
405 3114 555 3170 enim
587 3113 708 3182 scit,
738 3121 918 3169 utrum
947 3113 1101 3170 multi
1131 3114 1199 3168 de
1228 3114 1457 3187 paganis
1486 3113 1612 3184 illis,
1646 3115 1738 3186 qui
1786 3115 1843 3169 in
1873 3098 1905 3140 Ε

237 3203 426 3258 eadem
451 3202 670 3258 civitate
699 3201 960 3270 habitant,
997 3203 1102 3257 sint
1132 3219 1166 3257 a
1202 3205 1318 3258 Deo
1370 3203 1744 3275 praedestinati
1775 3203 1844 3258 ad

236 3290 420 3358 vitam,
455 3291 551 3363 qui
579 3307 681 3362 per
726 3291 1173 3362 praedicationem
1215 3291 1330 3360 ejus
1387 3291 1496 3346 oris
1551 3301 1604 3346 et
1661 3292 1844 3362 operis

235 3379 482 3436 converti
537 3387 805 3450 poterant,
863 3387 917 3435 et
978 3379 1073 3435 ubi
1120 3379 1408 3435 Christiani
1463 3388 1586 3435 sunt
1645 3381 1841 3436 salvari

233 3469 500 3536 valerent,
535 3469 582 3524 si
613 3467 668 3523 in
693 3485 761 3524 ea
788 3477 1052 3535 maneret,
1098 3468 1315 3524 etiamsi
1365 3469 1668 3525 necessitas
1718 3486 1841 3524 eum

232 3557 433 3614 ibidem
463 3557 646 3612 taliter
673 3573 900 3612 manere
929 3565 1174 3629 cogeret,
1208 3556 1349 3613 sicut
1381 3557 1580 3612 Paulus
1611 3575 1670 3613 se
1692 3573 1844 3613 man—

233 3646 368 3702 sisse
410 3645 560 3717 apud
609 3646 917 3701 Corinthios
962 3645 1094 3700 dixit
1127 3663 1140 3700 :
1175 3648 1305 3718 Ego,
1351 3646 1624 3718 inquiens,
1661 3649 1723 3703 in
1752 3649 1840 3704 in-

212 3726 504 3804 ﬁrmitate
533 3739 592 3790 et
621 3737 821 3792 timore
850 3740 908 3791 et
939 3739 1180 3792 tremore
1210 3737 1392 3791 multo
1439 3737 1528 3806 fui
1559 3737 1727 3807 upudj
1753 3755 1846 3793 vos

236 3824 280 3896 (Ι
303 3825 424 3882 Cor.
457 3840 520 3891 ιι,
553 3825 629 3896 3).
680 3825 851 3898 Legat
878 3823 1046 3897 igitur
1093 3824 1360 3880 decimam
1407 3832 1652 3896 quartam
1698 3825 1842 3882 beati

229 3912 479 3986 Gregorii
514 3911 792 3968 homiliam
822 3929 888 3968 ex
917 3913 1150 3969 lectione
1181 3913 1357 3970 sancti
1383 3913 1692 3987 Evangelii,
1729 3915 1838 3986 Ego

227 4017 350 4058 sum
377 4006 574 4074 pastor
604 4003 778 4058 bonus
809 4001 990 4071 (Joan.
1025 4016 1105 4072 χι,
1144 4001 1250 4074 lli),
1275 4009 1328 4057 et
1346 4001 1588 4057 inveniet
1609 4002 1839 4074 qualiter

227 4105 288 4146 ac
317 4099 584 4163 quantum
613 4091 682 4146 ab
713 4091 1032 4146 auctoritate
1062 4097 1115 4146 et
1144 4108 1244 4146 suo
1269 4091 1464 4146 ordine
1512 4091 1832 4148 deviaverit.

230 4177 333 4235 Sed
363 4187 418 4235 et
437 4179 761 4236 scandalum
790 4179 847 4234 in
876 4178 1129 4235 Ecclesia
1158 4179 1322 4248 misit,
1356 4179 1496 4236 sicut
1525 4187 1579 4234 et
1611 4180 1836 4252 quidam

229 4267 485 4340 episcopi,
521 4268 686 4324 etiam
715 4285 745 4322 a
775 4268 940 4340 longe
983 4267 1422 4340 princedentibus
1473 4269 1830 4339 temporibus,

225 4357 542 4412 scandalum
579 4373 682 4428 pro
703 4373 802 4412 sua
831 4357 1012 4430 quiete
1043 4366 1096 4412 et
1125 4356 1494 4434 voluptatibus
1523 4355 1581 4410 in
1630 4357 1828 4414 Eccle-

1955 1781 2090 1838 sicut
2129 1783 2214 1838 vir
2259 1799 2369 1838 non
2417 1785 2582 1838 habet
2633 1792 2958 1855 potestatem
3006 1787 3248 1857 corporis
3301 1787 3404 1857 sui,
3455 1789 3553 1844 sed

1954 1870 2168 1938 mulier,
2202 1873 2440 1943 quandiu
2469 1888 2603 1928 uxor
2635 1873 2752 1942 ejus
2780 1873 2907 1929 licet
2947 1873 3188 1930 infirmat
3217 1874 3362 1942 vivit,
3397 1875 3469 1931 ita
3499 1885 3554 1932 et

1954 1955 2244 2026 cpiscopus
2274 1972 2384 2011 non
2413 1957 2579 2012 habet
2605 1965 2929 2028 potestatem
2959 1958 3269 2030 ecclesiam,
3301 1959 3553 2020 videlicet

1950 2043 2167 2114 plebem
2223 2060 2378 2099 suam
2427 2047 2709 2115 deserere,
2768 2054 2821 2100 et
2877 2046 3104 2102 alteram
3149 2046 3412 2104 invadere
3465 2050 3552 2106 vel

1950 2148 2233 2202 usurpare,
2287 2133 2548 2204 quandiu,
2601 2135 2740 2190 sicut
2785 2143 3005 2192 sanctus
3044 2137 3377 2209 Augustinus
3425 2137 3554 2196 dicit

1951 2221 2137 2293 (epist.
2174 2226 2296 2288 180,
2331 2223 2654 2294 Houorato),
2691 2223 2747 2277 in
2777 2239 2844 2280 ea
2873 2224 3078 2280 residui
3123 2233 3247 2280 sunt
3301 2227 3551 2283 conservi

1949 2309 2050 2375 sui,
2082 2310 2276 2382 quibus
2303 2312 2545 2382 praebeat
2573 2311 2796 2379 cibaria,
2820 2323 2825 2327 ‘
2849 2330 2986 2384 quos
3029 2313 3187 2369 aliter
3228 2315 3412 2371 vivere
3441 2332 3552 2372 non

1945 2413 2112 2468 posse
2140 2399 2314 2455 novit.
2355 2399 2514 2468 Quod
2542 2399 2588 2456 si
2617 2399 2826 2468 fecerit,
2859 2409 3008 2458 tanto
3033 2403 3208 2472 majus
3263 2404 3550 2460 committit

1947 2486 2291 2554 adulterium,
2324 2496 2524 2560 quanto
2563 2489 2868 2560 spiritaliter
2921 2491 3207 2558 adulterat,
3253 2501 3304 2547 et
3329 2493 3547 2564 plebem

1947 2591 2098 2630 suam
2157 2576 2460 2633 adulterare
2507 2576 2656 2646 facit,
2717 2577 2762 2632 si
2815 2579 2968 2635 alteri
3013 2595 3078 2634 eo
3133 2579 3350 2636 vivente
3391 2589 3445 2636 et
3489 2582 3547 2638 in

1945 2664 2232 2719 sacerdotii
2271 2664 2640 2721 incolumitate
2687 2675 2940 2722 manente
2987 2684 3046 2723 se
3097 2669 3358 2738 junxerit,
3419 2671 3548 2742 quia

1943 2753 2138 2808 mulier
2167 2770 2277 2809 non
2306 2755 2470 2809 habet
2499 2763 2826 2826 potestatem
2855 2755 3104 2827 corporis
3133 2757 3234 2824 sui,
3289 2759 3386 2814 sed
3439 2759 3542 2826 vir,

1945 2842 2179 2912 quandiu
2208 2843 2290 2898 vir
2326 2843 2442 2912 ejus
2500 2843 2648 2914 vivit,
2709 2853 2764 2900 et
2805 2845 3022 2916 plebem
3067 2861 3232 2917 quam
3286 2847 3548 2902 invaserit

1945 2946 2131 2986 secum
2177 2931 2492 2988 adulterare
2540 2931 2686 2999 facit,
2748 2941 2807 2988 ut
2861 2934 3051 2990 beatus
3109 2935 3456 2991 Innocentius
3485 2936 3542 2990 in

1944 3019 2179 3074 decretis
2207 3021 2320 3074 suis
2348 3022 2604 3088 ostendit,
2635 3023 2866 3094 loquens
2895 3022 2964 3078 de
2995 3024 3219 3094 repudio
3247 3024 3352 3080 viri
3383 3033 3542 3098 atque

1944 3109 2145 3176 uxoris,
2207 3109 2353 3181 quod
2413 3109 2608 3165 merito
2656 3111 3064 3182 intelligendum
3096 3127 3162 3167 ac
3208 3114 3546 3184 sequendum

1947 3197 2087 3252 etde
2117 3197 2341 3269 spiritali
2370 3198 2613 3270 episcopi
2639 3207 2693 3254 et
2720 3198 3002 3270 Ecclesiae,
3051 3200 3109 3254 in
3152 3216 3260 3272 qua
3305 3201 3542 3272 primum

1945 3295 2222 3350 ordinatus
2249 3295 2366 3362 fuit,
2405 3295 2801 3366 conjunctione.
3433 3304 3436 3308 ’

2020 3402 2043 3432 α
2075 3383 2157 3437 De
2187 3382 2291 3452 his,
2323 3381 2497 3454 inquit
2517 3382 2704 3455 (epist.
2729 3385 2816 3452 11,
2841 3383 2912 3440 ad
2933 3383 3326 3458 Exuperium),
3352 3385 3540 3458 requi-

1944 3469 2066 3526 sivit
2095 3471 2314 3526 dilectio
2343 3479 2455 3536 tua,
2500 3471 2593 3542 qui
2632 3471 3022 3528 interveniente
3069 3473 3294 3544 repudio
3349 3474 3454 3530 alio
3481 3491 3542 3530 se

1943 3558 2282 3615 matrimonio
2314 3560 2658 3630 c0pularunt,
2693 3577 2828 3632 quos
2857 3561 2914 3614 in
2945 3568 3174 3632 utraque
3201 3569 3355 3632 parte
3381 3563 3540 3618 adul-

1943 3655 2088 3703 teros
2103 3664 2224 3703 esse
2239 3647 2585 3703 manifestum
2601 3657 2701 3704 est.
2719 3647 2825 3716 Qui
2857 3649 2976 3704 viro
2999 3650 3086 3705 vel
3105 3665 3271 3707 uxore
3301 3651 3534 3722 vivente,

1942 3735 2191 3807 quamvis
2240 3737 2593 3792 dissociatum
2640 3737 2888 3794 videatur
2935 3754 3058 3794 esse
3105 3739 3438 3814 conjugium,
3467 3742 3537 3796 ad

1941 3825 2102 3880 aliam
2131 3825 2380 3896 copulam
2408 3825 2750 3892 festinarunt,
2797 3842 2976 3899 neque
3026 3837 3252 3898 possunt
3303 3829 3537 3886 adulteri

1938 3930 2046 3968 non
2078 3914 2270 3981 videri,
2302 3914 2358 3970 in
2386 3923 2590 3972 tantum
2619 3923 2675 3972 ut
2705 3915 2863 3972 etiam
2891 3917 3008 3972 haec
3034 3933 3288 3988 personae
3343 3919 3537 3990 quibus

1937 4002 2073 4058 tales
2102 4003 2375 4073 conjuncti
2403 4011 2543 4074 sunt,
2577 4005 2739 4060 etiam
2784 4005 2888 4076 ipsi
2933 4005 3258 4062 adulterium
3304 4007 3534 4062 commi-

1937 4090 2074 4146 sisse
2129 4093 2432 4162 videantur,
2483 4094 2780 4148 secundum
2827 4093 2958 4149 illud
2999 4095 3144 4166 quod
3199 4095 3433 4168 legimus
3479 4095 3536 4152 in

1935 4179 2234 4252 Evangelio
2266 4199 2280 4236 :
2313 4181 2417 4248 Qui
2445 4181 2726 4236 dimiserit
2753 4198 2992 4237 uxorem
3019 4199 3186 4237 suam
3215 4187 3273 4238 ct
3300 4185 3535 4240 duxerit

1935 4269 2129 4334 aliam,
2146 4269 2460 4324 moechatur
2475 4285 2487 4324 :
2503 4269 2772 4324 similiter
2788 4273 2844 4324 et
2864 4270 2959 4342 qui
2969 4269 3262 4326 dimissam
3273 4271 3528 4337 duxerit,

1933 4357 2247 4413 mwchatur
2274 4358 2492 4426 (Matth.
2527 4373 2581 4423 v,
2613 4359 2726 4428 21),
2753 4365 2806 4413 et
2833 4357 2956 4414 ideo
2986 4373 3175 4414 omnes
3213 4375 3245 4412 a
3288 4375 3530 4415 commu-

229 4445 356 4500 siam
403 4446 838 4513 intromiserunt,
899 4447 1210 4502 ordinantes
1269 4445 1714 4518 chorepiscOpos,
1774 4454 1827 4502 et
1845 4435 1898 4496 D
1928 4445 2090 4502 nione
2110 4444 2351 4501 ﬁdelium
2379 4446 2747 4504 abstinendos.
2773 4450 2842 4502 At
2872 4447 2941 4502 sit
2966 4463 3106 4504 uxor
3133 4447 3395 4520 episcopi,
3429 4465 3526 4506 ec-

230 4533 302 4589 eis
328 4551 450 4607 quaI
482 4535 709 4590 summis
738 4533 1083 4607 pontiﬁcibus
1113 4535 1442 4591 conveniunt
1485 4551 1652 4608 agere
1697 4551 1830 4606 per-

225 4623 518 4680 mittentes.
555 4623 706 4692 Quos
735 4623 1040 4695 apostolica
1073 4625 1233 4679 sedes
1267 4623 1467 4696 saepius
1494 4624 1826 4696 reprobavit,

228 4721 275 4768 et
303 4713 612 4786 apostolico
638 4729 900 4769 mucrone
929 4712 1140 4781 recidit,
1173 4713 1309 4769 sicut
1353 4713 1411 4768 in
1465 4713 1830 4770 decretalibus

229 4816 408 4858 eorum
439 4801 535 4874 qui
582 4801 812 4858 voluerit
856 4818 1144 4858 recensere
1190 4802 1449 4859 inveniet.
1499 4803 1646 4858 Inter
1693 4818 1830 4875 quos

225 4890 490 4947 Damasus
522 4907 668 4962 papa
697 4891 764 4948 de
794 4891 988 4946 talibus
1019 4891 1148 4947 dicit
1177 4891 1447 4962 episcopis
1477 4893 1662 4962 (epist.
1697 4894 1730 4946 5
1759 4893 1831 4948 ad

231 4981 396 5050 episc.
430 4967 736 5051 Numidiae)
767 4999 786 5035 ε
821 5001 844 5030 ‹‹
879 4979 980 5046 Illi,
1004 4979 1276 5052 inquiens,
1297 4979 1558 5052 episcopi,
1580 4979 1671 5052 qui
1699 4979 1832 5036 talia

234 5069 333 5124 sibi
393 5076 756 5142 praesumunt,
804 5069 1056 5125 videntur
1098 5069 1232 5124 mihi
1279 5086 1401 5124 esse
1457 5069 1835 5126 meretricibus

237 5157 462 5226 similes,
493 5175 617 5231 qua
646 5157 828 5212 statim
874 5165 931 5212 ut
959 5157 1192 5229 pariunt,
1241 5157 1478 5214 infantes
1529 5175 1660 5215 suos
1711 5159 1830 5214 aliis

231 5248 529 5304 nutricibus
559 5247 780 5303 tradunt
811 5247 1140 5314 educandos,
1174 5255 1233 5303 ut
1287 5265 1442 5304 suam
1497 5249 1656 5304 citius
1701 5248 1829 5303 libi—

235 5335 412 5392 dinem
445 5337 671 5409 explere
700 5337 933 5392 valeant.
969 5337 1058 5393 Sic
1087 5345 1140 5392 et
1168 5337 1258 5392 isti
1307 5336 1538 5392 infantes
1595 5353 1741 5405 suos,
1773 5338 1830 5393 id

229 5432 304 5480 est
329 5426 569 5499 populos
591 5425 696 5482 sibi
726 5426 1079 5496 commissos,
1102 5425 1221 5482 aliis
1251 5425 1560 5482 educandos
1585 5427 1823 5495 tradunt,

227 5520 280 5570 ut
305 5531 429 5574 suas
459 5515 717 5574 libidines
747 5515 1021 5589 expleant,
1070 5516 1126 5574 id
1156 5523 1238 5574 est
1263 5531 1362 5588 pro
1391 5531 1489 5572 suo
1525 5515 1677 5573 libitu
1716 5533 1826 5572 sae-

1929 4534 2096 4590 clesia
2123 4535 2331 4592 scilicet
2357 4552 2423 4592 ac
2450 4537 2711 4608 parochia
2739 4537 2874 4608 ejus,
2915 4536 3074 4592 fuerit
3130 4538 3371 4610 qualibet
3419 4553 3524 4610 op-

1928 4625 2215 4695 pressione
2254 4625 2587 4696 percutionis
2627 4627 2892 4694 desolata,
2925 4626 2982 4681 id
3010 4634 3092 4681 est
3119 4627 3188 4682 de
3236 4627 3354 4682 solo
3414 4627 3524 4683 ela-

1927 4730 2046 4784 psa,
2078 4721 2135 4769 ut
2160 4713 2218 4768 in
2245 4729 2312 4771 ea
2339 4731 2450 4772 non
2477 4724 2788 4771 remaneant
2818 4715 3012 4786 quibus
3055 4730 3284 4770 necesse
3327 4714 3398 4771 sit
3422 4717 3526 4772 mi-

1927 4803 2182 4870 nistrare,
2215 4803 2359 4860 licite
2388 4805 2532 4860 valet
2569 4805 2857 4876 episcOpus
2903 4803 2972 4858 ad
3027 4811 3331 4860 vacantem-
3361 4806 3525 4866 aliam

1929 4892 2216 4948 ecclesiam
2247 4894 2654 4967 transmigrare,
2687 4893 2824 4948 sicut
2854 4909 3016 4964 supra
3035 4892 3220 4950 verbis
3241 4894 3525 4952 beatorum

1927 4982 2212 5054 Augustini
2241 4991 2402 5055 atque
2432 4982 2687 5056 Gregorii
2715 4989 2797 5036 est
2812 4981 3257 5040 demonstratum.
3279 4985 3520 5057 Etplebs

1928 5069 2185 5142 episcopo
2217 5088 2316 5128 suo
2342 5071 2577 5136 viduata,
2610 5071 2667 5125 id
2697 5078 2780 5126 est
2808 5087 3024 5140 vacans,
3068 5089 3237 5130 carne
3292 5074 3380 5130 vel
3426 5091 3520 5130 re-

1926 5159 2184 5230 gulariter
2211 5159 2464 5216 defuncto
2511 5159 2819 5216 sacerdotio
2865 5162 3180 5234 episcopum
3226 5162 3522 5230 viduatum,

1926 5247 1982 5304 id
2011 5257 2094 5304 est
2122 5257 2420 5311 vacantem,
2451 5247 2776 5320 regulariter
2803 5259 2982 5322 potest
3011 5251 3310 5323 suscipere,
3352 5250 3517 5309 veluti

1926 5337 2218 5408 Apostolus
2247 5337 2314 5392 de
2342 5336 2570 5392 muliere
2599 5337 2730 5395 dicit
2761 5357 2773 5393 :
2807 5341 3034 5408 Mortuo,
3065 5339 3335 5412 inquiens,
3375 5341 3512 5407 uiro,

1925 5426 2102 5482 nubat
2130 5426 2222 5481 cui
2249 5426 2389 5491 vult,
2425 5430 2655 5484 tantum
2685 5430 2748 5484 in
2779 5431 3011 5486 Domino
3068 5430 3118 5501 (Ι
3137 5431 3257 5486 Cor.
3279 5445 3378 5500 vn,
3403 5430 3512 5500 39).

1925 5515 2156 5572 Sanctus
2186 5513 2386 5588 quippe
2414 5515 2689 5588 Leo,inter
2714 5518 3021 5592 praecipuos
3051 5518 3198 5576 sedis
3220 5518 3515 5587 Romanae,
