4072 6334
482 230 590 286 227

1401 219 1748 280 HINCMARI
1798 217 2199 279 RHEMENSIS
2257 219 2809 278 ARCHIEPISCOPI.

3686 221 3800 280 228

487 359 710 409 ornatus
767 349 1079 422 precipius,
1114 347 1183 404 de
1213 346 1330 403 viro
1352 353 1406 402 et
1433 346 1662 404 muliere
1688 347 1936 420 Apostoli
1965 362 2086 402 sen-
2111 347 2170 408 Α
2195 366 2216 396 α
2253 345 2539 402 Christiani
2565 361 2676 402 non
2707 352 2850 414 sunt,
2885 345 2975 418 qui
3003 345 3301 420 ligamenta
3349 353 3553 404 sancta:
3597 347 3806 406 Eccle-

485 441 708 496 tentiam
735 455 1036 510 exponens,
1071 436 1202 510 quid
1229 453 1331 508 per
1361 437 1504 492 hanc
1531 437 1968 506 conjunctionem
1997 435 2088 492 in-

484 529 655 603 telligi
682 528 916 586 voluerit
943 535 1194 600 patenter
1205 525 1442 582 ostendit
1475 528 1947 584 :Sacramentum
1967 527 2087 592 hoc,

484 618 756 692 inquiens,
789 634 1063 690 magnum
1092 620 1180 674 est
1210 633 1224 672 :
1258 631 1352 688 ego
1364 621 1558 672 autem
1588 617 1709 672 dico
1721 619 1785 673 in
1801 617 2020 674 Christo
2033 617 2092 670 et

486 710 550 762 in
576 708 852 778 Ecclesia(
881 707 1080 778 Ephes.
1115 722 1170 772 v,
1202 706 1314 776 32).
1349 705 1546 777 Utique
1563 705 1670 760 duo
1689 712 1834 772 sunt,
1857 706 2006 760 Deus
2037 712 2090 759 et

484 797 668 866 homo,
701 795 950 852 Christus
980 803 1035 852 et
1063 793 1333 862 Ecclesia,
1395 810 1518 866 quae
1574 793 1644 849 de
1695 793 1883 865 sponsi
1927 809 2090 849 carne

485 884 740 956 provibit,
772 892 826 940 et
854 885 924 941 de
955 885 1124 940 latere
1154 881 1406 938 Cruciﬁxi
1437 890 1694 939 manante
1724 881 1992 954 sanguine
2037 889 2092 937 et

485 989 649 1046 aqua,
695 981 1104 1031 sacramentum
1153 971 1544 1043 redemptionis
1573 979 1626 1027 et
1655 970 2091 1046 regenerationis

488 1063 717 1136 accepit.
757 1083 780 1114 ››

557 1154 628 1209 Et
654 1151 800 1208 idem
829 1151 960 1208 alibi
993 1167 1006 1208 :
1035 1152 1208 1218 Unde,
1241 1150 1435 1224 inquit,
1469 1166 1593 1208 cum
1623 1151 1854 1207 societas
1885 1149 2094 1221 nuptia-

485 1257 604 1297 rum
630 1241 705 1296 ita
723 1241 793 1296 ab
823 1240 976 1297 initio
1006 1241 1300 1297 constituta
1348 1241 1438 1307 sit,
1489 1249 1548 1296 ut
1601 1249 1803 1312 praeter
1861 1255 2090 1296 sexuum

483 1330 923 1401 conjunctionem
951 1331 1180 1386 haberet
1201 1329 1256 1384 in
1287 1346 1348 1385 se
1381 1329 1580 1385 Christi
1607 1337 1662 1385 et
1689 1329 1956 1386 Ecclesiae
1994 1345 2089 1384 sa-

485 1429 841 1490 cramentum,
874 1435 984 1475 non
1007 1435 1159 1492 tergo
1185 1418 1488 1475 fornicetur
1517 1418 1826 1491 quisquam,
1849 1417 2092 1474 indebita

483 1508 760 1566 voluntate
789 1508 978 1564 abiens
1005 1516 1129 1580 post
1172 1524 1398 1564 uxorem
1444 1507 1692 1580 legitimo
1749 1515 1802 1564 et
1859 1507 2091 1580 spiritali

485 1598 588 1652 sibi
618 1598 862 1653 sortitam
894 1597 1170 1669 conjugio,
1195 1597 1296 1654 sed
1317 1597 1509 1670 diligat
1531 1605 1583 1652 et
1600 1596 1779 1654 foveat
1821 1612 1962 1664 eam,
1980 1598 2090 1654 sic-

2189 435 2285 490 siaa
2330 435 2488 492 vanis
2550 451 2613 491 se
2661 435 2934 491 aestimant
2983 436 3264 492 conatibus
3322 436 3535 492 solvere
3569 455 3584 492 :
3618 451 3684 494 ac
3703 454 3811 510 per

2188 524 2293 579 hoc
2321 540 2424 582 nec
2453 523 2852 580 absolutionem
2883 533 3084 582 sanctae
3103 525 3386 594 Ecclesiae,
3450 542 3615 598 quam
3653 543 3808 598 prae-

2192 621 2298 668 stat
2327 612 2598 682 ﬁdelibus,
2634 629 2818 670 veram
2841 622 3048 686 putant,
3085 614 3129 670 si
3149 615 3408 686 ligaturas
3439 615 3554 684 ejus
3612 615 3809 672 valere

2191 717 2302 758 non
2329 702 2620 758 aestimant.
2651 703 2851 759 Contra
2881 720 3019 776 quos
3047 703 3250 761 diutius
3281 704 3668 776 disputandum
3688 721 3807 760 non

2191 800 2292 857 est,
2329 791 2456 863 quia
2485 808 2584 862 per
2611 792 2791 848 omnia
2846 793 3182 866 despiciendi
3213 801 3268 849 et
3307 793 3811 850 anathematizandi

2193 888 2337 947 sunt,
2371 887 2425 936 et
2453 881 2597 937 unde
2628 898 2688 936 se
2717 881 2905 937 fallere
2961 882 3245 938 veritatem
3307 883 3554 950 credunt,
3585 882 3720 939 inde
3749 883 3810 939 in

2190 969 2428 1040 peccatis
2459 970 2572 1024 suis
2620 970 2888 1026 veraciter
2927 969 3296 1042 implicantur,
3346 987 3552 1044 eosque
3597 979 3650 1026 et
3695 988 3808 1044 ego

2192 1065 2244 1113 et
2271 1074 2462 1114 omnes
2495 1059 2750 1116 catholici
2777 1059 3050 1132 epiSCOpi,
3083 1069 3244 1132 atque
3275 1061 3525 1117 universa
3553 1061 3813 1118 Ecclesia

2191 1148 2725 1214 anathematizamus,
2786 1150 2913 1222 quia
2959 1149 3174 1206 veritati
3223 1150 3494 1206 contraria
3537 1151 3806 1219 sentiunt,

2191 1244 2243 1292 et
2271 1237 2540 1292 contraria
2571 1237 2882 1310 loquuntur.
2934 1259 2957 1289 »
3475 1222 3490 1238 ’

2261 1327 2389 1381 Haec
2418 1325 2621 1382 idcirco
2651 1327 2718 1382 de
2749 1328 2916 1383 rebus
2947 1335 3000 1383 et
3029 1326 3371 1385 facultatibus
3400 1330 3666 1388 Ecclesiae
3713 1332 3806 1389 vi-

2191 1414 2370 1470 duatae
2401 1415 2501 1470 sub
2556 1431 2840 1472 oeconomo
2888 1417 3064 1472 futuro
3121 1419 3472 1474 reservandis
3519 1422 3804 1494 Episcopo

2190 1503 2278 1558 hic
2307 1503 2746 1576 interposuimus,
2779 1514 2836 1560 ut
2863 1507 3106 1562 attendat
3137 1507 3204 1562 de
3235 1523 3342 1580 quo
3371 1507 3550 1580 agitur
3577 1509 3807 1582 episco-

2190 1609 2311 1662 pus,
2347 1593 2476 1664 quia
2507 1593 2553 1648 si
2579 1594 2782 1650 nemini
2813 1595 3121 1651 Christiano
3151 1613 3244 1651 eas
3272 1596 3400 1653 licet
3436 1615 3799 1670 praesumere,

485 1693 545 1742 ιιι
574 1685 820 1742 Christus
847 1685 1151 1743 Ecclesiam
1181 1703 1194 1741 ε
1228 1702 1408 1758 neque
1435 1693 1560 1757 post
1587 1695 1865 1758 pastorem
1907 1703 2084 1756 suum,
2117 1715 2171 1776 B
2191 1681 2360 1737 multo
2389 1682 2568 1738 minus
2590 1683 2720 1740 item
2750 1684 3056 1756 episcopus,
3091 1685 3208 1742 sine
3239 1687 3323 1741 sui
3354 1695 3526 1742 status
3549 1689 3802 1760 periculo

483 1774 539 1830 in
570 1773 677 1830 fide
706 1783 758 1830 et
785 1775 840 1830 in
869 1775 1030 1831 nobis
1061 1775 1321 1846 cperibus
1352 1783 1682 1842 manentem,
1725 1792 1887 1848 quem
1935 1776 2087 1832 ordi-

483 1872 649 1920 nante
677 1865 794 1920 Deo
823 1864 1071 1938 legitima
1100 1872 1244 1920 sorte
1285 1865 1544 1936 suscepit,
1599 1865 1847 1921 Ecclesia
1901 1865 2090 1921 abiens

482 1939 782 2010 fornicetur
811 1953 910 2009 sed
939 1953 994 2008 in
1024 1969 1092 2010 ea
1116 1952 1400 2010 vocatione
1432 1969 1540 2024 qua
1570 1954 1751 2010 vocati
1795 1962 1922 2010 sunt
1967 1971 2088 2010 ma-

481 2049 666 2112 neant,
704 2042 869 2098 veluti
899 2057 1072 2098 sacrae
1102 2041 1401 2113 Scripturae
1435 2051 1488 2098 et
1542 2043 1859 2099 traditiones
1913 2044 2091 2100 eccle-

479 2130 714 2188 siasticae
742 2129 1115 2202 praeﬁxerunt.
1159 2131 1218 2187 Si
1247 2130 1546 2203 enim,quia
1575 2132 1909 2188 concedente
1937 2135 2089 2204 Apo-

483 2219 625 2276 stolo
650 2219 810 2275 unius
839 2220 1024 2276 uxoris
1057 2219 1139 2276 vir
1165 2223 1368 2276 assumi
1412 2220 1468 2274 in
1525 2222 1889 2277 sacerdotium
1930 2221 2092 2292 jube-

482 2317 586 2380 tur,
618 2317 676 2364 ut
706 2325 934 2366 uxorem
981 2325 1146 2382 quam
1189 2319 1312 2366 ante
1361 2311 1724 2368 sacerdotium
1783 2311 1970 2366 habuit
1999 2325 2090 2366 ca-

482 2397 579 2453 stis
609 2397 788 2454 foveat
820 2405 875 2454 et
903 2406 1118 2454 tueatur
1147 2399 1380 2470 auxiliis,
1417 2408 1470 2456 et
1519 2415 1630 2456 non
1679 2415 1802 2456 eam
1857 2399 2089 2455 destitu-

481 2495 610 2554 tam,
643 2487 806 2542 debet
827 2487 1162 2560 relinquere,
1188 2488 1361 2545 multo
1377 2489 1558 2544 minus
1581 2489 1839 2545 sacerdos
1866 2488 2093 2544 destitu-

485 2583 613 2647 tam,
645 2583 736 2630 aut
763 2591 864 2647 pro
913 2577 1316 2648 superinducta,
1375 2579 1460 2634 vel
1519 2594 1644 2634 cum
1703 2577 2091 2650 superinducta

486 2665 739 2720 deserere
765 2665 854 2720 vel
879 2664 1185 2738 negligere,
1217 2666 1440 2724 minime
1467 2675 1651 2722 autem
1681 2681 1806 2723 cum
1836 2666 1944 2722 alia
1985 2682 2090 2722 una

481 2752 754 2825 cum'ipsa
784 2753 946 2808 debet
972 2754 1240 2810 mcechari
1271 2755 1502 2812 ecclesia
1535 2763 1621 2812 :et
1651 2755 1789 2812 sicut
1806 2771 1916 2811 non
1937 2755 2090 2810 adul-

481 2851 661 2898 terare
687 2842 918 2899 verbum
948 2843 1068 2908 Dei,
1102 2841 1174 2898 ita
1201 2859 1305 2900 nec
1334 2845 1642 2900 adulterare
1681 2844 1842 2900 debet
1891 2845 2088 2901 Eccle-

484 2931 623 2986 siam
654 2917 830 2986 suam.
859 2930 978 2985 Nisi
1009 2931 1155 2987 enim
1187 2931 1289 2987 viri
1319 2940 1370 2988 et
1401 2933 1588 2988 uxoris
1615 2932 1812 3006 legalis
1858 2933 2091 3003 conjun-

483 3020 591 3077 ctio
604 3020 674 3075 ad
693 3019 936 3092 episcopi
955 3026 1006 3075 et
1020 3020 1268 3077 ecclesiae
1302 3021 1406 3076 sibi
1439 3023 1742 3092 conjunctae
1770 3021 2091 3094 mysterium

478 3109 790 3180 pertineret,
821 3125 1084 3182 magnum
1145 3109 1591 3166 Chalcedonense
1647 3111 1940 3168 concilium
1985 3111 2088 3167 de-

481 3196 667 3254 functo
695 3213 796 3253 suo
824 3197 1084 3269 episcOpo
1105 3197 1384 3256 viduatam
1404 3199 1694 3256 ecclesiam
1715 3217 1825 3256 non
1842 3209 2086 3271 vocaret,

481 3287 636 3356 cujus
663 3286 870 3342 reditus
898 3301 1069 3357 penes
1099 3302 1445 3344 oeconomum
1474 3288 1657 3346 futuro
1687 3290 1962 3346 reservari
2001 3290 2089 3360 ju-

480 3374 574 3430 bet
604 3374 881 3446 episcopo,
914 3391 1018 3430 nec
1038 3375 1107 3430 ab
1135 3375 1255 3431 aliis
1270 3377 1598 3450 quibusque,
1620 3377 1706 3434 vel
1736 3378 1953 3434 vivente
2001 3379 2091 3434 vel

482 3462 736 3520 defuncto
765 3463 1135 3537 cujuscunque
1166 3465 1397 3522 civitatis
1426 3467 1684 3539 episcopo
1711 3466 1985 3538 usurpari,
2001 3467 2087 3522 vel

488 3552 834 3624 pessumdari
865 3570 878 3607 :
914 3553 1061 3626 quod
1087 3553 1180 3626 qui
1207 3555 1678 3627 praesumpserint,
1719 3555 1960 3612 verenda
2005 3563 2088 3611 est

483 3640 593 3696 illis
625 3641 894 3697 sententia
925 3642 1175 3711 ejusdem
1206 3643 1376 3700 sancti
1409 3652 1465 3700 et
1485 3644 1809 3700 universalis
1851 3643 2086 3712 concilii,

483 3744 593 3801 qua
619 3729 936 3800 intentando
967 3731 1212 3788 decernit
1243 3733 1393 3800 (can.
1429 3735 1518 3804 10)
1551 3749 1564 3788 :
1599 3754 1622 3785 α
1653 3734 1784 3800 Eos,
1809 3732 2082 3804 inquiens,

485 3818 579 3890 qui
610 3817 758 3873 aussi
785 3817 1006 3886 fuerint,
1025 3827 1150 3892 post
1171 3819 1540 3878 diﬁinitionem
1561 3837 1778 3896 magna:
1799 3829 1852 3877 et
1869 3821 2086 3877 univer-

483 3907 614 3962 salis
645 3907 806 3976 hujus
834 3907 1058 3980 Synodi,
1095 3909 1390 3982 quidquam
1418 3927 1486 3966 ex
1513 3910 1598 3966 his
1637 3927 1759 3983 quae
1815 3909 2084 3982 prohibita

483 4003 608 4052 sunt
637 4003 978 4067 perpetrare,
1011 3997 1255 4054 decrevit
1279 4006 1468 4054 sancta
1499 3999 1751 4070 Synodus
1779 4015 1810 4054 a
1857 3999 2084 4072 proprio

481 4084 791 4156 hujusmodi
817 4086 993 4159 gradu
1022 4087 1304 4143 recedere.
1340 4107 1364 4138 ι
1397 4088 1466 4143 Et
1513 4088 1582 4144 de
1629 4088 2082 4162 transgredienti-

481 4176 584 4232 bus
613 4191 734 4248 quae
766 4175 1057 4232 constituta
1085 4183 1228 4244 sunt,
1264 4176 1393 4233 item
1424 4178 1708 4248 conjuncte
1749 4177 1880 4236 dicit
1928 4179 2078 4250 (can.

480 4267 574 4336 2'7)
608 4283 620 4319 :
659 4285 682 4317 ι
718 4263 776 4322 Si
803 4264 1021 4336 quidem
1051 4265 1238 4322 clerici
1269 4275 1412 4332 sunt,
1447 4267 1701 4323 decidant
1731 4269 1903 4342 gradu
1949 4283 2083 4339 pro-

479 4354 640 4426 prio;
673 4353 720 4410 si
747 4369 881 4410 vero
932 4353 1074 4423 laici,
1133 4355 1675 4412 anathematizentur.
1713 4379 1736 4406 η
1798 4357 1886 4413 Sic
1916 4357 2082 4413 etiam

2189 1786 2254 1826 ac
2284 1769 2478 1826 animm
2508 1773 2853 1841 detrimento,
2889 1774 3135 1832 ecclesiae
3156 1775 3356 1831 invasae
3401 1792 3492 1831 res
3533 1785 3587 1832 et
3616 1777 3803 1834 facul-

2188 1865 2329 1914 tates
2358 1861 2617 1930 prrevalet
2645 1879 2928 1933 usurpare.
2963 1863 3111 1919 Sicut
3141 1863 3286 1919 enim
3314 1879 3500 1920 comes
3561 1865 3805 1922 civitatis

2190 1949 2352 2004 homo
2375 1949 2673 2018 saecularis,
2706 1959 2759 2006 et
2789 1951 2878 2006 alii
2907 1951 3069 2008 etiam
3114 1953 3420 2019 saeculares,
3468 1961 3520 2009 et
3571 1955 3804 2024 majoris

2191 2045 2243 2092 et
2273 2038 2499 2094 minoris
2527 2039 2827 2110 potestatis,
2858 2041 3060 2096 habent
3087 2043 3230 2097 unde
3261 2042 3317 2096 in
3361 2059 3456 2097 sua
3502 2045 3799 2116 metropoli

2189 2125 2402 2197 possint
2448 2127 2768 2196 consistere,
2821 2137 2876 2185 et
2903 2131 3257 2186 comministri
3289 2131 3406 2200 ejus
3433 2132 3810 2188 ecclesiastici

2191 2215 2374 2270 valent
2392 2216 2602 2272 ibidem
2632 2219 2816 2274 vivere
2841 2237 2855 2286 ;
2891 2219 2966 2274 sic
2997 2228 3050 2274 et
3080 2220 3216 2291 ipse,
3247 2221 3352 2276 nisi
3373 2238 3497 2278 eum
3526 2221 3804 2294 cupiditas

2191 2311 2244 2361 et
2272 2305 2494 2360 ambitio
2522 2307 2666 2362 unde
2697 2307 2930 2377 ejiceret,
2965 2308 3168 2364 ibidem
3187 2310 3273 2364 vel
3290 2311 3359 2366 de
3375 2311 3634 2384 operibus
3668 2328 3800 2368 ma-

2189 2409 2375 2460 nuum,
2409 2395 2495 2450 vel
2525 2395 2594 2450 de
2623 2395 2852 2453 decimis
2883 2395 3124 2452 ﬁdelium
3155 2413 3220 2454 ac
3247 2399 3536 2456 collatione
3555 2401 3800 2472 presby-

2187 2489 2450 2550 terorum,
2483 2490 2535 2538 et
2567 2483 2614 2538 si
2645 2485 2805 2540 aliter
2826 2501 2938 2540 non
2967 2494 3174 2558 posset,
3197 2487 3286 2543 vel
3315 2489 3415 2543 sub
3436 2504 3624 2557 censu,
3650 2489 3798 2544 sicut

2189 2569 2580 2642 Hierosolymis
2597 2573 2924 2643 patriarcha,
2959 2582 3011 2629 et
3032 2574 3134 2630 viri
3181 2576 3427 2650 religiosi
3471 2593 3538 2634 ac
3597 2576 3800 2634 ﬁdeles

2189 2657 2246 2712 in
2275 2659 2547 2727 Corduba,
2581 2668 2634 2716 et
2663 2662 2719 2716 in
2747 2662 2866 2717 aliis
2899 2663 3204 2720 civitatibus
3232 2682 3334 2736 per
3362 2665 3683 2738 Hispaniam
3715 2666 3806 2722 fa-

2190 2747 2356 2815 ciunt,
2386 2748 2462 2804 ibi
2491 2750 2696 2806 valeret
2733 2767 2974 2820 manere,
3025 2759 3078 2808 et
3131 2754 3412 2811 conservis
3437 2755 3492 2810 in
3549 2763 3803 2828 tempore

2189 2837 2352 2894 tritici
2382 2855 2691 2895 mensuram
2715 2841 2942 2908 donare,
2976 2841 3032 2897 id
3059 2849 3142 2898 est
3171 2845 3401 2900 verbum
3447 2845 3805 2916 praadicatiov

2189 2925 2275 2981 nis
2303 2927 2600 2999 impertire,
2633 2937 2686 2984 et
2713 2929 3010 2986 ministeria
3043 2949 3164 3004 quae
3193 2949 3303 2989 non
3333 2934 3437 2989 nisi
3463 2935 3532 2989 ab
3563 2934 3790 3008 episco-

2188 3015 2274 3086 pis
2303 3016 2563 3072 ministris
2593 3018 2980 3076 ecclesiasticis
3009 3027 3061 3075 et
3107 3021 3360 3094 plebibus
3407 3032 3638 3094 possunt
3688 3025 3796 3082 de-

2119 3077 2169 3140 ί]
2191 3105 2376 3176 pendi,
2410 3105 2548 3162 sicut
2577 3115 2702 3162 sunt
2731 3109 3105 3166 ordinationes
3145 3111 3645 3169 ecclesiasticorum
3687 3114 3802 3169 mi-

2188 3193 2503 3267 nistrortun,
2533 3194 2673 3252 sicut
2716 3205 2799 3252 est
2855 3197 3124 3255 confectio
3181 3200 3325 3256 sacri
3372 3201 3704 3271 chrismatis,
3741 3212 3803 3260 et

2188 3284 2529 3340 consecratio
2557 3285 2665 3340 olei
2693 3287 2985 3343 exorcizati
3014 3295 3066 3342 et
3096 3288 3166 3344 ad
3192 3287 3538 3346 inﬁrmorum
3578 3291 3802 3348 unctio—

2187 3387 2312 3427 nem
2338 3374 2662 3441 consecrati,
2693 3374 2831 3432 sicut
2860 3382 2941 3430 est
2969 3375 3307 3434 conﬁrmatio
3348 3387 3401 3434 et
3446 3379 3798 3452 consignatio

2185 3459 2598 3532 baptizatorum,
2629 3461 2766 3518 sicut
2795 3471 2879 3519 est
2905 3481 3100 3520 manus
3129 3465 3402 3538 impositio
3441 3476 3496 3523 et
3542 3469 3798 3527 reconci-

2185 3549 2332 3604 liatio
2359 3550 2575 3621 publice
2612 3552 3010 3622 paenitentiam,
3060 3561 3114 3610 et
3159 3555 3358 3612 velatio
3409 3556 3710 3630 virginum,
3746 3567 3802 3615 et

2187 3637 2296 3693 alia
2324 3655 2445 3710 quae
2472 3656 2573 3710 per
2601 3639 2816 3712 singula
2859 3659 2970 3698 non
3006 3659 3236 3700 necesse
3297 3653 3379 3700 est
3428 3655 3747 3719 computare
3782 3667 3798 3704 :

2187 3743 2308 3798 quae
2335 3743 2446 3782 non
2469 3727 2575 3782 nisi
2602 3729 2671 3783 ab
2701 3730 2974 3802 episcopis
2995 3731 3174 3788 valent
3192 3733 3516 3807 regulariter
3558 3734 3701 3805 fieri,
3744 3744 3802 3792 et

2183 3823 2240 3878 in
2265 3823 2512 3897 utrisque
2531 3825 2858 3898 civitatibus,
2891 3835 3039 3884 tanto
3073 3830 3248 3901 spatio
3275 3830 3418 3887 inter
3467 3849 3526 3888 se
3565 3833 3784 3890 distan-

2183 3912 2346 3980 tibus,
2379 3915 2446 3969 ab
2473 3931 2582 3970 uno
2610 3917 2866 3988 episcopo
2895 3919 3150 3992 congruis
3179 3921 3510 3992 temporibus
3553 3939 3665 3980 non
3695 3941 3801 3980 va-

2183 4000 2314 4072 lent,
2342 4002 2452 4059 imo
2481 4019 2582 4060 nec
2609 4005 2826 4075 debent,
2860 4023 2962 4063 nec
3002 4008 3207 4081 regulae
3253 4010 3573 4081 permittunt
3619 4029 3788 4070 exse-

2182 4091 2292 4164 qui.
2327 4091 2460 4162 Quaa
2489 4100 2541 4148 et
2566 4093 2612 4148 si
2641 4110 2740 4166 per
2767 4101 3015 4167 tempora
3043 4105 3274 4168 possunt
3299 4098 3355 4154 in
3377 4117 3473 4154 sua
3493 4103 3791 4174 metropoli

2181 4180 2252 4235 ab
2272 4196 2337 4236 eo
2357 4179 2494 4250 ﬁeri,
2517 4183 2858 4240 convincitur
2878 4185 2932 4238 in
2953 4201 3020 4240 ea
3039 4201 3205 4258 posse
3244 4187 3544 4258 immorari,
3561 4177 3629 4246 I’et
3661 4209 3788 4264 qua:

2181 4269 2285 4331 sibi
2327 4287 2358 4325 a
2407 4271 2638 4327 subditis
2683 4282 2997 4345 competunt
3039 4275 3282 4348 exsequi.
3333 4279 3500 4350 Legat
3543 4295 3792 4352 namque

2181 4360 2476 4416 secundam
2505 4362 2793 4434 epistolam
2840 4363 2992 4419 Pauli
3033 4365 3265 4436 apostoli
3323 4366 3392 4422 ad
3443 4367 3785 4441 Corinthios,

481 4444 551 4501 de
580 4459 768 4500 rerum
797 4459 864 4500 ac
891 4442 1205 4499 facultatum
1235 4445 1742 4516 praesumptoribus,
1773 4453 1828 4501 et
1859 4444 2089 4501 aliorum
2115 4443 2168 4504 D
2190 4463 2312 4504 cum
2361 4457 2564 4521 quanta
2610 4450 2920 4508 difﬁcultate
2966 4461 3127 4527 atque
3178 4472 3300 4512 cum
3353 4465 3556 4529 quanto
3601 4457 3803 4516 labore

483 4533 838 4590 conciliorum
869 4547 1129 4600 canones,
1165 4533 1561 4606 et‘apostolicae
1607 4533 1756 4589 sedis
1804 4532 2094 4605 pontiﬁces

485 4622 760 4678 multoties
787 4622 1168 4690 decreverunt,
1215 4639 1335 4695 quae
1381 4638 1494 4678 non
1547 4621 1948 4694 parvipendent
2005 4623 2097 4695 qui

493 4708 860 4784 irrefragabili
887 4709 1108 4767 Domini
1157 4710 1439 4768 sententiae
1483 4711 1728 4776 credunt,
1778 4710 2011 4767 dicentis
2039 4710 2096 4766 in

487 4799 666 4866 Petro,
699 4807 753 4854 et
780 4799 1040 4870 apostolis
1067 4801 1340 4868 omnibus,
1375 4808 1428 4856 et
1464 4799 1520 4855 in
1567 4799 1648 4856 eis
1697 4799 1910 4856 illorum
1965 4815 2095 4856 suc-

485 4887 828 4944 cessoribus:
845 4889 1195 4963 Quaecunque
1209 4891 1470 4963 ligaveris
1486 4905 1655 4961 super
1667 4893 1898 4956 terram,
1919 4889 2095 4962 ligata

489 4980 662 5035 erunt
695 4980 754 5032 et
769 4977 833 5033 in
851 4978 1242 5049 caelis(Matth.
1269 4995 1388 5035 xvr.
1415 4980 1524 5051 l9).
1556 4979 1698 5035 Nam
1733 4978 1870 5035 sicut
1897 4979 2092 5034 Petrus

485 5065 766 5139 respondit
794 5082 896 5138 pro
923 5065 1272 5138 interrogatis
1293 5085 1324 5123 a
1353 5067 1570 5126 Christo
1597 5066 1858 5139 apostolis
1909 5067 2091 5124 omni-

497 5158 620 5223 bus,
653 5155 728 5212 ita
756 5163 809 5211 et
839 5155 1088 5212 Christus
1113 5157 1231 5212 haec
1261 5157 1315 5212 in
1346 5159 1506 5214 Petro
1535 5157 1670 5214 dixit
1725 5156 2008 5228 apostolis,
2040 5165 2093 5214 et

500 5245 912 5303 successoribus
963 5261 1153 5302 eorum
1201 5247 1470 5315 omnibus,
1523 5247 1720 5318 quibus
1769 5255 1953 5303 manet
1984 5249 2090 5305 hoc

485 5334 851 5409 privilegium,
885 5351 918 5391 a
946 5335 1142 5408 quibus
1173 5333 1342 5390 fertur
1369 5352 1435 5392 ex
1483 5335 1854 5408 apostolorum
1913 5337 2089 5410 aequi-

483 5433 592 5482 tate
613 5425 898 5496 judicium,
929 5425 1070 5482 sicut
1097 5432 1315 5482 sanctus
1366 5426 1475 5482 Leo
1523 5434 1575 5481 et
1626 5425 1922 5500 Gregorius
1969 5426 2088 5484 evi—

484 5525 676 5584 denter
695 5525 1009 5584 ostendunt.
1033 5525 1190 5584 Unde
1211 5531 1430 5584 sanctus
1444 5525 1745 5600 Gregorius
1766 5527 1896 5585 item
1918 5526 2050 5584 dicit
2071 5544 2085 5584 :

2191 4536 2591 4608 praedicationis
2672 4539 3032 4598 ministerium
3097 4535 3272 4599 fuerit.
3323 4554 3634 4613 exsecutus,
3697 4549 3796 4622 qui

2191 4633 2388 4696 praeter
2415 4626 2632 4714 labores
2653 4644 2790 4700 quos
2811 4631 3056 4687 sustinuit
3095 4632 3151 4688 in
3181 4634 3514 4704 carceribus,
3540 4635 3599 4690 in
3616 4636 3802 4712 plagis

2193 4730 2360 4786 supra
2387 4715 2628 4785 modum,
2661 4717 2717 4772 in
2745 4718 3011 4776 mortibus
3059 4719 3388 4795 frequenter,
3434 4724 3491 4779 in
3537 4724 3796 4798 ﬂagellis,

2190 4802 2247 4858 in
2274 4803 2625 4876 lapidatione,
2640 4805 2696 4861 in
2717 4806 3037 4883 naufragiis,
3058 4813 3122 4867 in
3153 4813 3453 4870 itineribus
3465 4830 3621 4886 saepe
3633 4832 3797 4872 vexa-

2191 4899 2274 4948 tus
2287 4893 2402 4963 fuit,
2413 4896 2684 4968 periculis
2694 4897 3020 4966 ﬂuminum,
3033 4903 3305 4973 periculis
3321 4903 3633 4971 latronum,
3649 4907 3797 4977 peri-

2191 4983 2338 5040 culis
2359 4999 2432 5040 ea:
2442 4987 2940 5057 genere,periculis
2953 5006 3026 5046 ex
3036 4991 3314 5063 gentibus.
3331 4994 3690 5064 periculis,in
3703 4997 3794 5050 ci-

2191 5074 2386 5139 vitate,
2403 5074 2673 5144 periculis
2683 5075 2745 5130 in
2758 5078 3084 5147 solitudine,
3098 5080 3368 5151 periculis
3385 5083 3448 5138 in
3463 5083 3631 5149 mari,
3635 5086 3795 5156 peri-

2189 5163 2335 5218 culis
2348 5162 2409 5216 in
2424 5163 2590 5233 falsis
2608 5166 2902 5236 fratribus,
2919 5169 2981 5224 in
2997 5169 3180 5226 labore
3205 5173 3550 5236 etcerumna,
3567 5173 3628 5227 in
3641 5174 3792 5244 vigi-

2191 5251 2286 5306 liis
2298 5252 2518 5322 multis,
2544 5253 2607 5308 in
2626 5255 2780 5326 fame
2801 5260 2858 5312 et
2877 5257 2993 5326 siti,
3019 5258 3081 5313 in
3090 5259 3333 5330 jejuniis
3353 5261 3574 5331 multis,
3598 5261 3661 5316 in
3678 5265 3794 5333 fri-

2187 5356 2316 5412 gore
2337 5343 2393 5396 et
2411 5342 2692 5409 nuditate,
2717 5349 2924 5416 praeter
2941 5347 3047 5404 illa
3073 5365 3195 5419 quae
3224 5351 3587 5407 extrinsecus
3625 5355 3790 5420 sunt,

2187 5432 2472 5487 instantia
2500 5434 2851 5506 quotidiana,
2877 5436 3196 5494 sollicitudo
3218 5438 3473 5496 omnium
3503 5439 3793 5497 Ecclesia-

2187 5545 2318 5586 rum
2341 5528 2416 5602 (II
2445 5531 2566 5590 Cor.
2588 5547 2668 5600 xl,
2702 5535 2792 5604 25,
2824 5536 2912 5605 26,
2943 5537 3030 5602 27,
3064 5537 3176 5608 28),
3209 5544 3263 5594 et
3290 5537 3539 5594 manibus
3567 5537 3680 5594 suis
3712 5537 3795 5594 la-
