  <div class='ocr_page' id='page_1' title='image "/cluster/home/n/w/nwhite01/storage/ocr_20150623/126/umn.31951002477419r/138.png"; bbox 0 0 4072 6308; ppageno 0'>
   <div class='ocr_carea' id='block_1_1' title="bbox 205 215 308 270">
    <p class='ocr_par' dir='ltr' id='par_1_1' title="bbox 205 215 308 270">
     <span class='ocr_line' id='line_1_1' title="bbox 205 215 308 270; baseline -0.019 0"><span class='ocrx_word' id='word_1_1' title='bbox 205 215 308 270; x_wconf 69' lang='lat'><strong>229</strong></span> 
     </span>
    </p>
   </div>
   <div class='ocr_carea' id='block_1_2' title="bbox 1633 207 2118 280">
    <p class='ocr_par' dir='ltr' id='par_1_2' title="bbox 1633 207 2118 280">
     <span class='ocr_line' id='line_1_2' title="bbox 1633 207 2118 280; baseline -0.002 -14"><span class='ocrx_word' id='word_1_2' title='bbox 1633 275 1641 280; x_wconf 57' lang='grc'><strong><em>,</em></strong></span> <span class='ocrx_word' id='word_1_3' title='bbox 1737 207 2118 267; x_wconf 69' lang='lat' dir='ltr'><strong>EPISTOLE.</strong></span> 
     </span>
    </p>
   </div>
   <div class='ocr_carea' id='block_1_3' title="bbox 3419 213 3525 270">
    <p class='ocr_par' dir='ltr' id='par_1_3' title="bbox 3419 213 3525 270">
     <span class='ocr_line' id='line_1_3' title="bbox 3419 213 3525 270; baseline -0.009 0"><span class='ocrx_word' id='word_1_4' title='bbox 3419 213 3525 270; x_wconf 75' lang='lat'><strong>230</strong></span> 
     </span>
    </p>
   </div>
   <div class='ocr_carea' id='block_1_4' title="bbox 215 333 3528 410">
    <p class='ocr_par' dir='ltr' id='par_1_4' title="bbox 215 333 3528 410">
     <span class='ocr_line' id='line_1_4' title="bbox 215 333 3528 410; baseline 0.001 -19"><span class='ocrx_word' id='word_1_5' title='bbox 215 335 452 402; x_wconf 88' lang='lat' dir='ltr'><strong>boravit,</strong></span> <span class='ocrx_word' id='word_1_6' title='bbox 479 351 600 407; x_wconf 85' lang='lat' dir='ltr'><strong>quae</strong></span> <span class='ocrx_word' id='word_1_7' title='bbox 614 333 974 391; x_wconf 89' lang='lat' dir='ltr'><strong>necessitaria</strong></span> <span class='ocrx_word' id='word_1_8' title='bbox 993 333 1098 389; x_wconf 92' lang='lat' dir='ltr'><strong>sibi</strong></span> <span class='ocrx_word' id='word_1_9' title='bbox 1117 341 1170 390; x_wconf 92' lang='lat' dir='ltr'><strong>et</strong></span> <span class='ocrx_word' id='word_1_10' title='bbox 1185 333 1299 390; x_wconf 91' lang='lat' dir='ltr'><strong>suis</strong></span> <span class='ocrx_word' id='word_1_11' title='bbox 1313 333 1548 402; x_wconf 79' lang='lat' dir='ltr'><strong>fuerunt,</strong></span> <span class='ocrx_word' id='word_1_12' title='bbox 1569 350 1640 389; x_wconf 92' lang='lat' dir='ltr'><strong>ne</strong></span> <span class='ocrx_word' id='word_1_13' title='bbox 1661 349 1821 406; x_wconf 89' lang='lat' dir='ltr'><strong>quem</strong></span> <span class='ocrx_word' id='word_1_14' title='bbox 1851 336 1906 397; x_wconf 84' lang='lat' dir='ltr'><strong>A</strong></span> <span class='ocrx_word' id='word_1_15' title='bbox 1929 335 2154 407; x_wconf 81' lang='lat' dir='ltr'><strong>(Ephes.</strong></span> <span class='ocrx_word' id='word_1_16' title='bbox 2188 349 2244 402; x_wconf 91' lang='lat' dir='ltr'><strong>v,</strong></span> <span class='ocrx_word' id='word_1_17' title='bbox 2280 334 2390 406; x_wconf 86' lang='grc'><strong>11).</strong></span> <span class='ocrx_word' id='word_1_18' title='bbox 2428 353 2450 384; x_wconf 79' lang='grc'><strong>»</strong></span> <span class='ocrx_word' id='word_1_19' title='bbox 2485 334 2624 390; x_wconf 89' lang='lat' dir='ltr'><strong>Hinc</strong></span> <span class='ocrx_word' id='word_1_20' title='bbox 2648 343 2870 392; x_wconf 88' lang='lat' dir='ltr'><strong>sanctus</strong></span> <span class='ocrx_word' id='word_1_21' title='bbox 2895 336 3232 410; x_wconf 76' lang='lat' dir='ltr'><strong>Augustinus</strong></span> <span class='ocrx_word' id='word_1_22' title='bbox 3265 356 3278 393; x_wconf 93' lang='lat'><strong>:</strong></span> <span class='ocrx_word' id='word_1_23' title='bbox 3316 359 3339 389; x_wconf 75' lang='grc' dir='ltr'><strong><em>α</em></strong></span> <span class='ocrx_word' id='word_1_24' title='bbox 3373 338 3528 394; x_wconf 88' lang='lat' dir='ltr'><strong>Duo-</strong></span> 
     </span>
    </p>
   </div>
   <div class='ocr_carea' id='block_1_5' title="bbox 213 422 1826 498">
    <p class='ocr_par' dir='ltr' id='par_1_5' title="bbox 213 422 1826 498">
     <span class='ocr_line' id='line_1_5' title="bbox 213 422 1826 498; baseline -0.001 -19"><span class='ocrx_word' id='word_1_25' title='bbox 213 423 349 480; x_wconf 90' lang='lat' dir='ltr'><strong>libet</strong></span> <span class='ocrx_word' id='word_1_26' title='bbox 376 432 662 498; x_wconf 80' lang='lat' dir='ltr'><strong>gravaret,</strong></span> <span class='ocrx_word' id='word_1_27' title='bbox 699 431 753 479; x_wconf 90' lang='lat' dir='ltr'><strong>et</strong></span> <span class='ocrx_word' id='word_1_28' title='bbox 799 423 1038 479; x_wconf 83' lang='lat' dir='ltr'><strong>inveniet</strong></span> <span class='ocrx_word' id='word_1_29' title='bbox 1092 439 1152 479; x_wconf 90' lang='lat' dir='ltr'><strong>se</strong></span> <span class='ocrx_word' id='word_1_30' title='bbox 1181 438 1215 478; x_wconf 92' lang='lat' dir='ltr'><strong>a</strong></span> <span class='ocrx_word' id='word_1_31' title='bbox 1273 423 1623 480; x_wconf 85' lang='lat' dir='ltr'><strong>successione</strong></span> <span class='ocrx_word' id='word_1_32' title='bbox 1679 422 1826 478; x_wconf 91' lang='lat' dir='ltr'><strong>illius</strong></span> 
     </span>
    </p>
   </div>
   <div class='ocr_carea' id='block_1_6' title="bbox 217 510 1827 585">
    <p class='ocr_par' dir='ltr' id='par_1_6' title="bbox 217 510 1827 585">
     <span class='ocr_line' id='line_1_6' title="bbox 217 510 1827 585; baseline -0.001 -17"><span class='ocrx_word' id='word_1_33' title='bbox 217 520 518 580; x_wconf 84' lang='lat' dir='ltr'><strong>extorrem,</strong></span> <span class='ocrx_word' id='word_1_34' title='bbox 553 513 708 582; x_wconf 80' lang='lat' dir='ltr'><strong>cujus</strong></span> <span class='ocrx_word' id='word_1_35' title='bbox 740 511 896 584; x_wconf 88' lang='lat' dir='ltr'><strong>sequi</strong></span> <span class='ocrx_word' id='word_1_36' title='bbox 925 512 1191 569; x_wconf 72' lang='lat' dir='ltr'><strong>detractat</strong></span> <span class='ocrx_word' id='word_1_37' title='bbox 1218 511 1552 585; x_wconf 84' lang='lat' dir='ltr'><strong>exemplum,</strong></span> <span class='ocrx_word' id='word_1_38' title='bbox 1605 519 1660 568; x_wconf 91' lang='lat' dir='ltr'><strong>et</strong></span> <span class='ocrx_word' id='word_1_39' title='bbox 1701 510 1827 567; x_wconf 85' lang='lat' dir='ltr'><strong>illo-</strong></span> 
     </span>
    </p>
   </div>
   <div class='ocr_carea' id='block_1_7' title="bbox 222 600 1826 673">
    <p class='ocr_par' dir='ltr' id='par_1_7' title="bbox 222 600 1826 673">
     <span class='ocr_line' id='line_1_7' title="bbox 222 600 1826 673; baseline -0.001 -15"><span class='ocrx_word' id='word_1_40' title='bbox 222 617 344 658; x_wconf 91' lang='lat' dir='ltr'><strong>rum</strong></span> <span class='ocrx_word' id='word_1_41' title='bbox 374 601 686 673; x_wconf 80' lang='lat' dir='ltr'><strong>constringi</strong></span> <span class='ocrx_word' id='word_1_42' title='bbox 709 600 936 671; x_wconf 84' lang='lat' dir='ltr'><strong>judicio,</strong></span> <span class='ocrx_word' id='word_1_43' title='bbox 972 601 1064 672; x_wconf 89' lang='lat' dir='ltr'><strong>qui</strong></span> <span class='ocrx_word' id='word_1_44' title='bbox 1085 601 1203 671; x_wconf 89' lang='lat' dir='ltr'><strong>jam</strong></span> <span class='ocrx_word' id='word_1_45' title='bbox 1232 601 1286 656; x_wconf 95' lang='lat' dir='ltr'><strong>in</strong></span> <span class='ocrx_word' id='word_1_46' title='bbox 1317 601 1472 658; x_wconf 71' lang='lat' dir='ltr'><strong>caelis</strong></span> <span class='ocrx_word' id='word_1_47' title='bbox 1527 617 1654 658; x_wconf 92' lang='lat' dir='ltr'><strong>cum</strong></span> <span class='ocrx_word' id='word_1_48' title='bbox 1711 602 1826 656; x_wconf 94' lang='lat' dir='ltr'><strong>Deo</strong></span> 
     </span>
    </p>
   </div>
   <div class='ocr_carea' id='block_1_8' title="bbox 219 689 1827 764">
    <p class='ocr_par' dir='ltr' id='par_1_8' title="bbox 219 689 1827 764">
     <span class='ocr_line' id='line_1_8' title="bbox 219 689 1827 764; baseline 0 -18"><span class='ocrx_word' id='word_1_49' title='bbox 219 699 495 764; x_wconf 87' lang='lat' dir='ltr'><strong>regnant,</strong></span> <span class='ocrx_word' id='word_1_50' title='bbox 556 699 750 747; x_wconf 88' lang='lat' dir='ltr'><strong>sancto</strong></span> <span class='ocrx_word' id='word_1_51' title='bbox 798 689 1002 762; x_wconf 89' lang='lat' dir='ltr'><strong>Spiritu</strong></span> <span class='ocrx_word' id='word_1_52' title='bbox 1058 689 1308 761; x_wconf 87' lang='lat' dir='ltr'><strong>inspirati</strong></span> <span class='ocrx_word' id='word_1_53' title='bbox 1354 705 1542 746; x_wconf 91' lang='lat' dir='ltr'><strong>sacros</strong></span> <span class='ocrx_word' id='word_1_54' title='bbox 1587 704 1827 747; x_wconf 86' lang='lat' dir='ltr'><strong>canones</strong></span> 
     </span>
    </p>
   </div>
   <div class='ocr_carea' id='block_1_9' title="bbox 215 778 1828 852">
    <p class='ocr_par' dir='ltr' id='par_1_9' title="bbox 215 778 1828 852">
     <span class='ocr_line' id='line_1_9' title="bbox 215 778 1828 852; baseline -0.002 -17"><span class='ocrx_word' id='word_1_55' title='bbox 215 797 316 852; x_wconf 89' lang='lat' dir='ltr'><strong>per</strong></span> <span class='ocrx_word' id='word_1_56' title='bbox 345 779 606 836; x_wconf 88' lang='lat' dir='ltr'><strong>eumdem</strong></span> <span class='ocrx_word' id='word_1_57' title='bbox 633 786 880 834; x_wconf 89' lang='lat' dir='ltr'><strong>sanctum</strong></span> <span class='ocrx_word' id='word_1_58' title='bbox 910 778 1172 850; x_wconf 85' lang='lat' dir='ltr'><strong>Spiritum</strong></span> <span class='ocrx_word' id='word_1_59' title='bbox 1224 778 1578 850; x_wconf 88' lang='lat' dir='ltr'><strong>protulerunt,</strong></span> <span class='ocrx_word' id='word_1_60' title='bbox 1631 779 1828 850; x_wconf 87' lang='lat' dir='ltr'><strong>quibus</strong></span> 
     </span>
    </p>
   </div>
   <div class='ocr_carea' id='block_1_10' title="bbox 220 867 1830 940">
    <p class='ocr_par' dir='ltr' id='par_1_10' title="bbox 220 867 1830 940">
     <span class='ocr_line' id='line_1_10' title="bbox 220 867 1830 940; baseline -0.001 -16"><span class='ocrx_word' id='word_1_61' title='bbox 220 868 564 935; x_wconf 74' lang='lat' dir='ltr'><strong>decernitur,</strong></span> <span class='ocrx_word' id='word_1_62' title='bbox 587 876 644 923; x_wconf 92' lang='lat' dir='ltr'><strong>ut</strong></span> <span class='ocrx_word' id='word_1_63' title='bbox 672 867 981 936; x_wconf 86' lang='lat' dir='ltr'><strong>bujusmodi</strong></span> <span class='ocrx_word' id='word_1_64' title='bbox 1008 883 1111 923; x_wconf 91' lang='lat' dir='ltr'><strong>nec</strong></span> <span class='ocrx_word' id='word_1_65' title='bbox 1140 867 1196 922; x_wconf 91' lang='lat' dir='ltr'><strong>in</strong></span> <span class='ocrx_word' id='word_1_66' title='bbox 1223 883 1290 923; x_wconf 91' lang='lat' dir='ltr'><strong>eo</strong></span> <span class='ocrx_word' id='word_1_67' title='bbox 1323 868 1629 940; x_wconf 88' lang='lat' dir='ltr'><strong>episcopos,</strong></span> <span class='ocrx_word' id='word_1_68' title='bbox 1651 876 1710 924; x_wconf 90' lang='lat' dir='ltr'>ut</span> <span class='ocrx_word' id='word_1_69' title='bbox 1738 883 1830 923; x_wconf 87' lang='lat' dir='ltr'><strong>su-</strong></span> 
     </span>
    </p>
   </div>
   <div class='ocr_carea' id='block_1_11' title="bbox 217 956 1828 1030">
    <p class='ocr_par' dir='ltr' id='par_1_11' title="bbox 217 956 1828 1030">
     <span class='ocr_line' id='line_1_11' title="bbox 217 956 1828 1030; baseline -0.001 -18"><span class='ocrx_word' id='word_1_70' title='bbox 217 973 316 1030; x_wconf 85' lang='lat' dir='ltr'><strong>pra</strong></span> <span class='ocrx_word' id='word_1_71' title='bbox 345 957 693 1029; x_wconf 79' lang='lat' dir='ltr'><strong>scripsimus,</strong></span> <span class='ocrx_word' id='word_1_72' title='bbox 729 957 1013 1024; x_wconf 84' lang='lat' dir='ltr'><strong>habeatur,</strong></span> <span class='ocrx_word' id='word_1_73' title='bbox 1042 973 1145 1012; x_wconf 90' lang='lat' dir='ltr'><strong>nec</strong></span> <span class='ocrx_word' id='word_1_74' title='bbox 1163 957 1604 1013; x_wconf 88' lang='lat' dir='ltr'><strong>communionem</strong></span> <span class='ocrx_word' id='word_1_75' title='bbox 1632 956 1828 1012; x_wconf 90' lang='lat' dir='ltr'><strong>laicam</strong></span> 
     </span>
    </p>
   </div>
   <div class='ocr_carea' id='block_1_12' title="bbox 218 1045 1830 1118">
    <p class='ocr_par' dir='ltr' id='par_1_12' title="bbox 218 1045 1830 1118">
     <span class='ocr_line' id='line_1_12' title="bbox 218 1045 1830 1118; baseline -0.001 -16"><span class='ocrx_word' id='word_1_76' title='bbox 218 1053 518 1112; x_wconf 89' lang='lat' dir='ltr'><strong>mereatur,</strong></span> <span class='ocrx_word' id='word_1_77' title='bbox 549 1046 690 1102; x_wconf 90' lang='lat' dir='ltr'><strong>sicut</strong></span> <span class='ocrx_word' id='word_1_78' title='bbox 718 1045 998 1102; x_wconf 86' lang='lat' dir='ltr'><strong>evidenter</strong></span> <span class='ocrx_word' id='word_1_79' title='bbox 1025 1053 1245 1104; x_wconf 87' lang='lat' dir='ltr'><strong>sanctus</strong></span> <span class='ocrx_word' id='word_1_80' title='bbox 1274 1047 1384 1101; x_wconf 92' lang='lat' dir='ltr'><strong>Leo</strong></span> <span class='ocrx_word' id='word_1_81' title='bbox 1415 1045 1728 1118; x_wconf 79' lang='lat' dir='ltr'><strong>apostolicae</strong></span> <span class='ocrx_word' id='word_1_82' title='bbox 1748 1061 1830 1101; x_wconf 87' lang='lat' dir='ltr'><strong>se-</strong></span> 
     </span>
    </p>
   </div>
   <div class='ocr_carea' id='block_1_13' title="bbox 215 1134 1824 1207">
    <p class='ocr_par' dir='ltr' id='par_1_13' title="bbox 215 1134 1824 1207">
     <span class='ocr_line' id='line_1_13' title="bbox 215 1134 1824 1207; baseline -0.001 -17"><span class='ocrx_word' id='word_1_83' title='bbox 215 1135 300 1190; x_wconf 86' lang='lat' dir='ltr'><strong>dis</strong></span> <span class='ocrx_word' id='word_1_84' title='bbox 329 1134 576 1207; x_wconf 81' lang='lat' dir='ltr'><strong>pontifex</strong></span> <span class='ocrx_word' id='word_1_85' title='bbox 595 1135 651 1190; x_wconf 90' lang='lat' dir='ltr'><strong>in</strong></span> <span class='ocrx_word' id='word_1_86' title='bbox 681 1135 916 1190; x_wconf 84' lang='lat' dir='ltr'><strong>decretis</strong></span> <span class='ocrx_word' id='word_1_87' title='bbox 946 1134 1060 1189; x_wconf 88' lang='lat' dir='ltr'>suis</span> <span class='ocrx_word' id='word_1_88' title='bbox 1087 1135 1280 1190; x_wconf 90' lang='lat' dir='ltr'><strong>iterato</strong></span> <span class='ocrx_word' id='word_1_89' title='bbox 1300 1135 1544 1190; x_wconf 87' lang='lat' dir='ltr'><strong>decernit</strong></span> <span class='ocrx_word' id='word_1_90' title='bbox 1559 1135 1746 1206; x_wconf 80' lang='lat' dir='ltr'><strong>(epist.</strong></span> <span class='ocrx_word' id='word_1_91' title='bbox 1774 1138 1824 1202; x_wconf 87' lang='grc'><strong>1,</strong></span> 
     </span>
    </p>
   </div>
   <div class='ocr_carea' id='block_1_14' title="bbox 211 1223 1827 1295">
    <p class='ocr_par' dir='ltr' id='par_1_14' title="bbox 211 1223 1827 1295">
     <span class='ocr_line' id='line_1_14' title="bbox 211 1223 1827 1295; baseline -0.002 -14"><span class='ocrx_word' id='word_1_92' title='bbox 211 1227 274 1282; x_wconf 81' lang='lat' dir='ltr'><strong>in</strong></span> <span class='ocrx_word' id='word_1_93' title='bbox 302 1226 442 1295; x_wconf 85' lang='lat' dir='ltr'><strong>ﬁne)</strong></span> <span class='ocrx_word' id='word_1_94' title='bbox 480 1242 494 1278; x_wconf 90' lang='lat'>:</span> <span class='ocrx_word' id='word_1_95' title='bbox 533 1246 556 1275; x_wconf 72' lang='grc' dir='ltr'><strong><em>α</em></strong></span> <span class='ocrx_word' id='word_1_96' title='bbox 593 1225 709 1280; x_wconf 82' lang='lat' dir='ltr'><strong>Hoc</strong></span> <span class='ocrx_word' id='word_1_97' title='bbox 739 1224 1009 1295; x_wconf 89' lang='lat' dir='ltr'><strong>inquiens,</strong></span> <span class='ocrx_word' id='word_1_98' title='bbox 1043 1223 1340 1279; x_wconf 85' lang='lat' dir='ltr'><strong>admonitio</strong></span> <span class='ocrx_word' id='word_1_99' title='bbox 1368 1231 1560 1280; x_wconf 90' lang='lat' dir='ltr'><strong>nostra</strong></span> <span class='ocrx_word' id='word_1_100' title='bbox 1611 1225 1827 1278; x_wconf 90' lang='lat' dir='ltr'><strong>denun-</strong></span> 
     </span>
    </p>
   </div>
   <div class='ocr_carea' id='block_1_15' title="bbox 217 1297 1830 1385">
    <p class='ocr_par' dir='ltr' id='par_1_15' title="bbox 217 1297 1830 1385">
     <span class='ocr_line' id='line_1_15' title="bbox 217 1297 1830 1385; baseline 0 -17"><span class='ocrx_word' id='word_1_101' title='bbox 217 1314 333 1380; x_wconf 90' lang='lat' dir='ltr'><strong>tiat,</strong></span> <span class='ocrx_word' id='word_1_102' title='bbox 373 1313 525 1385; x_wconf 91' lang='lat' dir='ltr'><strong>quod</strong></span> <span class='ocrx_word' id='word_1_103' title='bbox 557 1312 606 1367; x_wconf 89' lang='lat' dir='ltr'>si</span> <span class='ocrx_word' id='word_1_104' title='bbox 637 1313 760 1384; x_wconf 87' lang='lat' dir='ltr'><strong>quis</strong></span> <span class='ocrx_word' id='word_1_105' title='bbox 788 1311 1016 1368; x_wconf 85' lang='lat' dir='ltr'><strong>fratrum</strong></span> <span class='ocrx_word' id='word_1_106' title='bbox 1047 1320 1236 1368; x_wconf 90' lang='lat' dir='ltr'><strong>contra</strong></span> <span class='ocrx_word' id='word_1_107' title='bbox 1264 1297 1701 1369; x_wconf 64' lang='lat' dir='ltr'><strong>haec&#39;constituta</strong></span> <span class='ocrx_word' id='word_1_108' title='bbox 1737 1328 1830 1368; x_wconf 89' lang='lat' dir='ltr'><strong>ve-</strong></span> 
     </span>
    </p>
   </div>
   <div class='ocr_carea' id='block_1_16' title="bbox 216 1401 1829 1473">
    <p class='ocr_par' dir='ltr' id='par_1_16' title="bbox 216 1401 1829 1473">
     <span class='ocr_line' id='line_1_16' title="bbox 216 1401 1829 1473; baseline -0.001 -16"><span class='ocrx_word' id='word_1_109' title='bbox 216 1401 363 1460; x_wconf 88' lang='lat' dir='ltr'><strong>nerit</strong></span> <span class='ocrx_word' id='word_1_110' title='bbox 396 1403 488 1458; x_wconf 88' lang='lat' dir='ltr'><strong>vel</strong></span> <span class='ocrx_word' id='word_1_111' title='bbox 527 1402 719 1458; x_wconf 87' lang='lat' dir='ltr'><strong>venire</strong></span> <span class='ocrx_word' id='word_1_112' title='bbox 749 1401 1054 1466; x_wconf 89' lang='lat' dir='ltr'><strong>tentaverit,</strong></span> <span class='ocrx_word' id='word_1_113' title='bbox 1087 1409 1140 1456; x_wconf 93' lang='lat' dir='ltr'><strong>et</strong></span> <span class='ocrx_word' id='word_1_114' title='bbox 1168 1402 1441 1473; x_wconf 90' lang='lat' dir='ltr'><strong>prohibita</strong></span> <span class='ocrx_word' id='word_1_115' title='bbox 1470 1401 1632 1456; x_wconf 84' lang='lat' dir='ltr'><strong>fuerit</strong></span> <span class='ocrx_word' id='word_1_116' title='bbox 1661 1417 1829 1456; x_wconf 90' lang='lat' dir='ltr'><strong>ausus</strong></span> 
     </span>
    </p>
   </div>
   <div class='ocr_carea' id='block_1_17' title="bbox 217 1489 1827 1560">
    <p class='ocr_par' dir='ltr' id='par_1_17' title="bbox 217 1489 1827 1560">
     <span class='ocr_line' id='line_1_17' title="bbox 217 1489 1827 1560; baseline -0.001 -14"><span class='ocrx_word' id='word_1_117' title='bbox 217 1491 531 1558; x_wconf 81' lang='lat' dir='ltr'><strong>admittere,</strong></span> <span class='ocrx_word' id='word_1_118' title='bbox 567 1507 598 1545; x_wconf 90' lang='lat' dir='ltr'><strong>a</strong></span> <span class='ocrx_word' id='word_1_119' title='bbox 637 1507 737 1546; x_wconf 90' lang='lat' dir='ltr'><strong>suo</strong></span> <span class='ocrx_word' id='word_1_120' title='bbox 785 1507 845 1546; x_wconf 92' lang='lat' dir='ltr'><strong>se</strong></span> <span class='ocrx_word' id='word_1_121' title='bbox 893 1489 1105 1547; x_wconf 89' lang='lat' dir='ltr'><strong>noverit</strong></span> <span class='ocrx_word' id='word_1_122' title='bbox 1155 1489 1331 1546; x_wconf 78' lang='lat' dir='ltr'><strong>ofﬁcio</strong></span> <span class='ocrx_word' id='word_1_123' title='bbox 1371 1491 1827 1560; x_wconf 86' lang='lat' dir='ltr'><strong>submovendum,</strong></span> 
     </span>
    </p>
   </div>
   <div class='ocr_carea' id='block_1_18' title="bbox 1926 421 3532 492">
    <p class='ocr_par' dir='ltr' id='par_1_18' title="bbox 1926 421 3532 492">
     <span class='ocr_line' id='line_1_18' title="bbox 1926 421 3532 492; baseline 0.004 -14"><span class='ocrx_word' id='word_1_124' title='bbox 1926 423 2027 478; x_wconf 92' lang='lat' dir='ltr'>bus</span> <span class='ocrx_word' id='word_1_125' title='bbox 2054 421 2233 480; x_wconf 88' lang='lat' dir='ltr'><strong>modis</strong></span> <span class='ocrx_word' id='word_1_126' title='bbox 2261 438 2374 478; x_wconf 92' lang='lat' dir='ltr'><strong>non</strong></span> <span class='ocrx_word' id='word_1_127' title='bbox 2403 431 2455 478; x_wconf 91' lang='lat' dir='ltr'><strong>te</strong></span> <span class='ocrx_word' id='word_1_128' title='bbox 2500 424 2736 481; x_wconf 88' lang='lat' dir='ltr'><strong>maculat</strong></span> <span class='ocrx_word' id='word_1_129' title='bbox 2759 425 2956 492; x_wconf 88' lang='lat' dir='ltr'><strong>malus,</strong></span> <span class='ocrx_word' id='word_1_130' title='bbox 2989 425 3037 482; x_wconf 92' lang='lat' dir='ltr'>si</span> <span class='ocrx_word' id='word_1_131' title='bbox 3063 441 3173 483; x_wconf 89' lang='lat' dir='ltr'><strong>non</strong></span> <span class='ocrx_word' id='word_1_132' title='bbox 3218 427 3532 484; x_wconf 80' lang='lat' dir='ltr'><strong>consentias</strong></span> 
     </span>
    </p>
   </div>
   <div class='ocr_carea' id='block_1_19' title="bbox 1927 511 3530 585">
    <p class='ocr_par' dir='ltr' id='par_1_19' title="bbox 1927 511 3530 585">
     <span class='ocr_line' id='line_1_19' title="bbox 1927 511 3530 585; baseline 0.003 -17"><span class='ocrx_word' id='word_1_133' title='bbox 1927 518 1981 569; x_wconf 90' lang='lat' dir='ltr'><strong>et</strong></span> <span class='ocrx_word' id='word_1_134' title='bbox 2028 511 2414 585; x_wconf 62' lang='lat' dir='ltr'><strong>siredarguas</strong></span> <span class='ocrx_word' id='word_1_135' title='bbox 2445 530 2458 566; x_wconf 93' lang='lat'><strong>:</strong></span> <span class='ocrx_word' id='word_1_136' title='bbox 2490 513 2596 569; x_wconf 90' lang='lat' dir='ltr'><strong>hoc</strong></span> <span class='ocrx_word' id='word_1_137' title='bbox 2643 521 2727 570; x_wconf 91' lang='lat' dir='ltr'><strong>est</strong></span> <span class='ocrx_word' id='word_1_138' title='bbox 2778 529 2888 571; x_wconf 91' lang='lat' dir='ltr'><strong>non</strong></span> <span class='ocrx_word' id='word_1_139' title='bbox 2942 515 3366 585; x_wconf 82' lang='lat' dir='ltr'><strong>communicare,</strong></span> <span class='ocrx_word' id='word_1_140' title='bbox 3417 533 3530 573; x_wconf 90' lang='lat' dir='ltr'><strong>non</strong></span> 
     </span>
    </p>
   </div>
   <div class='ocr_carea' id='block_1_20' title="bbox 1925 600 3528 676">
    <p class='ocr_par' dir='ltr' id='par_1_20' title="bbox 1925 600 3528 676">
     <span class='ocr_line' id='line_1_20' title="bbox 1925 600 3528 676; baseline 0.003 -19"><span class='ocrx_word' id='word_1_141' title='bbox 1925 600 2254 657; x_wconf 89' lang='lat' dir='ltr'><strong>consentire.</strong></span> <span class='ocrx_word' id='word_1_142' title='bbox 2291 622 2314 652; x_wconf 81' lang='grc'><strong>»</strong></span> <span class='ocrx_word' id='word_1_143' title='bbox 2349 601 2790 659; x_wconf 88' lang='lat' dir='ltr'><strong>Communicatur</strong></span> <span class='ocrx_word' id='word_1_144' title='bbox 2837 603 3056 676; x_wconf 89' lang='lat' dir='ltr'><strong>quippe,</strong></span> <span class='ocrx_word' id='word_1_145' title='bbox 3117 605 3330 676; x_wconf 89' lang='lat' dir='ltr'><strong>quando</strong></span> <span class='ocrx_word' id='word_1_146' title='bbox 3385 605 3528 662; x_wconf 87' lang='lat' dir='ltr'><strong>facto</strong></span> 
     </span>
    </p>
   </div>
   <div class='ocr_carea' id='block_1_21' title="bbox 1927 689 3528 764">
    <p class='ocr_par' dir='ltr' id='par_1_21' title="bbox 1927 689 3528 764">
     <span class='ocr_line' id='line_1_21' title="bbox 1927 689 3528 764; baseline 0.004 -20"><span class='ocrx_word' id='word_1_147' title='bbox 1927 690 2045 760; x_wconf 88' lang='lat' dir='ltr'><strong>ejus</strong></span> <span class='ocrx_word' id='word_1_148' title='bbox 2074 689 2412 747; x_wconf 88' lang='lat' dir='ltr'><strong>consortium</strong></span> <span class='ocrx_word' id='word_1_149' title='bbox 2439 690 2729 746; x_wconf 84' lang='lat' dir='ltr'><strong>voluntatis</strong></span> <span class='ocrx_word' id='word_1_150' title='bbox 2757 691 2846 748; x_wconf 89' lang='lat' dir='ltr'><strong>vel</strong></span> <span class='ocrx_word' id='word_1_151' title='bbox 2889 693 3291 764; x_wconf 91' lang='lat' dir='ltr'><strong>approbationis</strong></span> <span class='ocrx_word' id='word_1_152' title='bbox 3329 695 3528 764; x_wconf 75' lang='lat' dir='ltr'><strong>adiun-</strong></span> 
     </span>
    </p>
   </div>
   <div class='ocr_carea' id='block_1_22' title="bbox 1927 778 3528 852">
    <p class='ocr_par' dir='ltr' id='par_1_22' title="bbox 1927 778 3528 852">
     <span class='ocr_line' id='line_1_22' title="bbox 1927 778 3528 852; baseline 0.004 -18"><span class='ocrx_word' id='word_1_153' title='bbox 1927 778 2096 851; x_wconf 83' lang='lat' dir='ltr'><strong>gitur.</strong></span> <span class='ocrx_word' id='word_1_154' title='bbox 2126 780 2241 835; x_wconf 85' lang='lat' dir='ltr'><strong>Hoc</strong></span> <span class='ocrx_word' id='word_1_155' title='bbox 2268 795 2405 851; x_wconf 86' lang='lat' dir='ltr'><strong>ergo</strong></span> <span class='ocrx_word' id='word_1_156' title='bbox 2433 795 2535 836; x_wconf 91' lang='lat' dir='ltr'><strong>nos</strong></span> <span class='ocrx_word' id='word_1_157' title='bbox 2562 779 2826 836; x_wconf 88' lang='lat' dir='ltr'><strong>admones</strong></span> <span class='ocrx_word' id='word_1_158' title='bbox 2854 781 3149 852; x_wconf 84' lang='lat' dir='ltr'><strong>Apostolus</strong></span> <span class='ocrx_word' id='word_1_159' title='bbox 3179 783 3252 837; x_wconf 85' lang='lat' dir='ltr'><strong>ait</strong></span> <span class='ocrx_word' id='word_1_160' title='bbox 3283 801 3297 837; x_wconf 88' lang='lat'><strong>:</strong></span> <span class='ocrx_word' id='word_1_161' title='bbox 3345 785 3528 841; x_wconf 84' lang='lat' dir='ltr'><strong>Nolite</strong></span> 
     </span>
    </p>
   </div>
   <div class='ocr_carea' id='block_1_23' title="bbox 1927 869 3533 942">
    <p class='ocr_par' dir='ltr' id='par_1_23' title="bbox 1927 869 3533 942">
     <span class='ocr_line' id='line_1_23' title="bbox 1927 869 3533 942; baseline 0.004 -19"><span class='ocrx_word' id='word_1_162' title='bbox 1927 870 2350 925; x_wconf 77' lang='lat' dir='ltr'><strong>communicare</strong></span> <span class='ocrx_word' id='word_1_163' title='bbox 2378 869 2635 942; x_wconf 78' lang='lat' dir='ltr'><strong>operibus</strong></span> <span class='ocrx_word' id='word_1_164' title='bbox 2664 871 3044 942; x_wconf 67' lang='lat' dir='ltr'><strong>infructuosi:</strong></span> <span class='ocrx_word' id='word_1_165' title='bbox 3074 872 3533 941; x_wconf 84' lang='lat' dir='ltr'><strong>tenebrarum;et</strong></span> 
     </span>
    </p>
   </div>
   <div class='ocr_carea' id='block_1_24' title="bbox 1927 955 3530 1032">
    <p class='ocr_par' dir='ltr' id='par_1_24' title="bbox 1927 955 3530 1032">
     <span class='ocr_line' id='line_1_24' title="bbox 1927 955 3530 1032; baseline 0.006 -22"><span class='ocrx_word' id='word_1_166' title='bbox 1927 955 2055 1026; x_wconf 86' lang='lat' dir='ltr'><strong>quia</strong></span> <span class='ocrx_word' id='word_1_167' title='bbox 2079 973 2272 1028; x_wconf 90' lang='lat' dir='ltr'><strong>parum</strong></span> <span class='ocrx_word' id='word_1_168' title='bbox 2300 965 2413 1013; x_wconf 89' lang='lat' dir='ltr'><strong>erat</strong></span> <span class='ocrx_word' id='word_1_169' title='bbox 2457 974 2568 1014; x_wconf 90' lang='lat' dir='ltr'><strong>non</strong></span> <span class='ocrx_word' id='word_1_170' title='bbox 2612 959 2943 1024; x_wconf 90' lang='lat' dir='ltr'><strong>consentire,</strong></span> <span class='ocrx_word' id='word_1_171' title='bbox 2986 959 3033 1014; x_wconf 88' lang='lat' dir='ltr'><strong>si</strong></span> <span class='ocrx_word' id='word_1_172' title='bbox 3073 968 3392 1032; x_wconf 88' lang='lat' dir='ltr'><strong>sequeretur</strong></span> <span class='ocrx_word' id='word_1_173' title='bbox 3429 977 3530 1019; x_wconf 86' lang='lat' dir='ltr'><strong>ne-</strong></span> 
     </span>
    </p>
   </div>
   <div class='ocr_carea' id='block_1_25' title="bbox 1926 1043 3530 1121">
    <p class='ocr_par' dir='ltr' id='par_1_25' title="bbox 1926 1043 3530 1121">
     <span class='ocr_line' id='line_1_25' title="bbox 1926 1043 3530 1121; baseline 0.007 -25"><span class='ocrx_word' id='word_1_174' title='bbox 1926 1043 2194 1117; x_wconf 84' lang='lat' dir='ltr'><strong>gligentia</strong></span> <span class='ocrx_word' id='word_1_175' title='bbox 2222 1045 2545 1118; x_wconf 77' lang='lat' dir='ltr'><strong>disciplinas.</strong></span> <span class='ocrx_word' id='word_1_176' title='bbox 2579 1049 2747 1119; x_wconf 81' lang='lat' dir='ltr'><strong><em>Magis</em></strong></span> <span class='ocrx_word' id='word_1_177' title='bbox 2776 1052 2990 1115; x_wconf 85' lang='lat' dir='ltr'><strong>autem,</strong></span> <span class='ocrx_word' id='word_1_178' title='bbox 3022 1048 3214 1121; x_wconf 88' lang='lat' dir='ltr'><strong>inquit,</strong></span> <span class='ocrx_word' id='word_1_179' title='bbox 3249 1053 3306 1105; x_wconf 87' lang='lat' dir='ltr'><strong>et</strong></span> <span class='ocrx_word' id='word_1_180' title='bbox 3329 1051 3530 1107; x_wconf 83' lang='lat' dir='ltr'><strong>redar-</strong></span> 
     </span>
    </p>
   </div>
   <div class='ocr_carea' id='block_1_26' title="bbox 1925 1133 3533 1205">
    <p class='ocr_par' dir='ltr' id='par_1_26' title="bbox 1925 1133 3533 1205">
     <span class='ocr_line' id='line_1_26' title="bbox 1925 1133 3533 1205; baseline 0.005 -16"><span class='ocrx_word' id='word_1_181' title='bbox 1925 1135 2100 1205; x_wconf 82' lang='lat' dir='ltr'><strong>guite.</strong></span> <span class='ocrx_word' id='word_1_182' title='bbox 2134 1133 2276 1204; x_wconf 90' lang='lat' dir='ltr'><strong>Quid</strong></span> <span class='ocrx_word' id='word_1_183' title='bbox 2307 1144 2390 1190; x_wconf 92' lang='lat' dir='ltr'><strong>est</strong></span> <span class='ocrx_word' id='word_1_184' title='bbox 2419 1136 2586 1192; x_wconf 90' lang='lat' dir='ltr'><strong>nolite</strong></span> <span class='ocrx_word' id='word_1_185' title='bbox 2615 1137 3064 1194; x_wconf 80' lang='lat' dir='ltr'><strong>communicare?</strong></span> <span class='ocrx_word' id='word_1_186' title='bbox 3092 1138 3276 1195; x_wconf 86' lang='lat' dir='ltr'><strong>Nolite</strong></span> <span class='ocrx_word' id='word_1_187' title='bbox 3307 1155 3533 1197; x_wconf 91' lang='lat' dir='ltr'><strong>consen-</strong></span> 
     </span>
    </p>
   </div>
   <div class='ocr_carea' id='block_1_27' title="bbox 1927 1217 3531 1292">
    <p class='ocr_par' dir='ltr' id='par_1_27' title="bbox 1927 1217 3531 1292">
     <span class='ocr_line' id='line_1_27' title="bbox 1927 1217 3531 1292; baseline 0.005 -20"><span class='ocrx_word' id='word_1_188' title='bbox 1927 1217 2050 1285; x_wconf 90' lang='lat' dir='ltr'><strong>tire,</strong></span> <span class='ocrx_word' id='word_1_189' title='bbox 2082 1218 2248 1274; x_wconf 91' lang='lat' dir='ltr'><strong>nolite</strong></span> <span class='ocrx_word' id='word_1_190' title='bbox 2277 1219 2518 1291; x_wconf 90' lang='lat' dir='ltr'><strong>laudare,</strong></span> <span class='ocrx_word' id='word_1_191' title='bbox 2547 1220 2713 1278; x_wconf 91' lang='lat' dir='ltr'><strong>nolite</strong></span> <span class='ocrx_word' id='word_1_192' title='bbox 2741 1222 3064 1292; x_wconf 84' lang='lat' dir='ltr'><strong>approbare.</strong></span> <span class='ocrx_word' id='word_1_193' title='bbox 3098 1221 3241 1291; x_wconf 89' lang='lat' dir='ltr'><strong>Quid</strong></span> <span class='ocrx_word' id='word_1_194' title='bbox 3289 1233 3372 1280; x_wconf 90' lang='lat' dir='ltr'><strong>est</strong></span> <span class='ocrx_word' id='word_1_195' title='bbox 3427 1241 3531 1282; x_wconf 93' lang='lat' dir='ltr'><strong>au-</strong></span> 
     </span>
    </p>
   </div>
   <div class='ocr_carea' id='block_1_28' title="bbox 1927 1307 3527 1386">
    <p class='ocr_par' dir='ltr' id='par_1_28' title="bbox 1927 1307 3527 1386">
     <span class='ocr_line' id='line_1_28' title="bbox 1927 1307 3527 1386; baseline 0.006 -25"><span class='ocrx_word' id='word_1_196' title='bbox 1927 1313 2036 1362; x_wconf 90' lang='lat' dir='ltr'><strong>tem</strong></span> <span class='ocrx_word' id='word_1_197' title='bbox 2065 1307 2244 1381; x_wconf 88' lang='lat' dir='ltr'><strong>magis</strong></span> <span class='ocrx_word' id='word_1_198' title='bbox 2287 1316 2341 1364; x_wconf 92' lang='lat' dir='ltr'><strong>et</strong></span> <span class='ocrx_word' id='word_1_199' title='bbox 2397 1309 2754 1382; x_wconf 82' lang='lat' dir='ltr'><strong>redarguite?</strong></span> <span class='ocrx_word' id='word_1_200' title='bbox 2783 1311 3188 1382; x_wconf 87' lang='lat' dir='ltr'><strong>reprehendite,</strong></span> <span class='ocrx_word' id='word_1_201' title='bbox 3247 1313 3527 1386; x_wconf 88' lang='lat' dir='ltr'><strong>corripite,</strong></span> 
     </span>
    </p>
   </div>
   <div class='ocr_carea' id='block_1_29' title="bbox 1927 1397 3533 1460">
    <p class='ocr_par' dir='ltr' id='par_1_29' title="bbox 1927 1397 3533 1460">
     <span class='ocr_line' id='line_1_29' title="bbox 1927 1397 3533 1460; baseline 0.005 -8"><span class='ocrx_word' id='word_1_202' title='bbox 1927 1403 2198 1452; x_wconf 89' lang='lat' dir='ltr'><strong>coercete.</strong></span> <span class='ocrx_word' id='word_1_203' title='bbox 2231 1397 2370 1452; x_wconf 88' lang='lat' dir='ltr'><strong>Nam</strong></span> <span class='ocrx_word' id='word_1_204' title='bbox 2397 1406 2450 1452; x_wconf 85' lang='lat' dir='ltr'><strong>et</strong></span> <span class='ocrx_word' id='word_1_205' title='bbox 2479 1407 2728 1455; x_wconf 89' lang='lat' dir='ltr'><strong>sanctum</strong></span> <span class='ocrx_word' id='word_1_206' title='bbox 2758 1398 3074 1456; x_wconf 83' lang='lat' dir='ltr'><strong>Africanum</strong></span> <span class='ocrx_word' id='word_1_207' title='bbox 3105 1401 3397 1458; x_wconf 89' lang='lat' dir='ltr'><strong>concilium</strong></span> <span class='ocrx_word' id='word_1_208' title='bbox 3435 1419 3533 1460; x_wconf 89' lang='lat' dir='ltr'><strong>eos</strong></span> 
     </span>
    </p>
   </div>
   <div class='ocr_carea' id='block_1_30' title="bbox 1930 1485 3529 1561">
    <p class='ocr_par' dir='ltr' id='par_1_30' title="bbox 1930 1485 3529 1561">
     <span class='ocr_line' id='line_1_30' title="bbox 1930 1485 3529 1561; baseline 0.006 -23"><span class='ocrx_word' id='word_1_209' title='bbox 1930 1485 2018 1556; x_wconf 90' lang='lat' dir='ltr'><strong>qui</strong></span> <span class='ocrx_word' id='word_1_210' title='bbox 2047 1485 2333 1559; x_wconf 88' lang='lat' dir='ltr'><strong>negligunt</strong></span> <span class='ocrx_word' id='word_1_211' title='bbox 2361 1487 2480 1543; x_wconf 93' lang='lat' dir='ltr'><strong>loca</strong></span> <span class='ocrx_word' id='word_1_212' title='bbox 2508 1487 2577 1542; x_wconf 90' lang='lat' dir='ltr'><strong>ad</strong></span> <span class='ocrx_word' id='word_1_213' title='bbox 2607 1504 2762 1542; x_wconf 90' lang='lat' dir='ltr'><strong>suam</strong></span> <span class='ocrx_word' id='word_1_214' title='bbox 2791 1489 3104 1544; x_wconf 88' lang='lat' dir='ltr'><strong>cathedram</strong></span> <span class='ocrx_word' id='word_1_215' title='bbox 3125 1491 3452 1561; x_wconf 88' lang='lat' dir='ltr'><strong>pertinentia</strong></span> <span class='ocrx_word' id='word_1_216' title='bbox 3474 1492 3529 1548; x_wconf 94' lang='lat' dir='ltr'><strong>in</strong></span> 
     </span>
    </p>
   </div>
   <div class='ocr_carea' id='block_1_31' title="bbox 227 1574 3532 1654">
    <p class='ocr_par' dir='ltr' id='par_1_31' title="bbox 227 1574 3532 1654">
     <span class='ocr_line' id='line_1_31' title="bbox 227 1574 3532 1654; baseline 0.001 -20"><span class='ocrx_word' id='word_1_217' title='bbox 227 1595 330 1636; x_wconf 87' lang='lat' dir='ltr'><strong>nec</strong></span> <span class='ocrx_word' id='word_1_218' title='bbox 371 1579 776 1636; x_wconf 90' lang='lat' dir='ltr'><strong>communionis</strong></span> <span class='ocrx_word' id='word_1_219' title='bbox 827 1587 1024 1635; x_wconf 66' lang='lat' dir='ltr'><strong>nostrae</strong></span> <span class='ocrx_word' id='word_1_220' title='bbox 1067 1578 1308 1634; x_wconf 85' lang='lat' dir='ltr'><strong>futurum</strong></span> <span class='ocrx_word' id='word_1_221' title='bbox 1355 1595 1476 1634; x_wconf 91' lang='lat' dir='ltr'><strong>esse</strong></span> <span class='ocrx_word' id='word_1_222' title='bbox 1525 1586 1834 1636; x_wconf 87' lang='lat' dir='ltr'><strong>consortem</strong></span> <span class='ocrx_word' id='word_1_223' title='bbox 1928 1574 2253 1630; x_wconf 86' lang='lat' dir='ltr'><strong>catholicam</strong></span> <span class='ocrx_word' id='word_1_224' title='bbox 2283 1575 2540 1631; x_wconf 88' lang='lat' dir='ltr'><strong>unitatem</strong></span> <span class='ocrx_word' id='word_1_225' title='bbox 2582 1577 2796 1644; x_wconf 90' lang='lat' dir='ltr'><strong>lucrari,</strong></span> <span class='ocrx_word' id='word_1_226' title='bbox 2847 1578 3128 1634; x_wconf 88' lang='lat' dir='ltr'><strong>conveniri</strong></span> <span class='ocrx_word' id='word_1_227' title='bbox 3159 1594 3193 1634; x_wconf 88' lang='lat' dir='ltr'><strong>a</strong></span> <span class='ocrx_word' id='word_1_228' title='bbox 3246 1580 3532 1654; x_wconf 88' lang='lat' dir='ltr'><strong>diligenti-</strong></span> 
     </span>
    </p>
   </div>
   <div class='ocr_carea' id='block_1_32' title="bbox 219 1661 3530 1759">
    <p class='ocr_par' dir='ltr' id='par_1_32' title="bbox 219 1661 3530 1759">
     <span class='ocr_line' id='line_1_32' title="bbox 219 1661 3530 1759; baseline 0 -37"><span class='ocrx_word' id='word_1_229' title='bbox 219 1669 312 1741; x_wconf 84' lang='lat' dir='ltr'><strong>qui</strong></span> <span class='ocrx_word' id='word_1_230' title='bbox 339 1669 528 1724; x_wconf 91' lang='lat' dir='ltr'><strong>socius</strong></span> <span class='ocrx_word' id='word_1_231' title='bbox 559 1679 684 1724; x_wconf 85' lang='lat' dir='ltr'><strong>esse</strong></span> <span class='ocrx_word' id='word_1_232' title='bbox 724 1668 894 1723; x_wconf 91' lang='lat' dir='ltr'><strong>noluit</strong></span> <span class='ocrx_word' id='word_1_233' title='bbox 924 1667 1246 1740; x_wconf 67' lang='lat' dir='ltr'><strong>disciplinae.</strong></span> <span class='ocrx_word' id='word_1_234' title='bbox 1289 1669 1372 1723; x_wconf 85' lang='lat' dir='ltr'><strong>Ne</strong></span> <span class='ocrx_word' id='word_1_235' title='bbox 1403 1668 1533 1740; x_wconf 91' lang='lat' dir='ltr'><strong>quid</strong></span> <span class='ocrx_word' id='word_1_236' title='bbox 1581 1685 1709 1723; x_wconf 90' lang='lat' dir='ltr'><strong>vero</strong></span> <span class='ocrx_word' id='word_1_237' title='bbox 1757 1667 1826 1722; x_wconf 92' lang='lat' dir='ltr'><strong>sit</strong></span> <span class='ocrx_word' id='word_1_238' title='bbox 1852 1699 1905 1759; x_wconf 83' lang='lat' dir='ltr'>B</span> <span class='ocrx_word' id='word_1_239' title='bbox 1928 1661 2032 1718; x_wconf 84' lang='lat' dir='ltr'><strong>bus</strong></span> <span class='ocrx_word' id='word_1_240' title='bbox 2062 1662 2254 1719; x_wconf 80' lang='lat' dir='ltr'><strong>vicinis</strong></span> <span class='ocrx_word' id='word_1_241' title='bbox 2283 1664 2574 1736; x_wconf 88' lang='lat' dir='ltr'><strong>episcopis,</strong></span> <span class='ocrx_word' id='word_1_242' title='bbox 2607 1673 2664 1720; x_wconf 91' lang='lat' dir='ltr'><strong>ut</strong></span> <span class='ocrx_word' id='word_1_243' title='bbox 2692 1665 2747 1720; x_wconf 91' lang='lat' dir='ltr'><strong>id</strong></span> <span class='ocrx_word' id='word_1_244' title='bbox 2778 1682 2946 1740; x_wconf 85' lang='lat' dir='ltr'><strong>agere</strong></span> <span class='ocrx_word' id='word_1_245' title='bbox 2975 1683 3085 1723; x_wconf 81' lang='lat' dir='ltr'><strong>non</strong></span> <span class='ocrx_word' id='word_1_246' title='bbox 3113 1677 3414 1735; x_wconf 85' lang='lat' dir='ltr'><strong>morentur,</strong></span> <span class='ocrx_word' id='word_1_247' title='bbox 3451 1671 3530 1725; x_wconf 92' lang='lat' dir='ltr'><strong>si-</strong></span> 
     </span>
    </p>
   </div>
   <div class='ocr_carea' id='block_1_33' title="bbox 219 1756 1826 1830">
    <p class='ocr_par' dir='ltr' id='par_1_33' title="bbox 219 1756 1826 1830">
     <span class='ocr_line' id='line_1_33' title="bbox 219 1756 1826 1830; baseline -0.001 -17"><span class='ocrx_word' id='word_1_248' title='bbox 219 1759 364 1830; x_wconf 90' lang='lat' dir='ltr'><strong>quod</strong></span> <span class='ocrx_word' id='word_1_249' title='bbox 397 1757 832 1829; x_wconf 68' lang='lat' dir='ltr'><strong>przetermissum</strong></span> <span class='ocrx_word' id='word_1_250' title='bbox 859 1773 891 1812; x_wconf 91' lang='lat' dir='ltr'><strong>a</strong></span> <span class='ocrx_word' id='word_1_251' title='bbox 919 1756 1080 1812; x_wconf 87' lang='lat' dir='ltr'><strong>nobis</strong></span> <span class='ocrx_word' id='word_1_252' title='bbox 1133 1756 1274 1813; x_wconf 86' lang='lat' dir='ltr'><strong>forte</strong></span> <span class='ocrx_word' id='word_1_253' title='bbox 1322 1757 1596 1824; x_wconf 81' lang='lat' dir='ltr'><strong>credatur,</strong></span> <span class='ocrx_word' id='word_1_254' title='bbox 1647 1757 1826 1812; x_wconf 88' lang='lat' dir='ltr'><strong>omnia</strong></span> 
     </span>
    </p>
   </div>
   <div class='ocr_carea' id='block_1_34' title="bbox 216 1845 1825 1913">
    <p class='ocr_par' dir='ltr' id='par_1_34' title="bbox 216 1845 1825 1913">
     <span class='ocr_line' id='line_1_34' title="bbox 216 1845 1825 1913; baseline 0 -12"><span class='ocrx_word' id='word_1_255' title='bbox 216 1847 516 1902; x_wconf 89' lang='lat' dir='ltr'><strong>decretalia</strong></span> <span class='ocrx_word' id='word_1_256' title='bbox 543 1845 856 1913; x_wconf 90' lang='lat' dir='ltr'><strong>constituta,</strong></span> <span class='ocrx_word' id='word_1_257' title='bbox 887 1854 1000 1900; x_wconf 88' lang='lat' dir='ltr'><strong>tam</strong></span> <span class='ocrx_word' id='word_1_258' title='bbox 1023 1846 1194 1902; x_wconf 70' lang='lat' dir='ltr'><strong>beata:</strong></span> <span class='ocrx_word' id='word_1_259' title='bbox 1223 1845 1619 1902; x_wconf 89' lang='lat' dir='ltr'><strong>recordationis</strong></span> <span class='ocrx_word' id='word_1_260' title='bbox 1657 1847 1825 1901; x_wconf 91' lang='lat' dir='ltr'><strong>Inno-</strong></span> 
     </span>
    </p>
   </div>
   <div class='ocr_carea' id='block_1_35' title="bbox 215 1935 1825 2009">
    <p class='ocr_par' dir='ltr' id='par_1_35' title="bbox 215 1935 1825 2009">
     <span class='ocr_line' id='line_1_35' title="bbox 215 1935 1825 2009; baseline -0.001 -17"><span class='ocrx_word' id='word_1_261' title='bbox 215 1936 396 2007; x_wconf 90' lang='lat' dir='ltr'><strong>centii,</strong></span> <span class='ocrx_word' id='word_1_262' title='bbox 431 1951 596 2009; x_wconf 89' lang='lat' dir='ltr'><strong>quam</strong></span> <span class='ocrx_word' id='word_1_263' title='bbox 625 1935 870 1991; x_wconf 91' lang='lat' dir='ltr'><strong>omnium</strong></span> <span class='ocrx_word' id='word_1_264' title='bbox 915 1935 1267 1991; x_wconf 89' lang='lat' dir='ltr'><strong>decessorum</strong></span> <span class='ocrx_word' id='word_1_265' title='bbox 1325 1944 1658 2003; x_wconf 90' lang='lat' dir='ltr'><strong>nostrorum,</strong></span> <span class='ocrx_word' id='word_1_266' title='bbox 1703 1950 1825 2008; x_wconf 66' lang='lat' dir='ltr'><strong>qua:</strong></span> 
     </span>
    </p>
   </div>
   <div class='ocr_carea' id='block_1_36' title="bbox 217 2023 1826 2097">
    <p class='ocr_par' dir='ltr' id='par_1_36' title="bbox 217 2023 1826 2097">
     <span class='ocr_line' id='line_1_36' title="bbox 217 2023 1826 2097; baseline -0.001 -17"><span class='ocrx_word' id='word_1_267' title='bbox 217 2026 282 2081; x_wconf 88' lang='lat' dir='ltr'><strong>de</strong></span> <span class='ocrx_word' id='word_1_268' title='bbox 310 2024 704 2081; x_wconf 89' lang='lat' dir='ltr'><strong>ecclesiasticis</strong></span> <span class='ocrx_word' id='word_1_269' title='bbox 739 2023 1020 2080; x_wconf 89' lang='lat' dir='ltr'><strong>ordinibus</strong></span> <span class='ocrx_word' id='word_1_270' title='bbox 1049 2033 1102 2079; x_wconf 92' lang='lat' dir='ltr'><strong>et</strong></span> <span class='ocrx_word' id='word_1_271' title='bbox 1159 2039 1432 2080; x_wconf 91' lang='lat' dir='ltr'><strong>canonum</strong></span> <span class='ocrx_word' id='word_1_272' title='bbox 1484 2024 1826 2097; x_wconf 83' lang='lat' dir='ltr'><strong>promulgata</strong></span> 
     </span>
    </p>
   </div>
   <div class='ocr_carea' id='block_1_37' title="bbox 216 2112 1823 2184">
    <p class='ocr_par' dir='ltr' id='par_1_37' title="bbox 216 2112 1823 2184">
     <span class='ocr_line' id='line_1_37' title="bbox 216 2112 1823 2184; baseline -0.001 -14"><span class='ocrx_word' id='word_1_273' title='bbox 216 2123 337 2170; x_wconf 90' lang='lat' dir='ltr'><strong>sunt</strong></span> <span class='ocrx_word' id='word_1_274' title='bbox 367 2113 696 2184; x_wconf 90' lang='lat' dir='ltr'><strong>disciplinis,</strong></span> <span class='ocrx_word' id='word_1_275' title='bbox 731 2112 804 2168; x_wconf 89' lang='lat' dir='ltr'><strong>ita</strong></span> <span class='ocrx_word' id='word_1_276' title='bbox 832 2122 1016 2170; x_wconf 87' lang='lat' dir='ltr'><strong>vestra</strong></span> <span class='ocrx_word' id='word_1_277' title='bbox 1062 2113 1351 2168; x_wconf 90' lang='lat' dir='ltr'><strong>dilectione</strong></span> <span class='ocrx_word' id='word_1_278' title='bbox 1406 2113 1669 2170; x_wconf 86' lang='lat' dir='ltr'><strong>custodiri</strong></span> <span class='ocrx_word' id='word_1_279' title='bbox 1721 2113 1823 2170; x_wconf 87' lang='lat' dir='ltr'><strong>dc-</strong></span> 
     </span>
    </p>
   </div>
   <div class='ocr_carea' id='block_1_38' title="bbox 216 2201 1824 2274">
    <p class='ocr_par' dir='ltr' id='par_1_38' title="bbox 216 2201 1824 2274">
     <span class='ocr_line' id='line_1_38' title="bbox 216 2201 1824 2274; baseline 0 -16"><span class='ocrx_word' id='word_1_280' title='bbox 216 2203 338 2260; x_wconf 87' lang='lat' dir='ltr'><strong>bere</strong></span> <span class='ocrx_word' id='word_1_281' title='bbox 368 2204 717 2272; x_wconf 86' lang='lat' dir='ltr'><strong>mandamus,</strong></span> <span class='ocrx_word' id='word_1_282' title='bbox 749 2210 807 2257; x_wconf 93' lang='lat' dir='ltr'><strong>ut</strong></span> <span class='ocrx_word' id='word_1_283' title='bbox 839 2202 885 2257; x_wconf 91' lang='lat' dir='ltr'><strong>si</strong></span> <span class='ocrx_word' id='word_1_284' title='bbox 935 2201 1056 2274; x_wconf 92' lang='lat' dir='ltr'><strong>quis</strong></span> <span class='ocrx_word' id='word_1_285' title='bbox 1100 2201 1156 2256; x_wconf 91' lang='lat' dir='ltr'><strong>in</strong></span> <span class='ocrx_word' id='word_1_286' title='bbox 1203 2202 1296 2258; x_wconf 87' lang='lat' dir='ltr'><strong>illa</strong></span> <span class='ocrx_word' id='word_1_287' title='bbox 1345 2203 1697 2270; x_wconf 88' lang='lat' dir='ltr'><strong>commiserit,</strong></span> <span class='ocrx_word' id='word_1_288' title='bbox 1730 2219 1824 2258; x_wconf 88' lang='lat' dir='ltr'><strong>ve-</strong></span> 
     </span>
    </p>
   </div>
   <div class='ocr_carea' id='block_1_39' title="bbox 218 2290 1394 2364">
    <p class='ocr_par' dir='ltr' id='par_1_39' title="bbox 218 2290 1394 2364">
     <span class='ocr_line' id='line_1_39' title="bbox 218 2290 1394 2364; baseline -0.005 -17"><span class='ocrx_word' id='word_1_289' title='bbox 218 2292 356 2348; x_wconf 86' lang='lat' dir='ltr'><strong>niam</strong></span> <span class='ocrx_word' id='word_1_290' title='bbox 379 2291 489 2346; x_wconf 89' lang='lat' dir='ltr'><strong>sibi</strong></span> <span class='ocrx_word' id='word_1_291' title='bbox 521 2291 784 2362; x_wconf 88' lang='lat' dir='ltr'><strong>deinceps</strong></span> <span class='ocrx_word' id='word_1_292' title='bbox 811 2290 1027 2346; x_wconf 89' lang='lat' dir='ltr'><strong>noverit</strong></span> <span class='ocrx_word' id='word_1_293' title='bbox 1053 2291 1333 2364; x_wconf 89' lang='lat' dir='ltr'><strong>denegari.</strong></span> <span class='ocrx_word' id='word_1_294' title='bbox 1372 2312 1394 2341; x_wconf 83' lang='grc'><em>»</em></span> 
     </span>
    </p>
   </div>
   <div class='ocr_carea' id='block_1_40' title="bbox 281 2379 1824 2452">
    <p class='ocr_par' dir='ltr' id='par_1_40' title="bbox 281 2379 1824 2452">
     <span class='ocr_line' id='line_1_40' title="bbox 281 2379 1824 2452; baseline -0.001 -16"><span class='ocrx_word' id='word_1_295' title='bbox 281 2381 406 2438; x_wconf 79' lang='lat' dir='ltr'><strong>XV.</strong></span> <span class='ocrx_word' id='word_1_296' title='bbox 441 2381 556 2437; x_wconf 91' lang='lat' dir='ltr'><strong>Cur</strong></span> <span class='ocrx_word' id='word_1_297' title='bbox 575 2379 721 2435; x_wconf 91' lang='lat' dir='ltr'><strong>enim</strong></span> <span class='ocrx_word' id='word_1_298' title='bbox 749 2396 858 2436; x_wconf 91' lang='lat' dir='ltr'><strong>non</strong></span> <span class='ocrx_word' id='word_1_299' title='bbox 890 2387 1076 2450; x_wconf 91' lang='lat' dir='ltr'><strong>posset</strong></span> <span class='ocrx_word' id='word_1_300' title='bbox 1104 2379 1398 2452; x_wconf 86' lang='lat' dir='ltr'><strong>religiosus</strong></span> <span class='ocrx_word' id='word_1_301' title='bbox 1419 2381 1582 2435; x_wconf 89' lang='lat' dir='ltr'><strong>homo</strong></span> <span class='ocrx_word' id='word_1_302' title='bbox 1621 2387 1673 2434; x_wconf 94' lang='lat' dir='ltr'><strong>et</strong></span> <span class='ocrx_word' id='word_1_303' title='bbox 1703 2379 1824 2451; x_wconf 91' lang='lat' dir='ltr'><strong>epi-</strong></span> 
     </span>
    </p>
   </div>
   <div class='ocr_carea' id='block_1_41' title="bbox 221 2468 1824 2542">
    <p class='ocr_par' dir='ltr' id='par_1_41' title="bbox 221 2468 1824 2542">
     <span class='ocr_line' id='line_1_41' title="bbox 221 2468 1824 2542; baseline -0.001 -17"><span class='ocrx_word' id='word_1_304' title='bbox 221 2485 415 2542; x_wconf 87' lang='lat' dir='ltr'><strong>scopus</strong></span> <span class='ocrx_word' id='word_1_305' title='bbox 446 2484 515 2526; x_wconf 92' lang='lat' dir='ltr'><strong>ac</strong></span> <span class='ocrx_word' id='word_1_306' title='bbox 542 2469 848 2535; x_wconf 91' lang='lat' dir='ltr'><strong>continens,</strong></span> <span class='ocrx_word' id='word_1_307' title='bbox 881 2469 998 2525; x_wconf 90' lang='lat' dir='ltr'><strong>sine</strong></span> <span class='ocrx_word' id='word_1_308' title='bbox 1029 2485 1198 2524; x_wconf 85' lang='lat' dir='ltr'><strong>uxore</strong></span> <span class='ocrx_word' id='word_1_309' title='bbox 1230 2477 1282 2524; x_wconf 90' lang='lat' dir='ltr'><strong>et</strong></span> <span class='ocrx_word' id='word_1_310' title='bbox 1315 2469 1458 2535; x_wconf 78' lang='lat' dir='ltr'><strong>filiis,</strong></span> <span class='ocrx_word' id='word_1_311' title='bbox 1511 2469 1583 2524; x_wconf 91' lang='lat' dir='ltr'><strong>ita</strong></span> <span class='ocrx_word' id='word_1_312' title='bbox 1608 2468 1664 2524; x_wconf 90' lang='lat' dir='ltr'><strong>in</strong></span> <span class='ocrx_word' id='word_1_313' title='bbox 1693 2468 1824 2525; x_wconf 92' lang='lat' dir='ltr'><strong>civi-</strong></span> 
     </span>
    </p>
   </div>
   <div class='ocr_carea' id='block_1_42' title="bbox 219 2557 1824 2628">
    <p class='ocr_par' dir='ltr' id='par_1_42' title="bbox 219 2557 1824 2628">
     <span class='ocr_line' id='line_1_42' title="bbox 219 2557 1824 2628; baseline -0.001 -14"><span class='ocrx_word' id='word_1_314' title='bbox 219 2567 322 2614; x_wconf 85' lang='lat' dir='ltr'><strong>tate</strong></span> <span class='ocrx_word' id='word_1_315' title='bbox 342 2574 446 2614; x_wconf 91' lang='lat' dir='ltr'><strong>sua</strong></span> <span class='ocrx_word' id='word_1_316' title='bbox 474 2559 680 2628; x_wconf 87' lang='lat' dir='ltr'><strong>vivere,</strong></span> <span class='ocrx_word' id='word_1_317' title='bbox 717 2557 859 2614; x_wconf 92' lang='lat' dir='ltr'><strong>sicut</strong></span> <span class='ocrx_word' id='word_1_318' title='bbox 889 2557 1168 2614; x_wconf 66' lang='lat' dir='ltr'><strong>saecularis</strong></span> <span class='ocrx_word' id='word_1_319' title='bbox 1214 2558 1380 2613; x_wconf 91' lang='lat' dir='ltr'><strong>homo</strong></span> <span class='ocrx_word' id='word_1_320' title='bbox 1439 2571 1644 2625; x_wconf 83' lang='lat' dir='ltr'><strong>comes,</strong></span> <span class='ocrx_word' id='word_1_321' title='bbox 1691 2571 1824 2613; x_wconf 85' lang='lat' dir='ltr'><strong>uxo-</strong></span> 
     </span>
    </p>
   </div>
   <div class='ocr_carea' id='block_1_43' title="bbox 221 2645 1822 2718">
    <p class='ocr_par' dir='ltr' id='par_1_43' title="bbox 221 2645 1822 2718">
     <span class='ocr_line' id='line_1_43' title="bbox 221 2645 1822 2718; baseline -0.001 -16"><span class='ocrx_word' id='word_1_322' title='bbox 221 2665 332 2704; x_wconf 89' lang='lat' dir='ltr'><strong>rem</strong></span> <span class='ocrx_word' id='word_1_323' title='bbox 361 2648 576 2702; x_wconf 90' lang='lat' dir='ltr'><strong>habens</strong></span> <span class='ocrx_word' id='word_1_324' title='bbox 615 2654 668 2702; x_wconf 90' lang='lat' dir='ltr'><strong>et</strong></span> <span class='ocrx_word' id='word_1_325' title='bbox 696 2645 916 2716; x_wconf 89' lang='lat' dir='ltr'><strong>liberos,</strong></span> <span class='ocrx_word' id='word_1_326' title='bbox 971 2646 1132 2702; x_wconf 89' lang='lat' dir='ltr'><strong>etiam</strong></span> <span class='ocrx_word' id='word_1_327' title='bbox 1175 2645 1320 2702; x_wconf 88' lang='lat' dir='ltr'><strong>inter</strong></span> <span class='ocrx_word' id='word_1_328' title='bbox 1365 2662 1607 2718; x_wconf 80' lang='lat' dir='ltr'><strong>paganos</strong></span> <span class='ocrx_word' id='word_1_329' title='bbox 1648 2645 1776 2702; x_wconf 88' lang='lat' dir='ltr'><strong>vivit</strong></span> <span class='ocrx_word' id='word_1_330' title='bbox 1808 2663 1822 2700; x_wconf 88' lang='lat'><strong>:</strong></span> 
     </span>
    </p>
   </div>
   <div class='ocr_carea' id='block_1_44' title="bbox 219 2735 1825 2808">
    <p class='ocr_par' dir='ltr' id='par_1_44' title="bbox 219 2735 1825 2808">
     <span class='ocr_line' id='line_1_44' title="bbox 219 2735 1825 2808; baseline -0.001 -16"><span class='ocrx_word' id='word_1_331' title='bbox 219 2737 522 2808; x_wconf 74' lang='lat' dir='ltr'><strong>praesertim</strong></span> <span class='ocrx_word' id='word_1_332' title='bbox 551 2751 680 2793; x_wconf 91' lang='lat' dir='ltr'><strong>cum</strong></span> <span class='ocrx_word' id='word_1_333' title='bbox 707 2735 838 2790; x_wconf 88' lang='lat' dir='ltr'><strong>alias</strong></span> <span class='ocrx_word' id='word_1_334' title='bbox 869 2735 1251 2808; x_wconf 90' lang='lat' dir='ltr'><strong>possessiones</strong></span> <span class='ocrx_word' id='word_1_335' title='bbox 1281 2743 1334 2791; x_wconf 86' lang='lat' dir='ltr'><strong>et</strong></span> <span class='ocrx_word' id='word_1_336' title='bbox 1361 2735 1603 2791; x_wconf 89' lang='lat' dir='ltr'><strong>abbatias</strong></span> <span class='ocrx_word' id='word_1_337' title='bbox 1657 2735 1825 2808; x_wconf 84' lang='lat' dir='ltr'><strong>largi-</strong></span> 
     </span>
    </p>
   </div>
   <div class='ocr_carea' id='block_1_45' title="bbox 219 2824 1824 2897">
    <p class='ocr_par' dir='ltr' id='par_1_45' title="bbox 219 2824 1824 2897">
     <span class='ocr_line' id='line_1_45' title="bbox 219 2824 1824 2897; baseline -0.001 -17"><span class='ocrx_word' id='word_1_338' title='bbox 219 2825 357 2882; x_wconf 92' lang='lat' dir='ltr'><strong>tione</strong></span> <span class='ocrx_word' id='word_1_339' title='bbox 388 2824 578 2880; x_wconf 89' lang='lat' dir='ltr'><strong>domni</strong></span> <span class='ocrx_word' id='word_1_340' title='bbox 608 2824 756 2897; x_wconf 89' lang='lat' dir='ltr'><strong>regis</strong></span> <span class='ocrx_word' id='word_1_341' title='bbox 783 2825 1000 2891; x_wconf 86' lang='lat' dir='ltr'><strong>habeat,</strong></span> <span class='ocrx_word' id='word_1_342' title='bbox 1033 2825 1178 2880; x_wconf 90' lang='lat' dir='ltr'><strong>unde</strong></span> <span class='ocrx_word' id='word_1_343' title='bbox 1211 2831 1456 2896; x_wconf 90' lang='lat' dir='ltr'><strong>sumplus</strong></span> <span class='ocrx_word' id='word_1_344' title='bbox 1487 2825 1688 2881; x_wconf 86' lang='lat' dir='ltr'><strong>habere</strong></span> <span class='ocrx_word' id='word_1_345' title='bbox 1726 2841 1824 2880; x_wconf 89' lang='lat' dir='ltr'><strong>va-</strong></span> 
     </span>
    </p>
   </div>
   <div class='ocr_carea' id='block_1_46' title="bbox 217 2913 1827 2988">
    <p class='ocr_par' dir='ltr' id='par_1_46' title="bbox 217 2913 1827 2988">
     <span class='ocr_line' id='line_1_46' title="bbox 217 2913 1827 2988; baseline -0.001 -19"><span class='ocrx_word' id='word_1_346' title='bbox 217 2914 304 2984; x_wconf 91' lang='lat' dir='ltr'><strong>let,</strong></span> <span class='ocrx_word' id='word_1_347' title='bbox 328 2915 530 2988; x_wconf 92' lang='lat' dir='ltr'><strong>quibus</strong></span> <span class='ocrx_word' id='word_1_348' title='bbox 575 2913 647 2969; x_wconf 81' lang='lat' dir='ltr'><strong>ad</strong></span> <span class='ocrx_word' id='word_1_349' title='bbox 667 2913 784 2969; x_wconf 90' lang='lat' dir='ltr'><strong>Deo</strong></span> <span class='ocrx_word' id='word_1_350' title='bbox 813 2913 1180 2983; x_wconf 89' lang='lat' dir='ltr'><strong>serviendum,</strong></span> <span class='ocrx_word' id='word_1_351' title='bbox 1214 2923 1265 2969; x_wconf 89' lang='lat' dir='ltr'><strong>et</strong></span> <span class='ocrx_word' id='word_1_352' title='bbox 1281 2914 1638 2969; x_wconf 85' lang='lat' dir='ltr'><strong>ministerium</strong></span> <span class='ocrx_word' id='word_1_353' title='bbox 1667 2931 1827 2969; x_wconf 90' lang='lat' dir='ltr'><strong>suum</strong></span> 
     </span>
    </p>
   </div>
   <div class='ocr_carea' id='block_1_47' title="bbox 218 3001 1824 3076">
    <p class='ocr_par' dir='ltr' id='par_1_47' title="bbox 218 3001 1824 3076">
     <span class='ocr_line' id='line_1_47' title="bbox 218 3001 1824 3076; baseline 0 -18"><span class='ocrx_word' id='word_1_354' title='bbox 218 3003 626 3076; x_wconf 83' lang='lat' dir='ltr'><strong>exsequendum</strong></span> <span class='ocrx_word' id='word_1_355' title='bbox 655 3003 710 3056; x_wconf 91' lang='lat' dir='ltr'><strong>in</strong></span> <span class='ocrx_word' id='word_1_356' title='bbox 740 3002 900 3074; x_wconf 89' lang='lat' dir='ltr'><strong>plebe</strong></span> <span class='ocrx_word' id='word_1_357' title='bbox 933 3003 1035 3057; x_wconf 90' lang='lat' dir='ltr'><strong>sibi</strong></span> <span class='ocrx_word' id='word_1_358' title='bbox 1067 3002 1360 3058; x_wconf 79' lang='lat' dir='ltr'><strong>commissa</strong></span> <span class='ocrx_word' id='word_1_359' title='bbox 1397 3001 1644 3059; x_wconf 70' lang='lat' dir='ltr'><strong>sufficere</strong></span> <span class='ocrx_word' id='word_1_360' title='bbox 1689 3019 1824 3075; x_wconf 91' lang='lat' dir='ltr'><strong>pos-</strong></span> 
     </span>
    </p>
   </div>
   <div class='ocr_carea' id='block_1_48' title="bbox 219 3091 1824 3164">
    <p class='ocr_par' dir='ltr' id='par_1_48' title="bbox 219 3091 1824 3164">
     <span class='ocr_line' id='line_1_48' title="bbox 219 3091 1824 3164; baseline -0.001 -16"><span class='ocrx_word' id='word_1_361' title='bbox 219 3093 337 3149; x_wconf 79' lang='lat' dir='ltr'><strong>set?</strong></span> <span class='ocrx_word' id='word_1_362' title='bbox 371 3114 393 3144; x_wconf 70' lang='grc' dir='ltr'>ε</span> <span class='ocrx_word' id='word_1_363' title='bbox 429 3093 542 3148; x_wconf 88' lang='lat' dir='ltr'><strong>Sed</strong></span> <span class='ocrx_word' id='word_1_364' title='bbox 572 3099 715 3160; x_wconf 93' lang='lat' dir='ltr'><strong>sunt,</strong></span> <span class='ocrx_word' id='word_1_365' title='bbox 746 3093 919 3164; x_wconf 90' lang='lat' dir='ltr'><strong>inquit</strong></span> <span class='ocrx_word' id='word_1_366' title='bbox 947 3092 1248 3163; x_wconf 82' lang='lat' dir='ltr'><strong>Gregorius</strong></span> <span class='ocrx_word' id='word_1_367' title='bbox 1281 3092 1452 3164; x_wconf 87' lang='lat' dir='ltr'><strong>(hom.</strong></span> <span class='ocrx_word' id='word_1_368' title='bbox 1489 3095 1574 3160; x_wconf 84' lang='grc'><strong>14,</strong></span> <span class='ocrx_word' id='word_1_369' title='bbox 1594 3093 1657 3148; x_wconf 84' lang='lat' dir='ltr'><strong>iu</strong></span> <span class='ocrx_word' id='word_1_370' title='bbox 1679 3091 1824 3164; x_wconf 66' lang='lat' dir='ltr'><strong>Eu),</strong></span> 
     </span>
    </p>
   </div>
   <div class='ocr_carea' id='block_1_49' title="bbox 219 3181 1828 3254">
    <p class='ocr_par' dir='ltr' id='par_1_49' title="bbox 219 3181 1828 3254">
     <span class='ocr_line' id='line_1_49' title="bbox 219 3181 1828 3254; baseline -0.001 -18"><span class='ocrx_word' id='word_1_371' title='bbox 219 3181 461 3238; x_wconf 90' lang='lat' dir='ltr'><strong>nonnulli</strong></span> <span class='ocrx_word' id='word_1_372' title='bbox 491 3181 730 3254; x_wconf 90' lang='lat' dir='ltr'><strong>quidum</strong></span> <span class='ocrx_word' id='word_1_373' title='bbox 773 3181 897 3252; x_wconf 91' lang='lat' dir='ltr'><strong>plus</strong></span> <span class='ocrx_word' id='word_1_374' title='bbox 939 3189 1213 3236; x_wconf 87' lang='lat' dir='ltr'><strong>terrenam</strong></span> <span class='ocrx_word' id='word_1_375' title='bbox 1265 3181 1618 3236; x_wconf 87' lang='lat' dir='ltr'><strong>substantiam</strong></span> <span class='ocrx_word' id='word_1_376' title='bbox 1667 3197 1828 3253; x_wconf 90' lang='lat' dir='ltr'><strong>quam</strong></span> 
     </span>
    </p>
   </div>
   <div class='ocr_carea' id='block_1_50' title="bbox 216 3269 1827 3344">
    <p class='ocr_par' dir='ltr' id='par_1_50' title="bbox 216 3269 1827 3344">
     <span class='ocr_line' id='line_1_50' title="bbox 216 3269 1827 3344; baseline -0.001 -16"><span class='ocrx_word' id='word_1_377' title='bbox 216 3287 341 3328; x_wconf 81' lang='lat' dir='ltr'><strong>oves</strong></span> <span class='ocrx_word' id='word_1_378' title='bbox 369 3271 628 3344; x_wconf 83' lang='lat' dir='ltr'><strong>diligunt,</strong></span> <span class='ocrx_word' id='word_1_379' title='bbox 675 3270 872 3326; x_wconf 89' lang='lat' dir='ltr'><strong>merito</strong></span> <span class='ocrx_word' id='word_1_380' title='bbox 921 3287 1122 3326; x_wconf 91' lang='lat' dir='ltr'><strong>nomen</strong></span> <span class='ocrx_word' id='word_1_381' title='bbox 1170 3271 1412 3340; x_wconf 87' lang='lat' dir='ltr'><strong>pastoris</strong></span> <span class='ocrx_word' id='word_1_382' title='bbox 1455 3269 1712 3342; x_wconf 90' lang='lat' dir='ltr'><strong>perdunt.</strong></span> <span class='ocrx_word' id='word_1_383' title='bbox 1746 3269 1827 3326; x_wconf 90' lang='lat' dir='ltr'><strong>De</strong></span> 
     </span>
    </p>
   </div>
   <div class='ocr_carea' id='block_1_51' title="bbox 219 3359 1829 3433">
    <p class='ocr_par' dir='ltr' id='par_1_51' title="bbox 219 3359 1829 3433">
     <span class='ocr_line' id='line_1_51' title="bbox 219 3359 1829 3433; baseline -0.001 -17"><span class='ocrx_word' id='word_1_384' title='bbox 219 3361 412 3433; x_wconf 88' lang='lat' dir='ltr'><strong>quibus</strong></span> <span class='ocrx_word' id='word_1_385' title='bbox 459 3359 710 3433; x_wconf 90' lang='lat' dir='ltr'><strong>protinus</strong></span> <span class='ocrx_word' id='word_1_386' title='bbox 773 3359 1067 3415; x_wconf 90' lang='lat' dir='ltr'><strong>subditur:</strong></span> <span class='ocrx_word' id='word_1_387' title='bbox 1105 3361 1480 3416; x_wconf 82' lang='lat' dir='ltr'><strong>Mercenarius</strong></span> <span class='ocrx_word' id='word_1_388' title='bbox 1509 3364 1722 3426; x_wconf 86' lang='lat' dir='ltr'><strong>autem,</strong></span> <span class='ocrx_word' id='word_1_389' title='bbox 1771 3364 1829 3414; x_wconf 88' lang='lat' dir='ltr'><strong>et</strong></span> 
     </span>
    </p>
   </div>
   <div class='ocr_carea' id='block_1_52' title="bbox 219 3448 1830 3523">
    <p class='ocr_par' dir='ltr' id='par_1_52' title="bbox 219 3448 1830 3523">
     <span class='ocr_line' id='line_1_52' title="bbox 219 3448 1830 3523; baseline -0.001 -17"><span class='ocrx_word' id='word_1_390' title='bbox 219 3453 310 3517; x_wconf 84' lang='lat' dir='ltr'><strong>qui</strong></span> <span class='ocrx_word' id='word_1_391' title='bbox 320 3468 436 3508; x_wconf 85' lang='lat' dir='ltr'><strong>non</strong></span> <span class='ocrx_word' id='word_1_392' title='bbox 456 3453 546 3506; x_wconf 79' lang='lat' dir='ltr'><strong>est</strong></span> <span class='ocrx_word' id='word_1_393' title='bbox 558 3453 774 3523; x_wconf 80' lang='lat' dir='ltr'><strong>pastor,</strong></span> <span class='ocrx_word' id='word_1_394' title='bbox 791 3451 954 3522; x_wconf 81' lang='lat' dir='ltr'><strong>cujus</strong></span> <span class='ocrx_word' id='word_1_395' title='bbox 967 3466 1083 3506; x_wconf 79' lang='lat' dir='ltr'><strong>non</strong></span> <span class='ocrx_word' id='word_1_396' title='bbox 1099 3453 1236 3504; x_wconf 84' lang='lat' dir='ltr'><strong>sunt</strong></span> <span class='ocrx_word' id='word_1_397' title='bbox 1257 3451 1654 3522; x_wconf 74' lang='lat' dir='ltr'><strong>ovesproprice,</strong></span> <span class='ocrx_word' id='word_1_398' title='bbox 1679 3448 1830 3504; x_wconf 80' lang='lat' dir='ltr'><strong>videt</strong></span> 
     </span>
    </p>
   </div>
   <div class='ocr_carea' id='block_1_53' title="bbox 223 3537 1823 3611">
    <p class='ocr_par' dir='ltr' id='par_1_53' title="bbox 223 3537 1823 3611">
     <span class='ocr_line' id='line_1_53' title="bbox 223 3537 1823 3611; baseline -0.002 -16"><span class='ocrx_word' id='word_1_399' title='bbox 223 3541 414 3611; x_wconf 81' lang='lat' dir='ltr'><strong>lupum</strong></span> <span class='ocrx_word' id='word_1_400' title='bbox 443 3539 788 3604; x_wconf 80' lang='lat' dir='ltr'><strong>venientem,</strong></span> <span class='ocrx_word' id='word_1_401' title='bbox 819 3541 876 3593; x_wconf 86' lang='lat' dir='ltr'><strong>et</strong></span> <span class='ocrx_word' id='word_1_402' title='bbox 907 3537 1292 3594; x_wconf 81' lang='lat' dir='ltr'><strong>dimittitoves</strong></span> <span class='ocrx_word' id='word_1_403' title='bbox 1323 3541 1379 3593; x_wconf 89' lang='lat' dir='ltr'><strong>et</strong></span> <span class='ocrx_word' id='word_1_404' title='bbox 1390 3539 1540 3609; x_wconf 83' lang='lat' dir='ltr'><strong>fugit</strong></span> <span class='ocrx_word' id='word_1_405' title='bbox 1555 3539 1740 3608; x_wconf 82' lang='lat' dir='ltr'><strong>(Joan.</strong></span> <span class='ocrx_word' id='word_1_406' title='bbox 1763 3551 1823 3604; x_wconf 83' lang='lat' dir='ltr'><strong>x,</strong></span> 
     </span>
    </p>
   </div>
   <div class='ocr_carea' id='block_1_54' title="bbox 223 3626 1830 3699">
    <p class='ocr_par' dir='ltr' id='par_1_54' title="bbox 223 3626 1830 3699">
     <span class='ocr_line' id='line_1_54' title="bbox 223 3626 1830 3699; baseline -0.001 -17"><span class='ocrx_word' id='word_1_407' title='bbox 223 3631 328 3698; x_wconf 77' lang='lat' dir='ltr'><strong>l2).</strong></span> <span class='ocrx_word' id='word_1_408' title='bbox 357 3628 486 3684; x_wconf 92' lang='lat' dir='ltr'><strong>Non</strong></span> <span class='ocrx_word' id='word_1_409' title='bbox 515 3634 706 3699; x_wconf 87' lang='lat' dir='ltr'><strong>pastor</strong></span> <span class='ocrx_word' id='word_1_410' title='bbox 753 3627 852 3682; x_wconf 90' lang='lat' dir='ltr'><strong>sed</strong></span> <span class='ocrx_word' id='word_1_411' title='bbox 888 3626 1265 3682; x_wconf 87' lang='lat' dir='ltr'><strong>mercenarius</strong></span> <span class='ocrx_word' id='word_1_412' title='bbox 1303 3633 1543 3692; x_wconf 90' lang='lat' dir='ltr'><strong>vocatur,</strong></span> <span class='ocrx_word' id='word_1_413' title='bbox 1589 3626 1680 3697; x_wconf 92' lang='lat' dir='ltr'><strong>qui</strong></span> <span class='ocrx_word' id='word_1_414' title='bbox 1718 3641 1830 3681; x_wconf 93' lang='lat' dir='ltr'><strong>non</strong></span> 
     </span>
    </p>
   </div>
   <div class='ocr_carea' id='block_1_55' title="bbox 223 3714 1828 3787">
    <p class='ocr_par' dir='ltr' id='par_1_55' title="bbox 223 3714 1828 3787">
     <span class='ocr_line' id='line_1_55' title="bbox 223 3714 1828 3787; baseline -0.002 -14"><span class='ocrx_word' id='word_1_415' title='bbox 223 3733 316 3787; x_wconf 90' lang='lat' dir='ltr'><strong>pro</strong></span> <span class='ocrx_word' id='word_1_416' title='bbox 345 3731 532 3772; x_wconf 90' lang='lat' dir='ltr'><strong>amore</strong></span> <span class='ocrx_word' id='word_1_417' title='bbox 563 3715 754 3772; x_wconf 92' lang='lat' dir='ltr'><strong>intimo</strong></span> <span class='ocrx_word' id='word_1_418' title='bbox 781 3732 914 3771; x_wconf 90' lang='lat' dir='ltr'><strong>oves</strong></span> <span class='ocrx_word' id='word_1_419' title='bbox 943 3714 1278 3784; x_wconf 90' lang='lat' dir='ltr'><strong>Dominicas,</strong></span> <span class='ocrx_word' id='word_1_420' title='bbox 1305 3715 1402 3772; x_wconf 87' lang='lat' dir='ltr'><strong>sed</strong></span> <span class='ocrx_word' id='word_1_421' title='bbox 1439 3715 1510 3769; x_wconf 93' lang='lat' dir='ltr'><strong>ad</strong></span> <span class='ocrx_word' id='word_1_422' title='bbox 1559 3723 1828 3786; x_wconf 89' lang='lat' dir='ltr'><strong>tempora-</strong></span> 
     </span>
    </p>
   </div>
   <div class='ocr_carea' id='block_1_56' title="bbox 221 3803 1828 3876">
    <p class='ocr_par' dir='ltr' id='par_1_56' title="bbox 221 3803 1828 3876">
     <span class='ocr_line' id='line_1_56' title="bbox 221 3803 1828 3876; baseline -0.001 -17"><span class='ocrx_word' id='word_1_423' title='bbox 221 3805 297 3860; x_wconf 89' lang='lat' dir='ltr'><strong>les</strong></span> <span class='ocrx_word' id='word_1_424' title='bbox 323 3805 614 3860; x_wconf 90' lang='lat' dir='ltr'><strong>mercedes</strong></span> <span class='ocrx_word' id='word_1_425' title='bbox 643 3805 835 3876; x_wconf 90' lang='lat' dir='ltr'><strong>pascit.</strong></span> <span class='ocrx_word' id='word_1_426' title='bbox 868 3803 1240 3860; x_wconf 88' lang='lat' dir='ltr'><strong>Mercenarius</strong></span> <span class='ocrx_word' id='word_1_427' title='bbox 1271 3803 1493 3876; x_wconf 91' lang='lat' dir='ltr'><strong>quippe,</strong></span> <span class='ocrx_word' id='word_1_428' title='bbox 1524 3803 1617 3876; x_wconf 92' lang='lat' dir='ltr'><strong>qui</strong></span> <span class='ocrx_word' id='word_1_429' title='bbox 1647 3803 1828 3860; x_wconf 92' lang='lat' dir='ltr'><strong>locum</strong></span> 
     </span>
    </p>
   </div>
   <div class='ocr_carea' id='block_1_57' title="bbox 223 3892 1828 3966">
    <p class='ocr_par' dir='ltr' id='par_1_57' title="bbox 223 3892 1828 3966">
     <span class='ocr_line' id='line_1_57' title="bbox 223 3892 1828 3966; baseline -0.001 -16"><span class='ocrx_word' id='word_1_430' title='bbox 223 3894 438 3966; x_wconf 91' lang='lat' dir='ltr'><strong>quidem</strong></span> <span class='ocrx_word' id='word_1_431' title='bbox 465 3893 704 3965; x_wconf 88' lang='lat' dir='ltr'><strong>pastoris</strong></span> <span class='ocrx_word' id='word_1_432' title='bbox 733 3901 900 3960; x_wconf 89' lang='lat' dir='ltr'><strong>tenet,</strong></span> <span class='ocrx_word' id='word_1_433' title='bbox 933 3893 1030 3948; x_wconf 88' lang='lat' dir='ltr'><strong>sed</strong></span> <span class='ocrx_word' id='word_1_434' title='bbox 1051 3892 1206 3950; x_wconf 88' lang='lat' dir='ltr'><strong>lucra</strong></span> <span class='ocrx_word' id='word_1_435' title='bbox 1227 3892 1535 3948; x_wconf 89' lang='lat' dir='ltr'><strong>animarum</strong></span> <span class='ocrx_word' id='word_1_436' title='bbox 1555 3907 1666 3947; x_wconf 92' lang='lat' dir='ltr'><strong>non</strong></span> <span class='ocrx_word' id='word_1_437' title='bbox 1687 3908 1828 3963; x_wconf 71' lang='lat' dir='ltr'><strong>quae-</strong></span> 
     </span>
    </p>
   </div>
   <div class='ocr_carea' id='block_1_58' title="bbox 221 3981 1828 4053">
    <p class='ocr_par' dir='ltr' id='par_1_58' title="bbox 221 3981 1828 4053">
     <span class='ocr_line' id='line_1_58' title="bbox 221 3981 1828 4053; baseline -0.001 -15"><span class='ocrx_word' id='word_1_438' title='bbox 221 3983 303 4050; x_wconf 90' lang='lat' dir='ltr'><strong>rit,</strong></span> <span class='ocrx_word' id='word_1_439' title='bbox 349 3982 590 4040; x_wconf 88' lang='lat' dir='ltr'><strong>terrenis</strong></span> <span class='ocrx_word' id='word_1_440' title='bbox 635 3982 938 4038; x_wconf 90' lang='lat' dir='ltr'><strong>commodis</strong></span> <span class='ocrx_word' id='word_1_441' title='bbox 983 3981 1174 4050; x_wconf 85' lang='lat' dir='ltr'><strong>inhiat,</strong></span> <span class='ocrx_word' id='word_1_442' title='bbox 1237 3982 1444 4038; x_wconf 90' lang='lat' dir='ltr'><strong>honore</strong></span> <span class='ocrx_word' id='word_1_443' title='bbox 1498 3981 1828 4053; x_wconf 72' lang='lat' dir='ltr'><strong>przelationis</strong></span> 
     </span>
    </p>
   </div>
   <div class='ocr_carea' id='block_1_59' title="bbox 222 4069 1828 4144">
    <p class='ocr_par' dir='ltr' id='par_1_59' title="bbox 222 4069 1828 4144">
     <span class='ocr_line' id='line_1_59' title="bbox 222 4069 1828 4144; baseline -0.002 -16"><span class='ocrx_word' id='word_1_444' title='bbox 222 4073 433 4144; x_wconf 80' lang='lat' dir='ltr'><strong>gaudet,</strong></span> <span class='ocrx_word' id='word_1_445' title='bbox 457 4071 856 4143; x_wconf 90' lang='lat' dir='ltr'><strong>temporalibus</strong></span> <span class='ocrx_word' id='word_1_446' title='bbox 885 4069 1045 4126; x_wconf 90' lang='lat' dir='ltr'><strong>lucris</strong></span> <span class='ocrx_word' id='word_1_447' title='bbox 1067 4069 1324 4143; x_wconf 89' lang='lat' dir='ltr'><strong>pascitur,</strong></span> <span class='ocrx_word' id='word_1_448' title='bbox 1354 4071 1600 4141; x_wconf 87' lang='lat' dir='ltr'><strong>impensa</strong></span> <span class='ocrx_word' id='word_1_449' title='bbox 1627 4070 1731 4125; x_wconf 91' lang='lat' dir='ltr'><strong>sibi</strong></span> <span class='ocrx_word' id='word_1_450' title='bbox 1759 4071 1828 4125; x_wconf 90' lang='lat' dir='ltr'><strong>ab</strong></span> 
     </span>
    </p>
   </div>
   <div class='ocr_carea' id='block_1_60' title="bbox 223 4157 1814 4218">
    <p class='ocr_par' dir='ltr' id='par_1_60' title="bbox 223 4157 1814 4218">
     <span class='ocr_line' id='line_1_60' title="bbox 223 4157 1814 4218; baseline -0.001 -4"><span class='ocrx_word' id='word_1_451' title='bbox 223 4160 530 4218; x_wconf 90' lang='lat' dir='ltr'><strong>hominibus</strong></span> <span class='ocrx_word' id='word_1_452' title='bbox 558 4160 864 4217; x_wconf 89' lang='lat' dir='ltr'><strong>reverentia</strong></span> <span class='ocrx_word' id='word_1_453' title='bbox 891 4157 1120 4216; x_wconf 62' lang='lat' dir='ltr'><strong>laetatur.</strong></span> <span class='ocrx_word' id='word_1_454' title='bbox 1153 4161 1278 4215; x_wconf 77' lang='lat' dir='ltr'><strong>Istae</strong></span> <span class='ocrx_word' id='word_1_455' title='bbox 1306 4166 1432 4214; x_wconf 91' lang='lat' dir='ltr'><strong>sunt</strong></span> <span class='ocrx_word' id='word_1_456' title='bbox 1461 4159 1660 4214; x_wconf 89' lang='lat' dir='ltr'><strong>etenim</strong></span> <span class='ocrx_word' id='word_1_457' title='bbox 1685 4175 1814 4215; x_wconf 79' lang='lat' dir='ltr'><strong>mer-</strong></span> 
     </span>
    </p>
   </div>
   <div class='ocr_carea' id='block_1_61' title="bbox 223 4247 1828 4321">
    <p class='ocr_par' dir='ltr' id='par_1_61' title="bbox 223 4247 1828 4321">
     <span class='ocr_line' id='line_1_61' title="bbox 223 4247 1828 4321; baseline -0.002 -15"><span class='ocrx_word' id='word_1_458' title='bbox 223 4251 380 4306; x_wconf 90' lang='lat' dir='ltr'><strong>cedes</strong></span> <span class='ocrx_word' id='word_1_459' title='bbox 409 4249 754 4316; x_wconf 90' lang='lat' dir='ltr'><strong>mercenarii,</strong></span> <span class='ocrx_word' id='word_1_460' title='bbox 790 4257 849 4304; x_wconf 90' lang='lat' dir='ltr'><strong>ut</strong></span> <span class='ocrx_word' id='word_1_461' title='bbox 873 4264 969 4321; x_wconf 91' lang='lat' dir='ltr'><strong>pro</strong></span> <span class='ocrx_word' id='word_1_462' title='bbox 999 4263 1066 4304; x_wconf 92' lang='lat' dir='ltr'><strong>eo</strong></span> <span class='ocrx_word' id='word_1_463' title='bbox 1096 4247 1216 4318; x_wconf 90' lang='lat' dir='ltr'><strong>ipso</strong></span> <span class='ocrx_word' id='word_1_464' title='bbox 1265 4248 1414 4320; x_wconf 88' lang='lat' dir='ltr'><strong>quod</strong></span> <span class='ocrx_word' id='word_1_465' title='bbox 1456 4247 1510 4302; x_wconf 91' lang='lat' dir='ltr'><strong>in</strong></span> <span class='ocrx_word' id='word_1_466' title='bbox 1559 4247 1828 4320; x_wconf 90' lang='lat' dir='ltr'><strong>regimine</strong></span> 
     </span>
    </p>
   </div>
   <div class='ocr_carea' id='block_1_62' title="bbox 223 4337 1827 4410">
    <p class='ocr_par' dir='ltr' id='par_1_62' title="bbox 223 4337 1827 4410">
     <span class='ocr_line' id='line_1_62' title="bbox 223 4337 1827 4410; baseline 0 -18"><span class='ocrx_word' id='word_1_467' title='bbox 223 4338 447 4407; x_wconf 87' lang='lat' dir='ltr'><strong>laborat,</strong></span> <span class='ocrx_word' id='word_1_468' title='bbox 481 4338 572 4395; x_wconf 89' lang='lat' dir='ltr'><strong>hic</strong></span> <span class='ocrx_word' id='word_1_469' title='bbox 604 4338 752 4410; x_wconf 90' lang='lat' dir='ltr'><strong>quod</strong></span> <span class='ocrx_word' id='word_1_470' title='bbox 781 4337 975 4410; x_wconf 70' lang='lat' dir='ltr'><strong>qua-rit</strong></span> <span class='ocrx_word' id='word_1_471' title='bbox 1004 4337 1264 4404; x_wconf 90' lang='lat' dir='ltr'><strong>inveniat,</strong></span> <span class='ocrx_word' id='word_1_472' title='bbox 1297 4345 1348 4392; x_wconf 92' lang='lat' dir='ltr'><strong>et</strong></span> <span class='ocrx_word' id='word_1_473' title='bbox 1391 4337 1460 4392; x_wconf 89' lang='lat' dir='ltr'><strong>ab</strong></span> <span class='ocrx_word' id='word_1_474' title='bbox 1509 4337 1827 4392; x_wconf 66' lang='lat' dir='ltr'><strong>hmreditate</strong></span> 
     </span>
    </p>
   </div>
   <div class='ocr_carea' id='block_1_63' title="bbox 225 4423 1644 4501">
    <p class='ocr_par' dir='ltr' id='par_1_63' title="bbox 225 4423 1644 4501">
     <span class='ocr_line' id='line_1_63' title="bbox 225 4423 1644 4501; baseline -0.003 -17"><span class='ocrx_word' id='word_1_475' title='bbox 225 4429 408 4501; x_wconf 80' lang='lat' dir='ltr'><strong>gregis</strong></span> <span class='ocrx_word' id='word_1_476' title='bbox 438 4427 497 4482; x_wconf 91' lang='lat' dir='ltr'><strong>in</strong></span> <span class='ocrx_word' id='word_1_477' title='bbox 525 4435 809 4499; x_wconf 90' lang='lat' dir='ltr'><strong>posterum</strong></span> <span class='ocrx_word' id='word_1_478' title='bbox 839 4427 1049 4482; x_wconf 90' lang='lat' dir='ltr'><strong>alienus</strong></span> <span class='ocrx_word' id='word_1_479' title='bbox 1103 4425 1316 4482; x_wconf 82' lang='lat' dir='ltr'><strong>existat.</strong></span> <span class='ocrx_word' id='word_1_480' title='bbox 1356 4446 1378 4476; x_wconf 72' lang='grc' dir='ltr'><strong>ι</strong></span> <span class='ocrx_word' id='word_1_481' title='bbox 1433 4423 1594 4497; x_wconf 85' lang='lat' dir='ltr'><strong>(Ibid.</strong></span> <span class='ocrx_word' id='word_1_482' title='bbox 1627 4469 1644 4492; x_wconf 91' lang='lat'><strong>,</strong></span> 
     </span>
    </p>
   </div>
   <div class='ocr_carea' id='block_1_64' title="bbox 228 4513 1826 4590">
    <p class='ocr_par' dir='ltr' id='par_1_64' title="bbox 228 4513 1826 4590">
     <span class='ocr_line' id='line_1_64' title="bbox 228 4513 1826 4590; baseline -0.001 -19"><span class='ocrx_word' id='word_1_483' title='bbox 228 4518 460 4590; x_wconf 86' lang='lat' dir='ltr'><strong>aliqua.)</strong></span> <span class='ocrx_word' id='word_1_484' title='bbox 501 4537 522 4568; x_wconf 79' lang='grc' dir='ltr'><strong>ι</strong></span> <span class='ocrx_word' id='word_1_485' title='bbox 547 4516 616 4571; x_wconf 88' lang='lat' dir='ltr'><strong>Et</strong></span> <span class='ocrx_word' id='word_1_486' title='bbox 634 4515 796 4588; x_wconf 90' lang='lat' dir='ltr'><strong>lupus</strong></span> <span class='ocrx_word' id='word_1_487' title='bbox 843 4515 985 4587; x_wconf 89' lang='lat' dir='ltr'><strong>rapit</strong></span> <span class='ocrx_word' id='word_1_488' title='bbox 1031 4523 1085 4572; x_wconf 92' lang='lat' dir='ltr'><strong>et</strong></span> <span class='ocrx_word' id='word_1_489' title='bbox 1127 4513 1395 4588; x_wconf 83' lang='lat' dir='ltr'><strong>dispergit</strong></span> <span class='ocrx_word' id='word_1_490' title='bbox 1449 4529 1604 4570; x_wconf 92' lang='lat' dir='ltr'><strong>oves.</strong></span> <span class='ocrx_word' id='word_1_491' title='bbox 1641 4514 1826 4585; x_wconf 91' lang='lat' dir='ltr'><strong>Lupus</strong></span> 
     </span>
    </p>
   </div>
   <div class='ocr_carea' id='block_1_65' title="bbox 228 4603 1828 4678">
    <p class='ocr_par' dir='ltr' id='par_1_65' title="bbox 228 4603 1828 4678">
     <span class='ocr_line' id='line_1_65' title="bbox 228 4603 1828 4678; baseline -0.001 -17"><span class='ocrx_word' id='word_1_492' title='bbox 228 4605 366 4661; x_wconf 86' lang='lat' dir='ltr'><strong>venit</strong></span> <span class='ocrx_word' id='word_1_493' title='bbox 395 4614 451 4662; x_wconf 90' lang='lat' dir='ltr'><strong>et</strong></span> <span class='ocrx_word' id='word_1_494' title='bbox 496 4604 872 4660; x_wconf 89' lang='lat' dir='ltr'><strong>mercenarius</strong></span> <span class='ocrx_word' id='word_1_495' title='bbox 913 4604 1070 4678; x_wconf 82' lang='lat' dir='ltr'><strong>fugit,</strong></span> <span class='ocrx_word' id='word_1_496' title='bbox 1121 4603 1245 4677; x_wconf 92' lang='lat' dir='ltr'><strong>quia</strong></span> <span class='ocrx_word' id='word_1_497' title='bbox 1288 4603 1563 4675; x_wconf 86' lang='lat' dir='ltr'><strong>malignus</strong></span> <span class='ocrx_word' id='word_1_498' title='bbox 1608 4603 1828 4674; x_wconf 91' lang='lat' dir='ltr'><strong>spiritus</strong></span> 
     </span>
    </p>
   </div>
   <div class='ocr_carea' id='block_1_66' title="bbox 231 4691 1827 4764">
    <p class='ocr_par' dir='ltr' id='par_1_66' title="bbox 231 4691 1827 4764">
     <span class='ocr_line' id='line_1_66' title="bbox 231 4691 1827 4764; baseline 0 -17"><span class='ocrx_word' id='word_1_499' title='bbox 231 4703 433 4750; x_wconf 87' lang='lat' dir='ltr'><strong>mentes</strong></span> <span class='ocrx_word' id='word_1_500' title='bbox 463 4692 710 4749; x_wconf 82' lang='lat' dir='ltr'><strong>fidelium</strong></span> <span class='ocrx_word' id='word_1_501' title='bbox 731 4693 788 4748; x_wconf 90' lang='lat' dir='ltr'><strong>in</strong></span> <span class='ocrx_word' id='word_1_502' title='bbox 819 4693 1114 4749; x_wconf 88' lang='lat' dir='ltr'><strong>tentatione</strong></span> <span class='ocrx_word' id='word_1_503' title='bbox 1143 4691 1373 4748; x_wconf 89' lang='lat' dir='ltr'><strong>dilaniat</strong></span> <span class='ocrx_word' id='word_1_504' title='bbox 1405 4734 1419 4760; x_wconf 94' lang='lat'><strong>,</strong></span> <span class='ocrx_word' id='word_1_505' title='bbox 1453 4700 1506 4748; x_wconf 91' lang='lat' dir='ltr'><strong>et</strong></span> <span class='ocrx_word' id='word_1_506' title='bbox 1525 4692 1572 4746; x_wconf 93' lang='lat' dir='ltr'>is</span> <span class='ocrx_word' id='word_1_507' title='bbox 1603 4691 1694 4764; x_wconf 91' lang='lat' dir='ltr'><strong>qui</strong></span> <span class='ocrx_word' id='word_1_508' title='bbox 1738 4691 1827 4748; x_wconf 89' lang='lat' dir='ltr'><strong>lo-</strong></span> 
     </span>
    </p>
   </div>
   <div class='ocr_carea' id='block_1_67' title="bbox 230 4781 1823 4856">
    <p class='ocr_par' dir='ltr' id='par_1_67' title="bbox 230 4781 1823 4856">
     <span class='ocr_line' id='line_1_67' title="bbox 230 4781 1823 4856; baseline -0.001 -19"><span class='ocrx_word' id='word_1_509' title='bbox 230 4797 343 4838; x_wconf 91' lang='lat' dir='ltr'><strong>cum</strong></span> <span class='ocrx_word' id='word_1_510' title='bbox 363 4782 608 4856; x_wconf 89' lang='lat' dir='ltr'><strong>pastoris</strong></span> <span class='ocrx_word' id='word_1_511' title='bbox 629 4790 793 4854; x_wconf 89' lang='lat' dir='ltr'><strong>tenet,</strong></span> <span class='ocrx_word' id='word_1_512' title='bbox 826 4797 1012 4839; x_wconf 87' lang='lat' dir='ltr'><strong>curam</strong></span> <span class='ocrx_word' id='word_1_513' title='bbox 1041 4781 1419 4838; x_wconf 86' lang='lat' dir='ltr'><strong>sollicitudinis</strong></span> <span class='ocrx_word' id='word_1_514' title='bbox 1465 4797 1574 4836; x_wconf 92' lang='lat' dir='ltr'><strong>non</strong></span> <span class='ocrx_word' id='word_1_515' title='bbox 1613 4781 1778 4837; x_wconf 90' lang='lat' dir='ltr'><strong>habet</strong></span> <span class='ocrx_word' id='word_1_516' title='bbox 1809 4800 1823 4836; x_wconf 89' lang='lat'><strong>:</strong></span> 
     </span>
    </p>
   </div>
   <div class='ocr_carea' id='block_1_68' title="bbox 232 4869 1826 4944">
    <p class='ocr_par' dir='ltr' id='par_1_68' title="bbox 232 4869 1826 4944">
     <span class='ocr_line' id='line_1_68' title="bbox 232 4869 1826 4944; baseline 0.001 -19"><span class='ocrx_word' id='word_1_517' title='bbox 232 4873 418 4930; x_wconf 66' lang='lat' dir='ltr'><strong>animm</strong></span> <span class='ocrx_word' id='word_1_518' title='bbox 459 4879 716 4944; x_wconf 88' lang='lat' dir='ltr'><strong>pereunt,</strong></span> <span class='ocrx_word' id='word_1_519' title='bbox 740 4870 929 4944; x_wconf 89' lang='lat' dir='ltr'><strong>etipse</strong></span> <span class='ocrx_word' id='word_1_520' title='bbox 963 4871 1032 4927; x_wconf 90' lang='lat' dir='ltr'><strong>de</strong></span> <span class='ocrx_word' id='word_1_521' title='bbox 1050 4871 1278 4928; x_wconf 89' lang='lat' dir='ltr'><strong>terrenis</strong></span> <span class='ocrx_word' id='word_1_522' title='bbox 1327 4870 1628 4927; x_wconf 92' lang='lat' dir='ltr'><strong>commodis</strong></span> <span class='ocrx_word' id='word_1_523' title='bbox 1675 4869 1826 4926; x_wconf 70' lang='lat' dir='ltr'><strong>laeta-</strong></span> 
     </span>
    </p>
   </div>
   <div class='ocr_carea' id='block_1_69' title="bbox 231 4957 1822 5032">
    <p class='ocr_par' dir='ltr' id='par_1_69' title="bbox 231 4957 1822 5032">
     <span class='ocr_line' id='line_1_69' title="bbox 231 4957 1822 5032; baseline 0.001 -20"><span class='ocrx_word' id='word_1_524' title='bbox 231 4966 312 5016; x_wconf 90' lang='lat' dir='ltr'><strong>tur</strong></span> <span class='ocrx_word' id='word_1_525' title='bbox 330 5003 344 5016; x_wconf 94' lang='lat'><strong>.</strong></span> <span class='ocrx_word' id='word_1_526' title='bbox 384 4983 408 5012; x_wconf 74' lang='grc' dir='ltr'><strong>ι</strong></span> <span class='ocrx_word' id='word_1_527' title='bbox 443 4961 603 5017; x_wconf 92' lang='lat' dir='ltr'><strong>Unde</strong></span> <span class='ocrx_word' id='word_1_528' title='bbox 633 4976 758 5032; x_wconf 79' lang='lat' dir='ltr'><strong>quia</strong></span> <span class='ocrx_word' id='word_1_529' title='bbox 787 4960 926 5016; x_wconf 85' lang='lat' dir='ltr'><strong>sicut</strong></span> <span class='ocrx_word' id='word_1_530' title='bbox 956 4960 1150 5015; x_wconf 90' lang='lat' dir='ltr'><strong>beatus</strong></span> <span class='ocrx_word' id='word_1_531' title='bbox 1179 4959 1308 5015; x_wconf 91' lang='lat' dir='ltr'><strong>dicit</strong></span> <span class='ocrx_word' id='word_1_532' title='bbox 1336 4957 1588 5014; x_wconf 82' lang='lat' dir='ltr'><strong>Gelasius</strong></span> <span class='ocrx_word' id='word_1_533' title='bbox 1636 4959 1822 5030; x_wconf 83' lang='lat' dir='ltr'><strong>(epist.</strong></span> 
     </span>
    </p>
   </div>
   <div class='ocr_carea' id='block_1_70' title="bbox 235 5047 1829 5122">
    <p class='ocr_par' dir='ltr' id='par_1_70' title="bbox 235 5047 1829 5122">
     <span class='ocr_line' id='line_1_70' title="bbox 235 5047 1829 5122; baseline 0.001 -20"><span class='ocrx_word' id='word_1_534' title='bbox 235 5052 310 5116; x_wconf 85' lang='grc'><strong>10,</strong></span> <span class='ocrx_word' id='word_1_535' title='bbox 343 5051 415 5107; x_wconf 87' lang='lat' dir='ltr'><strong>ad</strong></span> <span class='ocrx_word' id='word_1_536' title='bbox 443 5050 840 5122; x_wconf 80' lang='lat' dir='ltr'><strong>Anastasiu-m)</strong></span> <span class='ocrx_word' id='word_1_537' title='bbox 872 5069 889 5106; x_wconf 94' lang='lat'><strong><em>:</em></strong></span> <span class='ocrx_word' id='word_1_538' title='bbox 920 5050 1042 5105; x_wconf 93' lang='lat' dir='ltr'><strong>Duo</strong></span> <span class='ocrx_word' id='word_1_539' title='bbox 1073 5057 1198 5105; x_wconf 78' lang='lat' dir='ltr'><strong>sunt</strong></span> <span class='ocrx_word' id='word_1_540' title='bbox 1234 5047 1430 5122; x_wconf 91' lang='lat' dir='ltr'><strong>quibus</strong></span> <span class='ocrx_word' id='word_1_541' title='bbox 1459 5047 1829 5121; x_wconf 87' lang='lat' dir='ltr'><strong>principaliter</strong></span> 
     </span>
    </p>
   </div>
   <div class='ocr_carea' id='block_1_71' title="bbox 233 5137 1828 5212">
    <p class='ocr_par' dir='ltr' id='par_1_71' title="bbox 233 5137 1828 5212">
     <span class='ocr_line' id='line_1_71' title="bbox 233 5137 1828 5212; baseline 0 -20"><span class='ocrx_word' id='word_1_542' title='bbox 233 5139 458 5194; x_wconf 89' lang='lat' dir='ltr'><strong>mundus</strong></span> <span class='ocrx_word' id='word_1_543' title='bbox 477 5139 568 5195; x_wconf 86' lang='lat' dir='ltr'><strong>hic</strong></span> <span class='ocrx_word' id='word_1_544' title='bbox 590 5137 816 5212; x_wconf 86' lang='lat' dir='ltr'><strong>regitur,</strong></span> <span class='ocrx_word' id='word_1_545' title='bbox 865 5137 1158 5196; x_wconf 91' lang='lat' dir='ltr'><strong>auctoritas</strong></span> <span class='ocrx_word' id='word_1_546' title='bbox 1197 5151 1383 5194; x_wconf 90' lang='lat' dir='ltr'><strong>sacras</strong></span> <span class='ocrx_word' id='word_1_547' title='bbox 1431 5137 1747 5209; x_wconf 80' lang='lat' dir='ltr'><strong>pontificum</strong></span> <span class='ocrx_word' id='word_1_548' title='bbox 1775 5145 1828 5193; x_wconf 91' lang='lat' dir='ltr'><strong>et</strong></span> 
     </span>
    </p>
   </div>
   <div class='ocr_carea' id='block_1_72' title="bbox 237 5226 1826 5300">
    <p class='ocr_par' dir='ltr' id='par_1_72' title="bbox 237 5226 1826 5300">
     <span class='ocr_line' id='line_1_72' title="bbox 237 5226 1826 5300; baseline 0.001 -20"><span class='ocrx_word' id='word_1_549' title='bbox 237 5229 420 5299; x_wconf 82' lang='lat' dir='ltr'><strong>regalis</strong></span> <span class='ocrx_word' id='word_1_550' title='bbox 448 5235 717 5300; x_wconf 87' lang='lat' dir='ltr'><strong>potestas,</strong></span> <span class='ocrx_word' id='word_1_551' title='bbox 751 5227 1089 5300; x_wconf 89' lang='lat' dir='ltr'><strong>sequendum</strong></span> <span class='ocrx_word' id='word_1_552' title='bbox 1118 5235 1200 5283; x_wconf 91' lang='lat' dir='ltr'><strong>est</strong></span> <span class='ocrx_word' id='word_1_553' title='bbox 1225 5227 1472 5299; x_wconf 89' lang='lat' dir='ltr'><strong>episcOpi</strong></span> <span class='ocrx_word' id='word_1_554' title='bbox 1506 5242 1571 5283; x_wconf 90' lang='lat' dir='ltr'><strong>ac</strong></span> <span class='ocrx_word' id='word_1_555' title='bbox 1625 5226 1826 5298; x_wconf 78' lang='lat' dir='ltr'><strong>princi-</strong></span> 
     </span>
    </p>
   </div>
   <div class='ocr_carea' id='block_1_73' title="bbox 235 5314 1826 5388">
    <p class='ocr_par' dir='ltr' id='par_1_73' title="bbox 235 5314 1826 5388">
     <span class='ocr_line' id='line_1_73' title="bbox 235 5314 1826 5388; baseline 0.001 -18"><span class='ocrx_word' id='word_1_556' title='bbox 235 5316 385 5386; x_wconf 91' lang='lat' dir='ltr'><strong>pibus</strong></span> <span class='ocrx_word' id='word_1_557' title='bbox 416 5327 578 5374; x_wconf 73' lang='lat' dir='ltr'><strong>terrae</strong></span> <span class='ocrx_word' id='word_1_558' title='bbox 624 5316 926 5373; x_wconf 53' lang='lat' dir='ltr'><strong>consilium.</strong></span> <span class='ocrx_word' id='word_1_559' title='bbox 957 5316 1244 5383; x_wconf 91' lang='lat' dir='ltr'><strong>hortantis,</strong></span> <span class='ocrx_word' id='word_1_560' title='bbox 1295 5314 1404 5370; x_wconf 91' lang='lat' dir='ltr'><strong>imo</strong></span> <span class='ocrx_word' id='word_1_561' title='bbox 1458 5315 1826 5388; x_wconf 65' lang='lat' dir='ltr'><strong>praecipientis</strong></span> 
     </span>
    </p>
   </div>
   <div class='ocr_carea' id='block_1_74' title="bbox 237 5405 1824 5479">
    <p class='ocr_par' dir='ltr' id='par_1_74' title="bbox 237 5405 1824 5479">
     <span class='ocr_line' id='line_1_74' title="bbox 237 5405 1824 5479; baseline 0.002 -20"><span class='ocrx_word' id='word_1_562' title='bbox 237 5406 473 5477; x_wconf 79' lang='lat' dir='ltr'><strong>Apostoli</strong></span> <span class='ocrx_word' id='word_1_563' title='bbox 507 5424 522 5464; x_wconf 85' lang='lat'><strong>:</strong></span> <span class='ocrx_word' id='word_1_564' title='bbox 552 5409 757 5474; x_wconf 79' lang='lat' dir='ltr'><strong>Nolite,</strong></span> <span class='ocrx_word' id='word_1_565' title='bbox 793 5405 988 5479; x_wconf 92' lang='lat' dir='ltr'><strong>inquit,</strong></span> <span class='ocrx_word' id='word_1_566' title='bbox 1019 5407 1440 5465; x_wconf 80' lang='lat' dir='ltr'><strong>communicare</strong></span> <span class='ocrx_word' id='word_1_567' title='bbox 1461 5407 1717 5476; x_wconf 80' lang='lat' dir='ltr'><strong>operibus</strong></span> <span class='ocrx_word' id='word_1_568' title='bbox 1733 5407 1824 5462; x_wconf 81' lang='lat' dir='ltr'><strong>iu-</strong></span> 
     </span>
    </p>
   </div>
   <div class='ocr_carea' id='block_1_75' title="bbox 235 5494 1826 5570">
    <p class='ocr_par' dir='ltr' id='par_1_75' title="bbox 235 5494 1826 5570">
     <span class='ocr_line' id='line_1_75' title="bbox 235 5494 1826 5570; baseline -0.001 -16"><span class='ocrx_word' id='word_1_569' title='bbox 235 5496 538 5564; x_wconf 74' lang='lat' dir='ltr'><strong>lructuosis</strong></span> <span class='ocrx_word' id='word_1_570' title='bbox 570 5497 954 5570; x_wconf 83' lang='lat' dir='ltr'><strong>tenebrarum,</strong></span> <span class='ocrx_word' id='word_1_571' title='bbox 984 5498 1165 5570; x_wconf 70' lang='lat' dir='ltr'><strong>magis</strong></span> <span class='ocrx_word' id='word_1_572' title='bbox 1193 5499 1388 5554; x_wconf 86' lang='lat' dir='ltr'><strong>autem</strong></span> <span class='ocrx_word' id='word_1_573' title='bbox 1414 5497 1472 5552; x_wconf 87' lang='lat' dir='ltr'><strong>et</strong></span> <span class='ocrx_word' id='word_1_574' title='bbox 1501 5494 1826 5568; x_wconf 87' lang='lat' dir='ltr'><strong>redarguite</strong></span> 
     </span>
    </p>
   </div>
   <div class='ocr_carea' id='block_1_76' title="bbox 1928 1751 3533 1828">
    <p class='ocr_par' dir='ltr' id='par_1_76' title="bbox 1928 1751 3533 1828">
     <span class='ocr_line' id='line_1_76' title="bbox 1928 1751 3533 1828; baseline 0.007 -24"><span class='ocrx_word' id='word_1_575' title='bbox 1928 1759 2162 1823; x_wconf 88' lang='lat' dir='ltr'><strong>gnanter</strong></span> <span class='ocrx_word' id='word_1_576' title='bbox 2193 1768 2315 1808; x_wconf 92' lang='lat' dir='ltr'><strong>cum</strong></span> <span class='ocrx_word' id='word_1_577' title='bbox 2345 1751 2662 1809; x_wconf 76' lang='lat' dir='ltr'><strong>ditiinitione</strong></span> <span class='ocrx_word' id='word_1_578' title='bbox 2713 1755 3019 1811; x_wconf 90' lang='lat' dir='ltr'><strong>certissima</strong></span> <span class='ocrx_word' id='word_1_579' title='bbox 3047 1757 3312 1828; x_wconf 68' lang='lat' dir='ltr'><strong>praecipit,</strong></span> <span class='ocrx_word' id='word_1_580' title='bbox 3372 1757 3533 1815; x_wconf 90' lang='lat' dir='ltr'><strong>sicuti</strong></span> 
     </span>
    </p>
   </div>
   <div class='ocr_carea' id='block_1_77' title="bbox 1929 1839 3530 1914">
    <p class='ocr_par' dir='ltr' id='par_1_77' title="bbox 1929 1839 3530 1914">
     <span class='ocr_line' id='line_1_77' title="bbox 1929 1839 3530 1914; baseline 0.006 -20"><span class='ocrx_word' id='word_1_581' title='bbox 1929 1855 2026 1895; x_wconf 93' lang='lat' dir='ltr'><strong>suo</strong></span> <span class='ocrx_word' id='word_1_582' title='bbox 2056 1839 2176 1896; x_wconf 91' lang='lat' dir='ltr'><strong>loco</strong></span> <span class='ocrx_word' id='word_1_583' title='bbox 2207 1841 2443 1914; x_wconf 85' lang='lat' dir='ltr'><strong>diligens</strong></span> <span class='ocrx_word' id='word_1_584' title='bbox 2510 1841 2682 1899; x_wconf 90' lang='lat' dir='ltr'><strong>lector</strong></span> <span class='ocrx_word' id='word_1_585' title='bbox 2720 1843 2977 1900; x_wconf 90' lang='lat' dir='ltr'><strong>inveniet.</strong></span> <span class='ocrx_word' id='word_1_586' title='bbox 3027 1845 3097 1900; x_wconf 87' lang='lat' dir='ltr'><strong>Et</strong></span> <span class='ocrx_word' id='word_1_587' title='bbox 3152 1854 3366 1902; x_wconf 86' lang='lat' dir='ltr'><strong>constat</strong></span> <span class='ocrx_word' id='word_1_588' title='bbox 3407 1864 3530 1904; x_wconf 90' lang='lat' dir='ltr'><strong>esse</strong></span> 
     </span>
    </p>
   </div>
   <div class='ocr_carea' id='block_1_78' title="bbox 1927 1928 3530 2008">
    <p class='ocr_par' dir='ltr' id='par_1_78' title="bbox 1927 1928 3530 2008">
     <span class='ocr_line' id='line_1_78' title="bbox 1927 1928 3530 2008; baseline 0.005 -24"><span class='ocrx_word' id='word_1_589' title='bbox 1927 1928 2310 2000; x_wconf 88' lang='lat' dir='ltr'><strong>certissimum,</strong></span> <span class='ocrx_word' id='word_1_590' title='bbox 2345 1931 2474 2003; x_wconf 90' lang='lat' dir='ltr'><strong>quia</strong></span> <span class='ocrx_word' id='word_1_591' title='bbox 2516 1931 2617 1986; x_wconf 92' lang='lat' dir='ltr'><strong>iste</strong></span> <span class='ocrx_word' id='word_1_592' title='bbox 2661 1931 2936 1988; x_wconf 89' lang='lat' dir='ltr'><strong>civitatem</strong></span> <span class='ocrx_word' id='word_1_593' title='bbox 2983 1949 3158 2001; x_wconf 85' lang='lat' dir='ltr'><strong>suam,</strong></span> <span class='ocrx_word' id='word_1_594' title='bbox 3205 1934 3261 1989; x_wconf 89' lang='lat' dir='ltr'><strong>in</strong></span> <span class='ocrx_word' id='word_1_595' title='bbox 3291 1951 3399 2008; x_wconf 91' lang='lat' dir='ltr'><strong>qua</strong></span> <span class='ocrx_word' id='word_1_596' title='bbox 3437 1953 3530 1992; x_wconf 89' lang='lat' dir='ltr'><strong>re-</strong></span> 
     </span>
    </p>
   </div>
   <div class='ocr_carea' id='block_1_79' title="bbox 1927 2018 3528 2098">
    <p class='ocr_par' dir='ltr' id='par_1_79' title="bbox 1927 2018 3528 2098">
     <span class='ocr_line' id='line_1_79' title="bbox 1927 2018 3528 2098; baseline 0.006 -26"><span class='ocrx_word' id='word_1_597' title='bbox 1927 2025 2147 2073; x_wconf 88' lang='lat' dir='ltr'><strong>manent</strong></span> <span class='ocrx_word' id='word_1_598' title='bbox 2174 2018 2362 2090; x_wconf 91' lang='lat' dir='ltr'><strong>plures</strong></span> <span class='ocrx_word' id='word_1_599' title='bbox 2410 2021 2502 2091; x_wconf 92' lang='lat' dir='ltr'><strong>qui</strong></span> <span class='ocrx_word' id='word_1_600' title='bbox 2558 2020 2858 2092; x_wconf 86' lang='lat' dir='ltr'><strong>episcOpali</strong></span> <span class='ocrx_word' id='word_1_601' title='bbox 2904 2021 3206 2079; x_wconf 90' lang='lat' dir='ltr'><strong>ministerio</strong></span> <span class='ocrx_word' id='word_1_602' title='bbox 3261 2024 3528 2098; x_wconf 79' lang='lat' dir='ltr'><strong>indigent,</strong></span> 
     </span>
    </p>
   </div>
   <div class='ocr_carea' id='block_1_80' title="bbox 1927 2106 3532 2182">
    <p class='ocr_par' dir='ltr' id='par_1_80' title="bbox 1927 2106 3532 2182">
     <span class='ocr_line' id='line_1_80' title="bbox 1927 2106 3532 2182; baseline 0.007 -22"><span class='ocrx_word' id='word_1_603' title='bbox 1927 2123 2026 2178; x_wconf 90' lang='lat' dir='ltr'><strong>pro</strong></span> <span class='ocrx_word' id='word_1_604' title='bbox 2054 2106 2162 2163; x_wconf 89' lang='lat' dir='ltr'><strong>alia</strong></span> <span class='ocrx_word' id='word_1_605' title='bbox 2193 2107 2456 2179; x_wconf 91' lang='lat' dir='ltr'><strong>quietiore</strong></span> <span class='ocrx_word' id='word_1_606' title='bbox 2485 2125 2549 2166; x_wconf 93' lang='lat' dir='ltr'><strong>ac</strong></span> <span class='ocrx_word' id='word_1_607' title='bbox 2587 2107 2944 2182; x_wconf 85' lang='lat' dir='ltr'><strong>locupletiore</strong></span> <span class='ocrx_word' id='word_1_608' title='bbox 2991 2113 3294 2182; x_wconf 89' lang='lat' dir='ltr'><strong>mutaverii,</strong></span> <span class='ocrx_word' id='word_1_609' title='bbox 3354 2122 3407 2170; x_wconf 91' lang='lat' dir='ltr'><strong>et</strong></span> <span class='ocrx_word' id='word_1_610' title='bbox 3446 2115 3532 2170; x_wconf 89' lang='lat' dir='ltr'><strong>al-</strong></span> 
     </span>
    </p>
   </div>
   <div class='ocr_carea' id='block_1_81' title="bbox 1926 2196 3534 2276">
    <p class='ocr_par' dir='ltr' id='par_1_81' title="bbox 1926 2196 3534 2276">
     <span class='ocr_line' id='line_1_81' title="bbox 1926 2196 3534 2276; baseline 0.007 -27"><span class='ocrx_word' id='word_1_611' title='bbox 1926 2202 2100 2251; x_wconf 89' lang='lat' dir='ltr'><strong>terum</strong></span> <span class='ocrx_word' id='word_1_612' title='bbox 2127 2196 2250 2252; x_wconf 92' lang='lat' dir='ltr'><strong>loco</strong></span> <span class='ocrx_word' id='word_1_613' title='bbox 2281 2213 2380 2252; x_wconf 93' lang='lat' dir='ltr'><strong>suo</strong></span> <span class='ocrx_word' id='word_1_614' title='bbox 2411 2197 2656 2254; x_wconf 89' lang='lat' dir='ltr'><strong>ordinari</strong></span> <span class='ocrx_word' id='word_1_615' title='bbox 2682 2199 3009 2270; x_wconf 89' lang='lat' dir='ltr'><strong>permiserit,</strong></span> <span class='ocrx_word' id='word_1_616' title='bbox 3044 2201 3190 2273; x_wconf 91' lang='lat' dir='ltr'><strong>quia,</strong></span> <span class='ocrx_word' id='word_1_617' title='bbox 3250 2211 3310 2258; x_wconf 90' lang='lat' dir='ltr'><strong>ut</strong></span> <span class='ocrx_word' id='word_1_618' title='bbox 3367 2220 3534 2276; x_wconf 90' lang='lat' dir='ltr'><strong>supra</strong></span> 
     </span>
    </p>
   </div>
   <div class='ocr_carea' id='block_1_82' title="bbox 1927 2285 3532 2364">
    <p class='ocr_par' dir='ltr' id='par_1_82' title="bbox 1927 2285 3532 2364">
     <span class='ocr_line' id='line_1_82' title="bbox 1927 2285 3532 2364; baseline 0.007 -25"><span class='ocrx_word' id='word_1_619' title='bbox 1927 2285 2279 2356; x_wconf 90' lang='lat' dir='ltr'><strong>ostendimus,</strong></span> <span class='ocrx_word' id='word_1_620' title='bbox 2313 2287 2523 2342; x_wconf 86' lang='lat' dir='ltr'><strong>duabus</strong></span> <span class='ocrx_word' id='word_1_621' title='bbox 2552 2289 2980 2359; x_wconf 87' lang='lat' dir='ltr'><strong>metropolitanis</strong></span> <span class='ocrx_word' id='word_1_622' title='bbox 3023 2290 3327 2347; x_wconf 90' lang='lat' dir='ltr'><strong>civitatibus</strong></span> <span class='ocrx_word' id='word_1_623' title='bbox 3382 2310 3532 2364; x_wconf 73' lang='lat' dir='ltr'><strong>prse-</strong></span> 
     </span>
    </p>
   </div>
   <div class='ocr_carea' id='block_1_83' title="bbox 1927 2372 3530 2448">
    <p class='ocr_par' dir='ltr' id='par_1_83' title="bbox 1927 2372 3530 2448">
     <span class='ocr_line' id='line_1_83' title="bbox 1927 2372 3530 2448; baseline 0.007 -21"><span class='ocrx_word' id='word_1_624' title='bbox 1927 2372 2105 2429; x_wconf 89' lang='lat' dir='ltr'><strong>sidere</strong></span> <span class='ocrx_word' id='word_1_625' title='bbox 2126 2389 2235 2430; x_wconf 91' lang='lat' dir='ltr'><strong>non</strong></span> <span class='ocrx_word' id='word_1_626' title='bbox 2267 2383 2468 2446; x_wconf 85' lang='lat' dir='ltr'><strong>potest,</strong></span> <span class='ocrx_word' id='word_1_627' title='bbox 2517 2392 2626 2432; x_wconf 92' lang='lat' dir='ltr'><strong>non</strong></span> <span class='ocrx_word' id='word_1_628' title='bbox 2684 2393 2786 2448; x_wconf 91' lang='lat' dir='ltr'><strong>pro</strong></span> <span class='ocrx_word' id='word_1_629' title='bbox 2834 2378 3144 2434; x_wconf 90' lang='lat' dir='ltr'><strong>animarum</strong></span> <span class='ocrx_word' id='word_1_630' title='bbox 3197 2379 3372 2448; x_wconf 91' lang='lat' dir='ltr'><strong>lucro,</strong></span> <span class='ocrx_word' id='word_1_631' title='bbox 3432 2383 3530 2438; x_wconf 89' lang='lat' dir='ltr'><strong>sed</strong></span> 
     </span>
    </p>
   </div>
   <div class='ocr_carea' id='block_1_84' title="bbox 1925 2464 3528 2538">
    <p class='ocr_par' dir='ltr' id='par_1_84' title="bbox 1925 2464 3528 2538">
     <span class='ocr_line' id='line_1_84' title="bbox 1925 2464 3528 2538; baseline 0.007 -22"><span class='ocrx_word' id='word_1_632' title='bbox 1925 2477 2027 2532; x_wconf 90' lang='lat' dir='ltr'><strong>pro</strong></span> <span class='ocrx_word' id='word_1_633' title='bbox 2078 2464 2368 2534; x_wconf 89' lang='lat' dir='ltr'><strong>temporali</strong></span> <span class='ocrx_word' id='word_1_634' title='bbox 2413 2473 2709 2538; x_wconf 87' lang='lat' dir='ltr'><strong>augmento</strong></span> <span class='ocrx_word' id='word_1_635' title='bbox 2753 2483 2878 2522; x_wconf 89' lang='lat' dir='ltr'><strong>cum</strong></span> <span class='ocrx_word' id='word_1_636' title='bbox 2938 2467 3164 2538; x_wconf 84' lang='lat' dir='ltr'><strong>spiritali</strong></span> <span class='ocrx_word' id='word_1_637' title='bbox 3221 2485 3321 2525; x_wconf 91' lang='lat' dir='ltr'><strong>suo</strong></span> <span class='ocrx_word' id='word_1_638' title='bbox 3366 2471 3528 2526; x_wconf 89' lang='lat' dir='ltr'><strong>detri-</strong></span> 
     </span>
    </p>
   </div>
   <div class='ocr_carea' id='block_1_85' title="bbox 1923 2553 3530 2629">
    <p class='ocr_par' dir='ltr' id='par_1_85' title="bbox 1923 2553 3530 2629">
     <span class='ocr_line' id='line_1_85' title="bbox 1923 2553 3530 2629; baseline 0.007 -25"><span class='ocrx_word' id='word_1_639' title='bbox 1923 2559 2108 2607; x_wconf 90' lang='lat' dir='ltr'><strong>mento</strong></span> <span class='ocrx_word' id='word_1_640' title='bbox 2137 2553 2242 2608; x_wconf 92' lang='lat' dir='ltr'><strong>hoc</strong></span> <span class='ocrx_word' id='word_1_641' title='bbox 2269 2560 2416 2626; x_wconf 85' lang='lat' dir='ltr'><strong>agat,</strong></span> <span class='ocrx_word' id='word_1_642' title='bbox 2453 2555 2601 2624; x_wconf 91' lang='lat' dir='ltr'><strong>quia,</strong></span> <span class='ocrx_word' id='word_1_643' title='bbox 2633 2561 2691 2610; x_wconf 93' lang='lat' dir='ltr'><strong>ut</strong></span> <span class='ocrx_word' id='word_1_644' title='bbox 2720 2555 2829 2612; x_wconf 92' lang='lat' dir='ltr'><strong>Leo</strong></span> <span class='ocrx_word' id='word_1_645' title='bbox 2877 2555 3027 2622; x_wconf 91' lang='lat' dir='ltr'><strong>dicit,</strong></span> <span class='ocrx_word' id='word_1_646' title='bbox 3086 2573 3196 2613; x_wconf 92' lang='lat' dir='ltr'><strong>non</strong></span> <span class='ocrx_word' id='word_1_647' title='bbox 3249 2559 3530 2629; x_wconf 91' lang='lat' dir='ltr'><strong>putabitur</strong></span> 
     </span>
    </p>
   </div>
   <div class='ocr_carea' id='block_1_86' title="bbox 1924 2639 3532 2722">
    <p class='ocr_par' dir='ltr' id='par_1_86' title="bbox 1924 2639 3532 2722">
     <span class='ocr_line' id='line_1_86' title="bbox 1924 2639 3532 2722; baseline 0.007 -29"><span class='ocrx_word' id='word_1_648' title='bbox 1924 2639 2102 2696; x_wconf 89' lang='lat' dir='ltr'><strong>honor</strong></span> <span class='ocrx_word' id='word_1_649' title='bbox 2127 2639 2220 2696; x_wconf 89' lang='lat' dir='ltr'><strong>ille</strong></span> <span class='ocrx_word' id='word_1_650' title='bbox 2246 2641 2544 2714; x_wconf 89' lang='lat' dir='ltr'><strong>legitimus,</strong></span> <span class='ocrx_word' id='word_1_651' title='bbox 2579 2643 2671 2714; x_wconf 92' lang='lat' dir='ltr'><strong>qui</strong></span> <span class='ocrx_word' id='word_1_652' title='bbox 2703 2643 2866 2700; x_wconf 86' lang='lat' dir='ltr'><strong>fuerit</strong></span> <span class='ocrx_word' id='word_1_653' title='bbox 2895 2653 3085 2701; x_wconf 89' lang='lat' dir='ltr'><strong>contra</strong></span> <span class='ocrx_word' id='word_1_654' title='bbox 3136 2647 3333 2703; x_wconf 71' lang='lat' dir='ltr'><strong>divinae</strong></span> <span class='ocrx_word' id='word_1_655' title='bbox 3388 2648 3532 2722; x_wconf 84' lang='lat' dir='ltr'><strong>legis</strong></span> 
     </span>
    </p>
   </div>
   <div class='ocr_carea' id='block_1_87' title="bbox 1925 2730 3530 2800">
    <p class='ocr_par' dir='ltr' id='par_1_87' title="bbox 1925 2730 3530 2800">
     <span class='ocr_line' id='line_1_87' title="bbox 1925 2730 3530 2800; baseline 0.007 -18"><span class='ocrx_word' id='word_1_656' title='bbox 1925 2739 2201 2800; x_wconf 79' lang='lat' dir='ltr'><strong>praecepta</strong></span> <span class='ocrx_word' id='word_1_657' title='bbox 2231 2730 2480 2786; x_wconf 90' lang='lat' dir='ltr'><strong>collatus.</strong></span> <span class='ocrx_word' id='word_1_658' title='bbox 2501 2732 2764 2789; x_wconf 90' lang='lat' dir='ltr'><strong>Fautores</strong></span> <span class='ocrx_word' id='word_1_659' title='bbox 2784 2741 2965 2790; x_wconf 89' lang='lat' dir='ltr'><strong>autem</strong></span> <span class='ocrx_word' id='word_1_660' title='bbox 2977 2751 3042 2790; x_wconf 81' lang='lat' dir='ltr'><strong>ac</strong></span> <span class='ocrx_word' id='word_1_661' title='bbox 3065 2735 3406 2793; x_wconf 89' lang='lat' dir='ltr'><strong>ordinatores</strong></span> <span class='ocrx_word' id='word_1_662' title='bbox 3423 2739 3530 2794; x_wconf 88' lang='lat' dir='ltr'><strong>hu-</strong></span> 
     </span>
    </p>
   </div>
   <div class='ocr_carea' id='block_1_88' title="bbox 1919 2816 3530 2894">
    <p class='ocr_par' dir='ltr' id='par_1_88' title="bbox 1919 2816 3530 2894">
     <span class='ocr_line' id='line_1_88' title="bbox 1919 2816 3530 2894; baseline 0.007 -23"><span class='ocrx_word' id='word_1_663' title='bbox 1919 2816 2160 2885; x_wconf 91' lang='lat' dir='ltr'><strong>jusmodi</strong></span> <span class='ocrx_word' id='word_1_664' title='bbox 2192 2819 2366 2876; x_wconf 89' lang='lat' dir='ltr'><strong>sancti</strong></span> <span class='ocrx_word' id='word_1_665' title='bbox 2379 2835 2534 2892; x_wconf 66' lang='lat' dir='ltr'><strong>papae</strong></span> <span class='ocrx_word' id='word_1_666' title='bbox 2547 2821 2811 2892; x_wconf 91' lang='lat' dir='ltr'><strong>Simplicii</strong></span> <span class='ocrx_word' id='word_1_667' title='bbox 2831 2823 3077 2894; x_wconf 86' lang='lat' dir='ltr'><strong>percellit</strong></span> <span class='ocrx_word' id='word_1_668' title='bbox 3100 2825 3390 2881; x_wconf 88' lang='lat' dir='ltr'><strong>decretalis</strong></span> <span class='ocrx_word' id='word_1_669' title='bbox 3405 2843 3530 2883; x_wconf 86' lang='lat' dir='ltr'><strong>sen-</strong></span> 
     </span>
    </p>
   </div>
   <div class='ocr_carea' id='block_1_89' title="bbox 1926 2907 3532 2984">
    <p class='ocr_par' dir='ltr' id='par_1_89' title="bbox 1926 2907 3532 2984">
     <span class='ocr_line' id='line_1_89' title="bbox 1926 2907 3532 2984; baseline 0.008 -25"><span class='ocrx_word' id='word_1_670' title='bbox 1926 2907 2090 2962; x_wconf 90' lang='lat' dir='ltr'><strong>tentia</strong></span> <span class='ocrx_word' id='word_1_671' title='bbox 2147 2925 2250 2980; x_wconf 89' lang='lat' dir='ltr'><strong>qua</strong></span> <span class='ocrx_word' id='word_1_672' title='bbox 2305 2909 2454 2976; x_wconf 91' lang='lat' dir='ltr'><strong>dicit,</strong></span> <span class='ocrx_word' id='word_1_673' title='bbox 2525 2911 2897 2983; x_wconf 89' lang='lat' dir='ltr'><strong>Privilegium,</strong></span> <span class='ocrx_word' id='word_1_674' title='bbox 2966 2913 3244 2984; x_wconf 89' lang='lat' dir='ltr'><strong>inquiens,</strong></span> <span class='ocrx_word' id='word_1_675' title='bbox 3293 2923 3532 2974; x_wconf 87' lang='lat' dir='ltr'><strong>meretur</strong></span> 
     </span>
    </p>
   </div>
   <div class='ocr_carea' id='block_1_90' title="bbox 1926 2996 3531 3073">
    <p class='ocr_par' dir='ltr' id='par_1_90' title="bbox 1926 2996 3531 3073">
     <span class='ocr_line' id='line_1_90' title="bbox 1926 2996 3531 3073; baseline 0.009 -25"><span class='ocrx_word' id='word_1_676' title='bbox 1926 2996 2173 3053; x_wconf 89' lang='lat' dir='ltr'><strong>amittere</strong></span> <span class='ocrx_word' id='word_1_677' title='bbox 2205 2998 2299 3069; x_wconf 93' lang='lat' dir='ltr'><strong>qui</strong></span> <span class='ocrx_word' id='word_1_678' title='bbox 2326 2998 2598 3070; x_wconf 91' lang='lat' dir='ltr'><strong>permissa</strong></span> <span class='ocrx_word' id='word_1_679' title='bbox 2626 2999 2730 3055; x_wconf 93' lang='lat' dir='ltr'><strong>sibi</strong></span> <span class='ocrx_word' id='word_1_680' title='bbox 2775 3001 3016 3056; x_wconf 89' lang='lat' dir='ltr'><strong>abutitur</strong></span> <span class='ocrx_word' id='word_1_681' title='bbox 3062 3011 3349 3073; x_wconf 88' lang='lat' dir='ltr'><strong>potestate.</strong></span> <span class='ocrx_word' id='word_1_682' title='bbox 3401 3006 3531 3064; x_wconf 68' lang='lat' dir='ltr'><strong>Haec</strong></span> 
     </span>
    </p>
   </div>
   <div class='ocr_carea' id='block_1_91' title="bbox 1929 3091 3532 3161">
    <p class='ocr_par' dir='ltr' id='par_1_91' title="bbox 1929 3091 3532 3161">
     <span class='ocr_line' id='line_1_91' title="bbox 1929 3091 3532 3161; baseline 0.006 -23"><span class='ocrx_word' id='word_1_683' title='bbox 1929 3093 2186 3155; x_wconf 86' lang='lat' dir='ltr'><strong>quantum</strong></span> <span class='ocrx_word' id='word_1_684' title='bbox 2241 3101 2342 3157; x_wconf 91' lang='lat' dir='ltr'><strong>pro</strong></span> <span class='ocrx_word' id='word_1_685' title='bbox 2417 3095 2660 3158; x_wconf 91' lang='lat' dir='ltr'><strong>tempore</strong></span> <span class='ocrx_word' id='word_1_686' title='bbox 2709 3097 2762 3144; x_wconf 91' lang='lat' dir='ltr'><strong>et</strong></span> <span class='ocrx_word' id='word_1_687' title='bbox 2834 3091 3190 3161; x_wconf 88' lang='lat' dir='ltr'><strong>occupatione</strong></span> <span class='ocrx_word' id='word_1_688' title='bbox 3236 3092 3421 3160; x_wconf 90' lang='lat' dir='ltr'><strong>licuit,</strong></span> <span class='ocrx_word' id='word_1_689' title='bbox 3475 3101 3532 3150; x_wconf 89' lang='lat' dir='ltr'><strong>et</strong></span> 
     </span>
    </p>
   </div>
   <div class='ocr_carea' id='block_1_92' title="bbox 1927 3172 3530 3248">
    <p class='ocr_par' dir='ltr' id='par_1_92' title="bbox 1927 3172 3530 3248">
     <span class='ocr_line' id='line_1_92' title="bbox 1927 3172 3530 3248; baseline 0.007 -22"><span class='ocrx_word' id='word_1_690' title='bbox 1927 3172 2191 3229; x_wconf 90' lang='lat' dir='ltr'><strong>Dominus</strong></span> <span class='ocrx_word' id='word_1_691' title='bbox 2221 3176 2290 3230; x_wconf 91' lang='lat' dir='ltr'><strong>ad</strong></span> <span class='ocrx_word' id='word_1_692' title='bbox 2319 3183 2556 3232; x_wconf 91' lang='lat' dir='ltr'><strong>mentem</strong></span> <span class='ocrx_word' id='word_1_693' title='bbox 2586 3177 2718 3231; x_wconf 91' lang='lat' dir='ltr'><strong>mihi</strong></span> <span class='ocrx_word' id='word_1_694' title='bbox 2747 3177 2936 3233; x_wconf 88' lang='lat' dir='ltr'><strong>venire</strong></span> <span class='ocrx_word' id='word_1_695' title='bbox 2993 3180 3282 3248; x_wconf 73' lang='lat' dir='ltr'><strong>concessit,</strong></span> <span class='ocrx_word' id='word_1_696' title='bbox 3329 3181 3398 3237; x_wconf 91' lang='lat' dir='ltr'><strong>de</strong></span> <span class='ocrx_word' id='word_1_697' title='bbox 3444 3182 3530 3238; x_wconf 89' lang='lat' dir='ltr'><strong>his</strong></span> 
     </span>
    </p>
   </div>
   <div class='ocr_carea' id='block_1_93' title="bbox 1927 3256 3523 3342">
    <p class='ocr_par' dir='ltr' id='par_1_93' title="bbox 1927 3256 3523 3342">
     <span class='ocr_line' id='line_1_93' title="bbox 1927 3256 3523 3342; baseline 0.006 -25"><span class='ocrx_word' id='word_1_698' title='bbox 1927 3278 2048 3333; x_wconf 69' lang='lat' dir='ltr'><strong>qua:</strong></span> <span class='ocrx_word' id='word_1_699' title='bbox 2077 3262 2538 3337; x_wconf 82' lang='lat' dir='ltr'><strong>interrogaveras,</strong></span> <span class='ocrx_word' id='word_1_700' title='bbox 2567 3256 2760 3321; x_wconf 85' lang='lat' dir='ltr'><strong>Frater</strong></span> <span class='ocrx_word' id='word_1_701' title='bbox 2789 3266 3110 3323; x_wconf 87' lang='lat' dir='ltr'><strong>charissime</strong></span> <span class='ocrx_word' id='word_1_702' title='bbox 3141 3267 3238 3323; x_wconf 90' lang='lat' dir='ltr'><strong>tibi</strong></span> <span class='ocrx_word' id='word_1_703' title='bbox 3295 3285 3523 3342; x_wconf 87' lang='lat' dir='ltr'><strong>respon-</strong></span> 
     </span>
    </p>
   </div>
   <div class='ocr_carea' id='block_1_94' title="bbox 1927 3351 3532 3428">
    <p class='ocr_par' dir='ltr' id='par_1_94' title="bbox 1927 3351 3532 3428">
     <span class='ocr_line' id='line_1_94' title="bbox 1927 3351 3532 3428; baseline 0.007 -24"><span class='ocrx_word' id='word_1_704' title='bbox 1927 3351 2060 3407; x_wconf 90' lang='lat' dir='ltr'><strong>dere</strong></span> <span class='ocrx_word' id='word_1_705' title='bbox 2109 3353 2318 3409; x_wconf 85' lang='lat' dir='ltr'><strong>curavi.</strong></span> <span class='ocrx_word' id='word_1_706' title='bbox 2371 3351 2506 3423; x_wconf 76' lang='lat' dir='ltr'><strong>Qua:</strong></span> <span class='ocrx_word' id='word_1_707' title='bbox 2555 3354 2602 3409; x_wconf 93' lang='lat' dir='ltr'><strong>si</strong></span> <span class='ocrx_word' id='word_1_708' title='bbox 2653 3354 2909 3427; x_wconf 90' lang='lat' dir='ltr'><strong>cuiquam</strong></span> <span class='ocrx_word' id='word_1_709' title='bbox 2966 3356 3360 3428; x_wconf 87' lang='lat' dir='ltr'><strong>displicuerint,</strong></span> <span class='ocrx_word' id='word_1_710' title='bbox 3420 3375 3532 3416; x_wconf 91' lang='lat' dir='ltr'><strong>non</strong></span> 
     </span>
    </p>
   </div>
   <div class='ocr_carea' id='block_1_95' title="bbox 1928 3443 3531 3518">
    <p class='ocr_par' dir='ltr' id='par_1_95' title="bbox 1928 3443 3531 3518">
     <span class='ocr_line' id='line_1_95' title="bbox 1928 3443 3531 3518; baseline 0.007 -24"><span class='ocrx_word' id='word_1_711' title='bbox 1928 3447 2120 3495; x_wconf 89' lang='lat' dir='ltr'><strong>contra</strong></span> <span class='ocrx_word' id='word_1_712' title='bbox 2165 3457 2252 3497; x_wconf 90' lang='lat' dir='ltr'><strong>me</strong></span> <span class='ocrx_word' id='word_1_713' title='bbox 2306 3443 2404 3498; x_wconf 90' lang='lat' dir='ltr'><strong>sed</strong></span> <span class='ocrx_word' id='word_1_714' title='bbox 2463 3451 2654 3499; x_wconf 89' lang='lat' dir='ltr'><strong>contra</strong></span> <span class='ocrx_word' id='word_1_715' title='bbox 2709 3460 2768 3499; x_wconf 89' lang='lat' dir='ltr'><strong>se</strong></span> <span class='ocrx_word' id='word_1_716' title='bbox 2823 3444 3108 3516; x_wconf 88' lang='lat' dir='ltr'><strong>irascatur,</strong></span> <span class='ocrx_word' id='word_1_717' title='bbox 3157 3446 3286 3518; x_wconf 89' lang='lat' dir='ltr'><strong>quia</strong></span> <span class='ocrx_word' id='word_1_718' title='bbox 3341 3457 3531 3505; x_wconf 90' lang='lat' dir='ltr'><strong>contra</strong></span> 
     </span>
    </p>
   </div>
   <div class='ocr_carea' id='block_1_96' title="bbox 1927 3529 3526 3606">
    <p class='ocr_par' dir='ltr' id='par_1_96' title="bbox 1927 3529 3526 3606">
     <span class='ocr_line' id='line_1_96' title="bbox 1927 3529 3526 3606; baseline 0.006 -22"><span class='ocrx_word' id='word_1_719' title='bbox 1927 3529 2098 3584; x_wconf 88' lang='lat' dir='ltr'><strong>verba</strong></span> <span class='ocrx_word' id='word_1_720' title='bbox 2127 3530 2311 3587; x_wconf 89' lang='lat' dir='ltr'><strong>divina</strong></span> <span class='ocrx_word' id='word_1_721' title='bbox 2336 3530 2442 3586; x_wconf 89' lang='lat' dir='ltr'><strong>nisi</strong></span> <span class='ocrx_word' id='word_1_722' title='bbox 2470 3531 2526 3586; x_wconf 90' lang='lat' dir='ltr'><strong>in</strong></span> <span class='ocrx_word' id='word_1_723' title='bbox 2545 3532 2744 3587; x_wconf 89' lang='lat' dir='ltr'><strong>malum</strong></span> <span class='ocrx_word' id='word_1_724' title='bbox 2775 3549 2929 3588; x_wconf 93' lang='lat' dir='ltr'>suum</span> <span class='ocrx_word' id='word_1_725' title='bbox 2963 3533 3126 3591; x_wconf 88' lang='lat' dir='ltr'><strong>irasci</strong></span> <span class='ocrx_word' id='word_1_726' title='bbox 3154 3551 3264 3590; x_wconf 89' lang='lat' dir='ltr'><strong>non</strong></span> <span class='ocrx_word' id='word_1_727' title='bbox 3309 3537 3526 3606; x_wconf 88' lang='lat' dir='ltr'><strong>poterit.</strong></span> 
     </span>
    </p>
   </div>
   <div class='ocr_carea' id='block_1_97' title="bbox 1927 3617 3524 3692">
    <p class='ocr_par' dir='ltr' id='par_1_97' title="bbox 1927 3617 3524 3692">
     <span class='ocr_line' id='line_1_97' title="bbox 1927 3617 3524 3692; baseline 0.007 -21"><span class='ocrx_word' id='word_1_728' title='bbox 1927 3617 2070 3672; x_wconf 90' lang='lat' dir='ltr'><strong>Dum</strong></span> <span class='ocrx_word' id='word_1_729' title='bbox 2101 3635 2232 3692; x_wconf 83' lang='lat' dir='ltr'><strong>ergo</strong></span> <span class='ocrx_word' id='word_1_730' title='bbox 2263 3628 2345 3674; x_wconf 92' lang='lat' dir='ltr'><strong>est</strong></span> <span class='ocrx_word' id='word_1_731' title='bbox 2374 3619 2430 3674; x_wconf 91' lang='lat' dir='ltr'><strong>in</strong></span> <span class='ocrx_word' id='word_1_732' title='bbox 2465 3621 2574 3689; x_wconf 90' lang='lat' dir='ltr'><strong>via,</strong></span> <span class='ocrx_word' id='word_1_733' title='bbox 2607 3621 2663 3676; x_wconf 93' lang='lat' dir='ltr'><strong>id</strong></span> <span class='ocrx_word' id='word_1_734' title='bbox 2693 3629 2772 3676; x_wconf 91' lang='lat' dir='ltr'><strong>est</strong></span> <span class='ocrx_word' id='word_1_735' title='bbox 2815 3622 2872 3676; x_wconf 91' lang='lat' dir='ltr'><strong>in</strong></span> <span class='ocrx_word' id='word_1_736' title='bbox 2927 3623 3032 3679; x_wconf 90' lang='lat' dir='ltr'><strong>hac</strong></span> <span class='ocrx_word' id='word_1_737' title='bbox 3081 3622 3194 3679; x_wconf 90' lang='lat' dir='ltr'><strong>vita</strong></span> <span class='ocrx_word' id='word_1_738' title='bbox 3249 3627 3524 3682; x_wconf 91' lang='lat' dir='ltr'><strong>concorde</strong></span> 
     </span>
    </p>
   </div>
   <div class='ocr_carea' id='block_1_98' title="bbox 1927 3709 3526 3777">
    <p class='ocr_par' dir='ltr' id='par_1_98' title="bbox 1927 3709 3526 3777">
     <span class='ocr_line' id='line_1_98' title="bbox 1927 3709 3526 3777; baseline 0.005 -14"><span class='ocrx_word' id='word_1_739' title='bbox 1927 3722 2052 3763; x_wconf 91' lang='lat' dir='ltr'><strong>cum</strong></span> <span class='ocrx_word' id='word_1_740' title='bbox 2080 3709 2396 3764; x_wconf 88' lang='lat' dir='ltr'><strong>adversario</strong></span> <span class='ocrx_word' id='word_1_741' title='bbox 2426 3726 2525 3766; x_wconf 92' lang='lat' dir='ltr'><strong>suo</strong></span> <span class='ocrx_word' id='word_1_742' title='bbox 2555 3710 2682 3777; x_wconf 92' lang='lat' dir='ltr'><strong>cito,</strong></span> <span class='ocrx_word' id='word_1_743' title='bbox 2717 3727 2788 3766; x_wconf 91' lang='lat' dir='ltr'><strong>ne</strong></span> <span class='ocrx_word' id='word_1_744' title='bbox 2833 3710 2976 3766; x_wconf 86' lang='lat' dir='ltr'><strong>forte</strong></span> <span class='ocrx_word' id='word_1_745' title='bbox 3027 3713 3202 3768; x_wconf 87' lang='lat' dir='ltr'><strong>tradat</strong></span> <span class='ocrx_word' id='word_1_746' title='bbox 3248 3730 3375 3769; x_wconf 92' lang='lat' dir='ltr'><strong>eum</strong></span> <span class='ocrx_word' id='word_1_747' title='bbox 3421 3715 3526 3771; x_wconf 87' lang='lat' dir='ltr'><strong>ad—</strong></span> 
     </span>
    </p>
   </div>
   <div class='ocr_carea' id='block_1_99' title="bbox 1926 3797 3527 3873">
    <p class='ocr_par' dir='ltr' id='par_1_99' title="bbox 1926 3797 3527 3873">
     <span class='ocr_line' id='line_1_99' title="bbox 1926 3797 3527 3873; baseline 0.006 -21"><span class='ocrx_word' id='word_1_748' title='bbox 1926 3797 2198 3852; x_wconf 88' lang='lat' dir='ltr'><strong>versarius</strong></span> <span class='ocrx_word' id='word_1_749' title='bbox 2215 3815 2343 3854; x_wconf 91' lang='lat' dir='ltr'><strong>suus</strong></span> <span class='ocrx_word' id='word_1_750' title='bbox 2353 3798 2543 3868; x_wconf 89' lang='lat' dir='ltr'><strong>judici,</strong></span> <span class='ocrx_word' id='word_1_751' title='bbox 2567 3799 2795 3869; x_wconf 81' lang='lat' dir='ltr'><strong>etjudex</strong></span> <span class='ocrx_word' id='word_1_752' title='bbox 2815 3801 2990 3856; x_wconf 90' lang='lat' dir='ltr'><strong>tradat</strong></span> <span class='ocrx_word' id='word_1_753' title='bbox 3010 3817 3135 3857; x_wconf 92' lang='lat' dir='ltr'><strong>eum</strong></span> <span class='ocrx_word' id='word_1_754' title='bbox 3164 3803 3436 3873; x_wconf 91' lang='lat' dir='ltr'><strong>ministro,</strong></span> <span class='ocrx_word' id='word_1_755' title='bbox 3471 3814 3527 3862; x_wconf 92' lang='lat' dir='ltr'><strong>et</strong></span> 
     </span>
    </p>
   </div>
   <div class='ocr_carea' id='block_1_100' title="bbox 1925 3885 3530 3959">
    <p class='ocr_par' dir='ltr' id='par_1_100' title="bbox 1925 3885 3530 3959">
     <span class='ocr_line' id='line_1_100' title="bbox 1925 3885 3530 3959; baseline 0.007 -20"><span class='ocrx_word' id='word_1_756' title='bbox 1925 3885 2174 3944; x_wconf 90' lang='lat' dir='ltr'><strong>minister</strong></span> <span class='ocrx_word' id='word_1_757' title='bbox 2203 3887 2376 3942; x_wconf 90' lang='lat' dir='ltr'><strong>mittat</strong></span> <span class='ocrx_word' id='word_1_758' title='bbox 2405 3887 2554 3943; x_wconf 92' lang='lat' dir='ltr'><strong>illum</strong></span> <span class='ocrx_word' id='word_1_759' title='bbox 2582 3887 2638 3942; x_wconf 93' lang='lat' dir='ltr'><strong>in</strong></span> <span class='ocrx_word' id='word_1_760' title='bbox 2666 3903 2960 3958; x_wconf 90' lang='lat' dir='ltr'><strong>carcerem,</strong></span> <span class='ocrx_word' id='word_1_761' title='bbox 2991 3893 3186 3959; x_wconf 82' lang='lat' dir='ltr'><strong>Amen,</strong></span> <span class='ocrx_word' id='word_1_762' title='bbox 3234 3909 3346 3948; x_wconf 90' lang='lat' dir='ltr'><strong>non</strong></span> <span class='ocrx_word' id='word_1_763' title='bbox 3389 3895 3530 3951; x_wconf 89' lang='lat' dir='ltr'><strong>exiet</strong></span> 
     </span>
    </p>
   </div>
   <div class='ocr_carea' id='block_1_101' title="bbox 1925 3973 3530 4052">
    <p class='ocr_par' dir='ltr' id='par_1_101' title="bbox 1925 3973 3530 4052">
     <span class='ocr_line' id='line_1_101' title="bbox 1925 3973 3530 4052; baseline 0.009 -24"><span class='ocrx_word' id='word_1_764' title='bbox 1925 3973 2052 4030; x_wconf 91' lang='lat' dir='ltr'><strong>inde</strong></span> <span class='ocrx_word' id='word_1_765' title='bbox 2081 3977 2256 4032; x_wconf 87' lang='lat' dir='ltr'><strong>donec</strong></span> <span class='ocrx_word' id='word_1_766' title='bbox 2285 3977 2509 4032; x_wconf 89' lang='lat' dir='ltr'><strong>reddeto</strong></span> <span class='ocrx_word' id='word_1_767' title='bbox 2537 3977 2892 4034; x_wconf 89' lang='lat' dir='ltr'><strong>novissimum</strong></span> <span class='ocrx_word' id='word_1_768' title='bbox 2919 3980 3293 4052; x_wconf 88' lang='lat' dir='ltr'><strong>quadrantem.</strong></span> <span class='ocrx_word' id='word_1_769' title='bbox 3327 3983 3530 4042; x_wconf 90' lang='lat' dir='ltr'><strong>Notum</strong></span> 
     </span>
    </p>
   </div>
   <div class='ocr_carea' id='block_1_102' title="bbox 1926 4065 3527 4143">
    <p class='ocr_par' dir='ltr' id='par_1_102' title="bbox 1926 4065 3527 4143">
     <span class='ocr_line' id='line_1_102' title="bbox 1926 4065 3527 4143; baseline 0.008 -25"><span class='ocrx_word' id='word_1_770' title='bbox 1926 4071 2009 4118; x_wconf 90' lang='lat' dir='ltr'><strong>est</strong></span> <span class='ocrx_word' id='word_1_771' title='bbox 2039 4066 2126 4120; x_wconf 85' lang='lat' dir='ltr'><strong>vel</strong></span> <span class='ocrx_word' id='word_1_772' title='bbox 2155 4081 2320 4136; x_wconf 91' lang='lat' dir='ltr'><strong>parva</strong></span> <span class='ocrx_word' id='word_1_773' title='bbox 2349 4065 2417 4122; x_wconf 90' lang='lat' dir='ltr'><strong>de</strong></span> <span class='ocrx_word' id='word_1_774' title='bbox 2462 4067 2740 4137; x_wconf 86' lang='lat' dir='ltr'><strong>scripturis</strong></span> <span class='ocrx_word' id='word_1_775' title='bbox 2787 4067 3102 4141; x_wconf 91' lang='lat' dir='ltr'><strong>scientibus,</strong></span> <span class='ocrx_word' id='word_1_776' title='bbox 3165 4070 3294 4143; x_wconf 90' lang='lat' dir='ltr'><strong>quia</strong></span> <span class='ocrx_word' id='word_1_777' title='bbox 3329 4071 3385 4128; x_wconf 90' lang='lat' dir='ltr'><strong>in</strong></span> <span class='ocrx_word' id='word_1_778' title='bbox 3419 4078 3527 4135; x_wconf 89' lang='lat' dir='ltr'><strong>hoc</strong></span> 
     </span>
    </p>
   </div>
   <div class='ocr_carea' id='block_1_103' title="bbox 1925 4151 3524 4234">
    <p class='ocr_par' dir='ltr' id='par_1_103' title="bbox 1925 4151 3524 4234">
     <span class='ocr_line' id='line_1_103' title="bbox 1925 4151 3524 4234; baseline 0.011 -29"><span class='ocrx_word' id='word_1_779' title='bbox 1925 4151 2046 4208; x_wconf 91' lang='lat' dir='ltr'><strong>loco</strong></span> <span class='ocrx_word' id='word_1_780' title='bbox 2075 4153 2424 4208; x_wconf 89' lang='lat' dir='ltr'><strong>adversarius</strong></span> <span class='ocrx_word' id='word_1_781' title='bbox 2451 4162 2633 4210; x_wconf 90' lang='lat' dir='ltr'><strong>noster</strong></span> <span class='ocrx_word' id='word_1_782' title='bbox 2661 4155 2856 4210; x_wconf 91' lang='lat' dir='ltr'><strong>dicitur</strong></span> <span class='ocrx_word' id='word_1_783' title='bbox 2883 4173 3064 4213; x_wconf 91' lang='lat' dir='ltr'><strong>sermo</strong></span> <span class='ocrx_word' id='word_1_784' title='bbox 3095 4161 3214 4226; x_wconf 91' lang='lat' dir='ltr'><strong>Dei,</strong></span> <span class='ocrx_word' id='word_1_785' title='bbox 3267 4166 3524 4234; x_wconf 85' lang='lat' dir='ltr'><strong>quoniam</strong></span> 
     </span>
    </p>
   </div>
   <div class='ocr_carea' id='block_1_104' title="bbox 1920 4241 3521 4324">
    <p class='ocr_par' dir='ltr' id='par_1_104' title="bbox 1920 4241 3521 4324">
     <span class='ocr_line' id='line_1_104' title="bbox 1920 4241 3521 4324; baseline 0.011 -30"><span class='ocrx_word' id='word_1_786' title='bbox 1920 4241 2076 4310; x_wconf 88' lang='lat' dir='ltr'><strong>jubet</strong></span> <span class='ocrx_word' id='word_1_787' title='bbox 2101 4242 2372 4298; x_wconf 89' lang='lat' dir='ltr'><strong>contraria</strong></span> <span class='ocrx_word' id='word_1_788' title='bbox 2401 4243 2659 4314; x_wconf 91' lang='lat' dir='ltr'><strong>operibus</strong></span> <span class='ocrx_word' id='word_1_789' title='bbox 2688 4244 2889 4299; x_wconf 89' lang='lat' dir='ltr'><strong>nostris</strong></span> <span class='ocrx_word' id='word_1_790' title='bbox 2919 4246 3077 4301; x_wconf 87' lang='lat' dir='ltr'><strong>malis</strong></span> <span class='ocrx_word' id='word_1_791' title='bbox 3107 4265 3225 4320; x_wconf 64' lang='lat' dir='ltr'><strong>quae</strong></span> <span class='ocrx_word' id='word_1_792' title='bbox 3264 4251 3482 4324; x_wconf 88' lang='lat' dir='ltr'><strong>agimus</strong></span> <span class='ocrx_word' id='word_1_793' title='bbox 3506 4273 3521 4311; x_wconf 90' lang='lat'>:</span> 
     </span>
    </p>
   </div>
   <div class='ocr_carea' id='block_1_105' title="bbox 1927 4329 3526 4414">
    <p class='ocr_par' dir='ltr' id='par_1_105' title="bbox 1927 4329 3526 4414">
     <span class='ocr_line' id='line_1_105' title="bbox 1927 4329 3526 4414; baseline 0.009 -29"><span class='ocrx_word' id='word_1_794' title='bbox 1927 4329 2022 4385; x_wconf 90' lang='lat' dir='ltr'><strong>Cui</strong></span> <span class='ocrx_word' id='word_1_795' title='bbox 2051 4329 2097 4384; x_wconf 91' lang='lat' dir='ltr'><strong>si</strong></span> <span class='ocrx_word' id='word_1_796' title='bbox 2126 4347 2237 4386; x_wconf 92' lang='lat' dir='ltr'><strong>non</strong></span> <span class='ocrx_word' id='word_1_797' title='bbox 2265 4331 2801 4401; x_wconf 84' lang='lat' dir='ltr'><strong>concordaverimus,</strong></span> <span class='ocrx_word' id='word_1_798' title='bbox 2825 4333 2974 4402; x_wconf 90' lang='lat' dir='ltr'><strong>justo</strong></span> <span class='ocrx_word' id='word_1_799' title='bbox 3030 4336 3132 4392; x_wconf 93' lang='lat' dir='ltr'><strong>Dei</strong></span> <span class='ocrx_word' id='word_1_800' title='bbox 3175 4339 3381 4408; x_wconf 87' lang='lat' dir='ltr'><strong>judicio</strong></span> <span class='ocrx_word' id='word_1_801' title='bbox 3427 4359 3526 4414; x_wconf 91' lang='lat' dir='ltr'><strong>per</strong></span> 
     </span>
    </p>
   </div>
   <div class='ocr_carea' id='block_1_106' title="bbox 1705 4419 3522 4496">
    <p class='ocr_par' dir='ltr' id='par_1_106' title="bbox 1705 4419 3522 4496">
     <span class='ocr_line' id='line_1_106' title="bbox 1705 4419 3522 4496; baseline 0.009 -24"><span class='ocrx_word' id='word_1_802' title='bbox 1705 4429 1829 4496; x_wconf 68' lang='lat' dir='ltr'><strong>post</strong></span> <span class='ocrx_word' id='word_1_803' title='bbox 1857 4419 2235 4482; x_wconf 89' lang='lat' dir='ltr'><strong>Dministrum</strong></span> <span class='ocrx_word' id='word_1_804' title='bbox 2260 4421 2539 4476; x_wconf 88' lang='lat' dir='ltr'><strong>mittemur</strong></span> <span class='ocrx_word' id='word_1_805' title='bbox 2566 4421 2622 4477; x_wconf 93' lang='lat' dir='ltr'><strong>in</strong></span> <span class='ocrx_word' id='word_1_806' title='bbox 2660 4438 2958 4496; x_wconf 89' lang='lat' dir='ltr'><strong>carcerem,</strong></span> <span class='ocrx_word' id='word_1_807' title='bbox 3018 4433 3070 4482; x_wconf 92' lang='lat' dir='ltr'><strong>et</strong></span> <span class='ocrx_word' id='word_1_808' title='bbox 3123 4444 3235 4485; x_wconf 91' lang='lat' dir='ltr'><strong>non</strong></span> <span class='ocrx_word' id='word_1_809' title='bbox 3280 4431 3522 4489; x_wconf 82' lang='lat' dir='ltr'><strong>exiemus</strong></span> 
     </span>
    </p>
   </div>
   <div class='ocr_carea' id='block_1_107' title="bbox 1929 4507 3524 4588">
    <p class='ocr_par' dir='ltr' id='par_1_107' title="bbox 1929 4507 3524 4588">
     <span class='ocr_line' id='line_1_107' title="bbox 1929 4507 3524 4588; baseline 0.01 -26"><span class='ocrx_word' id='word_1_810' title='bbox 1929 4507 2076 4576; x_wconf 90' lang='lat' dir='ltr'><strong>inde,</strong></span> <span class='ocrx_word' id='word_1_811' title='bbox 2109 4509 2286 4568; x_wconf 91' lang='lat' dir='ltr'><strong>donec</strong></span> <span class='ocrx_word' id='word_1_812' title='bbox 2317 4511 2612 4568; x_wconf 87' lang='lat' dir='ltr'><strong>reddamus</strong></span> <span class='ocrx_word' id='word_1_813' title='bbox 2639 4511 2993 4570; x_wconf 87' lang='lat' dir='ltr'><strong>novissimum</strong></span> <span class='ocrx_word' id='word_1_814' title='bbox 3040 4517 3417 4588; x_wconf 88' lang='lat' dir='ltr'><strong>quadrantem,</strong></span> <span class='ocrx_word' id='word_1_815' title='bbox 3468 4521 3524 4577; x_wconf 92' lang='lat' dir='ltr'><strong>id</strong></span> 
     </span>
    </p>
   </div>
   <div class='ocr_carea' id='block_1_108' title="bbox 1929 4599 3123 4675">
    <p class='ocr_par' dir='ltr' id='par_1_108' title="bbox 1929 4599 3123 4675">
     <span class='ocr_line' id='line_1_108' title="bbox 1929 4599 3123 4675; baseline 0.006 -21"><span class='ocrx_word' id='word_1_816' title='bbox 1929 4605 2032 4667; x_wconf 87' lang='lat' dir='ltr'><strong>est,</strong></span> <span class='ocrx_word' id='word_1_817' title='bbox 2065 4599 2410 4656; x_wconf 87' lang='lat' dir='ltr'><strong>exsolvamus</strong></span> <span class='ocrx_word' id='word_1_818' title='bbox 2429 4609 2484 4656; x_wconf 93' lang='lat' dir='ltr'><strong>et</strong></span> <span class='ocrx_word' id='word_1_819' title='bbox 2511 4601 2795 4658; x_wconf 90' lang='lat' dir='ltr'><strong>minimum</strong></span> <span class='ocrx_word' id='word_1_820' title='bbox 2822 4612 3123 4675; x_wconf 89' lang='lat' dir='ltr'><strong>peccatum.</strong></span> 
     </span>
    </p>
   </div>
   <div class='ocr_carea' id='block_1_109' title="bbox 2422 4700 3026 4758">
    <p class='ocr_par' dir='ltr' id='par_1_109' title="bbox 2422 4700 3026 4758">
     <span class='ocr_line' id='line_1_109' title="bbox 2422 4700 3026 4758; baseline 0.003 -2"><span class='ocrx_word' id='word_1_821' title='bbox 2422 4700 2766 4758; x_wconf 86' lang='lat' dir='ltr'><strong>EPISTOLA</strong></span> <span class='ocrx_word' id='word_1_822' title='bbox 2793 4701 3026 4758; x_wconf 84' lang='lat' dir='ltr'><strong>XXXII.</strong></span> 
     </span>
    </p>
   </div>
   <div class='ocr_carea' id='block_1_110' title="bbox 2433 4805 3023 4857">
    <p class='ocr_par' dir='ltr' id='par_1_110' title="bbox 2433 4805 3023 4857">
     <span class='ocr_line' id='line_1_110' title="bbox 2433 4805 3023 4857; baseline 0.005 -13"><span class='ocrx_word' id='word_1_823' title='bbox 2433 4805 2506 4844; x_wconf 80' lang='lat' dir='ltr'><strong>AD</strong></span> <span class='ocrx_word' id='word_1_824' title='bbox 2533 4805 2792 4847; x_wconf 73' lang='lat' dir='ltr'><strong>JOANNEM</strong></span> <span class='ocrx_word' id='word_1_825' title='bbox 2819 4806 3023 4857; x_wconf 72' lang='lat' dir='ltr'><strong>PAPAM,</strong></span> 
     </span>
    </p>
   </div>
   <div class='ocr_carea' id='block_1_111' title="bbox 2177 4865 3148 4952">
    <p class='ocr_par' dir='ltr' id='par_1_111' title="bbox 2177 4865 3148 4952">
     <span class='ocr_line' id='line_1_111' title="bbox 2177 4865 3148 4952; baseline 0.008 -20"><span class='ocrx_word' id='word_1_826' title='bbox 2177 4865 2184 4880; x_wconf 90' lang='grc'><strong>’</strong></span> <span class='ocrx_word' id='word_1_827' title='bbox 2249 4878 2429 4935; x_wconf 90' lang='lat' dir='ltr'><strong>Caroli</strong></span> <span class='ocrx_word' id='word_1_828' title='bbox 2459 4873 2509 4936; x_wconf 86' lang='grc' dir='ltr'><strong>ΙΙ</strong></span> <span class='ocrx_word' id='word_1_829' title='bbox 2538 4879 2880 4952; x_wconf 87' lang='lat' dir='ltr'><strong>imperatoris</strong></span> <span class='ocrx_word' id='word_1_830' title='bbox 2910 4879 3148 4940; x_wconf 90' lang='lat' dir='ltr'><strong>nomine.</strong></span> 
     </span>
    </p>
   </div>
   <div class='ocr_carea' id='block_1_112' title="bbox 1927 4975 3526 5062">
    <p class='ocr_par' dir='ltr' id='par_1_112' title="bbox 1927 4975 3526 5062">
     <span class='ocr_line' id='line_1_112' title="bbox 1927 4975 3526 5062; baseline 0.011 -33"><span class='ocrx_word' id='word_1_831' title='bbox 1927 4975 2004 5030; x_wconf 89' lang='lat' dir='ltr'><strong>De</strong></span> <span class='ocrx_word' id='word_1_832' title='bbox 2025 4975 2264 5046; x_wconf 77' lang='lat' dir='ltr'><strong>judiciis</strong></span> <span class='ocrx_word' id='word_1_833' title='bbox 2289 4981 2346 5033; x_wconf 88' lang='lat' dir='ltr'><strong>et</strong></span> <span class='ocrx_word' id='word_1_834' title='bbox 2372 4978 2847 5062; x_wconf 70' lang='lat' dir='ltr'><strong>appellationibus</strong></span> <span class='ocrx_word' id='word_1_835' title='bbox 2875 4981 3264 5056; x_wconf 78' lang='lat' dir='ltr'><strong>episcoporum</strong></span> <span class='ocrx_word' id='word_1_836' title='bbox 3291 4989 3351 5043; x_wconf 83' lang='lat' dir='ltr'><strong>et</strong></span> <span class='ocrx_word' id='word_1_837' title='bbox 3388 5004 3526 5062; x_wconf 86' lang='lat' dir='ltr'><strong>pre-</strong></span> 
     </span>
    </p>
   </div>
   <div class='ocr_carea' id='block_1_113' title="bbox 2513 5051 2883 5122">
    <p class='ocr_par' dir='ltr' id='par_1_113' title="bbox 2513 5051 2883 5122">
     <span class='ocr_line' id='line_1_113' title="bbox 2513 5051 2883 5122; baseline 0.005 -18"><span class='ocrx_word' id='word_1_838' title='bbox 2513 5051 2883 5122; x_wconf 81' lang='lat' dir='ltr'><strong>sbyterorum.</strong></span> 
     </span>
    </p>
   </div>
   <div class='ocr_carea' id='block_1_114' title="bbox 1979 5143 3456 5214">
    <p class='ocr_par' dir='ltr' id='par_1_114' title="bbox 1979 5143 3456 5214">
     <span class='ocr_line' id='line_1_114' title="bbox 1979 5143 3456 5214; baseline 0.01 -26"><span class='ocrx_word' id='word_1_839' title='bbox 1979 5143 2139 5199; x_wconf 82' lang='lat' dir='ltr'><strong>(Apud</strong></span> <span class='ocrx_word' id='word_1_840' title='bbox 2161 5145 2412 5198; x_wconf 90' lang='lat' dir='ltr'><strong>eumdem,</strong></span> <span class='ocrx_word' id='word_1_841' title='bbox 2439 5155 2500 5191; x_wconf 86' lang='lat' dir='ltr'><strong>ex</strong></span> <span class='ocrx_word' id='word_1_842' title='bbox 2521 5144 2745 5192; x_wconf 78' lang='lat' dir='ltr'><strong>editione</strong></span> <span class='ocrx_word' id='word_1_843' title='bbox 2773 5149 3072 5204; x_wconf 72' lang='lat' dir='ltr'><strong>Moguntina</strong></span> <span class='ocrx_word' id='word_1_844' title='bbox 3091 5153 3232 5200; x_wconf 83' lang='lat' dir='ltr'><strong>Joan.</strong></span> <span class='ocrx_word' id='word_1_845' title='bbox 3264 5155 3456 5214; x_wconf 66' lang='lat' dir='ltr'><strong>Busol.)</strong></span> 
     </span>
    </p>
   </div>
   <div class='ocr_carea' id='block_1_115' title="bbox 1999 5229 3526 5298">
    <p class='ocr_par' dir='ltr' id='par_1_115' title="bbox 1999 5229 3526 5298">
     <span class='ocr_line' id='line_1_115' title="bbox 1999 5229 3526 5298; baseline 0.009 -14"><span class='ocrx_word' id='word_1_846' title='bbox 1999 5229 2352 5286; x_wconf 89' lang='lat' dir='ltr'><strong>Sanctissimo</strong></span> <span class='ocrx_word' id='word_1_847' title='bbox 2447 5246 2510 5286; x_wconf 89' lang='lat' dir='ltr'><strong>ac</strong></span> <span class='ocrx_word' id='word_1_848' title='bbox 2587 5233 3030 5292; x_wconf 89' lang='lat' dir='ltr'><strong>reverentissimo</strong></span> <span class='ocrx_word' id='word_1_849' title='bbox 3114 5238 3262 5295; x_wconf 91' lang='lat' dir='ltr'><strong>Patri</strong></span> <span class='ocrx_word' id='word_1_850' title='bbox 3323 5255 3526 5298; x_wconf 72' lang='lat' dir='ltr'><strong>10mm</strong></span> 
     </span>
    </p>
   </div>
   <div class='ocr_carea' id='block_1_116' title="bbox 1927 5317 3526 5398">
    <p class='ocr_par' dir='ltr' id='par_1_116' title="bbox 1927 5317 3526 5398">
     <span class='ocr_line' id='line_1_116' title="bbox 1927 5317 3526 5398; baseline 0.011 -28"><span class='ocrx_word' id='word_1_851' title='bbox 1927 5332 2140 5374; x_wconf 91' lang='lat' dir='ltr'><strong>summo</strong></span> <span class='ocrx_word' id='word_1_852' title='bbox 2195 5317 2435 5390; x_wconf 85' lang='lat' dir='ltr'><strong>pontiﬁci</strong></span> <span class='ocrx_word' id='word_1_853' title='bbox 2489 5327 2543 5375; x_wconf 90' lang='lat' dir='ltr'><strong>et</strong></span> <span class='ocrx_word' id='word_1_854' title='bbox 2623 5321 2918 5381; x_wconf 91' lang='lat' dir='ltr'><strong>universali</strong></span> <span class='ocrx_word' id='word_1_855' title='bbox 3007 5342 3164 5398; x_wconf 62' lang='lat' dir='ltr'><strong>papa;</strong></span> <span class='ocrx_word' id='word_1_856' title='bbox 3187 5371 3201 5394; x_wconf 91' lang='lat'><strong>,</strong></span> <span class='ocrx_word' id='word_1_857' title='bbox 3270 5329 3526 5388; x_wconf 64' lang='lat' dir='ltr'><strong>Canows</strong></span> 
     </span>
    </p>
   </div>
   <div class='ocr_carea' id='block_1_117' title="bbox 1925 5405 3526 5489">
    <p class='ocr_par' dir='ltr' id='par_1_117' title="bbox 1925 5405 3526 5489">
     <span class='ocr_line' id='line_1_117' title="bbox 1925 5405 3526 5489; baseline 0.011 -30"><span class='ocrx_word' id='word_1_858' title='bbox 1925 5405 2103 5478; x_wconf 86' lang='lat' dir='ltr'><strong>gratia</strong></span> <span class='ocrx_word' id='word_1_859' title='bbox 2150 5407 2250 5463; x_wconf 90' lang='lat' dir='ltr'><strong>Dei</strong></span> <span class='ocrx_word' id='word_1_860' title='bbox 2299 5407 2597 5481; x_wconf 89' lang='lat' dir='ltr'><strong>imperator</strong></span> <span class='ocrx_word' id='word_1_861' title='bbox 2643 5413 2922 5488; x_wconf 84' lang='lat' dir='ltr'><strong>Augustus</strong></span> <span class='ocrx_word' id='word_1_862' title='bbox 2965 5430 3033 5473; x_wconf 93' lang='lat' dir='ltr'><strong>ac</strong></span> <span class='ocrx_word' id='word_1_863' title='bbox 3079 5417 3342 5489; x_wconf 86' lang='lat' dir='ltr'><strong>spiritalis</strong></span> <span class='ocrx_word' id='word_1_864' title='bbox 3380 5419 3526 5477; x_wconf 88' lang='lat' dir='ltr'><strong>ﬁlius</strong></span> 
     </span>
    </p>
   </div>
   <div class='ocr_carea' id='block_1_118' title="bbox 1924 5503 2124 5553">
    <p class='ocr_par' dir='ltr' id='par_1_118' title="bbox 1924 5503 2124 5553">
     <span class='ocr_line' id='line_1_118' title="bbox 1924 5503 2124 5553; baseline 0.005 -2"><span class='ocrx_word' id='word_1_865' title='bbox 1924 5503 2124 5553; x_wconf 87' lang='lat' dir='ltr'><strong>vester.</strong></span> 
     </span>
    </p>
   </div>
  </div>
