4072 6298
517 217 618 271 231

1483 208 1827 266 HINCMARI
1853 205 2252 266 RHEMENSIS
2279 206 2828 264 ARCHIEPISCOPI.

3711 211 3828 266 232

617 338 660 392 Ι.
718 337 1020 407 Antequam
1080 331 1383 406 provinciae
1438 333 1823 406 Transalpinas,
1891 335 2186 405 propterA
2214 333 2494 406 religionis
2525 334 2754 404 sumpsit
2782 331 3010 399 initium,
3045 339 3100 388 et
3129 330 3370 403 quotidie
3419 331 3620 405 gratias
3676 333 3824 401 Deo,

521 425 812 483 seditiones
833 433 888 480 et
917 425 1056 480 bella
1085 422 1406 495 frequentia,
1439 423 1846 494 progenitorum
1891 431 2114 479 nostro-

522 531 643 570 rum
700 514 1056 586 temporibus,
1106 525 1388 570 sacrarum
1443 512 1630 584 legum
1684 529 1747 570 ac
1798 513 2116 586 regularum

519 603 762 659 notitiam
817 611 871 658 et
924 601 1360 658 observationem
1404 601 1566 672 plene
1623 609 1910 672 caperent,
1976 601 2116 658 sicut

516 699 704 765 poster
728 709 826 764 per
851 693 1187 748 incrementa
1216 690 1391 746 studio
1436 691 1650 745 illorum
1679 690 1748 744 ab
1801 705 1867 746 ac
1925 698 2116 746 sancta

521 782 653 837 sede
684 781 862 854 gratia
891 781 992 836 Dei
1021 787 1302 851 ceperunt,
1362 779 1619 852 gloriosae
1671 778 1950 834 memoriae
1979 795 2115 834 avus

517 878 706 927 noster
730 870 956 926 Carolus
986 869 1284 940 imperator
1309 869 1604 940 Augustus,
1654 869 1748 923 diu
1803 884 1904 939 per
1960 883 2116 939 egre-

519 959 642 1031 gios
671 974 735 1015 ac
761 959 1054 1030 praecipuas
1083 956 1414 1013 auctoritatis
1444 964 1496 1012 et
1527 956 1806 1027 sapientiae
1841 955 2006 1022 viros,
2047 955 2116 1010 de

519 1047 854 1120 presbyteris
899 1063 967 1103 ex
1022 1045 1339 1103 criminibus
1395 1043 1706 1111 diffamatis,
1769 1045 2001 1118 qualiter
2021 1045 2116 1114 ju-

517 1135 687 1194 dicari
717 1136 806 1192 vel
833 1151 1068 1208 purgare
1099 1151 1156 1190 se
1188 1134 1417 1190 debeant
1447 1133 1760 1206 perquisivi,
1794 1141 1846 1188 et
1891 1133 2112 1204 reperit.

521 1226 663 1282 sicut
687 1226 742 1280 in
773 1241 884 1280 suae
912 1223 1207 1294 imperialis
1248 1222 1584 1278 auctoritatis
1641 1222 1851 1288 edictis,
1911 1239 2032 1294 quae
2060 1222 2116 1276 in

517 1315 621 1390 alia
667 1313 923 1370 schedula
978 1312 1240 1367 habemus
1295 1311 1530 1383 scripta,
1587 1311 1822 1382 posteris
1851 1311 2118 1366 servanda

517 1403 752 1476 reliquit,
787 1417 1017 1473 qumque
1046 1417 1218 1472 usque
1245 1401 1318 1456 ad
1347 1409 1533 1456 nostra
1570 1409 1814 1471 tempora
1866 1416 1934 1456 ex
1989 1407 2118 1456 tunc

517 1492 573 1546 in
602 1489 965 1560 Transalpinis
1011 1489 1327 1562 regionibus
1375 1497 1612 1556 servata,
1643 1496 1696 1545 et
1751 1489 1967 1560 quando
2013 1505 2116 1544 ne-

515 1581 741 1639 cessitas
761 1578 1056 1652 postulavit
1077 1586 1337 1634 exsecuta
1361 1577 1597 1634 fuerunt.

2215 422 2377 477 sumit
2407 429 2778 494 augmentum,
2811 429 2864 477 et
2893 421 2939 476 si
2970 421 3100 494 quid
3138 421 3280 476 male
3335 421 3391 476 in
3440 436 3574 494 agro
3620 421 3824 478 Domi-

2221 511 2345 568 nico
2372 511 2616 583 pullulat,
2645 510 2850 568 decreti
2880 510 3046 567 vestri
3076 509 3209 566 false
3238 510 3532 566 recidatur.
3568 509 3625 567 Si
3654 509 3826 566 etiam

2217 615 2661 672 quorumcunque
2715 599 3067 673 negligentia,
3135 599 3222 656 vel
3304 598 3730 670 praesumptione
3789 615 3829 654 a

2214 689 2525 760 praestitutis
2551 688 2757 762 regulis
2787 696 2869 743 est
2897 689 3218 756 discessum,
3265 695 3463 746 vestra:
3508 688 3826 744 auctorita-

2215 777 2286 833 tis
2305 777 2573 834 industria
2602 778 2670 832 sit
2699 777 3067 833 reformatum.

2286 867 2376 922 IV.
2411 867 2561 923 Sicut
2610 867 2709 922 Dei
2757 867 2930 923 virtus
2976 865 3226 922 Christus
3265 873 3318 922 et
3371 865 3473 922 Dei
3530 865 3822 938 sapientia,

2216 962 2465 1018 ordinem
2493 979 2556 1018 ac
2583 963 2905 1036 dignitatem
2938 962 3308 1034 apostolorum
3365 969 3418 1017 et
3473 962 3824 1034 septuaginta

2216 1051 2608 1123 discipulorum
2635 1053 2690 1106 in
2720 1052 2898 1108 carnis
2927 1052 3218 1124 praesentia
3245 1050 3504 1118 distinxit,
3553 1059 3611 1106 ut
3657 1051 3824 1107 lectio

2217 1141 2386 1196 sancti
2413 1140 2701 1214 Evangelii
2729 1149 2978 1212 patenter
3033 1139 3268 1198 ostendit
3301 1157 3314 1196 :
3346 1140 3419 1195 ita
3476 1139 3624 1195 idem
3676 1139 3820 1212 ipse,

2215 1246 2314 1302 per
2333 1247 2494 1302 quem
2525 1245 2688 1302 reges
2717 1237 2964 1303 regnant,
2999 1237 3052 1286 et
3081 1229 3393 1285 conditores
3437 1229 3622 1300 legum
3673 1229 3826 1298 justa

2217 1320 2540 1390 decernunt,
2591 1319 2759 1376 sacris
2799 1319 3014 1391 legibus
3057 1326 3110 1374 et
3135 1318 3450 1385 canonibus,
3485 1317 3681 1389 spiritu
3719 1333 3826 1374 suo

2217 1407 2491 1475 conditis,
2551 1416 2602 1466 et
2648 1408 2810 1464 totius
2856 1408 3045 1464 mundi
3097 1407 3404 1464 reverentia
3456 1407 3822 1475 consecratis,

2217 1497 2468 1554 ordinem
2498 1504 2550 1554 et
2577 1497 2896 1570 dignitatem
2953 1496 3355 1568 episcoporum,
3415 1497 3506 1569 qui
3549 1497 3734 1553 locum
3768 1496 3827 1550 in

2217 1585 2467 1642 Ecclesia
2495 1593 2680 1642 tenent
2707 1585 3098 1657 apostolorum,
3141 1595 3193 1640 et
3230 1585 3693 1659 presbyterorum,
3729 1584 3826 1658 qui

590 1672 658 1726 II.
718 1671 777 1724 In
821 1667 1017 1723 diebus
1075 1675 1256 1722 autem
1285 1667 1492 1722 domini
1521 1674 1575 1722 et
1602 1665 1864 1740 genitoris
1917 1665 2117 1722 nostris
2144 1693 2196 1754 Β
2219 1675 2586 1746 subrogantur
2641 1674 2764 1730 loco
2823 1675 3164 1746 septuaginta
3219 1673 3636 1746 discipulorum,
3681 1681 3736 1730 et
3767 1673 3826 1729 in

516 1761 620 1832 piae
647 1757 924 1814 memoriae
971 1755 1233 1812 Ludovici
1280 1755 1646 1827 imperatoris,
1695 1771 1819 1812 cum
1855 1754 1977 1826 ipsa
2030 1763 2117 1812 te-

516 1848 666 1921 pesci
722 1844 998 1902 exsecutio
1045 1845 1388 1916 aliquatenus
1435 1844 1637 1915 coepit;
1710 1844 1849 1915 apud
1920 1859 2114 1916 papam

516 1935 826 2010 Eugenium
855 1933 983 1989 inde
1013 1933 1082 1988 ab
1109 1948 1175 1989 eo
1205 1933 1557 1990 commonitio
1587 1931 1730 1988 facta
1758 1940 1858 1987 est.
1897 1931 2018 2001 Qua
2047 1933 2116 1988 de

519 2043 580 2082 re
639 2024 906 2096 synodum
961 2021 1159 2078 iisdem
1229 2021 1554 2078 universalis
1606 2036 1746 2092 papa
1785 2036 2112 2089 convocans,

515 2115 654 2170 inter
681 2113 791 2170 alia
819 2110 1100 2184 generalia
1127 2111 1348 2168 decreta
1363 2110 1711 2182 promulgare
1746 2110 1971 2177 curavit,
1995 2126 2116 2182 que

523 2205 632 2260 Leo
663 2202 732 2258 IV
761 2209 1009 2273 tempore
1038 2199 1224 2255 fratris
1270 2199 1440 2256 nostri
1489 2198 1742 2268 Lotharii,
1794 2207 1847 2254 et
1902 2199 2116 2270 nepotis

517 2292 689 2349 nostri
714 2289 994 2356 Ludovici,
1043 2289 1387 2345 observanda
1444 2287 1703 2358 decrevit,
1765 2287 1904 2344 sicut
1927 2288 1984 2343 in
2013 2304 2116 2362 ge-

519 2383 629 2438 stis
645 2377 1017 2452 synodalibus,
1051 2386 1102 2433 et
1129 2377 1184 2432 in
1211 2379 1373 2448 hujus
1401 2385 1604 2434 sanctae
1631 2377 1889 2434 Romanae
1916 2377 2115 2434 Eccle-

517 2471 612 2530 sia:
638 2469 860 2526 archiva
916 2466 1108 2522 haberi
1165 2467 1436 2523 credimus
1459 2509 1472 2534 ,
1536 2474 1589 2522 et
1643 2465 1712 2521 ab
1769 2467 1875 2522 hac
1931 2474 2117 2522 sancta

516 2561 646 2618 sede
693 2558 892 2614 nostris
933 2555 1316 2612 decessoribus
1369 2555 1580 2612 directa
1636 2554 1934 2612 venerabili
1981 2571 2114 2611 san-

516 2659 694 2716 ctione
732 2656 1016 2711 habemus.
1064 2654 1200 2709 Cum
1247 2661 1428 2708 autem
1471 2669 1581 2708 non
1637 2652 1801 2726 longe
1859 2661 1986 2708 ante
2013 2653 2114 2708 hos

513 2762 685 2803 annos
738 2760 910 2816 nepos
982 2750 1170 2798 noster
1225 2741 1529 2798 Ludovicus
1596 2739 1758 2796 Italiae
1823 2740 2116 2813 imperator

515 2835 775 2891 instinctu
851 2831 1217 2905 quorumdam
1283 2838 1468 2886 contra
1523 2845 1624 2884 nos
1676 2846 1735 2886 se
1786 2830 2110 2897 commovit,

514 2924 698 2979 missae
728 2929 851 2977 sunt
879 2919 1036 2976 nobis
1066 2917 1312 2990 epistola:
1341 2918 1495 2990 quasi
1525 2935 1591 2974 ex
1614 2918 1927 2990 apostolica:
1954 2919 2112 2988 hujus

2217 1763 2682 1820 administratione
2739 1771 2791 1818 et
2840 1763 2896 1818 in
2941 1764 3168 1833 honore,
3233 1764 3371 1820 sicut
3418 1771 3472 1818 et
3521 1763 3575 1820 in
3632 1763 3826 1819 Veteri

2215 1853 2560 1908 Testamento
2589 1851 2732 1908 inter
2759 1867 3002 1908 summos
3029 1850 3315 1925 pontiﬁces
3349 1859 3402 1908 et
3422 1851 3562 1908 inter
3582 1851 3820 1910 minoris

2216 1942 2424 1997 ordinis
2451 1941 2768 1998 sacerdotes
2794 1941 3070 1998 discrevit.
3101 1941 3447 2013 Quapropter
3477 1941 3543 1996 ab
3560 1940 3822 1997 omnibus

2215 2030 2518 2086 honorandi
2565 2045 2629 2086 ac
2685 2031 2984 2088 venerandi
3037 2039 3164 2086 sunt
3235 2047 3337 2102 pro
3397 2030 3640 2101 patribus
3698 2030 3818 2086 nati

2215 2117 2332 2186 ﬁlii,
2363 2117 2419 2174 id
2450 2127 2532 2175 est
2556 2134 2658 2191 pro
2687 2119 2950 2190 apostolis
2998 2118 3228 2174 ordinati
3269 2117 3531 2190 episcopi,
3583 2126 3635 2174 et
3663 2117 3821 2174 ordi-

2215 2207 2300 2262 nis
2349 2207 2632 2280 dignitate,
2693 2217 2743 2264 et
2787 2207 2932 2262 illius
2978 2209 3208 2274 honore,
3269 2208 3360 2280 qui
3416 2207 3497 2263 eis
3552 2206 3821 2279 apostolis

2214 2295 2347 2352 dixit
2377 2315 2390 2350 :
2422 2299 2548 2354 Jam
2576 2313 2690 2352 non
2720 2297 2906 2352 dicam
2934 2314 3024 2354 vos
3053 2314 3257 2366 servos,
3293 2298 3388 2352 sed
3415 2299 3624 2353 amicos
3662 2313 3821 2353 meos

2215 2385 2398 2458 (Joan.
2431 2401 2529 2452 xv,
2565 2387 2694 2457 45);
2724 2393 2778 2442 et
2811 2403 2823 2440 :
2857 2387 2963 2453 Qui
2989 2403 3082 2442 vos
3107 2385 3268 2443 audit
3309 2401 3399 2441 me
3441 2386 3622 2454 audit,
3646 2389 3706 2442 et
3720 2387 3824 2458 qui

2216 2491 2308 2530 vos
2339 2475 2559 2548 spernit
2586 2491 2676 2530 me
2704 2477 2926 2548 spernit
2953 2474 3110 2547 (Luc.
3148 2491 3202 2542 χ,
3239 2474 3328 2545 16)
3346 2495 3365 2543 ;
3397 2482 3451 2531 et
3479 2475 3548 2530 de
3577 2474 3659 2530 eis
3684 2490 3696 2529 :
3730 2475 3820 2530 Ite

2212 2565 2482 2620 nuntiate
2510 2565 2786 2636 fratribus
2812 2564 2954 2620 meis
2983 2565 3202 2635 tMatth.
3224 2578 3430 2631 xxvm,
3455 2564 3562 2635 10).
3593 2564 3661 2619 Et
3681 2563 3816 2629 alia,

2214 2669 2336 2724 quae
2363 2653 2431 2708 de
2459 2652 2675 2710 illorum
2701 2653 3015 2710 veneranda
3043 2652 3400 2710 honoratione
3431 2667 3604 2710 sacra:
3660 2651 3815 2708 Scri-

2212 2749 2388 2814 pturae
2413 2749 2590 2798 textus
2619 2741 2907 2814 eloquitur.

2319 2832 2383 2886 ν.
2418 2829 2525 2899 Qui
2552 2829 2692 2887 forte
2723 2831 2769 2886 si
2812 2830 2978 2902 aliqui
3029 2830 3418 2902 temporalibus
3466 2829 3632 2888 rebus
3688 2837 3821 2885 sunt

2210 2934 2500 2992 pauperes,
2534 2927 2588 2976 et
2609 2919 2749 2976 forte
2773 2921 2967 2977 merito
3011 2919 3226 2988 divites,
3274 2936 3376 2992 pro
3424 2927 3574 2976 certo
3630 2926 3819 2975 autem

513 3012 660 3069 sedis
702 3009 1018 3067 auctoritate
1046 3023 1113 3064 ac
1158 3006 1395 3074 nomine,
1417 3022 1554 3079 quas
1583 3006 1788 3062 tenoris
1845 3007 2110 3064 inconve-
2133 3058 2179 3082 η
2211 3016 2333 3064 sunt
2360 3008 2548 3064 ordine
2579 3023 2737 3064 sacro
2793 3008 3070 3076 sublimes,
3105 3025 3139 3065 a
3183 3009 3333 3066 nullo
3382 3009 3642 3082 quolibet,
3698 3008 3821 3065 sive

512 3101 713 3158 nientia
741 3101 881 3156 hanc
909 3105 1152 3156 sanctam
1183 3103 1236 3152 et
1265 3095 1714 3152 discretissimam
1757 3097 1945 3154 sedem
2001 3113 2112 3152 non

509 3190 728 3247 misisse
747 3187 1000 3246 ostendit.

583 3281 678 3335 III.
710 3279 780 3334 Et
809 3277 1067 3349 quoniam
1097 3275 1282 3347 pravis
1311 3275 1510 3347 saepius
1537 3290 1709 3348 prava
1741 3292 1900 3348 quam
1958 3283 2112 3330 recta

507 3366 776 3426 innotesci
803 3366 997 3436 solent,
1029 3373 1152 3420 nata
1184 3365 1309 3420 hinc
1347 3364 1656 3432 occasione,
1717 3363 2108 3434 Transalpina-

509 3474 632 3513 rum
661 3455 946 3530 regionum
973 3453 1298 3526 presbyteri,
1329 3469 1364 3509 a
1392 3453 1506 3509 suis
1537 3452 1808 3524 episcopis
1839 3453 1907 3508 de
1949 3453 2110 3508 certis

509 3545 828 3604 criminibus
858 3543 1187 3616 regulariter
1212 3543 1281 3597 ab
1309 3542 1502 3598 ordine
1531 3541 1853 3598 sacerdotali
1889 3541 2104 3610 dejecti,

508 3645 561 3692 et
598 3634 930 3707 poenitentia:
979 3631 1205 3701 subacti,
1256 3631 1374 3686 sine
1415 3629 1632 3686 licentia
1675 3638 1727 3687 et
1775 3629 2108 3686 conscientia

506 3724 798 3797 primatum
829 3729 881 3776 et
924 3721 1304 3792 episcoporum
1361 3735 1601 3785 suorum,
1660 3719 1766 3774 huc
1812 3718 2020 3786 venire,
2055 3726 2110 3775 et

505 3813 633 3868 hinc
663 3811 937 3884 epistolas,
961 3826 1082 3883 quae
1095 3809 1305 3882 regulis
1325 3824 1434 3863 non
1451 3807 1881 3872 convenierunt,’
1901 3806 2105 3864 referre

504 3908 802 3973 cmperunt.
849 3898 997 3968 Quas
1043 3915 1153 3954 non
1201 3898 1448 3968 jussione
1505 3895 1821 3968 apostolica,
1881 3896 1998 3964 sed,
2048 3903 2108 3952 ut

504 3991 706 4048 assolet
727 3989 890 4045 etiam
939 3989 994 4043 in
1039 3987 1336 4060 republica,
1387 3993 1614 4056 propter
1667 3984 1983 4057 multiplicia
2013 4002 2103 4042 re-

503 4081 861 4138 clamatorum
909 4077 1148 4152 negotia,
1203 4090 1652 4147 quorumcunque
1733 4074 2102 4130 ministrorum

503 4170 657 4245 quasi
687 4169 778 4241 pia
805 4166 1158 4224 miseratione
1186 4163 1378 4231 factas,
1413 4171 1468 4220 et
1514 4180 1615 4220 nos
1664 4163 1808 4220 illius
1862 4164 2102 4237 regionis

498 4268 689 4333 putant
721 4257 984 4330 episcopi.
1018 4254 1367 4326 Quapropter
1395 4253 1537 4326 quia,
1571 4262 1628 4310 ut
1658 4263 1879 4310 sanctus
1910 4257 2100 4328 Augu-

501 4351 677 4405 stinus
688 4348 1018 4420 dicit(epist.
1034 4348 1122 4413 50,
1139 4343 1210 4398 ad
1221 4344 1577 4415 Bonifacium
1589 4343 2102 4416 comitem),cogunt

2131 3058 2182 3122 Ο

2211 3097 2598 3167 ecclesiastica,
2634 3097 2748 3154 sive
2776 3096 3023 3154 saeculari
3053 3105 3318 3169 potestate
3335 3098 3580 3169 praedito,
3605 3097 3817 3154 debent

2211 3185 2486 3258 vilipendi,
2520 3203 2623 3242 nec
2658 3187 2971 3258 potentibus
3025 3187 3210 3243 szeculi
3263 3186 3425 3242 modo
3483 3202 3816 3260 quocunque

2207 3274 2480 3347 postponi,
2532 3275 2889 3348 praecipiente
2943 3275 3196 3332 omnibus
3249 3274 3499 3347 apostolo
3552 3276 3763 3332 Jacobo
3800 3292 3815 3330 :

2209 3365 2392 3421 Nolite
2401 3367 2463 3420 in
2471 3380 2847 3438 personarum
2858 3367 3183 3436 acceptione
3196 3366 3396 3422 habere
3405 3365 3573 3435 ﬁdem
3584 3365 3819 3422 Domini

2209 3453 2393 3510 nostri
2419 3455 2580 3510 Iesus
2613 3455 2822 3510 Christi
2849 3455 3028 3526 gloria
3066 3455 3204 3524 (Jac.
3238 3469 3296 3520 tt,
3335 3455 3406 3524 1),
3442 3449 3569 3526 quia
3587 3467 3698 3510 non
3715 3453 3813 3526 qui

2207 3541 2427 3598 ditiores
2456 3543 2526 3598 ad
2554 3543 2832 3613 saeculum,
2865 3543 2919 3596 hi
2949 3543 3006 3598 in
3034 3542 3218 3598 divino
3249 3541 3494 3598 examine
3523 3549 3649 3600 sunt
3685 3558 3816 3599 me-

2207 3629 2394 3688 liores.
2427 3633 2640 3698 Nonne,
2673 3631 2866 3704 inquit,
2901 3633 3048 3687 Deus
3070 3633 3244 3704 elegit
3267 3647 3540 3702 pauperes
3584 3633 3647 3687 in
3707 3633 3811 3688 hoc

2205 3720 2436 3787 mundo,
2471 3721 2670 3777 divites
2691 3722 2756 3776 in
2783 3721 2908 3790 ﬁde,
2944 3725 3000 3776 et
3030 3721 3274 3778 hceredes
3303 3721 3484 3793 regni,
3517 3720 3659 3794 quod
3689 3735 3820 3790 pro-

2205 3811 2367 3866 misit
2393 3809 2755 3882 diligentibus
2785 3815 2886 3866 se?
2907 3810 3059 3878 (ibid.
3077 3853 3092 3876 ,
3139 3809 3214 3881 ὃ),
3265 3817 3318 3865 et
3363 3808 3562 3865 Paulus
3594 3826 3608 3864 :
3638 3810 3812 3881 Igno-

2204 3901 2341 3957 bilia
2371 3903 2427 3955 et
2453 3900 2902 3972 contemptibilia
2915 3899 3116 3956 mundi
3145 3901 3312 3971 elegit
3323 3901 3552 3970 Deus,et
3569 3896 3810 3970 reliqua.

2204 3990 2258 4059 (Ι
2283 3990 2402 4045 Cor.
2437 4003 2475 4054 ι,
2506 3990 2628 4059 28.)
2651 3989 2718 4042 Et
2745 3995 2961 4044 sanctus
3003 3987 3308 4061 Gregorius
3363 3987 3419 4042 in
3477 3986 3707 4058 epistola
3739 3987 3815 4042 ad

2202 4077 2522 4134 Mauricium
2548 4077 2930 4148 imperatorem
2958 4077 3078 4149 (lib.
3111 4092 3187 4144 1v,
3217 4079 3382 4150 epist.
3416 4079 3506 4147 3t)
3542 4095 3556 4132 :
3629 4097 3652 4128 ε
3709 4075 3818 4132 Sa-

2197 4166 2510 4224 cerdotibus
2533 4210 2547 4232 ,
2579 4166 2770 4239 inquit,
2802 4183 2913 4222 non
2943 4183 3010 4222 ex
3042 4173 3264 4222 terrena
3299 4172 3568 4238 potestate
3616 4164 3814 4221 Domi-

2201 4273 2304 4314 nus
2331 4263 2521 4312 noster
2548 4255 2706 4313 citius
2735 4255 3072 4328 indignetur,
3121 4255 3221 4311 sed
3268 4254 3556 4312 excellenti
3615 4253 3813 4311 consi-

2202 4346 2501 4416 deratione,
2559 4352 2780 4418 propter
2831 4360 2956 4402 cum
3013 4344 3128 4414 ejus
3179 4343 3326 4400 servi
3381 4351 3535 4410 sunt,
3597 4343 3679 4398 eis
3737 4343 3812 4398 ita

502 4438 702 4494 multas
726 4436 976 4493 invenire
1029 4431 1332 4489 medicinas
1384 4431 1680 4487 multorum
1735 4433 2105 4503 experimenta
2131 4423 2184 4483 D
2205 4435 2526 4501 dominetur,
2559 4435 2798 4491 utetiam
2827 4433 3066 4490 debitam
3097 4432 3458 4488 reverentiam
3504 4432 3811 4504 impendat.

503 4527 840 4594 morborum,
873 4521 1198 4580 intermissis
1227 4528 1452 4592 propter
1504 4519 1864 4592 proxilitatem
1920 4535 2106 4576 sacra-

503 4631 687 4672 rarum
726 4616 912 4688 legum
961 4610 1214 4684 capitulis
1269 4609 1739 4681 praedecessorum
1794 4617 2106 4664 nostrorum

503 4705 915 4776 imperatorum,
965 4701 1162 4774 quibus
1219 4697 1602 4755 ecclesiasticae
1648 4697 1856 4772 regulae
1903 4713 2105 4753 conso-

503 4801 652 4858 nant,
711 4791 1086 4850 necessarium
1148 4789 1399 4845 duximus
1451 4787 1689 4860 pandere
1746 4785 2106 4843 sanctissimae

502 4889 698 4939 vestrae
726 4879 1054 4952 paternitati,
1088 4894 1152 4936 ac
1202 4893 1427 4936 summa:
1486 4874 1811 4942 auctoritati,
1870 4874 2106 4948 qualiter

501 4969 721 5044 regulas
750 4969 819 5024 de
847 4970 1054 5025 honore
1081 4969 1138 5023 in
1168 4985 1266 5024 suo
1294 4975 1436 5022 statu
1465 4965 1867 5038 episcoporum,
1928 4971 1981 5020 et
2036 4965 2106 5021 de

501 5059 828 5132 apellatione
851 5102 866 5125 ,
926 5057 974 5112 si
1037 5057 1336 5113 necessitas
1390 5063 1443 5112 et
1499 5054 1636 5110 ratio
1689 5053 1745 5108 in
1803 5053 2103 5123 dejectione

499 5149 721 5204 illorum
762 5145 1088 5219 poposcerit,
1141 5147 1239 5202 sed
1282 5153 1334 5202 et
1380 5146 1448 5201 de
1495 5141 1818 5216 apellatione
1865 5143 2102 5216 presby-

502 5245 744 5294 terorum
772 5235 1144 5308 intelligimus,
1177 5243 1229 5290 et
1259 5233 1490 5308 intelligi
1521 5250 1552 5288 a
1576 5232 1879 5288 rectoribus
1907 5233 2104 5288 Trans-

505 5327 808 5398 alpinarum
877 5324 1249 5380 Ecclesiarum
1308 5323 1596 5379 didicimus
1646 5342 1664 5378 :
1713 5329 1978 5394 quatenus
2034 5323 2101 5377 ab

501 5416 666 5487 hujus
694 5421 896 5471 sanetae
921 5413 1069 5469 sedis
1097 5413 1417 5470 auctoritate
1447 5419 1628 5467 nostra
1659 5427 1809 5480 sana,
1866 5419 1924 5467 ut
1973 5426 2100 5469 cre-

503 5505 702 5576 dimus,
760 5503 1117 5578 intelligentia
1171 5501 1518 5561 confirmetur
1540 5543 1554 5572 ,
1612 5518 1642 5557 a
1701 5518 1806 5574 qua
1857 5500 1987 5560 ﬁdei
2037 5517 2101 5560 ac

2203 4524 2345 4581 Nam
2374 4523 2430 4579 in
2475 4523 2673 4580 divinis
2717 4522 2950 4594 eloquiis
3009 4522 3298 4596 aliquando
3345 4522 3662 4580 sacerdotes
3712 4520 3811 4592 dii,

2205 4612 2492 4685 aliquando
2521 4612 2705 4686 angeli
2733 4620 3016 4668 voeantur.
3047 4613 3188 4668 Nam
3218 4620 3270 4667 et
3299 4628 3400 4683 per
3423 4611 3687 4684 Moysem,
3737 4610 3812 4667 de

2205 4719 2270 4760 eo
2319 4702 2411 4776 qui
2451 4703 2522 4758 ad
2569 4703 2941 4772 juramentum
2998 4701 3353 4758 deducendus
3407 4709 3508 4768 est,
3562 4699 3809 4757 dicitur:

2203 4791 2429 4864 Applica
2485 4791 2639 4846 illum
2684 4791 2753 4846 ad
2797 4791 2954 4861 deos,
3002 4790 3059 4846 id
3105 4798 3188 4848 est
3237 4791 3306 4847 ad
3355 4790 3687 4847 sacerdotes.
3741 4789 3813 4844 Et

2203 4896 2419 4937 rursum
2448 4880 2708 4952 scriptum
2739 4887 2820 4935 est
2853 4880 3007 4936 :Diis
3027 4897 3141 4937 non
3154 4879 3633 4951 detrahes(E:eod.
3657 4893 3808 4946 xxn,

2204 4972 2281 5040 8,)
2329 4969 2537 5026 scilicet
2595 4969 3003 5038 sacerdotibus;
3053 4977 3106 5025 et
3143 4970 3407 5041 propheta
3453 4967 3572 5024 ait:
3632 4969 3810 5024 Labia

2199 5060 2506 5116 sacerdotis
2537 5059 2863 5115 custodiunt
2889 5060 3212 5126 scientiam,
3243 5063 3300 5115 et
3319 5061 3492 5132 legem
3514 5058 3812 5131 requirent

2201 5166 2275 5206 ex
2303 5165 2396 5205 ore
2428 5150 2566 5220 ejus,
2601 5149 2733 5220 quia
2762 5150 2998 5222 angelus
3027 5149 3252 5206 Domini
3302 5149 3664 5205 exercituum
3724 5151 3816 5203 est

2200 5238 2456 5309 (Malach.
2490 5251 2548 5303 tt,
2575 5239 2650 5308 7).
2692 5259 2714 5288 »
2749 5237 2892 5308 Quid
2919 5253 3052 5310 ergo
3096 5237 3294 5292 mirum
3352 5238 3398 5292 si
3445 5236 3566 5292 illos
3620 5243 3807 5292 vestra

2198 5327 2370 5399 pietas
2415 5324 2668 5400 dignetur
2712 5329 3003 5393 honorare,
3067 5326 3264 5398 quibus
3319 5326 3373 5381 in
3429 5341 3528 5381 suo
3586 5324 3808 5397 eloquio

2199 5417 2460 5472 honorem
2489 5417 2750 5495 tribuens,
2785 5433 2882 5472 eos
2911 5423 3002 5471 aut
3031 5415 3281 5488 angelos,
3329 5423 3419 5470 aut
3470 5415 3624 5483 deos,
3684 5415 3808 5486 ipse

2201 5504 2360 5564 etiam
2391 5507 2626 5580 appellat
2655 5508 2802 5564 Deus
2821 5507 2850 5562 Ἰ
2877 5503 3263 5563 Ecclesiastica
3309 5519 3524 5578 quoque
3578 5511 3809 5562 testatur
