  <div class='ocr_page' id='page_1' title='image "/cluster/home/n/w/nwhite01/storage/ocr_20150623/126/umn.31951002477419r/140.png"; bbox 0 0 4072 6298; ppageno 0'>
   <div class='ocr_carea' id='block_1_1' title="bbox 184 205 285 258">
    <p class='ocr_par' dir='ltr' id='par_1_1' title="bbox 184 205 285 258">
     <span class='ocr_line' id='line_1_1' title="bbox 184 205 285 258; baseline 0 0"><span class='ocrx_word' id='word_1_1' title='bbox 184 205 285 258; x_wconf 74' lang='grc'><strong>233</strong></span> 
     </span>
    </p>
   </div>
   <div class='ocr_carea' id='block_1_2' title="bbox 1655 207 2030 266">
    <p class='ocr_par' dir='ltr' id='par_1_2' title="bbox 1655 207 2030 266">
     <span class='ocr_line' id='line_1_2' title="bbox 1655 207 2030 266; baseline 0 -2"><span class='ocrx_word' id='word_1_2' title='bbox 1655 207 2030 266; x_wconf 69' lang='lat' dir='ltr'><strong>EPISTOLIE.</strong></span> 
     </span>
    </p>
   </div>
   <div class='ocr_carea' id='block_1_3' title="bbox 3387 215 3494 272">
    <p class='ocr_par' dir='ltr' id='par_1_3' title="bbox 3387 215 3494 272">
     <span class='ocr_line' id='line_1_3' title="bbox 3387 215 3494 272; baseline -0.019 -1"><span class='ocrx_word' id='word_1_3' title='bbox 3387 215 3494 272; x_wconf 77' lang='grc'><strong>234</strong></span> 
     </span>
    </p>
   </div>
   <div class='ocr_carea' id='block_1_4' title="bbox 191 325 3491 408">
    <p class='ocr_par' dir='ltr' id='par_1_4' title="bbox 191 325 3491 408">
     <span class='ocr_line' id='line_1_4' title="bbox 191 325 3491 408; baseline 0.004 -27"><span class='ocrx_word' id='word_1_4' title='bbox 191 325 422 382; x_wconf 81' lang='lat' dir='ltr'><strong>historia</strong></span> <span class='ocrx_word' id='word_1_5' title='bbox 451 327 579 399; x_wconf 87' lang='lat' dir='ltr'><strong>quia</strong></span> <span class='ocrx_word' id='word_1_6' title='bbox 607 343 730 384; x_wconf 91' lang='lat' dir='ltr'><strong>cum</strong></span> <span class='ocrx_word' id='word_1_7' title='bbox 757 327 864 400; x_wconf 67' lang='lat' dir='ltr'><strong>pia:</strong></span> <span class='ocrx_word' id='word_1_8' title='bbox 890 329 1168 387; x_wconf 76' lang='lat' dir='ltr'><strong>memoriae</strong></span> <span class='ocrx_word' id='word_1_9' title='bbox 1197 331 1547 388; x_wconf 89' lang='lat' dir='ltr'><strong>Constantino</strong></span> <span class='ocrx_word' id='word_1_10' title='bbox 1566 332 1803 406; x_wconf 85' lang='lat' dir='ltr'><strong>principi</strong></span> <span class='ocrx_word' id='word_1_11' title='bbox 1828 333 2130 400; x_wconf 88' lang='lat' dir='ltr'><strong>Ariuntur,</strong></span> <span class='ocrx_word' id='word_1_12' title='bbox 2163 333 2262 388; x_wconf 92' lang='lat' dir='ltr'><strong>sed</strong></span> <span class='ocrx_word' id='word_1_13' title='bbox 2289 333 2524 390; x_wconf 90' lang='lat' dir='ltr'><strong>aliorum</strong></span> <span class='ocrx_word' id='word_1_14' title='bbox 2550 335 2872 405; x_wconf 86' lang='lat' dir='ltr'><strong>animarum,</strong></span> <span class='ocrx_word' id='word_1_15' title='bbox 2923 351 3057 408; x_wconf 90' lang='lat' dir='ltr'><strong>quas</strong></span> <span class='ocrx_word' id='word_1_16' title='bbox 3085 335 3270 408; x_wconf 82' lang='lat' dir='ltr'><strong>pravis</strong></span> <span class='ocrx_word' id='word_1_17' title='bbox 3301 353 3491 397; x_wconf 79' lang='lat' dir='ltr'><strong>exem-</strong></span> 
     </span>
    </p>
   </div>
   <div class='ocr_carea' id='block_1_5' title="bbox 190 416 1800 494">
    <p class='ocr_par' dir='ltr' id='par_1_5' title="bbox 190 416 1800 494">
     <span class='ocr_line' id='line_1_5' title="bbox 190 416 1800 494; baseline 0.005 -24"><span class='ocrx_word' id='word_1_18' title='bbox 190 416 247 470; x_wconf 92' lang='lat' dir='ltr'><strong>in</strong></span> <span class='ocrx_word' id='word_1_19' title='bbox 273 416 486 489; x_wconf 90' lang='lat' dir='ltr'><strong>scripto</strong></span> <span class='ocrx_word' id='word_1_20' title='bbox 515 417 711 474; x_wconf 71' lang='lat' dir='ltr'><strong>oblatae</strong></span> <span class='ocrx_word' id='word_1_21' title='bbox 739 419 1114 476; x_wconf 78' lang='lat' dir='ltr'><strong>accusationes</strong></span> <span class='ocrx_word' id='word_1_22' title='bbox 1143 429 1336 478; x_wconf 87' lang='lat' dir='ltr'><strong>contra</strong></span> <span class='ocrx_word' id='word_1_23' title='bbox 1365 422 1652 494; x_wconf 86' lang='lat' dir='ltr'><strong>episcopos</strong></span> <span class='ocrx_word' id='word_1_24' title='bbox 1674 421 1800 478; x_wconf 86' lang='lat' dir='ltr'><strong>fuis-</strong></span> 
     </span>
    </p>
   </div>
   <div class='ocr_carea' id='block_1_6' title="bbox 193 505 1792 580">
    <p class='ocr_par' dir='ltr' id='par_1_6' title="bbox 193 505 1792 580">
     <span class='ocr_line' id='line_1_6' title="bbox 193 505 1792 580; baseline 0.004 -20"><span class='ocrx_word' id='word_1_25' title='bbox 193 513 331 572; x_wconf 90' lang='lat' dir='ltr'><strong>sent,</strong></span> <span class='ocrx_word' id='word_1_26' title='bbox 395 505 614 562; x_wconf 86' lang='lat' dir='ltr'><strong>libellos</strong></span> <span class='ocrx_word' id='word_1_27' title='bbox 663 523 800 580; x_wconf 90' lang='lat' dir='ltr'><strong>quos</strong></span> <span class='ocrx_word' id='word_1_28' title='bbox 858 517 1147 580; x_wconf 88' lang='lat' dir='ltr'><strong>acceperat</strong></span> <span class='ocrx_word' id='word_1_29' title='bbox 1210 511 1469 576; x_wconf 82' lang='lat' dir='ltr'><strong>incendit,</strong></span> <span class='ocrx_word' id='word_1_30' title='bbox 1531 511 1722 568; x_wconf 89' lang='lat' dir='ltr'><strong>dicens</strong></span> <span class='ocrx_word' id='word_1_31' title='bbox 1779 530 1792 566; x_wconf 91' lang='lat'>:</span> 
     </span>
    </p>
   </div>
   <div class='ocr_carea' id='block_1_7' title="bbox 197 593 1798 667">
    <p class='ocr_par' dir='ltr' id='par_1_7' title="bbox 197 593 1798 667">
     <span class='ocr_line' id='line_1_7' title="bbox 197 593 1798 667; baseline 0.006 -23"><span class='ocrx_word' id='word_1_32' title='bbox 197 614 217 644; x_wconf 80' lang='grc' dir='ltr'>ι</span> <span class='ocrx_word' id='word_1_33' title='bbox 253 593 366 650; x_wconf 87' lang='lat' dir='ltr'><strong>Vos</strong></span> <span class='ocrx_word' id='word_1_34' title='bbox 397 594 476 650; x_wconf 90' lang='lat' dir='ltr'><strong>dii</strong></span> <span class='ocrx_word' id='word_1_35' title='bbox 503 595 656 666; x_wconf 90' lang='lat' dir='ltr'><strong>estis,</strong></span> <span class='ocrx_word' id='word_1_36' title='bbox 689 611 720 652; x_wconf 91' lang='lat' dir='ltr'><strong>a</strong></span> <span class='ocrx_word' id='word_1_37' title='bbox 765 613 895 652; x_wconf 92' lang='lat' dir='ltr'><strong>vero</strong></span> <span class='ocrx_word' id='word_1_38' title='bbox 923 599 1040 654; x_wconf 91' lang='lat' dir='ltr'><strong>Deo</strong></span> <span class='ocrx_word' id='word_1_39' title='bbox 1088 599 1367 654; x_wconf 70' lang='lat' dir='ltr'><strong>constituti</strong></span> <span class='ocrx_word' id='word_1_40' title='bbox 1399 617 1415 654; x_wconf 88' lang='lat'><strong>:</strong></span> <span class='ocrx_word' id='word_1_41' title='bbox 1444 599 1538 667; x_wconf 92' lang='lat' dir='ltr'><strong>ite,</strong></span> <span class='ocrx_word' id='word_1_42' title='bbox 1573 608 1626 655; x_wconf 89' lang='lat' dir='ltr'><strong>et</strong></span> <span class='ocrx_word' id='word_1_43' title='bbox 1654 600 1798 656; x_wconf 91' lang='lat' dir='ltr'><strong>inter</strong></span> 
     </span>
    </p>
   </div>
   <div class='ocr_carea' id='block_1_8' title="bbox 189 685 1800 760">
    <p class='ocr_par' dir='ltr' id='par_1_8' title="bbox 189 685 1800 760">
     <span class='ocr_line' id='line_1_8' title="bbox 189 685 1800 760; baseline 0.004 -22"><span class='ocrx_word' id='word_1_44' title='bbox 189 697 286 738; x_wconf 81' lang='lat' dir='ltr'><strong>vos</strong></span> <span class='ocrx_word' id='word_1_45' title='bbox 333 698 535 739; x_wconf 86' lang='lat' dir='ltr'><strong>causas</strong></span> <span class='ocrx_word' id='word_1_46' title='bbox 565 693 773 740; x_wconf 89' lang='lat' dir='ltr'><strong>vestras</strong></span> <span class='ocrx_word' id='word_1_47' title='bbox 806 685 1079 754; x_wconf 89' lang='lat' dir='ltr'><strong>discutite,</strong></span> <span class='ocrx_word' id='word_1_48' title='bbox 1113 687 1240 758; x_wconf 85' lang='lat' dir='ltr'><strong>quia</strong></span> <span class='ocrx_word' id='word_1_49' title='bbox 1295 688 1523 760; x_wconf 89' lang='lat' dir='ltr'><strong>dignum</strong></span> <span class='ocrx_word' id='word_1_50' title='bbox 1575 705 1687 744; x_wconf 90' lang='lat' dir='ltr'><strong>non</strong></span> <span class='ocrx_word' id='word_1_51' title='bbox 1716 697 1800 744; x_wconf 91' lang='lat' dir='ltr'><strong>est</strong></span> 
     </span>
    </p>
   </div>
   <div class='ocr_carea' id='block_1_9' title="bbox 187 761 1799 848">
    <p class='ocr_par' dir='ltr' id='par_1_9' title="bbox 187 761 1799 848">
     <span class='ocr_line' id='line_1_9' title="bbox 187 761 1799 848; baseline 0.005 -22"><span class='ocrx_word' id='word_1_52' title='bbox 187 780 244 826; x_wconf 93' lang='lat' dir='ltr'><strong>ut</strong></span> <span class='ocrx_word' id='word_1_53' title='bbox 270 787 375 826; x_wconf 92' lang='lat' dir='ltr'><strong>nos</strong></span> <span class='ocrx_word' id='word_1_54' title='bbox 399 772 712 841; x_wconf 90' lang='lat' dir='ltr'><strong>judicemus</strong></span> <span class='ocrx_word' id='word_1_55' title='bbox 741 775 894 829; x_wconf 91' lang='lat' dir='ltr'><strong>deos.</strong></span> <span class='ocrx_word' id='word_1_56' title='bbox 928 775 990 829; x_wconf 92' lang='lat' dir='ltr'><strong>In</strong></span> <span class='ocrx_word' id='word_1_57' title='bbox 1035 790 1143 846; x_wconf 91' lang='lat' dir='ltr'><strong>qua</strong></span> <span class='ocrx_word' id='word_1_58' title='bbox 1181 784 1363 833; x_wconf 86' lang='lat' dir='ltr'><strong>tamen</strong></span> <span class='ocrx_word' id='word_1_59' title='bbox 1391 761 1678 844; x_wconf 62' lang='lat' dir='ltr'><strong>sententia,</strong></span> <span class='ocrx_word' id='word_1_60' title='bbox 1709 777 1799 848; x_wconf 91' lang='lat' dir='ltr'><strong>pie</strong></span> 
     </span>
    </p>
   </div>
   <div class='ocr_carea' id='block_1_10' title="bbox 188 860 1798 937">
    <p class='ocr_par' dir='ltr' id='par_1_10' title="bbox 188 860 1798 937">
     <span class='ocr_line' id='line_1_10' title="bbox 188 860 1798 937; baseline 0.004 -23"><span class='ocrx_word' id='word_1_61' title='bbox 188 860 430 926; x_wconf 87' lang='lat' dir='ltr'><strong>domine,</strong></span> <span class='ocrx_word' id='word_1_62' title='bbox 465 861 572 916; x_wconf 88' lang='lat' dir='ltr'><strong>sibi</strong></span> <span class='ocrx_word' id='word_1_63' title='bbox 601 863 776 934; x_wconf 88' lang='lat' dir='ltr'><strong>magis</strong></span> <span class='ocrx_word' id='word_1_64' title='bbox 805 879 874 917; x_wconf 91' lang='lat' dir='ltr'><strong>ex</strong></span> <span class='ocrx_word' id='word_1_65' title='bbox 901 863 1224 931; x_wconf 85' lang='lat' dir='ltr'><strong>humilitate,</strong></span> <span class='ocrx_word' id='word_1_66' title='bbox 1260 882 1420 936; x_wconf 90' lang='lat' dir='ltr'><strong>quam</strong></span> <span class='ocrx_word' id='word_1_67' title='bbox 1451 865 1559 922; x_wconf 87' lang='lat' dir='ltr'><strong>illis</strong></span> <span class='ocrx_word' id='word_1_68' title='bbox 1593 866 1798 937; x_wconf 89' lang='lat' dir='ltr'><strong>aliquid</strong></span> 
     </span>
    </p>
   </div>
   <div class='ocr_carea' id='block_1_11' title="bbox 187 949 1797 1026">
    <p class='ocr_par' dir='ltr' id='par_1_11' title="bbox 187 949 1797 1026">
     <span class='ocr_line' id='line_1_11' title="bbox 187 949 1797 1026; baseline 0.004 -22"><span class='ocrx_word' id='word_1_69' title='bbox 187 949 442 1020; x_wconf 71' lang='lat' dir='ltr'><strong>praestitit</strong></span> <span class='ocrx_word' id='word_1_70' title='bbox 482 965 545 1006; x_wconf 90' lang='lat' dir='ltr'><strong>ex</strong></span> <span class='ocrx_word' id='word_1_71' title='bbox 597 951 908 1006; x_wconf 91' lang='lat' dir='ltr'><strong>reverentia</strong></span> <span class='ocrx_word' id='word_1_72' title='bbox 947 951 1214 1024; x_wconf 88' lang='lat' dir='ltr'><strong>impensa.</strong></span> <span class='ocrx_word' id='word_1_73' title='bbox 1245 954 1386 1010; x_wconf 85' lang='lat' dir='ltr'><strong>Ante</strong></span> <span class='ocrx_word' id='word_1_74' title='bbox 1425 971 1548 1010; x_wconf 91' lang='lat' dir='ltr'><strong>eum</strong></span> <span class='ocrx_word' id='word_1_75' title='bbox 1597 954 1797 1026; x_wconf 88' lang='lat' dir='ltr'><strong>quippe</strong></span> 
     </span>
    </p>
   </div>
   <div class='ocr_carea' id='block_1_12' title="bbox 183 1038 1798 1114">
    <p class='ocr_par' dir='ltr' id='par_1_12' title="bbox 183 1038 1798 1114">
     <span class='ocr_line' id='line_1_12' title="bbox 183 1038 1798 1114; baseline 0.006 -23"><span class='ocrx_word' id='word_1_76' title='bbox 183 1039 390 1111; x_wconf 82' lang='lat' dir='ltr'><strong>pagani</strong></span> <span class='ocrx_word' id='word_1_77' title='bbox 447 1038 506 1093; x_wconf 92' lang='lat' dir='ltr'><strong>in</strong></span> <span class='ocrx_word' id='word_1_78' title='bbox 557 1039 835 1110; x_wconf 85' lang='lat' dir='ltr'><strong>republica</strong></span> <span class='ocrx_word' id='word_1_79' title='bbox 880 1041 1158 1114; x_wconf 84' lang='lat' dir='ltr'><strong>principes</strong></span> <span class='ocrx_word' id='word_1_80' title='bbox 1197 1040 1438 1113; x_wconf 88' lang='lat' dir='ltr'><strong>fuerunt,</strong></span> <span class='ocrx_word' id='word_1_81' title='bbox 1485 1043 1577 1114; x_wconf 88' lang='lat' dir='ltr'><strong>qui</strong></span> <span class='ocrx_word' id='word_1_82' title='bbox 1605 1060 1798 1100; x_wconf 83' lang='lat' dir='ltr'><strong>verum</strong></span> 
     </span>
    </p>
   </div>
   <div class='ocr_carea' id='block_1_13' title="bbox 185 1127 1794 1202">
    <p class='ocr_par' dir='ltr' id='par_1_13' title="bbox 185 1127 1794 1202">
     <span class='ocr_line' id='line_1_13' title="bbox 185 1127 1794 1202; baseline 0.003 -20"><span class='ocrx_word' id='word_1_83' title='bbox 185 1128 363 1182; x_wconf 91' lang='lat' dir='ltr'><strong>Deum</strong></span> <span class='ocrx_word' id='word_1_84' title='bbox 401 1127 734 1195; x_wconf 87' lang='lat' dir='ltr'><strong>nescientes,</strong></span> <span class='ocrx_word' id='word_1_85' title='bbox 767 1130 901 1184; x_wconf 90' lang='lat' dir='ltr'><strong>deos</strong></span> <span class='ocrx_word' id='word_1_86' title='bbox 931 1131 1146 1202; x_wconf 86' lang='lat' dir='ltr'><strong>ligneos</strong></span> <span class='ocrx_word' id='word_1_87' title='bbox 1206 1139 1259 1186; x_wconf 93' lang='lat' dir='ltr'><strong>et</strong></span> <span class='ocrx_word' id='word_1_88' title='bbox 1286 1131 1497 1202; x_wconf 87' lang='lat' dir='ltr'><strong>lapides</strong></span> <span class='ocrx_word' id='word_1_89' title='bbox 1517 1132 1794 1200; x_wconf 86' lang='lat' dir='ltr'><strong>colebant,</strong></span> 
     </span>
    </p>
   </div>
   <div class='ocr_carea' id='block_1_14' title="bbox 188 1219 1798 1276">
    <p class='ocr_par' dir='ltr' id='par_1_14' title="bbox 188 1219 1798 1276">
     <span class='ocr_line' id='line_1_14' title="bbox 188 1219 1798 1276; baseline 0.004 -6"><span class='ocrx_word' id='word_1_90' title='bbox 188 1223 240 1271; x_wconf 91' lang='lat' dir='ltr'><strong>et</strong></span> <span class='ocrx_word' id='word_1_91' title='bbox 268 1225 456 1272; x_wconf 88' lang='lat' dir='ltr'><strong>tamen</strong></span> <span class='ocrx_word' id='word_1_92' title='bbox 517 1233 710 1273; x_wconf 88' lang='lat' dir='ltr'><strong>eorum</strong></span> <span class='ocrx_word' id='word_1_93' title='bbox 765 1219 1140 1275; x_wconf 87' lang='lat' dir='ltr'><strong>sacerdotibus</strong></span> <span class='ocrx_word' id='word_1_94' title='bbox 1185 1220 1480 1276; x_wconf 86' lang='lat' dir='ltr'><strong>maximum</strong></span> <span class='ocrx_word' id='word_1_95' title='bbox 1534 1223 1798 1276; x_wconf 84' lang='lat' dir='ltr'><strong>honorem</strong></span> 
     </span>
    </p>
   </div>
   <div class='ocr_carea' id='block_1_15' title="bbox 188 1304 1798 1379">
    <p class='ocr_par' dir='ltr' id='par_1_15' title="bbox 188 1304 1798 1379">
     <span class='ocr_line' id='line_1_15' title="bbox 188 1304 1798 1379; baseline 0.003 -19"><span class='ocrx_word' id='word_1_96' title='bbox 188 1304 524 1362; x_wconf 86' lang='lat' dir='ltr'><strong>tribuebant.</strong></span> <span class='ocrx_word' id='word_1_97' title='bbox 557 1304 702 1375; x_wconf 86' lang='lat' dir='ltr'><strong>Quid</strong></span> <span class='ocrx_word' id='word_1_98' title='bbox 759 1323 893 1378; x_wconf 86' lang='lat' dir='ltr'><strong>ergo</strong></span> <span class='ocrx_word' id='word_1_99' title='bbox 938 1308 1152 1379; x_wconf 85' lang='lat' dir='ltr'><strong>mirum,</strong></span> <span class='ocrx_word' id='word_1_100' title='bbox 1197 1309 1243 1364; x_wconf 92' lang='lat' dir='ltr'><strong>si</strong></span> <span class='ocrx_word' id='word_1_101' title='bbox 1298 1309 1638 1366; x_wconf 87' lang='lat' dir='ltr'><strong>Christianus</strong></span> <span class='ocrx_word' id='word_1_102' title='bbox 1689 1310 1798 1365; x_wconf 89' lang='lat' dir='ltr'><strong>im-</strong></span> 
     </span>
    </p>
   </div>
   <div class='ocr_carea' id='block_1_16' title="bbox 187 1395 1794 1470">
    <p class='ocr_par' dir='ltr' id='par_1_16' title="bbox 187 1395 1794 1470">
     <span class='ocr_line' id='line_1_16' title="bbox 187 1395 1794 1470; baseline 0.002 -20"><span class='ocrx_word' id='word_1_103' title='bbox 187 1403 410 1466; x_wconf 85' lang='lat' dir='ltr'><strong>perator</strong></span> <span class='ocrx_word' id='word_1_104' title='bbox 466 1395 586 1452; x_wconf 89' lang='lat' dir='ltr'><strong>veri</strong></span> <span class='ocrx_word' id='word_1_105' title='bbox 668 1395 769 1451; x_wconf 91' lang='lat' dir='ltr'><strong>Dei</strong></span> <span class='ocrx_word' id='word_1_106' title='bbox 826 1397 1139 1453; x_wconf 85' lang='lat' dir='ltr'><strong>sacerdotes</strong></span> <span class='ocrx_word' id='word_1_107' title='bbox 1195 1397 1448 1469; x_wconf 84' lang='lat' dir='ltr'><strong>dignetur</strong></span> <span class='ocrx_word' id='word_1_108' title='bbox 1503 1401 1794 1470; x_wconf 90' lang='lat' dir='ltr'><strong>honorare,</strong></span> 
     </span>
    </p>
   </div>
   <div class='ocr_carea' id='block_1_17' title="bbox 186 1483 1796 1558">
    <p class='ocr_par' dir='ltr' id='par_1_17' title="bbox 186 1483 1796 1558">
     <span class='ocr_line' id='line_1_17' title="bbox 186 1483 1796 1558; baseline 0.002 -20"><span class='ocrx_word' id='word_1_109' title='bbox 186 1484 315 1538; x_wconf 92' lang='lat' dir='ltr'><strong>dum</strong></span> <span class='ocrx_word' id='word_1_110' title='bbox 371 1483 597 1556; x_wconf 80' lang='lat' dir='ltr'><strong>pagani,</strong></span> <span class='ocrx_word' id='word_1_111' title='bbox 645 1491 704 1539; x_wconf 90' lang='lat' dir='ltr'><strong>ut</strong></span> <span class='ocrx_word' id='word_1_112' title='bbox 758 1485 1126 1555; x_wconf 71' lang='lat' dir='ltr'><strong>praediximus,</strong></span> <span class='ocrx_word' id='word_1_113' title='bbox 1193 1486 1466 1558; x_wconf 87' lang='lat' dir='ltr'><strong>principes</strong></span> <span class='ocrx_word' id='word_1_114' title='bbox 1535 1489 1796 1543; x_wconf 87' lang='lat' dir='ltr'><strong>honorem</strong></span> 
     </span>
    </p>
   </div>
   <div class='ocr_carea' id='block_1_18' title="bbox 187 1571 1798 1648">
    <p class='ocr_par' dir='ltr' id='par_1_18' title="bbox 187 1571 1798 1648">
     <span class='ocr_line' id='line_1_18' title="bbox 187 1571 1798 1648; baseline 0.002 -22"><span class='ocrx_word' id='word_1_115' title='bbox 187 1571 512 1642; x_wconf 88' lang='lat' dir='ltr'><strong>impendere</strong></span> <span class='ocrx_word' id='word_1_116' title='bbox 544 1573 916 1628; x_wconf 88' lang='lat' dir='ltr'><strong>sacerdotibus</strong></span> <span class='ocrx_word' id='word_1_117' title='bbox 945 1583 1230 1642; x_wconf 85' lang='lat' dir='ltr'><strong>noverunt,</strong></span> <span class='ocrx_word' id='word_1_118' title='bbox 1263 1575 1355 1648; x_wconf 88' lang='lat' dir='ltr'><strong>qui</strong></span> <span class='ocrx_word' id='word_1_119' title='bbox 1385 1576 1488 1630; x_wconf 91' lang='lat' dir='ltr'><strong>diis</strong></span> <span class='ocrx_word' id='word_1_120' title='bbox 1525 1575 1725 1648; x_wconf 84' lang='lat' dir='ltr'><strong>ligneis</strong></span> <span class='ocrx_word' id='word_1_121' title='bbox 1745 1585 1798 1632; x_wconf 91' lang='lat' dir='ltr'><strong>et</strong></span> 
     </span>
    </p>
   </div>
   <div class='ocr_carea' id='block_1_19' title="bbox 188 1660 1794 1737">
    <p class='ocr_par' dir='ltr' id='par_1_19' title="bbox 188 1660 1794 1737">
     <span class='ocr_line' id='line_1_19' title="bbox 188 1660 1794 1737; baseline 0.004 -23"><span class='ocrx_word' id='word_1_122' title='bbox 188 1660 424 1732; x_wconf 90' lang='lat' dir='ltr'><strong>lapideis</strong></span> <span class='ocrx_word' id='word_1_123' title='bbox 445 1661 757 1717; x_wconf 87' lang='lat' dir='ltr'><strong>serviebant</strong></span> <span class='ocrx_word' id='word_1_124' title='bbox 787 1663 816 1718; x_wconf 70' lang='grc' dir='ltr'><em>ἳ</em></span> <span class='ocrx_word' id='word_1_125' title='bbox 850 1684 872 1712; x_wconf 69' lang='grc' dir='ltr'><strong><em>ι</em></strong></span> <span class='ocrx_word' id='word_1_126' title='bbox 907 1663 974 1719; x_wconf 88' lang='lat' dir='ltr'><strong>Et</strong></span> <span class='ocrx_word' id='word_1_127' title='bbox 1019 1663 1166 1720; x_wconf 90' lang='lat' dir='ltr'><strong>idem</strong></span> <span class='ocrx_word' id='word_1_128' title='bbox 1215 1664 1590 1720; x_wconf 90' lang='lat' dir='ltr'><strong>sanctissimus</strong></span> <span class='ocrx_word' id='word_1_129' title='bbox 1633 1673 1794 1737; x_wconf 89' lang='lat' dir='ltr'><strong>atque</strong></span> 
     </span>
    </p>
   </div>
   <div class='ocr_carea' id='block_1_20' title="bbox 188 1748 1796 1826">
    <p class='ocr_par' dir='ltr' id='par_1_20' title="bbox 188 1748 1796 1826">
     <span class='ocr_line' id='line_1_20' title="bbox 188 1748 1796 1826; baseline 0.002 -22"><span class='ocrx_word' id='word_1_130' title='bbox 188 1748 618 1806; x_wconf 83' lang='lat' dir='ltr'><strong>facundissimus</strong></span> <span class='ocrx_word' id='word_1_131' title='bbox 674 1758 727 1806; x_wconf 91' lang='lat' dir='ltr'><strong>et</strong></span> <span class='ocrx_word' id='word_1_132' title='bbox 771 1750 1230 1822; x_wconf 89' lang='lat' dir='ltr'><strong>discretissimus,</strong></span> <span class='ocrx_word' id='word_1_133' title='bbox 1286 1753 1660 1826; x_wconf 89' lang='lat' dir='ltr'><strong>veraciterque</strong></span> <span class='ocrx_word' id='word_1_134' title='bbox 1739 1754 1796 1808; x_wconf 93' lang='lat' dir='ltr'><strong>in</strong></span> 
     </span>
    </p>
   </div>
   <div class='ocr_carea' id='block_1_21' title="bbox 188 1838 1796 1914">
    <p class='ocr_par' dir='ltr' id='par_1_21' title="bbox 188 1838 1796 1914">
     <span class='ocr_line' id='line_1_21' title="bbox 188 1838 1796 1914; baseline 0.002 -19"><span class='ocrx_word' id='word_1_135' title='bbox 188 1838 364 1895; x_wconf 90' lang='lat' dir='ltr'><strong>oculis</strong></span> <span class='ocrx_word' id='word_1_136' title='bbox 411 1839 516 1894; x_wconf 89' lang='lat' dir='ltr'><strong>Dei</strong></span> <span class='ocrx_word' id='word_1_137' title='bbox 571 1839 902 1896; x_wconf 91' lang='lat' dir='ltr'><strong>humillimus</strong></span> <span class='ocrx_word' id='word_1_138' title='bbox 933 1883 948 1908; x_wconf 96' lang='lat'><strong>,</strong></span> <span class='ocrx_word' id='word_1_139' title='bbox 977 1842 1034 1897; x_wconf 92' lang='lat' dir='ltr'><strong>in</strong></span> <span class='ocrx_word' id='word_1_140' title='bbox 1089 1842 1320 1914; x_wconf 89' lang='lat' dir='ltr'><strong>epistola</strong></span> <span class='ocrx_word' id='word_1_141' title='bbox 1362 1860 1376 1874; x_wconf 74' lang='grc' dir='ltr'><strong><em>ο</em></strong></span> <span class='ocrx_word' id='word_1_142' title='bbox 1405 1843 1475 1898; x_wconf 88' lang='lat' dir='ltr'><strong>ad</strong></span> <span class='ocrx_word' id='word_1_143' title='bbox 1527 1844 1796 1898; x_wconf 83' lang='lat' dir='ltr'><strong>Joannem</strong></span> 
     </span>
    </p>
   </div>
   <div class='ocr_carea' id='block_1_22' title="bbox 188 1927 1794 2009">
    <p class='ocr_par' dir='ltr' id='par_1_22' title="bbox 188 1927 1794 2009">
     <span class='ocr_line' id='line_1_22' title="bbox 188 1927 1794 2009; baseline 0.003 -26"><span class='ocrx_word' id='word_1_144' title='bbox 188 1927 514 2009; x_wconf 75' lang='lat' dir='ltr'><strong>episcopum</strong></span> <span class='ocrx_word' id='word_1_145' title='bbox 583 1929 984 2001; x_wconf 85' lang='lat' dir='ltr'><strong>Syracusanum</strong></span> <span class='ocrx_word' id='word_1_146' title='bbox 1023 1974 1036 1998; x_wconf 93' lang='lat'><strong>,</strong></span> <span class='ocrx_word' id='word_1_147' title='bbox 1070 1931 1319 1987; x_wconf 91' lang='lat' dir='ltr'><strong>scribens</strong></span> <span class='ocrx_word' id='word_1_148' title='bbox 1397 1931 1465 1988; x_wconf 89' lang='lat' dir='ltr'><strong>de</strong></span> <span class='ocrx_word' id='word_1_149' title='bbox 1537 1932 1794 2004; x_wconf 90' lang='lat' dir='ltr'><strong>episcopo</strong></span> 
     </span>
    </p>
   </div>
   <div class='ocr_carea' id='block_1_23' title="bbox 188 2017 1792 2091">
    <p class='ocr_par' dir='ltr' id='par_1_23' title="bbox 188 2017 1792 2091">
     <span class='ocr_line' id='line_1_23' title="bbox 188 2017 1792 2091; baseline 0.002 -20"><span class='ocrx_word' id='word_1_150' title='bbox 188 2017 807 2089; x_wconf 82' lang='lat' dir='ltr'><strong>ConstantinOpolitano,</strong></span> <span class='ocrx_word' id='word_1_151' title='bbox 841 2019 978 2074; x_wconf 90' lang='lat' dir='ltr'><strong>inter</strong></span> <span class='ocrx_word' id='word_1_152' title='bbox 1027 2019 1137 2075; x_wconf 87' lang='lat' dir='ltr'><strong>alia</strong></span> <span class='ocrx_word' id='word_1_153' title='bbox 1185 2019 1313 2076; x_wconf 89' lang='lat' dir='ltr'><strong>dicit</strong></span> <span class='ocrx_word' id='word_1_154' title='bbox 1345 2021 1463 2091; x_wconf 85' lang='lat' dir='ltr'><strong>(lib.</strong></span> <span class='ocrx_word' id='word_1_155' title='bbox 1497 2035 1594 2090; x_wconf 80' lang='lat' dir='ltr'><strong>v11,</strong></span> <span class='ocrx_word' id='word_1_156' title='bbox 1626 2021 1792 2090; x_wconf 84' lang='lat' dir='ltr'><strong>epist.</strong></span> 
     </span>
    </p>
   </div>
   <div class='ocr_carea' id='block_1_24' title="bbox 189 2104 1794 2179">
    <p class='ocr_par' dir='ltr' id='par_1_24' title="bbox 189 2104 1794 2179">
     <span class='ocr_line' id='line_1_24' title="bbox 189 2104 1794 2179; baseline 0.003 -20"><span class='ocrx_word' id='word_1_157' title='bbox 189 2106 275 2175; x_wconf 67' lang='lat'><strong>64,</strong></span> <span class='ocrx_word' id='word_1_158' title='bbox 307 2106 430 2161; x_wconf 80' lang='lat' dir='ltr'><strong>ind.</strong></span> <span class='ocrx_word' id='word_1_159' title='bbox 468 2108 558 2176; x_wconf 83' lang='grc'><strong>11)</strong></span> <span class='ocrx_word' id='word_1_160' title='bbox 592 2125 606 2161; x_wconf 93' lang='lat'><strong>:</strong></span> <span class='ocrx_word' id='word_1_161' title='bbox 643 2127 667 2158; x_wconf 73' lang='grc' dir='ltr'><strong>α</strong></span> <span class='ocrx_word' id='word_1_162' title='bbox 701 2104 860 2176; x_wconf 84' lang='lat' dir='ltr'><strong>Quod</strong></span> <span class='ocrx_word' id='word_1_163' title='bbox 890 2107 1010 2162; x_wconf 79' lang='lat' dir='ltr'><strong>sedi</strong></span> <span class='ocrx_word' id='word_1_164' title='bbox 1037 2109 1350 2179; x_wconf 67' lang='lat' dir='ltr'><strong>apostolicae</strong></span> <span class='ocrx_word' id='word_1_165' title='bbox 1391 2109 1536 2164; x_wconf 89' lang='lat' dir='ltr'><strong>dicat</strong></span> <span class='ocrx_word' id='word_1_166' title='bbox 1567 2125 1626 2164; x_wconf 90' lang='lat' dir='ltr'><strong>se</strong></span> <span class='ocrx_word' id='word_1_167' title='bbox 1655 2109 1794 2166; x_wconf 82' lang='lat' dir='ltr'><strong>velle</strong></span> 
     </span>
    </p>
   </div>
   <div class='ocr_carea' id='block_1_25' title="bbox 189 2193 1794 2269">
    <p class='ocr_par' dir='ltr' id='par_1_25' title="bbox 189 2193 1794 2269">
     <span class='ocr_line' id='line_1_25' title="bbox 189 2193 1794 2269; baseline 0.004 -21"><span class='ocrx_word' id='word_1_168' title='bbox 189 2193 402 2263; x_wconf 82' lang='lat' dir='ltr'><strong>subjici,</strong></span> <span class='ocrx_word' id='word_1_169' title='bbox 437 2194 486 2250; x_wconf 88' lang='lat' dir='ltr'><strong>si</strong></span> <span class='ocrx_word' id='word_1_170' title='bbox 522 2211 633 2268; x_wconf 86' lang='lat' dir='ltr'><strong>qua</strong></span> <span class='ocrx_word' id='word_1_171' title='bbox 675 2195 836 2268; x_wconf 88' lang='lat' dir='ltr'><strong>culpa</strong></span> <span class='ocrx_word' id='word_1_172' title='bbox 863 2195 919 2251; x_wconf 91' lang='lat' dir='ltr'><strong>in</strong></span> <span class='ocrx_word' id='word_1_173' title='bbox 959 2196 1229 2269; x_wconf 86' lang='lat' dir='ltr'><strong>episcOpis</strong></span> <span class='ocrx_word' id='word_1_174' title='bbox 1285 2197 1576 2265; x_wconf 82' lang='lat' dir='ltr'><strong>invenitur,</strong></span> <span class='ocrx_word' id='word_1_175' title='bbox 1607 2197 1794 2254; x_wconf 90' lang='lat' dir='ltr'><strong>nescio</strong></span> 
     </span>
    </p>
   </div>
   <div class='ocr_carea' id='block_1_26' title="bbox 188 2281 1796 2358">
    <p class='ocr_par' dir='ltr' id='par_1_26' title="bbox 188 2281 1796 2358">
     <span class='ocr_line' id='line_1_26' title="bbox 188 2281 1796 2358; baseline 0.003 -21"><span class='ocrx_word' id='word_1_176' title='bbox 188 2282 310 2354; x_wconf 88' lang='lat' dir='ltr'><strong>quis</strong></span> <span class='ocrx_word' id='word_1_177' title='bbox 337 2281 392 2338; x_wconf 91' lang='lat' dir='ltr'><strong>ei</strong></span> <span class='ocrx_word' id='word_1_178' title='bbox 417 2282 710 2356; x_wconf 84' lang='lat' dir='ltr'><strong>episcOpus</strong></span> <span class='ocrx_word' id='word_1_179' title='bbox 739 2285 1014 2354; x_wconf 84' lang='lat' dir='ltr'><strong>subjectus</strong></span> <span class='ocrx_word' id='word_1_180' title='bbox 1043 2301 1153 2341; x_wconf 89' lang='lat' dir='ltr'><strong>non</strong></span> <span class='ocrx_word' id='word_1_181' title='bbox 1182 2285 1270 2341; x_wconf 89' lang='lat' dir='ltr'><strong>sit.</strong></span> <span class='ocrx_word' id='word_1_182' title='bbox 1307 2287 1441 2342; x_wconf 90' lang='lat' dir='ltr'><strong>Cum</strong></span> <span class='ocrx_word' id='word_1_183' title='bbox 1469 2302 1602 2343; x_wconf 91' lang='lat' dir='ltr'><strong>vero</strong></span> <span class='ocrx_word' id='word_1_184' title='bbox 1631 2286 1796 2358; x_wconf 88' lang='lat' dir='ltr'><strong>culpa</strong></span> 
     </span>
    </p>
   </div>
   <div class='ocr_carea' id='block_1_27' title="bbox 187 2371 1794 2445">
    <p class='ocr_par' dir='ltr' id='par_1_27' title="bbox 187 2371 1794 2445">
     <span class='ocr_line' id='line_1_27' title="bbox 187 2371 1794 2445; baseline 0.002 -20"><span class='ocrx_word' id='word_1_185' title='bbox 187 2387 296 2426; x_wconf 91' lang='lat' dir='ltr'><strong>non</strong></span> <span class='ocrx_word' id='word_1_186' title='bbox 352 2371 543 2445; x_wconf 78' lang='lat' dir='ltr'><strong>exigit,</strong></span> <span class='ocrx_word' id='word_1_187' title='bbox 577 2387 769 2428; x_wconf 90' lang='lat' dir='ltr'><strong>omnes</strong></span> <span class='ocrx_word' id='word_1_188' title='bbox 822 2372 1123 2430; x_wconf 89' lang='lat' dir='ltr'><strong>secundum</strong></span> <span class='ocrx_word' id='word_1_189' title='bbox 1172 2374 1440 2432; x_wconf 89' lang='lat' dir='ltr'><strong>rationem</strong></span> <span class='ocrx_word' id='word_1_190' title='bbox 1481 2374 1794 2432; x_wconf 84' lang='lat' dir='ltr'><strong>humilitatis</strong></span> 
     </span>
    </p>
   </div>
   <div class='ocr_carea' id='block_1_28' title="bbox 188 2477 637 2551">
    <p class='ocr_par' dir='ltr' id='par_1_28' title="bbox 188 2477 637 2551">
     <span class='ocr_line' id='line_1_28' title="bbox 188 2477 637 2551; baseline -0.007 -18"><span class='ocrx_word' id='word_1_191' title='bbox 188 2477 430 2551; x_wconf 61' lang='lat' dir='ltr'><strong>aequales</strong></span> <span class='ocrx_word' id='word_1_192' title='bbox 457 2485 637 2536; x_wconf 59' lang='lat' dir='ltr'><strong>sunt.)</strong></span> 
     </span>
    </p>
   </div>
   <div class='ocr_carea' id='block_1_29' title="bbox 255 2565 1781 2642">
    <p class='ocr_par' dir='ltr' id='par_1_29' title="bbox 255 2565 1781 2642">
     <span class='ocr_line' id='line_1_29' title="bbox 255 2565 1781 2642; baseline 0.002 -20"><span class='ocrx_word' id='word_1_193' title='bbox 255 2567 345 2623; x_wconf 83' lang='lat' dir='ltr'><strong>VI.</strong></span> <span class='ocrx_word' id='word_1_194' title='bbox 397 2568 529 2623; x_wconf 88' lang='lat' dir='ltr'><strong>Post</strong></span> <span class='ocrx_word' id='word_1_195' title='bbox 570 2565 979 2625; x_wconf 88' lang='lat' dir='ltr'><strong>Constantinum</strong></span> <span class='ocrx_word' id='word_1_196' title='bbox 997 2577 1200 2638; x_wconf 90' lang='lat' dir='ltr'><strong>autem,</strong></span> <span class='ocrx_word' id='word_1_197' title='bbox 1232 2569 1437 2642; x_wconf 89' lang='lat' dir='ltr'><strong>quique</strong></span> <span class='ocrx_word' id='word_1_198' title='bbox 1483 2570 1781 2626; x_wconf 87' lang='lat' dir='ltr'><strong>Christiani</strong></span> 
     </span>
    </p>
   </div>
   <div class='ocr_carea' id='block_1_30' title="bbox 190 2657 1792 2730">
    <p class='ocr_par' dir='ltr' id='par_1_30' title="bbox 190 2657 1792 2730">
     <span class='ocr_line' id='line_1_30' title="bbox 190 2657 1792 2730; baseline 0.001 -18"><span class='ocrx_word' id='word_1_199' title='bbox 190 2657 552 2728; x_wconf 85' lang='lat' dir='ltr'><strong>imperatores</strong></span> <span class='ocrx_word' id='word_1_200' title='bbox 571 2700 586 2722; x_wconf 95' lang='lat'><strong>,</strong></span> <span class='ocrx_word' id='word_1_201' title='bbox 615 2657 939 2714; x_wconf 89' lang='lat' dir='ltr'><strong>decessores</strong></span> <span class='ocrx_word' id='word_1_202' title='bbox 993 2674 1060 2714; x_wconf 87' lang='lat' dir='ltr'><strong>ac</strong></span> <span class='ocrx_word' id='word_1_203' title='bbox 1113 2659 1556 2730; x_wconf 65' lang='lat' dir='ltr'><strong>praedecessores</strong></span> <span class='ocrx_word' id='word_1_204' title='bbox 1599 2659 1792 2727; x_wconf 89' lang='lat' dir='ltr'><strong>nostri,</strong></span> 
     </span>
    </p>
   </div>
   <div class='ocr_carea' id='block_1_31' title="bbox 189 2745 1794 2821">
    <p class='ocr_par' dir='ltr' id='par_1_31' title="bbox 189 2745 1794 2821">
     <span class='ocr_line' id='line_1_31' title="bbox 189 2745 1794 2821; baseline 0.003 -22"><span class='ocrx_word' id='word_1_205' title='bbox 189 2745 342 2819; x_wconf 81' lang='lat' dir='ltr'><strong>leges</strong></span> <span class='ocrx_word' id='word_1_206' title='bbox 360 2745 432 2802; x_wconf 93' lang='lat' dir='ltr'><strong>de</strong></span> <span class='ocrx_word' id='word_1_207' title='bbox 454 2745 840 2818; x_wconf 90' lang='lat' dir='ltr'><strong>episcoporum</strong></span> <span class='ocrx_word' id='word_1_208' title='bbox 862 2747 1072 2802; x_wconf 87' lang='lat' dir='ltr'><strong>honore</strong></span> <span class='ocrx_word' id='word_1_209' title='bbox 1100 2763 1164 2803; x_wconf 90' lang='lat' dir='ltr'><strong>ac</strong></span> <span class='ocrx_word' id='word_1_210' title='bbox 1192 2747 1482 2821; x_wconf 88' lang='lat' dir='ltr'><strong>privilegio</strong></span> <span class='ocrx_word' id='word_1_211' title='bbox 1530 2747 1794 2804; x_wconf 79' lang='lat' dir='ltr'><strong>condide-</strong></span> 
     </span>
    </p>
   </div>
   <div class='ocr_carea' id='block_1_32' title="bbox 190 2834 1796 2908">
    <p class='ocr_par' dir='ltr' id='par_1_32' title="bbox 190 2834 1796 2908">
     <span class='ocr_line' id='line_1_32' title="bbox 190 2834 1796 2908; baseline 0.001 -18"><span class='ocrx_word' id='word_1_212' title='bbox 190 2843 332 2890; x_wconf 87' lang='lat' dir='ltr'><strong>runt.</strong></span> <span class='ocrx_word' id='word_1_213' title='bbox 384 2834 642 2902; x_wconf 87' lang='lat' dir='ltr'><strong>Proinde,</strong></span> <span class='ocrx_word' id='word_1_214' title='bbox 673 2835 835 2890; x_wconf 90' lang='lat' dir='ltr'><strong>Pater</strong></span> <span class='ocrx_word' id='word_1_215' title='bbox 893 2836 1254 2902; x_wconf 85' lang='lat' dir='ltr'><strong>sanctissime,</strong></span> <span class='ocrx_word' id='word_1_216' title='bbox 1291 2837 1440 2908; x_wconf 86' lang='lat' dir='ltr'><strong>quia,</strong></span> <span class='ocrx_word' id='word_1_217' title='bbox 1473 2844 1532 2892; x_wconf 90' lang='lat' dir='ltr'><strong>ut</strong></span> <span class='ocrx_word' id='word_1_218' title='bbox 1577 2844 1796 2893; x_wconf 88' lang='lat' dir='ltr'><strong>sanctus</strong></span> 
     </span>
    </p>
   </div>
   <div class='ocr_carea' id='block_1_33' title="bbox 196 2923 1797 2998">
    <p class='ocr_par' dir='ltr' id='par_1_33' title="bbox 196 2923 1797 2998">
     <span class='ocr_line' id='line_1_33' title="bbox 196 2923 1797 2998; baseline 0.001 -20"><span class='ocrx_word' id='word_1_219' title='bbox 196 2923 449 2980; x_wconf 79' lang='lat' dir='ltr'><strong>Gclasius</strong></span> <span class='ocrx_word' id='word_1_220' title='bbox 477 2923 613 2980; x_wconf 92' lang='lat' dir='ltr'><strong>dicit</strong></span> <span class='ocrx_word' id='word_1_221' title='bbox 643 2925 830 2996; x_wconf 84' lang='lat' dir='ltr'><strong>(epist.</strong></span> <span class='ocrx_word' id='word_1_222' title='bbox 868 2927 953 2993; x_wconf 74' lang='lat'><strong>10,</strong></span> <span class='ocrx_word' id='word_1_223' title='bbox 987 2925 1060 2980; x_wconf 85' lang='lat' dir='ltr'><strong>ad</strong></span> <span class='ocrx_word' id='word_1_224' title='bbox 1087 2925 1500 2998; x_wconf 80' lang='lat' dir='ltr'><strong>Anastasium),</strong></span> <span class='ocrx_word' id='word_1_225' title='bbox 1531 2926 1642 2982; x_wconf 93' lang='lat' dir='ltr'><strong>duo</strong></span> <span class='ocrx_word' id='word_1_226' title='bbox 1671 2933 1797 2982; x_wconf 88' lang='lat' dir='ltr'><strong>sunt</strong></span> 
     </span>
    </p>
   </div>
   <div class='ocr_carea' id='block_1_34' title="bbox 196 3012 1796 3086">
    <p class='ocr_par' dir='ltr' id='par_1_34' title="bbox 196 3012 1796 3086">
     <span class='ocr_line' id='line_1_34' title="bbox 196 3012 1796 3086; baseline 0.001 -18"><span class='ocrx_word' id='word_1_227' title='bbox 196 3013 388 3084; x_wconf 87' lang='lat' dir='ltr'><strong>quibus</strong></span> <span class='ocrx_word' id='word_1_228' title='bbox 415 3012 796 3084; x_wconf 86' lang='lat' dir='ltr'><strong>principaliter</strong></span> <span class='ocrx_word' id='word_1_229' title='bbox 833 3013 1068 3069; x_wconf 90' lang='lat' dir='ltr'><strong>mundus</strong></span> <span class='ocrx_word' id='word_1_230' title='bbox 1097 3013 1184 3070; x_wconf 91' lang='lat' dir='ltr'><strong>hic</strong></span> <span class='ocrx_word' id='word_1_231' title='bbox 1240 3015 1468 3086; x_wconf 89' lang='lat' dir='ltr'><strong>regitur,</strong></span> <span class='ocrx_word' id='word_1_232' title='bbox 1503 3015 1796 3071; x_wconf 87' lang='lat' dir='ltr'><strong>auctoritas</strong></span> 
     </span>
    </p>
   </div>
   <div class='ocr_carea' id='block_1_35' title="bbox 194 3099 1794 3176">
    <p class='ocr_par' dir='ltr' id='par_1_35' title="bbox 194 3099 1794 3176">
     <span class='ocr_line' id='line_1_35' title="bbox 194 3099 1794 3176; baseline 0.001 -18"><span class='ocrx_word' id='word_1_233' title='bbox 194 3117 349 3158; x_wconf 80' lang='lat' dir='ltr'><strong>sacra</strong></span> <span class='ocrx_word' id='word_1_234' title='bbox 395 3099 740 3174; x_wconf 83' lang='lat' dir='ltr'><strong>pontiﬁcum,</strong></span> <span class='ocrx_word' id='word_1_235' title='bbox 773 3109 826 3158; x_wconf 88' lang='lat' dir='ltr'><strong>et</strong></span> <span class='ocrx_word' id='word_1_236' title='bbox 851 3102 1057 3176; x_wconf 78' lang='lat' dir='ltr'><strong>regalis</strong></span> <span class='ocrx_word' id='word_1_237' title='bbox 1103 3111 1366 3174; x_wconf 86' lang='lat' dir='ltr'><strong>potestas,</strong></span> <span class='ocrx_word' id='word_1_238' title='bbox 1415 3105 1487 3159; x_wconf 90' lang='lat' dir='ltr'><strong>ad</strong></span> <span class='ocrx_word' id='word_1_239' title='bbox 1513 3118 1649 3176; x_wconf 88' lang='lat' dir='ltr'><strong>quas</strong></span> <span class='ocrx_word' id='word_1_240' title='bbox 1693 3119 1794 3175; x_wconf 89' lang='lat' dir='ltr'><strong>ap-</strong></span> 
     </span>
    </p>
   </div>
   <div class='ocr_carea' id='block_1_36' title="bbox 194 3191 1798 3264">
    <p class='ocr_par' dir='ltr' id='par_1_36' title="bbox 194 3191 1798 3264">
     <span class='ocr_line' id='line_1_36' title="bbox 194 3191 1798 3264; baseline 0.002 -19"><span class='ocrx_word' id='word_1_241' title='bbox 194 3191 388 3262; x_wconf 89' lang='lat' dir='ltr'><strong>pellari</strong></span> <span class='ocrx_word' id='word_1_242' title='bbox 442 3199 655 3263; x_wconf 87' lang='lat' dir='ltr'><strong>potest,</strong></span> <span class='ocrx_word' id='word_1_243' title='bbox 713 3199 766 3246; x_wconf 92' lang='lat' dir='ltr'><strong>et</strong></span> <span class='ocrx_word' id='word_1_244' title='bbox 798 3207 829 3246; x_wconf 90' lang='lat' dir='ltr'><strong>a</strong></span> <span class='ocrx_word' id='word_1_245' title='bbox 859 3192 1058 3264; x_wconf 89' lang='lat' dir='ltr'><strong>quibus</strong></span> <span class='ocrx_word' id='word_1_246' title='bbox 1115 3208 1277 3248; x_wconf 90' lang='lat' dir='ltr'><strong>nemo</strong></span> <span class='ocrx_word' id='word_1_247' title='bbox 1312 3193 1642 3264; x_wconf 89' lang='lat' dir='ltr'><strong>permittitur</strong></span> <span class='ocrx_word' id='word_1_248' title='bbox 1697 3209 1798 3264; x_wconf 89' lang='lat' dir='ltr'><strong>ap-</strong></span> 
     </span>
    </p>
   </div>
   <div class='ocr_carea' id='block_1_37' title="bbox 190 3279 1799 3353">
    <p class='ocr_par' dir='ltr' id='par_1_37' title="bbox 190 3279 1799 3353">
     <span class='ocr_line' id='line_1_37' title="bbox 190 3279 1799 3353; baseline 0.001 -19"><span class='ocrx_word' id='word_1_249' title='bbox 190 3279 398 3351; x_wconf 84' lang='lat' dir='ltr'><strong>pellare</strong></span> <span class='ocrx_word' id='word_1_250' title='bbox 465 3281 569 3335; x_wconf 90' lang='lat' dir='ltr'><strong>sub</strong></span> <span class='ocrx_word' id='word_1_251' title='bbox 631 3279 806 3336; x_wconf 89' lang='lat' dir='ltr'><strong>oculis</strong></span> <span class='ocrx_word' id='word_1_252' title='bbox 855 3279 1087 3337; x_wconf 88' lang='lat' dir='ltr'><strong>districti</strong></span> <span class='ocrx_word' id='word_1_253' title='bbox 1142 3289 1197 3338; x_wconf 91' lang='lat' dir='ltr'><strong>et</strong></span> <span class='ocrx_word' id='word_1_254' title='bbox 1251 3281 1549 3353; x_wconf 73' lang='lat' dir='ltr'><strong>aequissimi</strong></span> <span class='ocrx_word' id='word_1_255' title='bbox 1599 3281 1799 3351; x_wconf 90' lang='lat' dir='ltr'><strong>judicis</strong></span> 
     </span>
    </p>
   </div>
   <div class='ocr_carea' id='block_1_38' title="bbox 193 3368 1802 3441">
    <p class='ocr_par' dir='ltr' id='par_1_38' title="bbox 193 3368 1802 3441">
     <span class='ocr_line' id='line_1_38' title="bbox 193 3368 1802 3441; baseline 0.001 -17"><span class='ocrx_word' id='word_1_256' title='bbox 193 3369 312 3439; x_wconf 90' lang='lat' dir='ltr'><strong>Dei,</strong></span> <span class='ocrx_word' id='word_1_257' title='bbox 342 3368 438 3441; x_wconf 86' lang='lat' dir='ltr'><strong>qui</strong></span> <span class='ocrx_word' id='word_1_258' title='bbox 468 3368 589 3425; x_wconf 90' lang='lat' dir='ltr'><strong>sine</strong></span> <span class='ocrx_word' id='word_1_259' title='bbox 616 3383 980 3440; x_wconf 89' lang='lat' dir='ltr'><strong>personarum</strong></span> <span class='ocrx_word' id='word_1_260' title='bbox 1009 3370 1327 3441; x_wconf 91' lang='lat' dir='ltr'><strong>acceptione</strong></span> <span class='ocrx_word' id='word_1_261' title='bbox 1350 3369 1576 3438; x_wconf 88' lang='lat' dir='ltr'><strong>judicat,</strong></span> <span class='ocrx_word' id='word_1_262' title='bbox 1617 3379 1802 3426; x_wconf 86' lang='lat' dir='ltr'><strong>nostra</strong></span> 
     </span>
    </p>
   </div>
   <div class='ocr_carea' id='block_1_39' title="bbox 193 3457 1802 3530">
    <p class='ocr_par' dir='ltr' id='par_1_39' title="bbox 193 3457 1802 3530">
     <span class='ocr_line' id='line_1_39' title="bbox 193 3457 1802 3530; baseline 0.001 -18"><span class='ocrx_word' id='word_1_263' title='bbox 193 3458 562 3528; x_wconf 88' lang='lat' dir='ltr'><strong>ponderemus</strong></span> <span class='ocrx_word' id='word_1_264' title='bbox 595 3457 803 3526; x_wconf 89' lang='lat' dir='ltr'><strong>judicia</strong></span> <span class='ocrx_word' id='word_1_265' title='bbox 838 3475 851 3511; x_wconf 92' lang='lat'>:</span> <span class='ocrx_word' id='word_1_266' title='bbox 883 3457 1008 3530; x_wconf 89' lang='lat' dir='ltr'><strong>quia</strong></span> <span class='ocrx_word' id='word_1_267' title='bbox 1040 3459 1144 3514; x_wconf 90' lang='lat' dir='ltr'><strong>etsi</strong></span> <span class='ocrx_word' id='word_1_268' title='bbox 1189 3458 1508 3530; x_wconf 87' lang='lat' dir='ltr'><strong>plerumque</strong></span> <span class='ocrx_word' id='word_1_269' title='bbox 1562 3458 1802 3514; x_wconf 81' lang='lat' dir='ltr'><strong>existunt</strong></span> 
     </span>
    </p>
   </div>
   <div class='ocr_carea' id='block_1_40' title="bbox 192 3545 1802 3620">
    <p class='ocr_par' dir='ltr' id='par_1_40' title="bbox 192 3545 1802 3620">
     <span class='ocr_line' id='line_1_40' title="bbox 192 3545 1802 3620; baseline 0.003 -21"><span class='ocrx_word' id='word_1_270' title='bbox 192 3545 334 3602; x_wconf 90' lang='lat' dir='ltr'><strong>inter</strong></span> <span class='ocrx_word' id='word_1_271' title='bbox 372 3546 724 3620; x_wconf 75' lang='lat' dir='ltr'><strong>negligentes</strong></span> <span class='ocrx_word' id='word_1_272' title='bbox 769 3547 857 3602; x_wconf 90' lang='lat' dir='ltr'><strong>vel</strong></span> <span class='ocrx_word' id='word_1_273' title='bbox 897 3547 1120 3603; x_wconf 89' lang='lat' dir='ltr'><strong>desides</strong></span> <span class='ocrx_word' id='word_1_274' title='bbox 1149 3547 1369 3619; x_wconf 82' lang='lat' dir='ltr'><strong>fratres,</strong></span> <span class='ocrx_word' id='word_1_275' title='bbox 1403 3564 1524 3619; x_wconf 64' lang='lat' dir='ltr'><strong>quae</strong></span> <span class='ocrx_word' id='word_1_276' title='bbox 1554 3555 1802 3619; x_wconf 87' lang='lat' dir='ltr'><strong>oporteat</strong></span> 
     </span>
    </p>
   </div>
   <div class='ocr_carea' id='block_1_41' title="bbox 191 3635 1802 3705">
    <p class='ocr_par' dir='ltr' id='par_1_41' title="bbox 191 3635 1802 3705">
     <span class='ocr_line' id='line_1_41' title="bbox 191 3635 1802 3705; baseline 0.001 -15"><span class='ocrx_word' id='word_1_277' title='bbox 191 3637 400 3705; x_wconf 86' lang='lat' dir='ltr'><strong>majore</strong></span> <span class='ocrx_word' id='word_1_278' title='bbox 419 3635 750 3692; x_wconf 86' lang='lat' dir='ltr'><strong>auctoritate</strong></span> <span class='ocrx_word' id='word_1_279' title='bbox 769 3637 972 3703; x_wconf 89' lang='lat' dir='ltr'><strong>curari,</strong></span> <span class='ocrx_word' id='word_1_280' title='bbox 1001 3658 1024 3688; x_wconf 73' lang='grc' dir='ltr'><strong>α</strong></span> <span class='ocrx_word' id='word_1_281' title='bbox 1061 3636 1145 3692; x_wconf 90' lang='lat' dir='ltr'><strong>sic</strong></span> <span class='ocrx_word' id='word_1_282' title='bbox 1163 3644 1344 3693; x_wconf 87' lang='lat' dir='ltr'><strong>tamen</strong></span> <span class='ocrx_word' id='word_1_283' title='bbox 1373 3645 1474 3704; x_wconf 90' lang='lat' dir='ltr'><strong>est,</strong></span> <span class='ocrx_word' id='word_1_284' title='bbox 1497 3645 1557 3692; x_wconf 90' lang='lat' dir='ltr'><strong>ut</strong></span> <span class='ocrx_word' id='word_1_285' title='bbox 1580 3645 1802 3694; x_wconf 89' lang='lat' dir='ltr'><strong>sanctus</strong></span> 
     </span>
    </p>
   </div>
   <div class='ocr_carea' id='block_1_42' title="bbox 195 3724 1800 3799">
    <p class='ocr_par' dir='ltr' id='par_1_42' title="bbox 195 3724 1800 3799">
     <span class='ocr_line' id='line_1_42' title="bbox 195 3724 1800 3799; baseline 0 -19"><span class='ocrx_word' id='word_1_286' title='bbox 195 3725 300 3781; x_wconf 90' lang='lat' dir='ltr'><strong>Leo</strong></span> <span class='ocrx_word' id='word_1_287' title='bbox 345 3724 482 3782; x_wconf 87' lang='lat' dir='ltr'><strong>dicit</strong></span> <span class='ocrx_word' id='word_1_288' title='bbox 512 3727 624 3796; x_wconf 84' lang='lat' dir='ltr'><strong>(ep.</strong></span> <span class='ocrx_word' id='word_1_289' title='bbox 679 3729 767 3792; x_wconf 89' lang='lat'><strong>88,</strong></span> <span class='ocrx_word' id='word_1_290' title='bbox 797 3727 870 3781; x_wconf 87' lang='lat' dir='ltr'><strong>ad</strong></span> <span class='ocrx_word' id='word_1_291' title='bbox 897 3725 1310 3799; x_wconf 83' lang='lat' dir='ltr'><strong>Anastasium),</strong></span> <span class='ocrx_word' id='word_1_292' title='bbox 1341 3727 1649 3782; x_wconf 85' lang='lat' dir='ltr'><strong>adhibenda</strong></span> <span class='ocrx_word' id='word_1_293' title='bbox 1675 3741 1800 3783; x_wconf 86' lang='lat' dir='ltr'><strong>cor-</strong></span> 
     </span>
    </p>
   </div>
   <div class='ocr_carea' id='block_1_43' title="bbox 194 3814 1802 3887">
    <p class='ocr_par' dir='ltr' id='par_1_43' title="bbox 194 3814 1802 3887">
     <span class='ocr_line' id='line_1_43' title="bbox 194 3814 1802 3887; baseline 0.002 -20"><span class='ocrx_word' id='word_1_294' title='bbox 194 3815 382 3882; x_wconf 89' lang='lat' dir='ltr'><strong>rectio,</strong></span> <span class='ocrx_word' id='word_1_295' title='bbox 415 3822 478 3869; x_wconf 90' lang='lat' dir='ltr'><strong>ut</strong></span> <span class='ocrx_word' id='word_1_296' title='bbox 534 3829 752 3884; x_wconf 89' lang='lat' dir='ltr'><strong>semper</strong></span> <span class='ocrx_word' id='word_1_297' title='bbox 805 3814 876 3868; x_wconf 87' lang='lat' dir='ltr'><strong>sit</strong></span> <span class='ocrx_word' id='word_1_298' title='bbox 911 3815 1067 3870; x_wconf 85' lang='lat' dir='ltr'><strong>salva</strong></span> <span class='ocrx_word' id='word_1_299' title='bbox 1122 3815 1362 3882; x_wconf 88' lang='lat' dir='ltr'><strong>dilectio,</strong></span> <span class='ocrx_word' id='word_1_300' title='bbox 1391 3824 1446 3870; x_wconf 91' lang='lat' dir='ltr'><strong>et</strong></span> <span class='ocrx_word' id='word_1_301' title='bbox 1489 3815 1612 3887; x_wconf 91' lang='lat' dir='ltr'><strong>plus</strong></span> <span class='ocrx_word' id='word_1_302' title='bbox 1669 3831 1802 3887; x_wconf 85' lang='lat' dir='ltr'><strong>erga</strong></span> 
     </span>
    </p>
   </div>
   <div class='ocr_carea' id='block_1_44' title="bbox 197 3902 1802 3976">
    <p class='ocr_par' dir='ltr' id='par_1_44' title="bbox 197 3902 1802 3976">
     <span class='ocr_line' id='line_1_44' title="bbox 197 3902 1802 3976; baseline 0 -18"><span class='ocrx_word' id='word_1_303' title='bbox 197 3903 557 3976; x_wconf 87' lang='lat' dir='ltr'><strong>corrigendos</strong></span> <span class='ocrx_word' id='word_1_304' title='bbox 587 3910 719 3974; x_wconf 86' lang='lat' dir='ltr'><strong>agat</strong></span> <span class='ocrx_word' id='word_1_305' title='bbox 761 3902 1144 3959; x_wconf 81' lang='lat' dir='ltr'><strong>benevolentia</strong></span> <span class='ocrx_word' id='word_1_306' title='bbox 1174 3919 1334 3975; x_wconf 88' lang='lat' dir='ltr'><strong>quam</strong></span> <span class='ocrx_word' id='word_1_307' title='bbox 1363 3903 1646 3971; x_wconf 85' lang='lat' dir='ltr'><strong>severitas,</strong></span> <span class='ocrx_word' id='word_1_308' title='bbox 1679 3904 1802 3975; x_wconf 88' lang='lat' dir='ltr'><strong>plus</strong></span> 
     </span>
    </p>
   </div>
   <div class='ocr_carea' id='block_1_45' title="bbox 195 3991 1800 4065">
    <p class='ocr_par' dir='ltr' id='par_1_45' title="bbox 195 3991 1800 4065">
     <span class='ocr_line' id='line_1_45' title="bbox 195 3991 1800 4065; baseline 0.001 -18"><span class='ocrx_word' id='word_1_309' title='bbox 195 3991 495 4048; x_wconf 77' lang='lat' dir='ltr'><strong>cohortatio</strong></span> <span class='ocrx_word' id='word_1_310' title='bbox 526 4006 693 4062; x_wconf 88' lang='lat' dir='ltr'><strong>quam</strong></span> <span class='ocrx_word' id='word_1_311' title='bbox 711 3992 1023 4059; x_wconf 89' lang='lat' dir='ltr'><strong>commotio,</strong></span> <span class='ocrx_word' id='word_1_312' title='bbox 1071 3993 1194 4064; x_wconf 93' lang='lat' dir='ltr'><strong>plus</strong></span> <span class='ocrx_word' id='word_1_313' title='bbox 1225 3993 1458 4048; x_wconf 86' lang='lat' dir='ltr'><strong>charitas</strong></span> <span class='ocrx_word' id='word_1_314' title='bbox 1501 4008 1666 4065; x_wconf 89' lang='lat' dir='ltr'><strong>quam</strong></span> <span class='ocrx_word' id='word_1_315' title='bbox 1695 4009 1800 4064; x_wconf 91' lang='lat' dir='ltr'><strong>po-</strong></span> 
     </span>
    </p>
   </div>
   <div class='ocr_carea' id='block_1_46' title="bbox 194 4079 1803 4152">
    <p class='ocr_par' dir='ltr' id='par_1_46' title="bbox 194 4079 1803 4152">
     <span class='ocr_line' id='line_1_46' title="bbox 194 4079 1803 4152; baseline 0 -17"><span class='ocrx_word' id='word_1_316' title='bbox 194 4086 378 4136; x_wconf 86' lang='lat' dir='ltr'><strong>testas.</strong></span> <span class='ocrx_word' id='word_1_317' title='bbox 439 4101 462 4130; x_wconf 74' lang='grc'><strong>»</strong></span> <span class='ocrx_word' id='word_1_318' title='bbox 519 4079 826 4152; x_wconf 88' lang='lat' dir='ltr'><strong>Episcopos</strong></span> <span class='ocrx_word' id='word_1_319' title='bbox 883 4095 1018 4137; x_wconf 88' lang='lat' dir='ltr'><strong>sane</strong></span> <span class='ocrx_word' id='word_1_320' title='bbox 1063 4081 1120 4136; x_wconf 91' lang='lat' dir='ltr'><strong>in</strong></span> <span class='ocrx_word' id='word_1_321' title='bbox 1171 4097 1272 4136; x_wconf 88' lang='lat' dir='ltr'><strong>suo</strong></span> <span class='ocrx_word' id='word_1_322' title='bbox 1319 4089 1460 4138; x_wconf 92' lang='lat' dir='ltr'><strong>statu</strong></span> <span class='ocrx_word' id='word_1_323' title='bbox 1517 4090 1803 4138; x_wconf 91' lang='lat' dir='ltr'><strong>manentes</strong></span> 
     </span>
    </p>
   </div>
   <div class='ocr_carea' id='block_1_47' title="bbox 199 4167 1802 4242">
    <p class='ocr_par' dir='ltr' id='par_1_47' title="bbox 199 4167 1802 4242">
     <span class='ocr_line' id='line_1_47' title="bbox 199 4167 1802 4242; baseline 0.002 -19"><span class='ocrx_word' id='word_1_324' title='bbox 199 4167 376 4224; x_wconf 89' lang='lat' dir='ltr'><strong>debita</strong></span> <span class='ocrx_word' id='word_1_325' title='bbox 405 4169 760 4226; x_wconf 87' lang='lat' dir='ltr'><strong>veneratione</strong></span> <span class='ocrx_word' id='word_1_326' title='bbox 806 4169 1072 4238; x_wconf 89' lang='lat' dir='ltr'><strong>colamus,</strong></span> <span class='ocrx_word' id='word_1_327' title='bbox 1101 4178 1155 4226; x_wconf 91' lang='lat' dir='ltr'><strong>et</strong></span> <span class='ocrx_word' id='word_1_328' title='bbox 1181 4187 1212 4224; x_wconf 89' lang='lat' dir='ltr'><strong>a</strong></span> <span class='ocrx_word' id='word_1_329' title='bbox 1239 4170 1399 4227; x_wconf 91' lang='lat' dir='ltr'><strong>nobis</strong></span> <span class='ocrx_word' id='word_1_330' title='bbox 1443 4171 1524 4228; x_wconf 89' lang='lat' dir='ltr'><strong>eis</strong></span> <span class='ocrx_word' id='word_1_331' title='bbox 1575 4186 1802 4242; x_wconf 87' lang='lat' dir='ltr'><strong>compe-</strong></span> 
     </span>
    </p>
   </div>
   <div class='ocr_carea' id='block_1_48' title="bbox 198 4259 1804 4332">
    <p class='ocr_par' dir='ltr' id='par_1_48' title="bbox 198 4259 1804 4332">
     <span class='ocr_line' id='line_1_48' title="bbox 198 4259 1804 4332; baseline 0.002 -20"><span class='ocrx_word' id='word_1_332' title='bbox 198 4259 324 4312; x_wconf 86' lang='lat' dir='ltr'><strong>tenti</strong></span> <span class='ocrx_word' id='word_1_333' title='bbox 351 4259 567 4314; x_wconf 90' lang='lat' dir='ltr'><strong>honore</strong></span> <span class='ocrx_word' id='word_1_334' title='bbox 596 4259 867 4330; x_wconf 89' lang='lat' dir='ltr'><strong>impenso,</strong></span> <span class='ocrx_word' id='word_1_335' title='bbox 915 4259 1130 4316; x_wconf 83' lang='lat' dir='ltr'><strong>caeteris</strong></span> <span class='ocrx_word' id='word_1_336' title='bbox 1154 4259 1464 4332; x_wconf 84' lang='lat' dir='ltr'><strong>exemplum</strong></span> <span class='ocrx_word' id='word_1_337' title='bbox 1484 4259 1804 4316; x_wconf 68' lang='lat' dir='ltr'><strong>reverentiae</strong></span> 
     </span>
    </p>
   </div>
   <div class='ocr_carea' id='block_1_49' title="bbox 199 4347 1804 4420">
    <p class='ocr_par' dir='ltr' id='par_1_49' title="bbox 199 4347 1804 4420">
     <span class='ocr_line' id='line_1_49' title="bbox 199 4347 1804 4420; baseline 0.002 -20"><span class='ocrx_word' id='word_1_338' title='bbox 199 4361 331 4420; x_wconf 82' lang='lat' dir='ltr'><strong>erga</strong></span> <span class='ocrx_word' id='word_1_339' title='bbox 361 4347 760 4404; x_wconf 84' lang='lat' dir='ltr'><strong>sacerdotalem</strong></span> <span class='ocrx_word' id='word_1_340' title='bbox 782 4348 1033 4404; x_wconf 89' lang='lat' dir='ltr'><strong>ordinem</strong></span> <span class='ocrx_word' id='word_1_341' title='bbox 1052 4349 1393 4420; x_wconf 69' lang='lat' dir='ltr'><strong>praebeamus</strong></span> <span class='ocrx_word' id='word_1_342' title='bbox 1422 4365 1436 4404; x_wconf 92' lang='lat'>:</span> <span class='ocrx_word' id='word_1_343' title='bbox 1471 4349 1599 4420; x_wconf 89' lang='lat' dir='ltr'><strong>quia</strong></span> <span class='ocrx_word' id='word_1_344' title='bbox 1625 4349 1673 4404; x_wconf 90' lang='lat' dir='ltr'><strong>si</strong></span> <span class='ocrx_word' id='word_1_345' title='bbox 1703 4360 1804 4404; x_wconf 87' lang='lat' dir='ltr'><strong>nos</strong></span> 
     </span>
    </p>
   </div>
   <div class='ocr_carea' id='block_1_50' title="bbox 1898 421 3492 498">
    <p class='ocr_par' dir='ltr' id='par_1_50' title="bbox 1898 421 3492 498">
     <span class='ocr_line' id='line_1_50' title="bbox 1898 421 3492 498; baseline 0.003 -22"><span class='ocrx_word' id='word_1_346' title='bbox 1898 421 2004 492; x_wconf 89' lang='lat' dir='ltr'><strong>plis</strong></span> <span class='ocrx_word' id='word_1_347' title='bbox 2025 422 2434 490; x_wconf 87' lang='lat' dir='ltr'><strong>destruxerunt,</strong></span> <span class='ocrx_word' id='word_1_348' title='bbox 2466 423 2548 479; x_wconf 89' lang='lat' dir='ltr'><strong>rei</strong></span> <span class='ocrx_word' id='word_1_349' title='bbox 2576 431 2720 480; x_wconf 90' lang='lat' dir='ltr'><strong>sunt.</strong></span> <span class='ocrx_word' id='word_1_350' title='bbox 2777 425 2845 479; x_wconf 91' lang='lat' dir='ltr'><strong>Et</strong></span> <span class='ocrx_word' id='word_1_351' title='bbox 2875 432 3084 492; x_wconf 90' lang='lat' dir='ltr'><strong>contra,</strong></span> <span class='ocrx_word' id='word_1_352' title='bbox 3113 434 3242 498; x_wconf 90' lang='lat' dir='ltr'><strong>quot</strong></span> <span class='ocrx_word' id='word_1_353' title='bbox 3273 443 3373 484; x_wconf 92' lang='lat' dir='ltr'><strong>suo</strong></span> <span class='ocrx_word' id='word_1_354' title='bbox 3404 426 3492 484; x_wconf 89' lang='lat' dir='ltr'><strong>vel</strong></span> 
     </span>
    </p>
   </div>
   <div class='ocr_carea' id='block_1_51' title="bbox 1898 510 3490 584">
    <p class='ocr_par' dir='ltr' id='par_1_51' title="bbox 1898 510 3490 584">
     <span class='ocr_line' id='line_1_51' title="bbox 1898 510 3490 584; baseline 0.003 -19"><span class='ocrx_word' id='word_1_355' title='bbox 1898 510 2089 577; x_wconf 91' lang='lat' dir='ltr'><strong>verbo,</strong></span> <span class='ocrx_word' id='word_1_356' title='bbox 2133 511 2223 568; x_wconf 86' lang='lat' dir='ltr'><strong>vel</strong></span> <span class='ocrx_word' id='word_1_357' title='bbox 2278 512 2548 584; x_wconf 90' lang='lat' dir='ltr'><strong>exemplo,</strong></span> <span class='ocrx_word' id='word_1_358' title='bbox 2580 510 2667 568; x_wconf 93' lang='lat' dir='ltr'><strong>vel</strong></span> <span class='ocrx_word' id='word_1_359' title='bbox 2695 512 2892 584; x_wconf 89' lang='lat' dir='ltr'><strong>quibus</strong></span> <span class='ocrx_word' id='word_1_360' title='bbox 2946 521 3184 584; x_wconf 86' lang='lat' dir='ltr'><strong>potestas</strong></span> <span class='ocrx_word' id='word_1_361' title='bbox 3225 522 3309 569; x_wconf 90' lang='lat' dir='ltr'><strong>est</strong></span> <span class='ocrx_word' id='word_1_362' title='bbox 3363 515 3490 570; x_wconf 90' lang='lat' dir='ltr'><strong>data</strong></span> 
     </span>
    </p>
   </div>
   <div class='ocr_carea' id='block_1_52' title="bbox 1899 599 3491 674">
    <p class='ocr_par' dir='ltr' id='par_1_52' title="bbox 1899 599 3491 674">
     <span class='ocr_line' id='line_1_52' title="bbox 1899 599 3491 674; baseline 0.003 -20"><span class='ocrx_word' id='word_1_363' title='bbox 1899 599 2261 670; x_wconf 89' lang='lat' dir='ltr'><strong>correptionis</strong></span> <span class='ocrx_word' id='word_1_364' title='bbox 2309 601 2675 672; x_wconf 86' lang='lat' dir='ltr'><strong>correptione,</strong></span> <span class='ocrx_word' id='word_1_365' title='bbox 2731 600 2860 674; x_wconf 87' lang='lat' dir='ltr'><strong>quia</strong></span> <span class='ocrx_word' id='word_1_366' title='bbox 2919 617 3066 672; x_wconf 75' lang='lat' dir='ltr'><strong>saepe</strong></span> <span class='ocrx_word' id='word_1_367' title='bbox 3111 601 3290 658; x_wconf 88' lang='lat' dir='ltr'><strong>invitis</strong></span> <span class='ocrx_word' id='word_1_368' title='bbox 3346 603 3491 660; x_wconf 92' lang='lat' dir='ltr'><strong>bona</strong></span> 
     </span>
    </p>
   </div>
   <div class='ocr_carea' id='block_1_53' title="bbox 1898 688 3491 760">
    <p class='ocr_par' dir='ltr' id='par_1_53' title="bbox 1898 688 3491 760">
     <span class='ocr_line' id='line_1_53' title="bbox 1898 688 3491 760; baseline 0.003 -18"><span class='ocrx_word' id='word_1_369' title='bbox 1898 696 2240 757; x_wconf 68' lang='lat' dir='ltr'><strong>praestantur,</strong></span> <span class='ocrx_word' id='word_1_370' title='bbox 2273 689 2488 746; x_wconf 91' lang='lat' dir='ltr'><strong>dicente</strong></span> <span class='ocrx_word' id='word_1_371' title='bbox 2515 704 2730 746; x_wconf 91' lang='lat' dir='ltr'><strong>summo</strong></span> <span class='ocrx_word' id='word_1_372' title='bbox 2743 688 3132 760; x_wconf 83' lang='lat' dir='ltr'><strong>patrefamilias</strong></span> <span class='ocrx_word' id='word_1_373' title='bbox 3151 691 3222 745; x_wconf 89' lang='lat' dir='ltr'><strong>ad</strong></span> <span class='ocrx_word' id='word_1_374' title='bbox 3253 707 3491 760; x_wconf 89' lang='lat' dir='ltr'><strong>servum,</strong></span> 
     </span>
    </p>
   </div>
   <div class='ocr_carea' id='block_1_54' title="bbox 1898 776 3494 852">
    <p class='ocr_par' dir='ltr' id='par_1_54' title="bbox 1898 776 3494 852">
     <span class='ocr_line' id='line_1_54' title="bbox 1898 776 3494 852; baseline 0.004 -22"><span class='ocrx_word' id='word_1_375' title='bbox 1898 776 1954 830; x_wconf 92' lang='lat' dir='ltr'><strong>id</strong></span> <span class='ocrx_word' id='word_1_376' title='bbox 1983 783 2064 831; x_wconf 90' lang='lat' dir='ltr'><strong>est</strong></span> <span class='ocrx_word' id='word_1_377' title='bbox 2091 777 2443 848; x_wconf 81' lang='lat' dir='ltr'><strong>praelatorum</strong></span> <span class='ocrx_word' id='word_1_378' title='bbox 2471 779 2699 834; x_wconf 88' lang='lat' dir='ltr'><strong>chorum</strong></span> <span class='ocrx_word' id='word_1_379' title='bbox 2723 797 2736 832; x_wconf 91' lang='lat'><strong>:</strong></span> <span class='ocrx_word' id='word_1_380' title='bbox 2761 780 2872 834; x_wconf 74' lang='lat' dir='ltr'><strong>Exi</strong></span> <span class='ocrx_word' id='word_1_381' title='bbox 2891 778 2998 834; x_wconf 93' lang='lat' dir='ltr'><strong>cito</strong></span> <span class='ocrx_word' id='word_1_382' title='bbox 3011 779 3074 834; x_wconf 83' lang='lat' dir='ltr'><strong>in</strong></span> <span class='ocrx_word' id='word_1_383' title='bbox 3097 781 3215 834; x_wconf 87' lang='lat' dir='ltr'><strong>vias</strong></span> <span class='ocrx_word' id='word_1_384' title='bbox 3238 784 3295 835; x_wconf 86' lang='lat' dir='ltr'><strong>et</strong></span> <span class='ocrx_word' id='word_1_385' title='bbox 3314 795 3494 852; x_wconf 85' lang='lat' dir='ltr'><strong>sepes,</strong></span> 
     </span>
    </p>
   </div>
   <div class='ocr_carea' id='block_1_55' title="bbox 1899 865 3490 940">
    <p class='ocr_par' dir='ltr' id='par_1_55' title="bbox 1899 865 3490 940">
     <span class='ocr_line' id='line_1_55' title="bbox 1899 865 3490 940; baseline 0.001 -20"><span class='ocrx_word' id='word_1_386' title='bbox 1899 869 1955 920; x_wconf 87' lang='lat' dir='ltr'><strong>et</strong></span> <span class='ocrx_word' id='word_1_387' title='bbox 1983 865 2252 936; x_wconf 80' lang='lat' dir='ltr'><strong>compelle</strong></span> <span class='ocrx_word' id='word_1_388' title='bbox 2280 867 2523 938; x_wconf 84' lang='lat' dir='ltr'><strong>intrare,</strong></span> <span class='ocrx_word' id='word_1_389' title='bbox 2555 871 2622 923; x_wconf 85' lang='lat' dir='ltr'><strong>ut</strong></span> <span class='ocrx_word' id='word_1_390' title='bbox 2648 868 2958 940; x_wconf 76' lang='lat' dir='ltr'><strong>impleatur</strong></span> <span class='ocrx_word' id='word_1_391' title='bbox 2976 867 3171 924; x_wconf 85' lang='lat' dir='ltr'><strong>domus</strong></span> <span class='ocrx_word' id='word_1_392' title='bbox 3187 885 3314 924; x_wconf 86' lang='lat' dir='ltr'><strong>mea</strong></span> <span class='ocrx_word' id='word_1_393' title='bbox 3333 868 3490 940; x_wconf 83' lang='lat' dir='ltr'><strong>(Luc.</strong></span> 
     </span>
    </p>
   </div>
   <div class='ocr_carea' id='block_1_56' title="bbox 1899 954 3498 1029">
    <p class='ocr_par' dir='ltr' id='par_1_56' title="bbox 1899 954 3498 1029">
     <span class='ocr_line' id='line_1_56' title="bbox 1899 954 3498 1029; baseline 0.003 -22"><span class='ocrx_word' id='word_1_394' title='bbox 1899 967 2016 1019; x_wconf 83' lang='lat' dir='ltr'><strong>xtv,</strong></span> <span class='ocrx_word' id='word_1_395' title='bbox 2056 955 2168 1023; x_wconf 77' lang='lat'><strong>23),</strong></span> <span class='ocrx_word' id='word_1_396' title='bbox 2226 954 2460 1010; x_wconf 89' lang='lat' dir='ltr'><strong>Domino</strong></span> <span class='ocrx_word' id='word_1_397' title='bbox 2487 955 2678 1011; x_wconf 92' lang='lat' dir='ltr'><strong>lucrati</strong></span> <span class='ocrx_word' id='word_1_398' title='bbox 2707 954 2926 1022; x_wconf 86' lang='lat' dir='ltr'><strong>fuerint,</strong></span> <span class='ocrx_word' id='word_1_399' title='bbox 2960 971 3058 1028; x_wconf 90' lang='lat' dir='ltr'><strong>pro</strong></span> <span class='ocrx_word' id='word_1_400' title='bbox 3115 955 3276 1010; x_wconf 89' lang='lat' dir='ltr'><strong>tantis</strong></span> <span class='ocrx_word' id='word_1_401' title='bbox 3307 954 3498 1029; x_wconf 72' lang='lat' dir='ltr'><strong>gloria:</strong></span> 
     </span>
    </p>
   </div>
   <div class='ocr_carea' id='block_1_57' title="bbox 1899 1043 3497 1114">
    <p class='ocr_par' dir='ltr' id='par_1_57' title="bbox 1899 1043 3497 1114">
     <span class='ocr_line' id='line_1_57' title="bbox 1899 1043 3497 1114; baseline 0.003 -17"><span class='ocrx_word' id='word_1_402' title='bbox 1899 1057 2158 1098; x_wconf 88' lang='lat' dir='ltr'><strong>coronam</strong></span> <span class='ocrx_word' id='word_1_403' title='bbox 2197 1043 2481 1114; x_wconf 89' lang='lat' dir='ltr'><strong>accipient,</strong></span> <span class='ocrx_word' id='word_1_404' title='bbox 2533 1051 2820 1099; x_wconf 90' lang='lat' dir='ltr'><strong>attestante</strong></span> <span class='ocrx_word' id='word_1_405' title='bbox 2874 1043 3136 1114; x_wconf 89' lang='lat' dir='ltr'><strong>Apostolo</strong></span> <span class='ocrx_word' id='word_1_406' title='bbox 3172 1062 3186 1098; x_wconf 91' lang='lat'>:</span> <span class='ocrx_word' id='word_1_407' title='bbox 3223 1045 3329 1112; x_wconf 86' lang='lat' dir='ltr'><strong>Qui</strong></span> <span class='ocrx_word' id='word_1_408' title='bbox 3363 1061 3497 1101; x_wconf 84' lang='lat' dir='ltr'><strong>oon-</strong></span> 
     </span>
    </p>
   </div>
   <div class='ocr_carea' id='block_1_58' title="bbox 1898 1131 3496 1204">
    <p class='ocr_par' dir='ltr' id='par_1_58' title="bbox 1898 1131 3496 1204">
     <span class='ocr_line' id='line_1_58' title="bbox 1898 1131 3496 1204; baseline 0.002 -19"><span class='ocrx_word' id='word_1_409' title='bbox 1898 1131 2043 1186; x_wconf 80' lang='lat' dir='ltr'><strong>verti</strong></span> <span class='ocrx_word' id='word_1_410' title='bbox 2061 1133 2264 1202; x_wconf 79' lang='lat' dir='ltr'><strong>fecerit</strong></span> <span class='ocrx_word' id='word_1_411' title='bbox 2280 1137 2634 1204; x_wconf 83' lang='lat' dir='ltr'><strong>peccatore-m</strong></span> <span class='ocrx_word' id='word_1_412' title='bbox 2649 1133 2716 1188; x_wconf 88' lang='lat' dir='ltr'><strong>ab</strong></span> <span class='ocrx_word' id='word_1_413' title='bbox 2746 1147 2933 1190; x_wconf 86' lang='lat' dir='ltr'><strong>errore</strong></span> <span class='ocrx_word' id='word_1_414' title='bbox 2973 1133 3077 1188; x_wconf 75' lang='lat' dir='ltr'><strong>vice</strong></span> <span class='ocrx_word' id='word_1_415' title='bbox 3095 1149 3234 1199; x_wconf 65' lang='lat' dir='ltr'><strong>sum,</strong></span> <span class='ocrx_word' id='word_1_416' title='bbox 3257 1133 3496 1189; x_wconf 84' lang='lat' dir='ltr'><strong>salvabit</strong></span> 
     </span>
    </p>
   </div>
   <div class='ocr_carea' id='block_1_59' title="bbox 1899 1219 3498 1294">
    <p class='ocr_par' dir='ltr' id='par_1_59' title="bbox 1899 1219 3498 1294">
     <span class='ocr_line' id='line_1_59' title="bbox 1899 1219 3498 1294; baseline 0.003 -20"><span class='ocrx_word' id='word_1_417' title='bbox 1899 1219 2157 1274; x_wconf 81' lang='lat' dir='ltr'><strong>animam</strong></span> <span class='ocrx_word' id='word_1_418' title='bbox 2183 1222 2304 1292; x_wconf 83' lang='lat' dir='ltr'><strong>ejus</strong></span> <span class='ocrx_word' id='word_1_419' title='bbox 2325 1237 2360 1276; x_wconf 90' lang='lat' dir='ltr'><strong>a</strong></span> <span class='ocrx_word' id='word_1_420' title='bbox 2375 1225 2574 1290; x_wconf 85' lang='lat' dir='ltr'><strong>morte,</strong></span> <span class='ocrx_word' id='word_1_421' title='bbox 2600 1225 2658 1278; x_wconf 86' lang='lat' dir='ltr'><strong>et</strong></span> <span class='ocrx_word' id='word_1_422' title='bbox 2675 1222 2890 1294; x_wconf 83' lang='lat' dir='ltr'><strong>aperiet</strong></span> <span class='ocrx_word' id='word_1_423' title='bbox 2917 1221 3354 1279; x_wconf 77' lang='lat' dir='ltr'><strong>multitudinem</strong></span> <span class='ocrx_word' id='word_1_424' title='bbox 3365 1237 3498 1294; x_wconf 83' lang='lat' dir='ltr'><strong>pec-</strong></span> 
     </span>
    </p>
   </div>
   <div class='ocr_carea' id='block_1_60' title="bbox 1899 1309 2606 1381">
    <p class='ocr_par' dir='ltr' id='par_1_60' title="bbox 1899 1309 2606 1381">
     <span class='ocr_line' id='line_1_60' title="bbox 1899 1309 2606 1381; baseline -0.004 -18"><span class='ocrx_word' id='word_1_425' title='bbox 1899 1311 2160 1364; x_wconf 85' lang='lat' dir='ltr'><strong>catorum</strong></span> <span class='ocrx_word' id='word_1_426' title='bbox 2179 1309 2317 1378; x_wconf 82' lang='lat' dir='ltr'><strong>(Jac.</strong></span> <span class='ocrx_word' id='word_1_427' title='bbox 2351 1321 2407 1378; x_wconf 88' lang='lat' dir='ltr'><strong>v,</strong></span> <span class='ocrx_word' id='word_1_428' title='bbox 2441 1310 2554 1381; x_wconf 80' lang='lat'><strong>20).</strong></span> <span class='ocrx_word' id='word_1_429' title='bbox 2583 1329 2606 1360; x_wconf 69' lang='grc' dir='ltr'><strong>ι</strong></span> 
     </span>
    </p>
   </div>
   <div class='ocr_carea' id='block_1_61' title="bbox 1969 1396 3498 1472">
    <p class='ocr_par' dir='ltr' id='par_1_61' title="bbox 1969 1396 3498 1472">
     <span class='ocr_line' id='line_1_61' title="bbox 1969 1396 3498 1472; baseline 0.003 -21"><span class='ocrx_word' id='word_1_430' title='bbox 1969 1396 2084 1451; x_wconf 87' lang='lat' dir='ltr'><strong>VII.</strong></span> <span class='ocrx_word' id='word_1_431' title='bbox 2118 1396 2384 1452; x_wconf 62' lang='lat' dir='ltr'><strong>Caeterum</strong></span> <span class='ocrx_word' id='word_1_432' title='bbox 2413 1397 2540 1469; x_wconf 86' lang='lat' dir='ltr'><strong>quia</strong></span> <span class='ocrx_word' id='word_1_433' title='bbox 2559 1413 2668 1452; x_wconf 89' lang='lat' dir='ltr'><strong>non</strong></span> <span class='ocrx_word' id='word_1_434' title='bbox 2696 1405 2780 1453; x_wconf 91' lang='lat' dir='ltr'><strong>est</strong></span> <span class='ocrx_word' id='word_1_435' title='bbox 2823 1399 2985 1454; x_wconf 89' lang='lat' dir='ltr'><strong>homo</strong></span> <span class='ocrx_word' id='word_1_436' title='bbox 3015 1397 3072 1453; x_wconf 94' lang='lat' dir='ltr'><strong>in</strong></span> <span class='ocrx_word' id='word_1_437' title='bbox 3100 1405 3246 1454; x_wconf 90' lang='lat' dir='ltr'><strong>terra</strong></span> <span class='ocrx_word' id='word_1_438' title='bbox 3276 1397 3367 1472; x_wconf 90' lang='lat' dir='ltr'><strong>qui</strong></span> <span class='ocrx_word' id='word_1_439' title='bbox 3409 1398 3498 1456; x_wconf 81' lang='lat' dir='ltr'><strong>fa-</strong></span> 
     </span>
    </p>
   </div>
   <div class='ocr_carea' id='block_1_62' title="bbox 1899 1483 3496 1558">
    <p class='ocr_par' dir='ltr' id='par_1_62' title="bbox 1899 1483 3496 1558">
     <span class='ocr_line' id='line_1_62' title="bbox 1899 1483 3496 1558; baseline 0.003 -19"><span class='ocrx_word' id='word_1_440' title='bbox 1899 1483 2005 1539; x_wconf 88' lang='lat' dir='ltr'><strong>ciat</strong></span> <span class='ocrx_word' id='word_1_441' title='bbox 2035 1485 2239 1540; x_wconf 88' lang='lat' dir='ltr'><strong>bonum</strong></span> <span class='ocrx_word' id='word_1_442' title='bbox 2285 1493 2338 1540; x_wconf 90' lang='lat' dir='ltr'><strong>et</strong></span> <span class='ocrx_word' id='word_1_443' title='bbox 2365 1501 2474 1540; x_wconf 92' lang='lat' dir='ltr'><strong>non</strong></span> <span class='ocrx_word' id='word_1_444' title='bbox 2516 1495 2724 1558; x_wconf 90' lang='lat' dir='ltr'><strong>peccet,</strong></span> <span class='ocrx_word' id='word_1_445' title='bbox 2759 1494 2810 1541; x_wconf 90' lang='lat' dir='ltr'><strong>et</strong></span> <span class='ocrx_word' id='word_1_446' title='bbox 2843 1502 2947 1542; x_wconf 89' lang='lat' dir='ltr'><strong>nec</strong></span> <span class='ocrx_word' id='word_1_447' title='bbox 2989 1486 3094 1557; x_wconf 91' lang='lat' dir='ltr'><strong>ipsi</strong></span> <span class='ocrx_word' id='word_1_448' title='bbox 3124 1487 3241 1542; x_wconf 90' lang='lat' dir='ltr'><strong>sine</strong></span> <span class='ocrx_word' id='word_1_449' title='bbox 3269 1495 3496 1558; x_wconf 88' lang='lat' dir='ltr'><strong>peccato</strong></span> 
     </span>
    </p>
   </div>
   <div class='ocr_carea' id='block_1_63' title="bbox 1897 1571 3497 1647">
    <p class='ocr_par' dir='ltr' id='par_1_63' title="bbox 1897 1571 3497 1647">
     <span class='ocr_line' id='line_1_63' title="bbox 1897 1571 3497 1647; baseline 0.003 -21"><span class='ocrx_word' id='word_1_450' title='bbox 1897 1571 2111 1628; x_wconf 83' lang='lat' dir='ltr'><strong>fuerunt</strong></span> <span class='ocrx_word' id='word_1_451' title='bbox 2141 1573 2234 1644; x_wconf 92' lang='lat' dir='ltr'><strong>qui</strong></span> <span class='ocrx_word' id='word_1_452' title='bbox 2287 1574 2496 1630; x_wconf 70' lang='lat' dir='ltr'><strong>caelesti</strong></span> <span class='ocrx_word' id='word_1_453' title='bbox 2537 1574 2855 1647; x_wconf 89' lang='lat' dir='ltr'><strong>magisterio</strong></span> <span class='ocrx_word' id='word_1_454' title='bbox 2885 1575 3250 1642; x_wconf 73' lang='lat' dir='ltr'><strong>adhaerebant,</strong></span> <span class='ocrx_word' id='word_1_455' title='bbox 3285 1575 3497 1632; x_wconf 91' lang='lat' dir='ltr'><strong>dicente</strong></span> 
     </span>
    </p>
   </div>
   <div class='ocr_carea' id='block_1_64' title="bbox 1824 1660 3490 1756">
    <p class='ocr_par' dir='ltr' id='par_1_64' title="bbox 1824 1660 3490 1756">
     <span class='ocr_line' id='line_1_64' title="bbox 1824 1660 3490 1756; baseline 0.004 -41"><span class='ocrx_word' id='word_1_456' title='bbox 1824 1697 1878 1756; x_wconf 84' lang='lat' dir='ltr'><strong>B</strong></span> <span class='ocrx_word' id='word_1_457' title='bbox 1896 1660 2104 1718; x_wconf 84' lang='lat' dir='ltr'><strong>Joanne</strong></span> <span class='ocrx_word' id='word_1_458' title='bbox 2133 1679 2147 1717; x_wconf 92' lang='lat'>:</span> <span class='ocrx_word' id='word_1_459' title='bbox 2178 1662 2238 1719; x_wconf 89' lang='lat' dir='ltr'><strong>Si</strong></span> <span class='ocrx_word' id='word_1_460' title='bbox 2253 1663 2572 1720; x_wconf 74' lang='lat' dir='ltr'><strong>dixerimus</strong></span> <span class='ocrx_word' id='word_1_461' title='bbox 2597 1665 2730 1736; x_wconf 82' lang='lat' dir='ltr'><strong>quia</strong></span> <span class='ocrx_word' id='word_1_462' title='bbox 2742 1667 3043 1736; x_wconf 83' lang='lat' dir='ltr'><strong>peccatum</strong></span> <span class='ocrx_word' id='word_1_463' title='bbox 3070 1681 3186 1721; x_wconf 81' lang='lat' dir='ltr'><strong>non</strong></span> <span class='ocrx_word' id='word_1_464' title='bbox 3207 1665 3490 1732; x_wconf 82' lang='lat' dir='ltr'><strong>habemus,</strong></span> 
     </span>
    </p>
   </div>
   <div class='ocr_carea' id='block_1_65' title="bbox 1896 1752 3489 1825">
    <p class='ocr_par' dir='ltr' id='par_1_65' title="bbox 1896 1752 3489 1825">
     <span class='ocr_line' id='line_1_65' title="bbox 1896 1752 3489 1825; baseline 0.001 -19"><span class='ocrx_word' id='word_1_465' title='bbox 1896 1753 2148 1823; x_wconf 80' lang='lat' dir='ltr'><strong>nosipsos</strong></span> <span class='ocrx_word' id='word_1_466' title='bbox 2161 1752 2565 1818; x_wconf 81' lang='lat' dir='ltr'><strong>seducimus,et</strong></span> <span class='ocrx_word' id='word_1_467' title='bbox 2575 1755 2784 1809; x_wconf 82' lang='lat' dir='ltr'><strong>veritas</strong></span> <span class='ocrx_word' id='word_1_468' title='bbox 2801 1753 2864 1808; x_wconf 77' lang='lat' dir='ltr'><strong>in</strong></span> <span class='ocrx_word' id='word_1_469' title='bbox 2879 1752 3037 1808; x_wconf 83' lang='lat' dir='ltr'><strong>nobis</strong></span> <span class='ocrx_word' id='word_1_470' title='bbox 3047 1770 3162 1809; x_wconf 82' lang='lat' dir='ltr'><strong>non</strong></span> <span class='ocrx_word' id='word_1_471' title='bbox 3178 1752 3316 1825; x_wconf 89' lang='lat' dir='ltr'><strong>est(I</strong></span> <span class='ocrx_word' id='word_1_472' title='bbox 3328 1755 3489 1810; x_wconf 82' lang='lat' dir='ltr'><strong>Joan.</strong></span> 
     </span>
    </p>
   </div>
   <div class='ocr_carea' id='block_1_66' title="bbox 1897 1840 3496 1913">
    <p class='ocr_par' dir='ltr' id='par_1_66' title="bbox 1897 1840 3496 1913">
     <span class='ocr_line' id='line_1_66' title="bbox 1897 1840 3496 1913; baseline 0.002 -18"><span class='ocrx_word' id='word_1_473' title='bbox 1897 1854 1935 1906; x_wconf 89' lang='lat' dir='ltr'><strong>I,</strong></span> <span class='ocrx_word' id='word_1_474' title='bbox 1961 1840 2015 1911; x_wconf 92' lang='lat'><strong>8)</strong></span> <span class='ocrx_word' id='word_1_475' title='bbox 2039 1857 2055 1906; x_wconf 89' lang='lat'><strong>;</strong></span> <span class='ocrx_word' id='word_1_476' title='bbox 2087 1847 2140 1894; x_wconf 93' lang='lat' dir='ltr'><strong>et</strong></span> <span class='ocrx_word' id='word_1_477' title='bbox 2167 1841 2403 1896; x_wconf 85' lang='lat' dir='ltr'><strong>Jacobus</strong></span> <span class='ocrx_word' id='word_1_478' title='bbox 2431 1841 2710 1912; x_wconf 87' lang='lat' dir='ltr'><strong>apostolus</strong></span> <span class='ocrx_word' id='word_1_479' title='bbox 2737 1840 2902 1896; x_wconf 90' lang='lat' dir='ltr'><strong>dicit:</strong></span> <span class='ocrx_word' id='word_1_480' title='bbox 2943 1842 3010 1896; x_wconf 83' lang='lat' dir='ltr'><strong>In</strong></span> <span class='ocrx_word' id='word_1_481' title='bbox 3038 1842 3238 1898; x_wconf 81' lang='lat' dir='ltr'><strong>multis</strong></span> <span class='ocrx_word' id='word_1_482' title='bbox 3267 1841 3496 1913; x_wconf 64' lang='lat' dir='ltr'><strong>oﬁ‘endi-</strong></span> 
     </span>
    </p>
   </div>
   <div class='ocr_carea' id='block_1_67' title="bbox 1895 1929 3492 2002">
    <p class='ocr_par' dir='ltr' id='par_1_67' title="bbox 1895 1929 3492 2002">
     <span class='ocr_line' id='line_1_67' title="bbox 1895 1929 3492 2002; baseline 0 -18"><span class='ocrx_word' id='word_1_483' title='bbox 1895 1945 2024 1984; x_wconf 85' lang='lat' dir='ltr'><strong>mus</strong></span> <span class='ocrx_word' id='word_1_484' title='bbox 2044 1945 2234 1986; x_wconf 87' lang='lat' dir='ltr'><strong>omnes</strong></span> <span class='ocrx_word' id='word_1_485' title='bbox 2267 1929 2422 2000; x_wconf 87' lang='lat' dir='ltr'><strong>(Jac.</strong></span> <span class='ocrx_word' id='word_1_486' title='bbox 2475 1945 2558 1997; x_wconf 84' lang='lat' dir='ltr'><strong>ut,</strong></span> <span class='ocrx_word' id='word_1_487' title='bbox 2589 1930 2684 2002; x_wconf 75' lang='lat'><strong>2);</strong></span> <span class='ocrx_word' id='word_1_488' title='bbox 2713 1937 2787 1998; x_wconf 90' lang='lat' dir='ltr'><strong>et,</strong></span> <span class='ocrx_word' id='word_1_489' title='bbox 2838 1937 2896 1985; x_wconf 90' lang='lat' dir='ltr'><strong>ut</strong></span> <span class='ocrx_word' id='word_1_490' title='bbox 2919 1929 3192 2001; x_wconf 88' lang='lat' dir='ltr'><strong>Scriptura</strong></span> <span class='ocrx_word' id='word_1_491' title='bbox 3237 1931 3492 1997; x_wconf 85' lang='lat' dir='ltr'><strong>ostendit,</strong></span> 
     </span>
    </p>
   </div>
   <div class='ocr_carea' id='block_1_68' title="bbox 1895 2015 3494 2090">
    <p class='ocr_par' dir='ltr' id='par_1_68' title="bbox 1895 2015 3494 2090">
     <span class='ocr_line' id='line_1_68' title="bbox 1895 2015 3494 2090; baseline 0.002 -19"><span class='ocrx_word' id='word_1_492' title='bbox 1895 2015 1951 2071; x_wconf 93' lang='lat' dir='ltr'><strong>in</strong></span> <span class='ocrx_word' id='word_1_493' title='bbox 1972 2017 2184 2088; x_wconf 82' lang='lat' dir='ltr'><strong>angelis</strong></span> <span class='ocrx_word' id='word_1_494' title='bbox 2204 2027 2422 2090; x_wconf 87' lang='lat' dir='ltr'><strong>reperta</strong></span> <span class='ocrx_word' id='word_1_495' title='bbox 2436 2025 2519 2074; x_wconf 91' lang='lat' dir='ltr'><strong>est</strong></span> <span class='ocrx_word' id='word_1_496' title='bbox 2533 2017 2776 2090; x_wconf 89' lang='lat' dir='ltr'><strong>nequitia</strong></span> <span class='ocrx_word' id='word_1_497' title='bbox 2796 2019 2816 2088; x_wconf 91' lang='lat'>(</span> <span class='ocrx_word' id='word_1_498' title='bbox 2833 2019 2928 2075; x_wconf 89' lang='lat' dir='ltr'><strong>Job</strong></span> <span class='ocrx_word' id='word_1_499' title='bbox 2949 2033 3025 2087; x_wconf 84' lang='lat' dir='ltr'><strong>IV,</strong></span> <span class='ocrx_word' id='word_1_500' title='bbox 3059 2019 3148 2090; x_wconf 83' lang='grc'><strong>18)</strong></span> <span class='ocrx_word' id='word_1_501' title='bbox 3173 2037 3187 2086; x_wconf 72' lang='grc' dir='ltr'>ς</span> <span class='ocrx_word' id='word_1_502' title='bbox 3220 2018 3267 2073; x_wconf 91' lang='lat' dir='ltr'><strong>si</strong></span> <span class='ocrx_word' id='word_1_503' title='bbox 3295 2033 3494 2074; x_wconf 89' lang='lat' dir='ltr'><strong>neces-</strong></span> 
     </span>
    </p>
   </div>
   <div class='ocr_carea' id='block_1_69' title="bbox 1897 2105 3496 2180">
    <p class='ocr_par' dir='ltr' id='par_1_69' title="bbox 1897 2105 3496 2180">
     <span class='ocr_line' id='line_1_69' title="bbox 1897 2105 3496 2180; baseline 0.001 -20"><span class='ocrx_word' id='word_1_504' title='bbox 1897 2105 2027 2160; x_wconf 90' lang='lat' dir='ltr'><strong>sitas</strong></span> <span class='ocrx_word' id='word_1_505' title='bbox 2055 2123 2176 2162; x_wconf 88' lang='lat' dir='ltr'><strong>cum</strong></span> <span class='ocrx_word' id='word_1_506' title='bbox 2230 2107 2398 2162; x_wconf 91' lang='lat' dir='ltr'><strong>multa</strong></span> <span class='ocrx_word' id='word_1_507' title='bbox 2451 2107 2845 2178; x_wconf 89' lang='lat' dir='ltr'><strong>ponderatione</strong></span> <span class='ocrx_word' id='word_1_508' title='bbox 2889 2114 3052 2180; x_wconf 91' lang='lat' dir='ltr'><strong>atque</strong></span> <span class='ocrx_word' id='word_1_509' title='bbox 3098 2107 3496 2162; x_wconf 88' lang='lat' dir='ltr'><strong>examinatione</strong></span> 
     </span>
    </p>
   </div>
   <div class='ocr_carea' id='block_1_70' title="bbox 1897 2195 3494 2268">
    <p class='ocr_par' dir='ltr' id='par_1_70' title="bbox 1897 2195 3494 2268">
     <span class='ocr_line' id='line_1_70' title="bbox 1897 2195 3494 2268; baseline -0.001 -17"><span class='ocrx_word' id='word_1_510' title='bbox 1897 2195 2138 2268; x_wconf 87' lang='lat' dir='ltr'><strong>coegerit</strong></span> <span class='ocrx_word' id='word_1_511' title='bbox 2165 2196 2454 2268; x_wconf 90' lang='lat' dir='ltr'><strong>episcopos</strong></span> <span class='ocrx_word' id='word_1_512' title='bbox 2481 2197 2550 2252; x_wconf 89' lang='lat' dir='ltr'><strong>ab</strong></span> <span class='ocrx_word' id='word_1_513' title='bbox 2580 2195 2853 2268; x_wconf 90' lang='lat' dir='ltr'><strong>episcopis</strong></span> <span class='ocrx_word' id='word_1_514' title='bbox 2876 2195 3129 2266; x_wconf 88' lang='lat' dir='ltr'><strong>judicari,</strong></span> <span class='ocrx_word' id='word_1_515' title='bbox 3149 2195 3237 2252; x_wconf 90' lang='lat' dir='ltr'><strong>vel</strong></span> <span class='ocrx_word' id='word_1_516' title='bbox 3262 2196 3494 2268; x_wconf 87' lang='lat' dir='ltr'><strong>presby-</strong></span> 
     </span>
    </p>
   </div>
   <div class='ocr_carea' id='block_1_71' title="bbox 1895 2283 3496 2356">
    <p class='ocr_par' dir='ltr' id='par_1_71' title="bbox 1895 2283 3496 2356">
     <span class='ocr_line' id='line_1_71' title="bbox 1895 2283 3496 2356; baseline 0.002 -19"><span class='ocrx_word' id='word_1_517' title='bbox 1895 2291 2043 2340; x_wconf 92' lang='lat' dir='ltr'><strong>teros</strong></span> <span class='ocrx_word' id='word_1_518' title='bbox 2069 2285 2140 2339; x_wconf 89' lang='lat' dir='ltr'><strong>ab</strong></span> <span class='ocrx_word' id='word_1_519' title='bbox 2173 2284 2442 2356; x_wconf 84' lang='lat' dir='ltr'><strong>episcOpis</strong></span> <span class='ocrx_word' id='word_1_520' title='bbox 2471 2300 2506 2340; x_wconf 89' lang='lat' dir='ltr'><strong>a</strong></span> <span class='ocrx_word' id='word_1_521' title='bbox 2531 2285 2708 2356; x_wconf 88' lang='lat' dir='ltr'><strong>gradu</strong></span> <span class='ocrx_word' id='word_1_522' title='bbox 2743 2283 3114 2342; x_wconf 89' lang='lat' dir='ltr'><strong>ecclesiastico</strong></span> <span class='ocrx_word' id='word_1_523' title='bbox 3144 2284 3321 2354; x_wconf 91' lang='lat' dir='ltr'><strong>dejici,</strong></span> <span class='ocrx_word' id='word_1_524' title='bbox 3355 2284 3496 2342; x_wconf 91' lang='lat' dir='ltr'><strong>sicut</strong></span> 
     </span>
    </p>
   </div>
   <div class='ocr_carea' id='block_1_72' title="bbox 1894 2371 3494 2445">
    <p class='ocr_par' dir='ltr' id='par_1_72' title="bbox 1894 2371 3494 2445">
     <span class='ocr_line' id='line_1_72' title="bbox 1894 2371 3494 2445; baseline 0.001 -19"><span class='ocrx_word' id='word_1_525' title='bbox 1894 2371 1951 2427; x_wconf 92' lang='lat' dir='ltr'><strong>in</strong></span> <span class='ocrx_word' id='word_1_526' title='bbox 1970 2372 2349 2445; x_wconf 79' lang='lat' dir='ltr'><strong>honoreatque</strong></span> <span class='ocrx_word' id='word_1_527' title='bbox 2365 2372 2850 2439; x_wconf 87' lang='lat' dir='ltr'><strong>administratione,</strong></span> <span class='ocrx_word' id='word_1_528' title='bbox 2872 2372 2952 2429; x_wconf 92' lang='lat' dir='ltr'><strong>sic</strong></span> <span class='ocrx_word' id='word_1_529' title='bbox 2967 2379 3020 2428; x_wconf 92' lang='lat' dir='ltr'><strong>et</strong></span> <span class='ocrx_word' id='word_1_530' title='bbox 3033 2371 3090 2426; x_wconf 92' lang='lat' dir='ltr'><strong>in</strong></span> <span class='ocrx_word' id='word_1_531' title='bbox 3108 2371 3494 2442; x_wconf 88' lang='lat' dir='ltr'><strong>dijudicatione</strong></span> 
     </span>
    </p>
   </div>
   <div class='ocr_carea' id='block_1_73' title="bbox 1894 2459 3494 2532">
    <p class='ocr_par' dir='ltr' id='par_1_73' title="bbox 1894 2459 3494 2532">
     <span class='ocr_line' id='line_1_73' title="bbox 1894 2459 3494 2532; baseline 0.001 -18"><span class='ocrx_word' id='word_1_532' title='bbox 1894 2467 2051 2532; x_wconf 88' lang='lat' dir='ltr'><strong>atque</strong></span> <span class='ocrx_word' id='word_1_533' title='bbox 2115 2461 2472 2532; x_wconf 88' lang='lat' dir='ltr'><strong>appellatione</strong></span> <span class='ocrx_word' id='word_1_534' title='bbox 2506 2504 2518 2529; x_wconf 93' lang='lat'><strong>,</strong></span> <span class='ocrx_word' id='word_1_535' title='bbox 2551 2461 2936 2517; x_wconf 88' lang='lat' dir='ltr'><strong>discretionem</strong></span> <span class='ocrx_word' id='word_1_536' title='bbox 2989 2459 3280 2517; x_wconf 81' lang='lat' dir='ltr'><strong>auctoritas</strong></span> <span class='ocrx_word' id='word_1_537' title='bbox 3337 2474 3494 2516; x_wconf 86' lang='lat' dir='ltr'><strong>sacra</strong></span> 
     </span>
    </p>
   </div>
   <div class='ocr_carea' id='block_1_74' title="bbox 1895 2547 3490 2620">
    <p class='ocr_par' dir='ltr' id='par_1_74' title="bbox 1895 2547 3490 2620">
     <span class='ocr_line' id='line_1_74' title="bbox 1895 2547 3490 2620; baseline 0 -16"><span class='ocrx_word' id='word_1_538' title='bbox 1895 2548 2156 2618; x_wconf 82' lang='lat' dir='ltr'><strong>distinxit,</strong></span> <span class='ocrx_word' id='word_1_539' title='bbox 2209 2549 2528 2617; x_wconf 90' lang='lat' dir='ltr'><strong>decernens,</strong></span> <span class='ocrx_word' id='word_1_540' title='bbox 2562 2557 2620 2604; x_wconf 92' lang='lat' dir='ltr'><strong>ut</strong></span> <span class='ocrx_word' id='word_1_541' title='bbox 2659 2549 2706 2606; x_wconf 90' lang='lat' dir='ltr'><strong>si</strong></span> <span class='ocrx_word' id='word_1_542' title='bbox 2757 2548 3056 2605; x_wconf 78' lang='lat' dir='ltr'><strong>necessitas</strong></span> <span class='ocrx_word' id='word_1_543' title='bbox 3084 2556 3138 2604; x_wconf 93' lang='lat' dir='ltr'><strong>et</strong></span> <span class='ocrx_word' id='word_1_544' title='bbox 3163 2548 3378 2620; x_wconf 90' lang='lat' dir='ltr'><strong>pondus</strong></span> <span class='ocrx_word' id='word_1_545' title='bbox 3403 2547 3490 2604; x_wconf 90' lang='lat' dir='ltr'><strong>le-</strong></span> 
     </span>
    </p>
   </div>
   <div class='ocr_carea' id='block_1_75' title="bbox 1895 2636 3491 2711">
    <p class='ocr_par' dir='ltr' id='par_1_75' title="bbox 1895 2636 3491 2711">
     <span class='ocr_line' id='line_1_75' title="bbox 1895 2636 3491 2711; baseline -0.001 -18"><span class='ocrx_word' id='word_1_546' title='bbox 1895 2637 2038 2711; x_wconf 90' lang='lat' dir='ltr'><strong>galis</strong></span> <span class='ocrx_word' id='word_1_547' title='bbox 2067 2653 2132 2694; x_wconf 90' lang='lat' dir='ltr'><strong>ac</strong></span> <span class='ocrx_word' id='word_1_548' title='bbox 2161 2638 2432 2711; x_wconf 87' lang='lat' dir='ltr'><strong>regularis</strong></span> <span class='ocrx_word' id='word_1_549' title='bbox 2461 2637 2817 2694; x_wconf 88' lang='lat' dir='ltr'><strong>accusationis</strong></span> <span class='ocrx_word' id='word_1_550' title='bbox 2846 2637 3034 2710; x_wconf 83' lang='lat' dir='ltr'><strong>exigit,</strong></span> <span class='ocrx_word' id='word_1_551' title='bbox 3067 2636 3491 2708; x_wconf 90' lang='lat' dir='ltr'><strong>episcopumju—</strong></span> 
     </span>
    </p>
   </div>
   <div class='ocr_carea' id='block_1_76' title="bbox 1895 2724 3495 2798">
    <p class='ocr_par' dir='ltr' id='par_1_76' title="bbox 1895 2724 3495 2798">
     <span class='ocr_line' id='line_1_76' title="bbox 1895 2724 3495 2798; baseline -0.002 -17"><span class='ocrx_word' id='word_1_552' title='bbox 1895 2725 2066 2782; x_wconf 88' lang='lat' dir='ltr'><strong>dicari</strong></span> <span class='ocrx_word' id='word_1_553' title='bbox 2117 2727 2319 2782; x_wconf 90' lang='lat' dir='ltr'><strong>debere</strong></span> <span class='ocrx_word' id='word_1_554' title='bbox 2373 2742 2407 2782; x_wconf 90' lang='lat' dir='ltr'><strong>a</strong></span> <span class='ocrx_word' id='word_1_555' title='bbox 2449 2725 2562 2782; x_wconf 92' lang='lat' dir='ltr'><strong>suis</strong></span> <span class='ocrx_word' id='word_1_556' title='bbox 2585 2726 2857 2796; x_wconf 88' lang='lat' dir='ltr'><strong>judicibus</strong></span> <span class='ocrx_word' id='word_1_557' title='bbox 2911 2724 3202 2797; x_wconf 90' lang='lat' dir='ltr'><strong>episcopis,</strong></span> <span class='ocrx_word' id='word_1_558' title='bbox 3225 2739 3256 2780; x_wconf 90' lang='lat' dir='ltr'><strong>a</strong></span> <span class='ocrx_word' id='word_1_559' title='bbox 3297 2724 3495 2798; x_wconf 90' lang='lat' dir='ltr'><strong>quibus</strong></span> 
     </span>
    </p>
   </div>
   <div class='ocr_carea' id='block_1_77' title="bbox 1894 2812 3494 2888">
    <p class='ocr_par' dir='ltr' id='par_1_77' title="bbox 1894 2812 3494 2888">
     <span class='ocr_line' id='line_1_77' title="bbox 1894 2812 3494 2888; baseline -0.001 -18"><span class='ocrx_word' id='word_1_560' title='bbox 1894 2814 2219 2888; x_wconf 88' lang='lat' dir='ltr'><strong>regulariter</strong></span> <span class='ocrx_word' id='word_1_561' title='bbox 2261 2831 2367 2870; x_wconf 90' lang='lat' dir='ltr'><strong>una</strong></span> <span class='ocrx_word' id='word_1_562' title='bbox 2425 2831 2550 2871; x_wconf 90' lang='lat' dir='ltr'><strong>cum</strong></span> <span class='ocrx_word' id='word_1_563' title='bbox 2601 2814 2832 2886; x_wconf 89' lang='lat' dir='ltr'><strong>primate</strong></span> <span class='ocrx_word' id='word_1_564' title='bbox 2857 2812 3156 2886; x_wconf 83' lang='lat' dir='ltr'><strong>provinciae</strong></span> <span class='ocrx_word' id='word_1_565' title='bbox 3199 2813 3374 2886; x_wconf 90' lang='lat' dir='ltr'><strong>potuit</strong></span> <span class='ocrx_word' id='word_1_566' title='bbox 3399 2829 3494 2869; x_wconf 92' lang='lat' dir='ltr'><strong>se-</strong></span> 
     </span>
    </p>
   </div>
   <div class='ocr_carea' id='block_1_78' title="bbox 1895 2902 3494 2960">
    <p class='ocr_par' dir='ltr' id='par_1_78' title="bbox 1895 2902 3494 2960">
     <span class='ocr_line' id='line_1_78' title="bbox 1895 2902 3494 2960; baseline -0.001 -1"><span class='ocrx_word' id='word_1_567' title='bbox 1895 2904 2134 2960; x_wconf 89' lang='lat' dir='ltr'><strong>cundum</strong></span> <span class='ocrx_word' id='word_1_568' title='bbox 2161 2903 2416 2960; x_wconf 71' lang='lat' dir='ltr'><strong>Nicsenos</strong></span> <span class='ocrx_word' id='word_1_569' title='bbox 2444 2913 2498 2960; x_wconf 92' lang='lat' dir='ltr'><strong>et</strong></span> <span class='ocrx_word' id='word_1_570' title='bbox 2527 2903 2893 2960; x_wconf 81' lang='lat' dir='ltr'><strong>Antiochenos</strong></span> <span class='ocrx_word' id='word_1_571' title='bbox 2919 2918 3160 2960; x_wconf 89' lang='lat' dir='ltr'><strong>canones</strong></span> <span class='ocrx_word' id='word_1_572' title='bbox 3191 2910 3245 2959; x_wconf 92' lang='lat' dir='ltr'><strong>et</strong></span> <span class='ocrx_word' id='word_1_573' title='bbox 3271 2902 3494 2958; x_wconf 88' lang='lat' dir='ltr'><strong>decreta</strong></span> 
     </span>
    </p>
   </div>
   <div class='ocr_carea' id='block_1_79' title="bbox 1899 2991 3498 3064">
    <p class='ocr_par' dir='ltr' id='par_1_79' title="bbox 1899 2991 3498 3064">
     <span class='ocr_line' id='line_1_79' title="bbox 1899 2991 3498 3064; baseline -0.002 -16"><span class='ocrx_word' id='word_1_574' title='bbox 1899 2992 2044 3048; x_wconf 91' lang='lat' dir='ltr'><strong>sedis</strong></span> <span class='ocrx_word' id='word_1_575' title='bbox 2072 2993 2330 3050; x_wconf 82' lang='lat' dir='ltr'><strong>Romanae</strong></span> <span class='ocrx_word' id='word_1_576' title='bbox 2355 2991 2672 3064; x_wconf 81' lang='lat' dir='ltr'><strong>pontificum</strong></span> <span class='ocrx_word' id='word_1_577' title='bbox 2699 2991 2959 3059; x_wconf 90' lang='lat' dir='ltr'><strong>ordinari,</strong></span> <span class='ocrx_word' id='word_1_578' title='bbox 3019 2991 3370 3064; x_wconf 82' lang='lat' dir='ltr'><strong>congregatis</strong></span> <span class='ocrx_word' id='word_1_579' title='bbox 3391 3007 3498 3046; x_wconf 88' lang='lat' dir='ltr'><strong>una</strong></span> 
     </span>
    </p>
   </div>
   <div class='ocr_carea' id='block_1_80' title="bbox 1819 3057 3500 3153">
    <p class='ocr_par' dir='ltr' id='par_1_80' title="bbox 1819 3057 3500 3153">
     <span class='ocr_line' id='line_1_80' title="bbox 1819 3057 3500 3153; baseline -0.002 -15"><span class='ocrx_word' id='word_1_580' title='bbox 1819 3057 1867 3120; x_wconf 65' lang='grc' dir='ltr'><strong>θ</strong></span> <span class='ocrx_word' id='word_1_581' title='bbox 1897 3097 2021 3138; x_wconf 92' lang='lat' dir='ltr'><strong>cum</strong></span> <span class='ocrx_word' id='word_1_582' title='bbox 2048 3081 2276 3152; x_wconf 90' lang='lat' dir='ltr'><strong>primate</strong></span> <span class='ocrx_word' id='word_1_583' title='bbox 2315 3071 2608 3152; x_wconf 74' lang='lat' dir='ltr'><strong>provinciae</strong></span> <span class='ocrx_word' id='word_1_584' title='bbox 2635 3081 2806 3152; x_wconf 91' lang='lat' dir='ltr'><strong>ipsius</strong></span> <span class='ocrx_word' id='word_1_585' title='bbox 2841 3079 3085 3153; x_wconf 84' lang='lat' dir='ltr'><strong>regionis</strong></span> <span class='ocrx_word' id='word_1_586' title='bbox 3115 3079 3387 3151; x_wconf 88' lang='lat' dir='ltr'><strong>episcopis</strong></span> <span class='ocrx_word' id='word_1_587' title='bbox 3417 3093 3500 3134; x_wconf 89' lang='lat' dir='ltr'><strong>se-</strong></span> 
     </span>
    </p>
   </div>
   <div class='ocr_carea' id='block_1_81' title="bbox 1899 3166 3492 3239">
    <p class='ocr_par' dir='ltr' id='par_1_81' title="bbox 1899 3166 3492 3239">
     <span class='ocr_line' id='line_1_81' title="bbox 1899 3166 3492 3239; baseline -0.004 -12"><span class='ocrx_word' id='word_1_588' title='bbox 1899 3169 2135 3227; x_wconf 91' lang='lat' dir='ltr'><strong>cundum</strong></span> <span class='ocrx_word' id='word_1_589' title='bbox 2193 3169 2546 3226; x_wconf 87' lang='lat' dir='ltr'><strong>Sardicenses</strong></span> <span class='ocrx_word' id='word_1_590' title='bbox 2601 3185 2856 3237; x_wconf 89' lang='lat' dir='ltr'><strong>canones,</strong></span> <span class='ocrx_word' id='word_1_591' title='bbox 2889 3175 3053 3239; x_wconf 89' lang='lat' dir='ltr'><strong>atque</strong></span> <span class='ocrx_word' id='word_1_592' title='bbox 3107 3181 3144 3222; x_wconf 89' lang='lat' dir='ltr'><strong>a</strong></span> <span class='ocrx_word' id='word_1_593' title='bbox 3181 3166 3492 3234; x_wconf 89' lang='lat' dir='ltr'><strong>constituto,</strong></span> 
     </span>
    </p>
   </div>
   <div class='ocr_carea' id='block_1_82' title="bbox 1892 3255 3496 3330">
    <p class='ocr_par' dir='ltr' id='par_1_82' title="bbox 1892 3255 3496 3330">
     <span class='ocr_line' id='line_1_82' title="bbox 1892 3255 3496 3330; baseline -0.001 -16"><span class='ocrx_word' id='word_1_594' title='bbox 1892 3259 2044 3328; x_wconf 83' lang='lat' dir='ltr'><strong>juxta</strong></span> <span class='ocrx_word' id='word_1_595' title='bbox 2073 3257 2527 3330; x_wconf 87' lang='lat' dir='ltr'><strong>Carthaginenses</strong></span> <span class='ocrx_word' id='word_1_596' title='bbox 2575 3273 2836 3326; x_wconf 90' lang='lat' dir='ltr'><strong>canones,</strong></span> <span class='ocrx_word' id='word_1_597' title='bbox 2884 3255 3175 3313; x_wconf 90' lang='lat' dir='ltr'><strong>duodecim</strong></span> <span class='ocrx_word' id='word_1_598' title='bbox 3204 3255 3496 3328; x_wconf 88' lang='lat' dir='ltr'><strong>episcopo-</strong></span> 
     </span>
    </p>
   </div>
   <div class='ocr_carea' id='block_1_83' title="bbox 1900 3345 3496 3420">
    <p class='ocr_par' dir='ltr' id='par_1_83' title="bbox 1900 3345 3496 3420">
     <span class='ocr_line' id='line_1_83' title="bbox 1900 3345 3496 3420; baseline -0.001 -17"><span class='ocrx_word' id='word_1_599' title='bbox 1900 3363 2021 3403; x_wconf 91' lang='lat' dir='ltr'><strong>rum</strong></span> <span class='ocrx_word' id='word_1_600' title='bbox 2048 3363 2292 3417; x_wconf 89' lang='lat' dir='ltr'><strong>numero,</strong></span> <span class='ocrx_word' id='word_1_601' title='bbox 2329 3347 2372 3404; x_wconf 89' lang='lat' dir='ltr'><strong>si</strong></span> <span class='ocrx_word' id='word_1_602' title='bbox 2398 3347 2584 3420; x_wconf 86' lang='lat' dir='ltr'><strong>plures</strong></span> <span class='ocrx_word' id='word_1_603' title='bbox 2629 3345 2976 3420; x_wconf 85' lang='lat' dir='ltr'><strong>nequiverint</strong></span> <span class='ocrx_word' id='word_1_604' title='bbox 3021 3345 3368 3420; x_wconf 85' lang='lat' dir='ltr'><strong>congregari,</strong></span> <span class='ocrx_word' id='word_1_605' title='bbox 3401 3360 3496 3402; x_wconf 88' lang='lat' dir='ltr'><strong>ca-</strong></span> 
     </span>
    </p>
   </div>
   <div class='ocr_carea' id='block_1_84' title="bbox 1899 3436 2411 3506">
    <p class='ocr_par' dir='ltr' id='par_1_84' title="bbox 1899 3436 2411 3506">
     <span class='ocr_line' id='line_1_84' title="bbox 1899 3436 2411 3506; baseline -0.002 -15"><span class='ocrx_word' id='word_1_606' title='bbox 1899 3436 2094 3494; x_wconf 89' lang='lat' dir='ltr'><strong>nonice</strong></span> <span class='ocrx_word' id='word_1_607' title='bbox 2117 3437 2411 3506; x_wconf 88' lang='lat' dir='ltr'><strong>judicetur.</strong></span> 
     </span>
    </p>
   </div>
   <div class='ocr_carea' id='block_1_85' title="bbox 1971 3531 3500 3605">
    <p class='ocr_par' dir='ltr' id='par_1_85' title="bbox 1971 3531 3500 3605">
     <span class='ocr_line' id='line_1_85' title="bbox 1971 3531 3500 3605; baseline 0 -15"><span class='ocrx_word' id='word_1_608' title='bbox 1971 3535 2111 3590; x_wconf 82' lang='lat' dir='ltr'><strong>VIII.</strong></span> <span class='ocrx_word' id='word_1_609' title='bbox 2149 3556 2172 3587; x_wconf 74' lang='grc' dir='ltr'><strong>(ι</strong></span> <span class='ocrx_word' id='word_1_610' title='bbox 2195 3533 2265 3590; x_wconf 92' lang='lat' dir='ltr'><strong>Et</strong></span> <span class='ocrx_word' id='word_1_611' title='bbox 2293 3534 2342 3588; x_wconf 90' lang='lat' dir='ltr'><strong>si</strong></span> <span class='ocrx_word' id='word_1_612' title='bbox 2370 3533 2545 3590; x_wconf 91' lang='lat' dir='ltr'><strong>isdem</strong></span> <span class='ocrx_word' id='word_1_613' title='bbox 2575 3541 2859 3590; x_wconf 87' lang='lat' dir='ltr'><strong>accusatus</strong></span> <span class='ocrx_word' id='word_1_614' title='bbox 2888 3541 2942 3589; x_wconf 89' lang='lat' dir='ltr'><strong>et</strong></span> <span class='ocrx_word' id='word_1_615' title='bbox 2977 3533 3252 3602; x_wconf 88' lang='lat' dir='ltr'><strong>judicatus</strong></span> <span class='ocrx_word' id='word_1_616' title='bbox 3280 3531 3500 3605; x_wconf 79' lang='lat' dir='ltr'><strong>episco-</strong></span> 
     </span>
    </p>
   </div>
   <div class='ocr_carea' id='block_1_86' title="bbox 1901 3621 3502 3696">
    <p class='ocr_par' dir='ltr' id='par_1_86' title="bbox 1901 3621 3502 3696">
     <span class='ocr_line' id='line_1_86' title="bbox 1901 3621 3502 3696; baseline -0.002 -17"><span class='ocrx_word' id='word_1_617' title='bbox 1901 3640 2022 3695; x_wconf 91' lang='lat' dir='ltr'><strong>pus,</strong></span> <span class='ocrx_word' id='word_1_618' title='bbox 2038 3623 2392 3696; x_wconf 83' lang='lat' dir='ltr'><strong>congregatis</strong></span> <span class='ocrx_word' id='word_1_619' title='bbox 2407 3623 2655 3692; x_wconf 92' lang='lat' dir='ltr'><strong>ejusdem</strong></span> <span class='ocrx_word' id='word_1_620' title='bbox 2670 3621 2912 3694; x_wconf 88' lang='lat' dir='ltr'><strong>regionis</strong></span> <span class='ocrx_word' id='word_1_621' title='bbox 2928 3621 3220 3694; x_wconf 90' lang='lat' dir='ltr'><strong>episcopis,</strong></span> <span class='ocrx_word' id='word_1_622' title='bbox 3239 3622 3310 3676; x_wconf 94' lang='lat' dir='ltr'><strong>de</strong></span> <span class='ocrx_word' id='word_1_623' title='bbox 3326 3621 3502 3694; x_wconf 83' lang='lat' dir='ltr'><strong>gradu</strong></span> 
     </span>
    </p>
   </div>
   <div class='ocr_carea' id='block_1_87' title="bbox 1902 3709 3505 3782">
    <p class='ocr_par' dir='ltr' id='par_1_87' title="bbox 1902 3709 3505 3782">
     <span class='ocr_line' id='line_1_87' title="bbox 1902 3709 3505 3782; baseline -0.001 -15"><span class='ocrx_word' id='word_1_624' title='bbox 1902 3727 1999 3767; x_wconf 92' lang='lat' dir='ltr'><strong>suo</strong></span> <span class='ocrx_word' id='word_1_625' title='bbox 2021 3711 2262 3780; x_wconf 90' lang='lat' dir='ltr'><strong>dejectus</strong></span> <span class='ocrx_word' id='word_1_626' title='bbox 2282 3710 2639 3782; x_wconf 88' lang='lat' dir='ltr'><strong>apostolicam</strong></span> <span class='ocrx_word' id='word_1_627' title='bbox 2655 3711 2843 3766; x_wconf 90' lang='lat' dir='ltr'><strong>sedem</strong></span> <span class='ocrx_word' id='word_1_628' title='bbox 2859 3709 3235 3782; x_wconf 88' lang='lat' dir='ltr'><strong>appellaverit,</strong></span> <span class='ocrx_word' id='word_1_629' title='bbox 3257 3717 3310 3766; x_wconf 92' lang='lat' dir='ltr'><strong>et</strong></span> <span class='ocrx_word' id='word_1_630' title='bbox 3323 3709 3505 3766; x_wconf 79' lang='lat' dir='ltr'><strong>confu-</strong></span> 
     </span>
    </p>
   </div>
   <div class='ocr_carea' id='block_1_88' title="bbox 1903 3797 3503 3874">
    <p class='ocr_par' dir='ltr' id='par_1_88' title="bbox 1903 3797 3503 3874">
     <span class='ocr_line' id='line_1_88' title="bbox 1903 3797 3503 3874; baseline -0.002 -18"><span class='ocrx_word' id='word_1_631' title='bbox 1903 3801 2043 3874; x_wconf 86' lang='lat' dir='ltr'><strong>gerit</strong></span> <span class='ocrx_word' id='word_1_632' title='bbox 2091 3799 2159 3856; x_wconf 92' lang='lat' dir='ltr'><strong>ad</strong></span> <span class='ocrx_word' id='word_1_633' title='bbox 2219 3799 2536 3874; x_wconf 89' lang='lat' dir='ltr'><strong>episcopum</strong></span> <span class='ocrx_word' id='word_1_634' title='bbox 2563 3801 2824 3857; x_wconf 65' lang='lat' dir='ltr'><strong>Romanae</strong></span> <span class='ocrx_word' id='word_1_635' title='bbox 2874 3799 3136 3856; x_wconf 76' lang='lat' dir='ltr'><strong>Ecclesiae</strong></span> <span class='ocrx_word' id='word_1_636' title='bbox 3180 3806 3236 3854; x_wconf 90' lang='lat' dir='ltr'><strong>et</strong></span> <span class='ocrx_word' id='word_1_637' title='bbox 3261 3799 3329 3854; x_wconf 90' lang='lat' dir='ltr'><strong>ab</strong></span> <span class='ocrx_word' id='word_1_638' title='bbox 3359 3815 3425 3855; x_wconf 90' lang='lat' dir='ltr'><strong>eo</strong></span> <span class='ocrx_word' id='word_1_639' title='bbox 3454 3797 3503 3854; x_wconf 91' lang='lat' dir='ltr'><strong>si</strong></span> 
     </span>
    </p>
   </div>
   <div class='ocr_carea' id='block_1_89' title="bbox 1901 3887 3504 3960">
    <p class='ocr_par' dir='ltr' id='par_1_89' title="bbox 1901 3887 3504 3960">
     <span class='ocr_line' id='line_1_89' title="bbox 1901 3887 3504 3960; baseline 0 -17"><span class='ocrx_word' id='word_1_640' title='bbox 1901 3889 2074 3944; x_wconf 89' lang='lat' dir='ltr'><strong>audiri</strong></span> <span class='ocrx_word' id='word_1_641' title='bbox 2104 3889 2336 3946; x_wconf 90' lang='lat' dir='ltr'><strong>voluerit</strong></span> <span class='ocrx_word' id='word_1_642' title='bbox 2363 3897 2487 3960; x_wconf 91' lang='lat' dir='ltr'><strong>post</strong></span> <span class='ocrx_word' id='word_1_643' title='bbox 2529 3889 2814 3959; x_wconf 89' lang='lat' dir='ltr'><strong>judicium,</strong></span> <span class='ocrx_word' id='word_1_644' title='bbox 2840 3887 2993 3958; x_wconf 90' lang='lat' dir='ltr'><strong>juxta</strong></span> <span class='ocrx_word' id='word_1_645' title='bbox 3022 3887 3374 3944; x_wconf 86' lang='lat' dir='ltr'><strong>Sardicenses</strong></span> <span class='ocrx_word' id='word_1_646' title='bbox 3419 3902 3504 3944; x_wconf 88' lang='lat' dir='ltr'><strong>ca-</strong></span> 
     </span>
    </p>
   </div>
   <div class='ocr_carea' id='block_1_90' title="bbox 1903 3974 3495 4049">
    <p class='ocr_par' dir='ltr' id='par_1_90' title="bbox 1903 3974 3495 4049">
     <span class='ocr_line' id='line_1_90' title="bbox 1903 3974 3495 4049; baseline -0.002 -17"><span class='ocrx_word' id='word_1_647' title='bbox 1903 3993 2075 4034; x_wconf 92' lang='lat' dir='ltr'><strong>nones</strong></span> <span class='ocrx_word' id='word_1_648' title='bbox 2105 3979 2285 4049; x_wconf 84' lang='lat' dir='ltr'><strong>(conc.</strong></span> <span class='ocrx_word' id='word_1_649' title='bbox 2329 3977 2518 4047; x_wconf 90' lang='lat' dir='ltr'><strong>Sard.,</strong></span> <span class='ocrx_word' id='word_1_650' title='bbox 2548 3994 2678 4034; x_wconf 74' lang='lat' dir='ltr'><strong>can.</strong></span> <span class='ocrx_word' id='word_1_651' title='bbox 2730 3979 2806 4048; x_wconf 84' lang='lat'><strong>&#39;7),</strong></span> <span class='ocrx_word' id='word_1_652' title='bbox 2835 3985 2889 4031; x_wconf 90' lang='lat' dir='ltr'><strong>et</strong></span> <span class='ocrx_word' id='word_1_653' title='bbox 2919 3978 3142 4032; x_wconf 89' lang='lat' dir='ltr'><strong>decreta</strong></span> <span class='ocrx_word' id='word_1_654' title='bbox 3193 3974 3495 4032; x_wconf 90' lang='lat' dir='ltr'><strong>Innocentii</strong></span> 
     </span>
    </p>
   </div>
   <div class='ocr_carea' id='block_1_91' title="bbox 1904 4065 3500 4136">
    <p class='ocr_par' dir='ltr' id='par_1_91' title="bbox 1904 4065 3500 4136">
     <span class='ocr_line' id='line_1_91' title="bbox 1904 4065 3500 4136; baseline -0.003 -14"><span class='ocrx_word' id='word_1_655' title='bbox 1904 4067 1974 4122; x_wconf 88' lang='lat' dir='ltr'><strong>ad</strong></span> <span class='ocrx_word' id='word_1_656' title='bbox 2000 4066 2334 4132; x_wconf 86' lang='lat' dir='ltr'><strong>Victricium,</strong></span> <span class='ocrx_word' id='word_1_657' title='bbox 2366 4073 2420 4122; x_wconf 93' lang='lat' dir='ltr'><strong>et</strong></span> <span class='ocrx_word' id='word_1_658' title='bbox 2465 4065 2726 4122; x_wconf 87' lang='lat' dir='ltr'><strong>Bonifacii</strong></span> <span class='ocrx_word' id='word_1_659' title='bbox 2755 4065 2825 4120; x_wconf 89' lang='lat' dir='ltr'><strong>ad</strong></span> <span class='ocrx_word' id='word_1_660' title='bbox 2847 4065 3159 4122; x_wconf 87' lang='lat' dir='ltr'><strong>Gallicanos</strong></span> <span class='ocrx_word' id='word_1_661' title='bbox 3191 4065 3500 4136; x_wconf 86' lang='lat' dir='ltr'><strong>episcOpos,</strong></span> 
     </span>
    </p>
   </div>
   <div class='ocr_carea' id='block_1_92' title="bbox 1903 4151 3503 4223">
    <p class='ocr_par' dir='ltr' id='par_1_92' title="bbox 1903 4151 3503 4223">
     <span class='ocr_line' id='line_1_92' title="bbox 1903 4151 3503 4223; baseline -0.003 -13"><span class='ocrx_word' id='word_1_662' title='bbox 1903 4163 1957 4210; x_wconf 89' lang='lat' dir='ltr'><strong>et</strong></span> <span class='ocrx_word' id='word_1_663' title='bbox 1981 4155 2178 4211; x_wconf 90' lang='lat' dir='ltr'><strong>Leonis</strong></span> <span class='ocrx_word' id='word_1_664' title='bbox 2210 4153 2281 4211; x_wconf 89' lang='lat' dir='ltr'><strong>ad</strong></span> <span class='ocrx_word' id='word_1_665' title='bbox 2301 4155 2662 4220; x_wconf 81' lang='lat' dir='ltr'><strong>Anastasium,</strong></span> <span class='ocrx_word' id='word_1_666' title='bbox 2696 4153 3048 4210; x_wconf 90' lang='lat' dir='ltr'><strong>scribendum</strong></span> <span class='ocrx_word' id='word_1_667' title='bbox 3077 4160 3159 4208; x_wconf 91' lang='lat' dir='ltr'><strong>est</strong></span> <span class='ocrx_word' id='word_1_668' title='bbox 3182 4153 3251 4206; x_wconf 90' lang='lat' dir='ltr'><strong>ab</strong></span> <span class='ocrx_word' id='word_1_669' title='bbox 3285 4153 3372 4206; x_wconf 88' lang='lat' dir='ltr'><strong>his</strong></span> <span class='ocrx_word' id='word_1_670' title='bbox 3411 4151 3503 4223; x_wconf 91' lang='lat' dir='ltr'><strong>qui</strong></span> 
     </span>
    </p>
   </div>
   <div class='ocr_carea' id='block_1_93' title="bbox 1904 4239 3501 4312">
    <p class='ocr_par' dir='ltr' id='par_1_93' title="bbox 1904 4239 3501 4312">
     <span class='ocr_line' id='line_1_93' title="bbox 1904 4239 3501 4312; baseline -0.003 -13"><span class='ocrx_word' id='word_1_671' title='bbox 1904 4259 2125 4303; x_wconf 90' lang='lat' dir='ltr'><strong>causam</strong></span> <span class='ocrx_word' id='word_1_672' title='bbox 2169 4241 2548 4300; x_wconf 86' lang='lat' dir='ltr'><strong>examinarunt</strong></span> <span class='ocrx_word' id='word_1_673' title='bbox 2591 4243 2838 4298; x_wconf 86' lang='lat' dir='ltr'><strong>Romano</strong></span> <span class='ocrx_word' id='word_1_674' title='bbox 2875 4240 3136 4312; x_wconf 83' lang='lat' dir='ltr'><strong>pontifici.</strong></span> <span class='ocrx_word' id='word_1_675' title='bbox 3166 4241 3236 4295; x_wconf 88' lang='lat' dir='ltr'><strong>Et</strong></span> <span class='ocrx_word' id='word_1_676' title='bbox 3279 4239 3326 4294; x_wconf 89' lang='lat' dir='ltr'><strong>si</strong></span> <span class='ocrx_word' id='word_1_677' title='bbox 3349 4240 3501 4308; x_wconf 90' lang='lat' dir='ltr'><strong>judi-</strong></span> 
     </span>
    </p>
   </div>
   <div class='ocr_carea' id='block_1_94' title="bbox 1904 4329 3502 4400">
    <p class='ocr_par' dir='ltr' id='par_1_94' title="bbox 1904 4329 3502 4400">
     <span class='ocr_line' id='line_1_94' title="bbox 1904 4329 3502 4400; baseline -0.005 -11"><span class='ocrx_word' id='word_1_678' title='bbox 1904 4332 2110 4390; x_wconf 86' lang='lat' dir='ltr'><strong>caverit</strong></span> <span class='ocrx_word' id='word_1_679' title='bbox 2157 4332 2534 4388; x_wconf 88' lang='lat' dir='ltr'><strong>renovandum</strong></span> <span class='ocrx_word' id='word_1_680' title='bbox 2565 4347 2688 4387; x_wconf 91' lang='lat' dir='ltr'><strong>esse</strong></span> <span class='ocrx_word' id='word_1_681' title='bbox 2738 4329 3021 4400; x_wconf 89' lang='lat' dir='ltr'><strong>judicium,</strong></span> <span class='ocrx_word' id='word_1_682' title='bbox 3083 4335 3375 4385; x_wconf 85' lang='lat' dir='ltr'><strong>renovetur</strong></span> <span class='ocrx_word' id='word_1_683' title='bbox 3396 4371 3411 4395; x_wconf 94' lang='lat'><strong>,</strong></span> <span class='ocrx_word' id='word_1_684' title='bbox 3447 4335 3502 4383; x_wconf 91' lang='lat' dir='ltr'><strong>et</strong></span> 
     </span>
    </p>
   </div>
   <div class='ocr_carea' id='block_1_95' title="bbox 198 4416 3501 4508">
    <p class='ocr_par' dir='ltr' id='par_1_95' title="bbox 198 4416 3501 4508">
     <span class='ocr_line' id='line_1_95' title="bbox 198 4416 3501 4508; baseline -0 -33"><span class='ocrx_word' id='word_1_685' title='bbox 198 4416 412 4493; x_wconf 57' lang='lat' dir='ltr'><strong>sagum</strong></span> <span class='ocrx_word' id='word_1_686' title='bbox 461 4436 716 4493; x_wconf 64' lang='lat' dir='ltr'><strong>ordinem</strong></span> <span class='ocrx_word' id='word_1_687' title='bbox 767 4437 825 4493; x_wconf 68' lang='lat' dir='ltr'><strong>in</strong></span> <span class='ocrx_word' id='word_1_688' title='bbox 879 4416 1134 4508; x_wconf 65' lang='grc' dir='ltr'><strong>ρετεοίλίε</strong></span> <span class='ocrx_word' id='word_1_689' title='bbox 1177 4453 1366 4494; x_wconf 64' lang='grc' dir='ltr'><strong>θοι-ωτι</strong></span> <span class='ocrx_word' id='word_1_690' title='bbox 1392 4416 1798 4508; x_wconf 58' lang='grc' dir='ltr'><strong>νίιίίηηάίωαε,</strong></span> <span class='ocrx_word' id='word_1_691' title='bbox 1816 4416 1870 4478; x_wconf 93' lang='lat' dir='ltr'><strong>D</strong></span> <span class='ocrx_word' id='word_1_692' title='bbox 1903 4423 1993 4478; x_wconf 91' lang='lat' dir='ltr'><strong>det</strong></span> <span class='ocrx_word' id='word_1_693' title='bbox 2015 4421 2270 4492; x_wconf 84' lang='lat' dir='ltr'><strong>judices;</strong></span> <span class='ocrx_word' id='word_1_694' title='bbox 2302 4421 2348 4476; x_wconf 89' lang='lat' dir='ltr'><strong>si</strong></span> <span class='ocrx_word' id='word_1_695' title='bbox 2368 4429 2551 4477; x_wconf 90' lang='lat' dir='ltr'><strong>autem</strong></span> <span class='ocrx_word' id='word_1_696' title='bbox 2577 4419 2892 4493; x_wconf 87' lang='lat' dir='ltr'><strong>probaverit</strong></span> <span class='ocrx_word' id='word_1_697' title='bbox 2935 4419 3102 4476; x_wconf 88' lang='lat' dir='ltr'><strong>talem</strong></span> <span class='ocrx_word' id='word_1_698' title='bbox 3131 4435 3351 4476; x_wconf 89' lang='lat' dir='ltr'><strong>causam</strong></span> <span class='ocrx_word' id='word_1_699' title='bbox 3378 4432 3501 4474; x_wconf 88' lang='lat' dir='ltr'><strong>esse</strong></span> 
     </span>
    </p>
   </div>
   <div class='ocr_carea' id='block_1_96' title="bbox 197 4525 1802 4598">
    <p class='ocr_par' dir='ltr' id='par_1_96' title="bbox 197 4525 1802 4598">
     <span class='ocr_line' id='line_1_96' title="bbox 197 4525 1802 4598; baseline 0.001 -18"><span class='ocrx_word' id='word_1_700' title='bbox 197 4525 282 4596; x_wconf 90' lang='lat' dir='ltr'><strong>qui</strong></span> <span class='ocrx_word' id='word_1_701' title='bbox 311 4525 464 4583; x_wconf 88' lang='lat' dir='ltr'><strong>velut</strong></span> <span class='ocrx_word' id='word_1_702' title='bbox 519 4525 576 4580; x_wconf 89' lang='lat' dir='ltr'><strong>in</strong></span> <span class='ocrx_word' id='word_1_703' title='bbox 625 4525 872 4598; x_wconf 89' lang='lat' dir='ltr'><strong>speculo,</strong></span> <span class='ocrx_word' id='word_1_704' title='bbox 905 4526 974 4581; x_wconf 92' lang='lat' dir='ltr'><strong>ad</strong></span> <span class='ocrx_word' id='word_1_705' title='bbox 1017 4527 1344 4583; x_wconf 90' lang='lat' dir='ltr'><strong>sumendum</strong></span> <span class='ocrx_word' id='word_1_706' title='bbox 1385 4525 1714 4598; x_wconf 89' lang='lat' dir='ltr'><strong>exemplum,</strong></span> <span class='ocrx_word' id='word_1_707' title='bbox 1745 4527 1802 4582; x_wconf 93' lang='lat' dir='ltr'><strong>in</strong></span> 
     </span>
    </p>
   </div>
   <div class='ocr_carea' id='block_1_97' title="bbox 198 4615 1802 4688">
    <p class='ocr_par' dir='ltr' id='par_1_97' title="bbox 198 4615 1802 4688">
     <span class='ocr_line' id='line_1_97' title="bbox 198 4615 1802 4688; baseline 0.002 -19"><span class='ocrx_word' id='word_1_708' title='bbox 198 4615 455 4681; x_wconf 88' lang='lat' dir='ltr'><strong>omnium,</strong></span> <span class='ocrx_word' id='word_1_709' title='bbox 489 4615 584 4687; x_wconf 92' lang='lat' dir='ltr'><strong>qui</strong></span> <span class='ocrx_word' id='word_1_710' title='bbox 633 4615 866 4685; x_wconf 90' lang='lat' dir='ltr'><strong>subjecti</strong></span> <span class='ocrx_word' id='word_1_711' title='bbox 919 4615 1079 4671; x_wconf 88' lang='lat' dir='ltr'><strong>nobis</strong></span> <span class='ocrx_word' id='word_1_712' title='bbox 1108 4623 1250 4683; x_wconf 91' lang='lat' dir='ltr'><strong>sunt,</strong></span> <span class='ocrx_word' id='word_1_713' title='bbox 1283 4616 1456 4672; x_wconf 91' lang='lat' dir='ltr'><strong>oculis</strong></span> <span class='ocrx_word' id='word_1_714' title='bbox 1510 4615 1674 4688; x_wconf 89' lang='lat' dir='ltr'><strong>positi</strong></span> <span class='ocrx_word' id='word_1_715' title='bbox 1703 4633 1802 4672; x_wconf 89' lang='lat' dir='ltr'><strong>su-</strong></span> 
     </span>
    </p>
   </div>
   <div class='ocr_carea' id='block_1_98' title="bbox 199 4704 1802 4776">
    <p class='ocr_par' dir='ltr' id='par_1_98' title="bbox 199 4704 1802 4776">
     <span class='ocr_line' id='line_1_98' title="bbox 199 4704 1802 4776; baseline 0.001 -18"><span class='ocrx_word' id='word_1_716' title='bbox 199 4718 332 4772; x_wconf 87' lang='lat' dir='ltr'><strong>mus,</strong></span> <span class='ocrx_word' id='word_1_717' title='bbox 363 4719 470 4776; x_wconf 89' lang='lat' dir='ltr'><strong>pro</strong></span> <span class='ocrx_word' id='word_1_718' title='bbox 499 4711 778 4760; x_wconf 90' lang='lat' dir='ltr'><strong>tantorum</strong></span> <span class='ocrx_word' id='word_1_719' title='bbox 805 4705 982 4776; x_wconf 90' lang='lat' dir='ltr'><strong>culpis</strong></span> <span class='ocrx_word' id='word_1_720' title='bbox 1011 4720 1044 4761; x_wconf 88' lang='lat' dir='ltr'><strong>a</strong></span> <span class='ocrx_word' id='word_1_721' title='bbox 1083 4705 1330 4762; x_wconf 90' lang='lat' dir='ltr'><strong>districto</strong></span> <span class='ocrx_word' id='word_1_722' title='bbox 1353 4704 1558 4774; x_wconf 88' lang='lat' dir='ltr'><strong>judice,</strong></span> <span class='ocrx_word' id='word_1_723' title='bbox 1591 4721 1802 4762; x_wconf 89' lang='lat' dir='ltr'><strong>summo</strong></span> 
     </span>
    </p>
   </div>
   <div class='ocr_carea' id='block_1_99' title="bbox 198 4791 1802 4868">
    <p class='ocr_par' dir='ltr' id='par_1_99' title="bbox 198 4791 1802 4868">
     <span class='ocr_line' id='line_1_99' title="bbox 198 4791 1802 4868; baseline 0.002 -21"><span class='ocrx_word' id='word_1_724' title='bbox 198 4792 444 4849; x_wconf 80' lang='lat' dir='ltr'><strong>videlicet</strong></span> <span class='ocrx_word' id='word_1_725' title='bbox 472 4791 735 4864; x_wconf 86' lang='lat' dir='ltr'><strong>pontiﬁce</strong></span> <span class='ocrx_word' id='word_1_726' title='bbox 763 4801 817 4850; x_wconf 92' lang='lat' dir='ltr'><strong>et</strong></span> <span class='ocrx_word' id='word_1_727' title='bbox 856 4811 991 4867; x_wconf 90' lang='lat' dir='ltr'><strong>rege</strong></span> <span class='ocrx_word' id='word_1_728' title='bbox 1021 4810 1211 4867; x_wconf 87' lang='lat' dir='ltr'><strong>regum</strong></span> <span class='ocrx_word' id='word_1_729' title='bbox 1228 4795 1652 4864; x_wconf 89' lang='lat' dir='ltr'><strong>dijudicabimur</strong></span> <span class='ocrx_word' id='word_1_730' title='bbox 1672 4803 1802 4868; x_wconf 90' lang='lat' dir='ltr'><strong>quot</strong></span> 
     </span>
    </p>
   </div>
   <div class='ocr_carea' id='block_1_100' title="bbox 199 4881 1802 4956">
    <p class='ocr_par' dir='ltr' id='par_1_100' title="bbox 199 4881 1802 4956">
     <span class='ocr_line' id='line_1_100' title="bbox 199 4881 1802 4956; baseline 0.004 -22"><span class='ocrx_word' id='word_1_731' title='bbox 199 4890 378 4938; x_wconf 88' lang='lat' dir='ltr'><strong>nostro</strong></span> <span class='ocrx_word' id='word_1_732' title='bbox 407 4881 557 4938; x_wconf 76' lang='lat' dir='ltr'><strong>facto</strong></span> <span class='ocrx_word' id='word_1_733' title='bbox 587 4882 959 4955; x_wconf 90' lang='lat' dir='ltr'><strong>delinquendi,</strong></span> <span class='ocrx_word' id='word_1_734' title='bbox 1006 4883 1152 4955; x_wconf 88' lang='lat' dir='ltr'><strong>quod</strong></span> <span class='ocrx_word' id='word_1_735' title='bbox 1174 4883 1333 4950; x_wconf 89' lang='lat' dir='ltr'><strong>absit,</strong></span> <span class='ocrx_word' id='word_1_736' title='bbox 1369 4884 1614 4956; x_wconf 84' lang='lat' dir='ltr'><strong>exempla</strong></span> <span class='ocrx_word' id='word_1_737' title='bbox 1659 4900 1802 4954; x_wconf 69' lang='lat' dir='ltr'><strong>prae—</strong></span> 
     </span>
    </p>
   </div>
   <div class='ocr_carea' id='block_1_101' title="bbox 203 4970 1800 5046">
    <p class='ocr_par' dir='ltr' id='par_1_101' title="bbox 203 4970 1800 5046">
     <span class='ocr_line' id='line_1_101' title="bbox 203 4970 1800 5046; baseline 0.002 -21"><span class='ocrx_word' id='word_1_738' title='bbox 203 4970 490 5027; x_wconf 89' lang='lat' dir='ltr'><strong>buerimus.</strong></span> <span class='ocrx_word' id='word_1_739' title='bbox 542 4971 693 5028; x_wconf 89' lang='lat' dir='ltr'><strong>Sicut</strong></span> <span class='ocrx_word' id='word_1_740' title='bbox 739 4972 887 5029; x_wconf 90' lang='lat' dir='ltr'><strong>idem</strong></span> <span class='ocrx_word' id='word_1_741' title='bbox 935 4973 1128 5028; x_wconf 88' lang='lat' dir='ltr'><strong>beatus</strong></span> <span class='ocrx_word' id='word_1_742' title='bbox 1169 4973 1475 5046; x_wconf 88' lang='lat' dir='ltr'><strong>Gregorius</strong></span> <span class='ocrx_word' id='word_1_743' title='bbox 1507 4974 1564 5028; x_wconf 91' lang='lat' dir='ltr'><strong>in</strong></span> <span class='ocrx_word' id='word_1_744' title='bbox 1593 4973 1800 5046; x_wconf 85' lang='lat' dir='ltr'><strong>Regula</strong></span> 
     </span>
    </p>
   </div>
   <div class='ocr_carea' id='block_1_102' title="bbox 199 5058 1796 5134">
    <p class='ocr_par' dir='ltr' id='par_1_102' title="bbox 199 5058 1796 5134">
     <span class='ocr_line' id='line_1_102' title="bbox 199 5058 1796 5134; baseline 0.001 -19"><span class='ocrx_word' id='word_1_745' title='bbox 199 5061 449 5128; x_wconf 85' lang='lat' dir='ltr'><strong>pastorali</strong></span> <span class='ocrx_word' id='word_1_746' title='bbox 469 5058 792 5118; x_wconf 83' lang='lat' dir='ltr'><strong>terribiliter</strong></span> <span class='ocrx_word' id='word_1_747' title='bbox 817 5061 1029 5117; x_wconf 89' lang='lat' dir='ltr'><strong>intonat</strong></span> <span class='ocrx_word' id='word_1_748' title='bbox 1054 5061 1245 5118; x_wconf 90' lang='lat' dir='ltr'><strong>dicens</strong></span> <span class='ocrx_word' id='word_1_749' title='bbox 1279 5063 1514 5132; x_wconf 81' lang='lat' dir='ltr'><strong>(part.l,</strong></span> <span class='ocrx_word' id='word_1_750' title='bbox 1548 5078 1672 5133; x_wconf 87' lang='lat' dir='ltr'><strong>cap.</strong></span> <span class='ocrx_word' id='word_1_751' title='bbox 1703 5062 1796 5134; x_wconf 84' lang='lat'><strong>5):</strong></span> 
     </span>
    </p>
   </div>
   <div class='ocr_carea' id='block_1_103' title="bbox 208 5149 1800 5222">
    <p class='ocr_par' dir='ltr' id='par_1_103' title="bbox 208 5149 1800 5222">
     <span class='ocr_line' id='line_1_103' title="bbox 208 5149 1800 5222; baseline 0.001 -16"><span class='ocrx_word' id='word_1_752' title='bbox 208 5167 229 5197; x_wconf 75' lang='grc' dir='ltr'><strong>ε</strong></span> <span class='ocrx_word' id='word_1_753' title='bbox 283 5149 438 5206; x_wconf 89' lang='lat' dir='ltr'><strong>Scire</strong></span> <span class='ocrx_word' id='word_1_754' title='bbox 494 5149 700 5206; x_wconf 91' lang='lat' dir='ltr'><strong>etenim</strong></span> <span class='ocrx_word' id='word_1_755' title='bbox 749 5150 956 5222; x_wconf 67' lang='lat' dir='ltr'><strong>prmlati</strong></span> <span class='ocrx_word' id='word_1_756' title='bbox 1002 5151 1230 5215; x_wconf 81' lang='lat' dir='ltr'><strong>debent,</strong></span> <span class='ocrx_word' id='word_1_757' title='bbox 1265 5151 1390 5222; x_wconf 88' lang='lat' dir='ltr'><strong>quia</strong></span> <span class='ocrx_word' id='word_1_758' title='bbox 1433 5151 1480 5207; x_wconf 89' lang='lat' dir='ltr'><strong>si</strong></span> <span class='ocrx_word' id='word_1_759' title='bbox 1535 5166 1800 5222; x_wconf 87' lang='lat' dir='ltr'><strong>perversa</strong></span> 
     </span>
    </p>
   </div>
   <div class='ocr_carea' id='block_1_104' title="bbox 201 5239 1800 5313">
    <p class='ocr_par' dir='ltr' id='par_1_104' title="bbox 201 5239 1800 5313">
     <span class='ocr_line' id='line_1_104' title="bbox 201 5239 1800 5313; baseline 0.004 -23"><span class='ocrx_word' id='word_1_760' title='bbox 201 5251 431 5311; x_wconf 86' lang='lat' dir='ltr'><strong>unquam</strong></span> <span class='ocrx_word' id='word_1_761' title='bbox 481 5247 819 5312; x_wconf 89' lang='lat' dir='ltr'><strong>perpetrant,</strong></span> <span class='ocrx_word' id='word_1_762' title='bbox 851 5247 931 5296; x_wconf 90' lang='lat' dir='ltr'><strong>tot</strong></span> <span class='ocrx_word' id='word_1_763' title='bbox 970 5240 1238 5296; x_wconf 89' lang='lat' dir='ltr'><strong>mortibus</strong></span> <span class='ocrx_word' id='word_1_764' title='bbox 1294 5239 1445 5311; x_wconf 87' lang='lat' dir='ltr'><strong>digni</strong></span> <span class='ocrx_word' id='word_1_765' title='bbox 1489 5249 1636 5312; x_wconf 91' lang='lat' dir='ltr'><strong>sunt,</strong></span> <span class='ocrx_word' id='word_1_766' title='bbox 1669 5247 1800 5313; x_wconf 89' lang='lat' dir='ltr'><strong>quot</strong></span> 
     </span>
    </p>
   </div>
   <div class='ocr_carea' id='block_1_105' title="bbox 203 5327 1795 5400">
    <p class='ocr_par' dir='ltr' id='par_1_105' title="bbox 203 5327 1795 5400">
     <span class='ocr_line' id='line_1_105' title="bbox 203 5327 1795 5400; baseline 0.003 -20"><span class='ocrx_word' id='word_1_767' title='bbox 203 5327 268 5380; x_wconf 87' lang='lat' dir='ltr'><strong>ad</strong></span> <span class='ocrx_word' id='word_1_768' title='bbox 312 5328 562 5384; x_wconf 90' lang='lat' dir='ltr'><strong>subditos</strong></span> <span class='ocrx_word' id='word_1_769' title='bbox 611 5344 743 5384; x_wconf 89' lang='lat' dir='ltr'><strong>suos</strong></span> <span class='ocrx_word' id='word_1_770' title='bbox 788 5329 1108 5400; x_wconf 90' lang='lat' dir='ltr'><strong>perditionis</strong></span> <span class='ocrx_word' id='word_1_771' title='bbox 1133 5329 1380 5400; x_wconf 88' lang='lat' dir='ltr'><strong>exempla</strong></span> <span class='ocrx_word' id='word_1_772' title='bbox 1409 5329 1795 5386; x_wconf 86' lang='lat' dir='ltr'><strong>transmittunt.</strong></span> 
     </span>
    </p>
   </div>
   <div class='ocr_carea' id='block_1_106' title="bbox 202 5413 1798 5488">
    <p class='ocr_par' dir='ltr' id='par_1_106' title="bbox 202 5413 1798 5488">
     <span class='ocr_line' id='line_1_106' title="bbox 202 5413 1798 5488; baseline 0.003 -18"><span class='ocrx_word' id='word_1_773' title='bbox 202 5413 350 5472; x_wconf 89' lang='lat' dir='ltr'><strong>Unde</strong></span> <span class='ocrx_word' id='word_1_774' title='bbox 377 5432 610 5474; x_wconf 91' lang='lat' dir='ltr'><strong>necesse</strong></span> <span class='ocrx_word' id='word_1_775' title='bbox 638 5424 741 5485; x_wconf 88' lang='lat' dir='ltr'><strong>est,</strong></span> <span class='ocrx_word' id='word_1_776' title='bbox 775 5425 836 5472; x_wconf 89' lang='lat' dir='ltr'><strong>ut</strong></span> <span class='ocrx_word' id='word_1_777' title='bbox 863 5426 1011 5474; x_wconf 90' lang='lat' dir='ltr'><strong>tanto</strong></span> <span class='ocrx_word' id='word_1_778' title='bbox 1042 5435 1102 5474; x_wconf 90' lang='lat' dir='ltr'><strong>se</strong></span> <span class='ocrx_word' id='word_1_779' title='bbox 1131 5417 1339 5474; x_wconf 89' lang='lat' dir='ltr'><strong>cautius</strong></span> <span class='ocrx_word' id='word_1_780' title='bbox 1358 5432 1389 5470; x_wconf 94' lang='lat' dir='ltr'><strong>a</strong></span> <span class='ocrx_word' id='word_1_781' title='bbox 1419 5416 1576 5488; x_wconf 87' lang='lat' dir='ltr'><strong>culpa</strong></span> <span class='ocrx_word' id='word_1_782' title='bbox 1618 5426 1798 5474; x_wconf 85' lang='lat' dir='ltr'><strong>custo-</strong></span> 
     </span>
    </p>
   </div>
   <div class='ocr_carea' id='block_1_107' title="bbox 200 5502 1797 5580">
    <p class='ocr_par' dir='ltr' id='par_1_107' title="bbox 200 5502 1797 5580">
     <span class='ocr_line' id='line_1_107' title="bbox 200 5502 1797 5580; baseline 0.003 -21"><span class='ocrx_word' id='word_1_783' title='bbox 200 5502 362 5574; x_wconf 88' lang='lat' dir='ltr'><strong>diant,</strong></span> <span class='ocrx_word' id='word_1_784' title='bbox 395 5515 600 5580; x_wconf 88' lang='lat' dir='ltr'><strong>quanto</strong></span> <span class='ocrx_word' id='word_1_785' title='bbox 646 5523 746 5579; x_wconf 90' lang='lat' dir='ltr'><strong>per</strong></span> <span class='ocrx_word' id='word_1_786' title='bbox 770 5521 942 5580; x_wconf 77' lang='lat' dir='ltr'><strong>prava</strong></span> <span class='ocrx_word' id='word_1_787' title='bbox 971 5523 1090 5580; x_wconf 66' lang='lat' dir='ltr'><strong>quae</strong></span> <span class='ocrx_word' id='word_1_788' title='bbox 1137 5506 1357 5575; x_wconf 85' lang='lat' dir='ltr'><strong>faciunt,</strong></span> <span class='ocrx_word' id='word_1_789' title='bbox 1404 5521 1514 5562; x_wconf 89' lang='lat' dir='ltr'><strong>non</strong></span> <span class='ocrx_word' id='word_1_790' title='bbox 1546 5507 1647 5563; x_wconf 90' lang='lat' dir='ltr'><strong>soli</strong></span> <span class='ocrx_word' id='word_1_791' title='bbox 1674 5522 1797 5564; x_wconf 89' lang='lat' dir='ltr'><strong>mo-</strong></span> 
     </span>
    </p>
   </div>
   <div class='ocr_carea' id='block_1_108' title="bbox 700 5605 1218 5663">
    <p class='ocr_par' dir='ltr' id='par_1_108' title="bbox 700 5605 1218 5663">
     <span class='ocr_line' id='line_1_108' title="bbox 700 5605 1218 5663; baseline 0.004 -4"><span class='ocrx_word' id='word_1_792' title='bbox 700 5605 940 5662; x_wconf 76' lang='lat' dir='ltr'><strong>PA&#39;mOL.</strong></span> <span class='ocrx_word' id='word_1_793' title='bbox 975 5605 1218 5663; x_wconf 83' lang='lat' dir='ltr'>CXXVI.</span> 
     </span>
    </p>
   </div>
   <div class='ocr_carea' id='block_1_109' title="bbox 1899 4513 3504 4592">
    <p class='ocr_par' dir='ltr' id='par_1_109' title="bbox 1899 4513 3504 4592">
     <span class='ocr_line' id='line_1_109' title="bbox 1899 4513 3504 4592; baseline -0.005 -16"><span class='ocrx_word' id='word_1_794' title='bbox 1899 4527 1960 4576; x_wconf 90' lang='lat' dir='ltr'><strong>ut</strong></span> <span class='ocrx_word' id='word_1_795' title='bbox 1985 4536 2094 4576; x_wconf 90' lang='lat' dir='ltr'><strong>non</strong></span> <span class='ocrx_word' id='word_1_796' title='bbox 2121 4518 2444 4576; x_wconf 78' lang='lat' dir='ltr'><strong>refricentur</strong></span> <span class='ocrx_word' id='word_1_797' title='bbox 2475 4534 2544 4575; x_wconf 89' lang='lat' dir='ltr'><strong>ea</strong></span> <span class='ocrx_word' id='word_1_798' title='bbox 2572 4535 2694 4592; x_wconf 75' lang='lat' dir='ltr'><strong>quae</strong></span> <span class='ocrx_word' id='word_1_799' title='bbox 2724 4525 2848 4576; x_wconf 88' lang='lat' dir='ltr'><strong>acta</strong></span> <span class='ocrx_word' id='word_1_800' title='bbox 2875 4525 3020 4586; x_wconf 89' lang='lat' dir='ltr'><strong>sunt,</strong></span> <span class='ocrx_word' id='word_1_801' title='bbox 3056 4532 3175 4590; x_wconf 82' lang='lat' dir='ltr'><strong>quae</strong></span> <span class='ocrx_word' id='word_1_802' title='bbox 3195 4513 3504 4573; x_wconf 89' lang='lat' dir='ltr'><strong>decreverit</strong></span> 
     </span>
    </p>
   </div>
   <div class='ocr_carea' id='block_1_110' title="bbox 1901 4606 3506 4679">
    <p class='ocr_par' dir='ltr' id='par_1_110' title="bbox 1901 4606 3506 4679">
     <span class='ocr_line' id='line_1_110' title="bbox 1901 4606 3506 4679; baseline -0.004 -13"><span class='ocrx_word' id='word_1_803' title='bbox 1901 4607 2216 4669; x_wconf 78' lang='lat' dir='ltr'><strong>Conﬁrmata</strong></span> <span class='ocrx_word' id='word_1_804' title='bbox 2247 4616 2426 4666; x_wconf 91' lang='lat' dir='ltr'><strong>erunt.</strong></span> <span class='ocrx_word' id='word_1_805' title='bbox 2459 4609 2529 4664; x_wconf 90' lang='lat' dir='ltr'><strong>Et</strong></span> <span class='ocrx_word' id='word_1_806' title='bbox 2559 4609 2605 4664; x_wconf 90' lang='lat' dir='ltr'><strong>si</strong></span> <span class='ocrx_word' id='word_1_807' title='bbox 2647 4609 2856 4679; x_wconf 90' lang='lat' dir='ltr'><strong>justum</strong></span> <span class='ocrx_word' id='word_1_808' title='bbox 2880 4606 3154 4678; x_wconf 90' lang='lat' dir='ltr'><strong>putaverit</strong></span> <span class='ocrx_word' id='word_1_809' title='bbox 3181 4613 3239 4660; x_wconf 93' lang='lat' dir='ltr'><strong>ut</strong></span> <span class='ocrx_word' id='word_1_810' title='bbox 3267 4619 3506 4660; x_wconf 90' lang='lat' dir='ltr'><strong>renove-</strong></span> 
     </span>
    </p>
   </div>
   <div class='ocr_carea' id='block_1_111' title="bbox 1899 4693 3502 4770">
    <p class='ocr_par' dir='ltr' id='par_1_111' title="bbox 1899 4693 3502 4770">
     <span class='ocr_line' id='line_1_111' title="bbox 1899 4693 3502 4770; baseline -0.004 -16"><span class='ocrx_word' id='word_1_811' title='bbox 1899 4706 1988 4754; x_wconf 90' lang='lat' dir='ltr'><strong>tur</strong></span> <span class='ocrx_word' id='word_1_812' title='bbox 2013 4714 2261 4765; x_wconf 86' lang='lat' dir='ltr'><strong>examen,</strong></span> <span class='ocrx_word' id='word_1_813' title='bbox 2309 4699 2550 4755; x_wconf 90' lang='lat' dir='ltr'><strong>scribere</strong></span> <span class='ocrx_word' id='word_1_814' title='bbox 2580 4696 2666 4752; x_wconf 89' lang='lat' dir='ltr'><strong>his</strong></span> <span class='ocrx_word' id='word_1_815' title='bbox 2713 4697 2968 4770; x_wconf 81' lang='lat' dir='ltr'><strong>dignetur</strong></span> <span class='ocrx_word' id='word_1_816' title='bbox 2997 4693 3290 4766; x_wconf 90' lang='lat' dir='ltr'><strong>episcopis,</strong></span> <span class='ocrx_word' id='word_1_817' title='bbox 3322 4693 3416 4764; x_wconf 87' lang='lat' dir='ltr'><strong>qui</strong></span> <span class='ocrx_word' id='word_1_818' title='bbox 3445 4693 3502 4748; x_wconf 93' lang='lat' dir='ltr'><strong>in</strong></span> 
     </span>
    </p>
   </div>
   <div class='ocr_carea' id='block_1_112' title="bbox 1899 4781 3502 4860">
    <p class='ocr_par' dir='ltr' id='par_1_112' title="bbox 1899 4781 3502 4860">
     <span class='ocr_line' id='line_1_112' title="bbox 1899 4781 3502 4860; baseline -0.002 -18"><span class='ocrx_word' id='word_1_819' title='bbox 1899 4787 2128 4844; x_wconf 88' lang='lat' dir='ltr'><strong>ﬁnitima</strong></span> <span class='ocrx_word' id='word_1_820' title='bbox 2158 4797 2210 4843; x_wconf 93' lang='lat' dir='ltr'><strong>et</strong></span> <span class='ocrx_word' id='word_1_821' title='bbox 2238 4787 2543 4860; x_wconf 87' lang='lat' dir='ltr'><strong>propinqua</strong></span> <span class='ocrx_word' id='word_1_822' title='bbox 2562 4785 2844 4858; x_wconf 88' lang='lat' dir='ltr'><strong>provincia</strong></span> <span class='ocrx_word' id='word_1_823' title='bbox 2876 4791 3018 4851; x_wconf 91' lang='lat' dir='ltr'><strong>sunt,</strong></span> <span class='ocrx_word' id='word_1_824' title='bbox 3051 4790 3110 4838; x_wconf 92' lang='lat' dir='ltr'><strong>ut</strong></span> <span class='ocrx_word' id='word_1_825' title='bbox 3139 4781 3246 4854; x_wconf 89' lang='lat' dir='ltr'><strong>ipsi</strong></span> <span class='ocrx_word' id='word_1_826' title='bbox 3273 4781 3502 4855; x_wconf 81' lang='lat' dir='ltr'><strong>diligen-</strong></span> 
     </span>
    </p>
   </div>
   <div class='ocr_carea' id='block_1_113' title="bbox 1899 4870 3498 4948">
    <p class='ocr_par' dir='ltr' id='par_1_113' title="bbox 1899 4870 3498 4948">
     <span class='ocr_line' id='line_1_113' title="bbox 1899 4870 3498 4948; baseline -0.004 -16"><span class='ocrx_word' id='word_1_827' title='bbox 1899 4885 1982 4932; x_wconf 88' lang='lat' dir='ltr'><strong>ter</strong></span> <span class='ocrx_word' id='word_1_828' title='bbox 2023 4876 2244 4933; x_wconf 91' lang='lat' dir='ltr'><strong>omnino</strong></span> <span class='ocrx_word' id='word_1_829' title='bbox 2292 4877 2588 4948; x_wconf 88' lang='lat' dir='ltr'><strong>requirant,</strong></span> <span class='ocrx_word' id='word_1_830' title='bbox 2617 4883 2671 4930; x_wconf 91' lang='lat' dir='ltr'><strong>et</strong></span> <span class='ocrx_word' id='word_1_831' title='bbox 2691 4874 2845 4944; x_wconf 88' lang='lat' dir='ltr'><strong>juxta</strong></span> <span class='ocrx_word' id='word_1_832' title='bbox 2889 4871 3052 4927; x_wconf 87' lang='lat' dir='ltr'><strong>ﬁdem</strong></span> <span class='ocrx_word' id='word_1_833' title='bbox 3082 4870 3323 4928; x_wconf 89' lang='lat' dir='ltr'><strong>veritatis</strong></span> <span class='ocrx_word' id='word_1_834' title='bbox 3356 4871 3498 4927; x_wconf 88' lang='lat' dir='ltr'><strong>defi-</strong></span> 
     </span>
    </p>
   </div>
   <div class='ocr_carea' id='block_1_114' title="bbox 1898 4959 3502 5036">
    <p class='ocr_par' dir='ltr' id='par_1_114' title="bbox 1898 4959 3502 5036">
     <span class='ocr_line' id='line_1_114' title="bbox 1898 4959 3502 5036; baseline -0.003 -15"><span class='ocrx_word' id='word_1_835' title='bbox 1898 4965 2064 5021; x_wconf 89' lang='lat' dir='ltr'><strong>niant.</strong></span> <span class='ocrx_word' id='word_1_836' title='bbox 2099 4965 2260 5034; x_wconf 87' lang='lat' dir='ltr'><strong>Quod</strong></span> <span class='ocrx_word' id='word_1_837' title='bbox 2288 4965 2335 5020; x_wconf 91' lang='lat' dir='ltr'><strong>si</strong></span> <span class='ocrx_word' id='word_1_838' title='bbox 2359 4965 2408 5020; x_wconf 92' lang='lat' dir='ltr'><strong>is</strong></span> <span class='ocrx_word' id='word_1_839' title='bbox 2439 4965 2530 5036; x_wconf 90' lang='lat' dir='ltr'><strong>qui</strong></span> <span class='ocrx_word' id='word_1_840' title='bbox 2558 4970 2712 5034; x_wconf 88' lang='lat' dir='ltr'><strong>rogat</strong></span> <span class='ocrx_word' id='word_1_841' title='bbox 2741 4977 2962 5017; x_wconf 89' lang='lat' dir='ltr'><strong>causam</strong></span> <span class='ocrx_word' id='word_1_842' title='bbox 2993 4977 3150 5016; x_wconf 89' lang='lat' dir='ltr'><strong>suam</strong></span> <span class='ocrx_word' id='word_1_843' title='bbox 3195 4959 3375 5018; x_wconf 88' lang='lat' dir='ltr'><strong>audiri</strong></span> <span class='ocrx_word' id='word_1_844' title='bbox 3401 4959 3502 5016; x_wconf 81' lang='lat' dir='ltr'><strong>ite-</strong></span> 
     </span>
    </p>
   </div>
   <div class='ocr_carea' id='block_1_115' title="bbox 1897 5049 3498 5126">
    <p class='ocr_par' dir='ltr' id='par_1_115' title="bbox 1897 5049 3498 5126">
     <span class='ocr_line' id='line_1_115' title="bbox 1897 5049 3498 5126; baseline -0.003 -17"><span class='ocrx_word' id='word_1_845' title='bbox 1897 5071 2057 5126; x_wconf 89' lang='lat' dir='ltr'><strong>rum,</strong></span> <span class='ocrx_word' id='word_1_846' title='bbox 2090 5053 2472 5126; x_wconf 87' lang='lat' dir='ltr'><strong>deprecatione</strong></span> <span class='ocrx_word' id='word_1_847' title='bbox 2503 5067 2602 5106; x_wconf 85' lang='lat' dir='ltr'><strong>sua</strong></span> <span class='ocrx_word' id='word_1_848' title='bbox 2658 5049 2890 5107; x_wconf 90' lang='lat' dir='ltr'><strong>moverit</strong></span> <span class='ocrx_word' id='word_1_849' title='bbox 2936 5050 3252 5122; x_wconf 89' lang='lat' dir='ltr'><strong>episcopum</strong></span> <span class='ocrx_word' id='word_1_850' title='bbox 3299 5051 3498 5106; x_wconf 84' lang='lat' dir='ltr'><strong>Roma-</strong></span> 
     </span>
    </p>
   </div>
   <div class='ocr_carea' id='block_1_116' title="bbox 1897 5138 3504 5213">
    <p class='ocr_par' dir='ltr' id='par_1_116' title="bbox 1897 5138 3504 5213">
     <span class='ocr_line' id='line_1_116' title="bbox 1897 5138 3504 5213; baseline -0.003 -15"><span class='ocrx_word' id='word_1_851' title='bbox 1897 5159 2050 5213; x_wconf 89' lang='lat' dir='ltr'><strong>num,</strong></span> <span class='ocrx_word' id='word_1_852' title='bbox 2081 5151 2140 5198; x_wconf 91' lang='lat' dir='ltr'><strong>ut</strong></span> <span class='ocrx_word' id='word_1_853' title='bbox 2166 5160 2196 5199; x_wconf 90' lang='lat' dir='ltr'><strong>e</strong></span> <span class='ocrx_word' id='word_1_854' title='bbox 2227 5143 2395 5200; x_wconf 90' lang='lat' dir='ltr'><strong>latere</strong></span> <span class='ocrx_word' id='word_1_855' title='bbox 2419 5156 2518 5196; x_wconf 88' lang='lat' dir='ltr'><strong>suo</strong></span> <span class='ocrx_word' id='word_1_856' title='bbox 2548 5138 2928 5212; x_wconf 88' lang='lat' dir='ltr'><strong>presbyterum</strong></span> <span class='ocrx_word' id='word_1_857' title='bbox 2971 5139 3164 5211; x_wconf 87' lang='lat' dir='ltr'><strong>mittat,</strong></span> <span class='ocrx_word' id='word_1_858' title='bbox 3195 5138 3298 5194; x_wconf 91' lang='lat' dir='ltr'><strong>erit</strong></span> <span class='ocrx_word' id='word_1_859' title='bbox 3326 5138 3380 5193; x_wconf 91' lang='lat' dir='ltr'><strong>in</strong></span> <span class='ocrx_word' id='word_1_860' title='bbox 3410 5153 3504 5210; x_wconf 84' lang='lat' dir='ltr'><strong>po-</strong></span> 
     </span>
    </p>
   </div>
   <div class='ocr_carea' id='block_1_117' title="bbox 1897 5227 3495 5304">
    <p class='ocr_par' dir='ltr' id='par_1_117' title="bbox 1897 5227 3495 5304">
     <span class='ocr_line' id='line_1_117' title="bbox 1897 5227 3495 5304; baseline -0.005 -16"><span class='ocrx_word' id='word_1_861' title='bbox 1897 5241 2087 5290; x_wconf 89' lang='lat' dir='ltr'><strong>testate</strong></span> <span class='ocrx_word' id='word_1_862' title='bbox 2145 5230 2410 5304; x_wconf 86' lang='lat' dir='ltr'><strong>episcOpi,</strong></span> <span class='ocrx_word' id='word_1_863' title='bbox 2447 5236 2498 5284; x_wconf 87' lang='lat' dir='ltr'><strong>et</strong></span> <span class='ocrx_word' id='word_1_864' title='bbox 2557 5227 2688 5301; x_wconf 90' lang='lat' dir='ltr'><strong>quid</strong></span> <span class='ocrx_word' id='word_1_865' title='bbox 2716 5229 2863 5298; x_wconf 90' lang='lat' dir='ltr'><strong>velit,</strong></span> <span class='ocrx_word' id='word_1_866' title='bbox 2897 5237 2950 5285; x_wconf 92' lang='lat' dir='ltr'><strong>et</strong></span> <span class='ocrx_word' id='word_1_867' title='bbox 2986 5229 3118 5302; x_wconf 91' lang='lat' dir='ltr'><strong>quid</strong></span> <span class='ocrx_word' id='word_1_868' title='bbox 3143 5228 3391 5285; x_wconf 65' lang='lat' dir='ltr'><strong>aestimet.</strong></span> <span class='ocrx_word' id='word_1_869' title='bbox 3425 5227 3495 5282; x_wconf 92' lang='lat' dir='ltr'><strong>Et</strong></span> 
     </span>
    </p>
   </div>
   <div class='ocr_carea' id='block_1_118' title="bbox 1898 5317 3497 5391">
    <p class='ocr_par' dir='ltr' id='par_1_118' title="bbox 1898 5317 3497 5391">
     <span class='ocr_line' id='line_1_118' title="bbox 1898 5317 3497 5391; baseline -0.005 -13"><span class='ocrx_word' id='word_1_870' title='bbox 1898 5323 1944 5378; x_wconf 90' lang='lat' dir='ltr'><strong>si</strong></span> <span class='ocrx_word' id='word_1_871' title='bbox 1989 5321 2294 5378; x_wconf 87' lang='lat' dir='ltr'><strong>decreverit</strong></span> <span class='ocrx_word' id='word_1_872' title='bbox 2340 5317 2632 5374; x_wconf 88' lang='lat' dir='ltr'><strong>mittendos</strong></span> <span class='ocrx_word' id='word_1_873' title='bbox 2673 5335 2817 5390; x_wconf 90' lang='lat' dir='ltr'><strong>esse,</strong></span> <span class='ocrx_word' id='word_1_874' title='bbox 2889 5319 2980 5391; x_wconf 89' lang='lat' dir='ltr'><strong>qui</strong></span> <span class='ocrx_word' id='word_1_875' title='bbox 3016 5325 3315 5390; x_wconf 65' lang='lat' dir='ltr'><strong>praesentes</strong></span> <span class='ocrx_word' id='word_1_876' title='bbox 3371 5331 3497 5372; x_wconf 91' lang='lat' dir='ltr'><strong>cum</strong></span> 
     </span>
    </p>
   </div>
   <div class='ocr_carea' id='block_1_119' title="bbox 1899 5405 3494 5482">
    <p class='ocr_par' dir='ltr' id='par_1_119' title="bbox 1899 5405 3494 5482">
     <span class='ocr_line' id='line_1_119' title="bbox 1899 5405 3494 5482; baseline -0.005 -16"><span class='ocrx_word' id='word_1_877' title='bbox 1899 5409 2171 5482; x_wconf 85' lang='lat' dir='ltr'><strong>episcOpis</strong></span> <span class='ocrx_word' id='word_1_878' title='bbox 2213 5407 2492 5477; x_wconf 89' lang='lat' dir='ltr'><strong>judicent,</strong></span> <span class='ocrx_word' id='word_1_879' title='bbox 2550 5407 2816 5464; x_wconf 88' lang='lat' dir='ltr'><strong>habentes</strong></span> <span class='ocrx_word' id='word_1_880' title='bbox 2870 5408 2988 5478; x_wconf 91' lang='lat' dir='ltr'><strong>ejus</strong></span> <span class='ocrx_word' id='word_1_881' title='bbox 3041 5405 3420 5472; x_wconf 80' lang='lat' dir='ltr'><strong>auctoritatem</strong></span> <span class='ocrx_word' id='word_1_882' title='bbox 3461 5419 3494 5458; x_wconf 89' lang='lat' dir='ltr'><strong>a</strong></span> 
     </span>
    </p>
   </div>
   <div class='ocr_carea' id='block_1_120' title="bbox 1899 5503 3488 5582">
    <p class='ocr_par' dir='ltr' id='par_1_120' title="bbox 1899 5503 3488 5582">
     <span class='ocr_line' id='line_1_120' title="bbox 1899 5503 3488 5582; baseline -0.004 -17"><span class='ocrx_word' id='word_1_883' title='bbox 1899 5524 2006 5582; x_wconf 92' lang='lat' dir='ltr'><strong>quo</strong></span> <span class='ocrx_word' id='word_1_884' title='bbox 2025 5504 2278 5563; x_wconf 86' lang='lat' dir='ltr'><strong>destinati</strong></span> <span class='ocrx_word' id='word_1_885' title='bbox 2308 5511 2452 5573; x_wconf 89' lang='lat' dir='ltr'><strong>sunt,</strong></span> <span class='ocrx_word' id='word_1_886' title='bbox 2488 5505 2591 5563; x_wconf 91' lang='lat' dir='ltr'><strong>erit</strong></span> <span class='ocrx_word' id='word_1_887' title='bbox 2610 5505 2667 5564; x_wconf 92' lang='lat' dir='ltr'><strong>in</strong></span> <span class='ocrx_word' id='word_1_888' title='bbox 2697 5522 2797 5564; x_wconf 89' lang='lat' dir='ltr'><strong>suo</strong></span> <span class='ocrx_word' id='word_1_889' title='bbox 2827 5503 3068 5562; x_wconf 90' lang='lat' dir='ltr'><strong>arbitrio.</strong></span> <span class='ocrx_word' id='word_1_890' title='bbox 3103 5503 3161 5561; x_wconf 91' lang='lat' dir='ltr'><strong>Si</strong></span> <span class='ocrx_word' id='word_1_891' title='bbox 3207 5517 3340 5559; x_wconf 85' lang='lat' dir='ltr'><strong>vero</strong></span> <span class='ocrx_word' id='word_1_892' title='bbox 3371 5515 3488 5558; x_wconf 87' lang='lat' dir='ltr'><strong>cre-</strong></span> 
     </span>
    </p>
   </div>
   <div class='ocr_carea' id='block_1_121' title="bbox 3033 5607 3064 5655">
    <p class='ocr_par' dir='ltr' id='par_1_121' title="bbox 3033 5607 3064 5655">
     <span class='ocr_line' id='line_1_121' title="bbox 3033 5607 3064 5655; baseline 0 0"><span class='ocrx_word' id='word_1_893' title='bbox 3033 5607 3064 5655; x_wconf 91' lang='lat'><strong>8</strong></span> 
     </span>
    </p>
   </div>
  </div>
