4072 6302
599 234 705 287 235

1635 216 1976 277 HINCMARI
2029 211 2435 271 RHEMENSIS
2490 210 3039 267 ARCHIEPISCOPI.

3809 212 3923 267 236

607 353 799 409 diderit
828 352 1116 422 episcopos
1150 348 1419 415 sufﬁcere,
1446 355 1503 401 ut
1534 345 1755 416 negotio
1786 342 2074 398 terminum
2095 339 2203 392 im-
2233 338 2289 398 A
2309 336 2534 393 arbitrio
2564 336 2651 391 vel
2685 336 2888 405 judicio
2918 336 3010 407 qui
3037 351 3163 391 eum
3216 334 3610 403 judicaverunt,
3642 348 3767 389 cum
3796 333 3919 403 epi-

605 448 823 513 ponant,
851 438 1008 495 faciet
1049 439 1197 510 quod
1228 437 1629 508 sapientissimo
1674 432 1901 489 consilio
1925 429 2207 499 judicave-

604 530 690 584 rit.
727 529 950 583 Interim
979 536 1158 583 tamen
1181 527 1318 580 alter
1348 525 1637 595 episcopus
1664 522 1719 577 in
1744 520 2003 577 cathedra
2032 519 2207 586 depo-

564 619 575 623 ’
605 616 692 671 siti
737 616 982 688 episcopi
1012 624 1135 687 post
1190 612 1607 685 appellationem
1626 611 1741 680 ejus
1770 625 1879 664 non
1909 606 2205 670 ordinetur,

602 715 890 777 antequam
920 721 1085 760 causa
1130 704 1248 772 ejus
1293 701 1448 757 fuerit
1496 701 1552 755 in
1597 699 1802 769 judicio
1832 695 2072 767 epiSCOpi
2101 694 2208 748 Ro-

601 794 749 850 mani
777 793 1149 849 determinata.
1190 813 1212 841 ι

672 883 770 938 IX.
805 881 939 951 Quae
985 879 1296 937 constitutio
1354 876 1731 950 appellationis
1761 875 1830 929 ad
1852 870 2207 944 apostolicam

604 966 793 1022 sedem
822 981 932 1021 non
959 964 1238 1019 discordat
1267 978 1299 1017 a
1329 976 1484 1017 sacra
1514 968 1566 1015 et
1603 958 1831 1029 mystica
1862 956 2086 1010 Nicaena
2117 970 2205 1024 sy-

600 1054 765 1123 nodo,
799 1053 868 1109 de
899 1069 1003 1125 qua
1031 1068 1261 1125 magnus
1289 1051 1397 1105 Leo
1444 1062 1584 1119 papa
1628 1047 1698 1101 ad
1729 1044 2036 1101 Anatolium
2064 1041 2203 1097 scri-

601 1143 709 1215 psit
751 1143 941 1215 (epist.
986 1144 1095 1207 56).
1127 1163 1148 1191 α
1184 1140 1299 1204 Illa,
1358 1137 1627 1209 inquiens,
1659 1136 2007 1191 Nicaznorum
2032 1145 2204 1186 cano-

603 1248 734 1287 num
781 1247 882 1301 per
911 1238 1160 1285 sanctum
1219 1243 1349 1283 vere
1388 1225 1648 1296 Spiritum
1679 1223 1932 1279 ordinata
1969 1218 2204 1276 conditio

600 1320 658 1374 in
687 1319 835 1375 nulla
862 1333 1101 1390 unquam
1128 1322 1280 1388 parte
1311 1323 1395 1370 est
1413 1312 1679 1370 solubilis.
1702 1310 1865 1366 Nulla
1884 1309 2117 1364 siblimet
2136 1307 2205 1361 de

603 1407 1051 1478 multiplicatione
1130 1401 1576 1476 congregationis
1635 1398 1923 1472 synodalia
1979 1396 2205 1453 concilia

604 1496 969 1561 blandiantur,
1002 1508 1180 1564 neque
1225 1496 1487 1548 trecentis
1542 1489 1648 1545 illis
1679 1489 1868 1544 decem
1900 1495 2058 1559 atque
2084 1493 2205 1540 octo

604 1582 876 1655 episcopis
921 1580 1317 1654 quantumlibet
1345 1578 1622 1650 c0piosior
1650 1592 1912 1633 numerus
1950 1572 2207 1631 sacerdo-

2310 426 2492 496 scopis
2522 425 2614 496 qui
2670 425 2726 479 in
2773 424 3001 478 ﬁnitima
3028 432 3082 479 et
3137 423 3442 494 propinqua
3468 422 3753 493 provincia
3782 429 3916 475 sunt

2309 514 2629 585 praecipiunt
2685 513 2983 578 terminari,
3017 521 3283 584 quatenus
3340 512 3454 567 sive
3510 512 3565 566 in
3609 510 3910 578 manenda,

2312 603 2427 657 sive
2454 602 2511 656 in
2538 602 2876 657 immutanda
2904 602 3191 667 sententia,
3217 601 3373 670 juxta
3401 600 3656 656 Nicaenos
3668 615 3914 655 canones

2310 706 2599 757 commune
2629 690 2699 745 sit
2733 689 3013 761 placitum.
3071 691 3152 745 De
3182 690 3380 761 quibus
3409 689 3580 744 sacris
3608 688 3914 743 canonibus

2309 779 2545 836 Nicaanis
2589 778 2909 835 Africanum
2962 778 3253 834 concilium
3285 778 3356 833 ad
3384 785 3630 832 sanctum
3660 776 3914 831 Caelesti-

2308 884 2436 922 num
2491 882 2691 939 papam
2750 868 2998 923 scribens
3028 868 3170 939 (cap.
3218 869 3363 935 105),
3400 888 3421 916 α
3456 865 3911 931 Prudentissime,

2307 955 2516 1027 inquit,
2543 956 2951 1027 justissimeque
3007 955 3380 1026 providerunt,
3416 970 3754 1026 quacunque
3808 970 3914 1008 ne-

2307 1045 2455 1116 gotia
2483 1044 2540 1099 in
2569 1046 2683 1099 suis
2712 1044 2846 1100 locis
2873 1044 2966 1099 ubi
2997 1053 3115 1099 orta
3139 1051 3262 1098 sunt
3291 1043 3546 1109 ﬁnienda,
3567 1058 3669 1098 nec
3698 1041 3915 1097 unicui-

2308 1149 2415 1204 que
2467 1134 2762 1204 provinciae
2820 1134 3050 1203 gratiam
3108 1132 3339 1202 Spiritus
3382 1131 3550 1187 sancti
3576 1130 3910 1195 defuturam,

2308 1238 2411 1292 qua
2430 1221 2663 1293 aequitas
2694 1237 2721 1274 a
2752 1221 2952 1275 Christi
2992 1220 3363 1278 sacerdotibus
3390 1228 3443 1275 et
3479 1219 3780 1291 prudenter
3832 1218 3913 1273 vi-

2307 1311 2517 1379 deatur,
2549 1318 2600 1367 et
2631 1310 3071 1366 constantissime
3114 1317 3379 1365 teneatur.
3420 1330 3442 1359 »

2376 1399 2498 1454 ΧΠ.
2555 1400 2751 1454 Beatus
2830 1382 3046 1470 quoque
3102 1398 3448 1454 Innocentius
3474 1397 3543 1452 ad
3592 1396 3910 1453 Victricium

2306 1489 2807 1559 Bothomagensem
2836 1488 3154 1558 episcopum
3183 1487 3291 1542 duo
3309 1486 3542 1557 capitula
3562 1486 3751 1559 magni
3781 1501 3912 1541 cou-

2308 1576 2417 1631 cilii
2449 1576 2658 1633 Nicmni
2691 1594 2703 1629 :
2748 1577 2828 1630 De
2859 1576 2942 1630 his
2987 1575 3240 1631 videlicet
3268 1575 3360 1647 qui
3388 1575 3771 1631 communione
3800 1574 3915 1644 pri-

601 1680 712 1727 tum
743 1685 1067 1741 comparare
1099 1685 1158 1725 se
1186 1668 1385 1725 audeat
1411 1667 1500 1723 vel
1554 1665 1838 1738 prmferre,
1871 1679 1995 1720 cum
2053 1668 2203 1717 tanto
2232 1693 2285 1752 B
2307 1672 2504 1720 vantur
2535 1681 2600 1721 ex
2632 1665 2813 1730 clero;
2848 1673 2900 1720 et
2930 1664 3072 1719 aliud
3106 1682 3119 1718 :
3155 1665 3223 1720 Ut
3272 1679 3372 1734 per
3401 1663 3648 1736 singulas
3679 1664 3912 1734 provin-

600 1759 860 1816 divinitus
890 1757 1185 1831 privilegio
1239 1757 1463 1813 Nicaana
1492 1755 1560 1810 sit
1588 1754 1829 1826 synodus
1884 1758 2205 1808 consecrata
2306 1755 2419 1811 cias
2447 1754 2561 1808 suis
2589 1754 2876 1826 privilegia
2906 1761 3191 1809 serventur
3218 1753 3511 1816 Ecclesiis;
3533 1762 3585 1806 et
3612 1752 3912 1823 capitulum

601 1857 661 1903 ut
691 1847 809 1903 sive
840 1864 940 1919 per
967 1847 1276 1918 pauciores,
1311 1844 1426 1899 sive
1454 1860 1555 1916 per
1601 1843 1787 1914 plures
1830 1839 2205 1898 ecclesiastica
2306 1843 2641 1899 Sardicensis
2671 1842 2887 1898 concilii
2916 1843 2985 1897 de
3042 1842 3419 1912 episcoporum
3450 1842 3520 1897 ad
3549 1841 3914 1912 apostolicam

596 1936 799 2005 judicia
829 1935 1197 2001 celebrentur,
1232 1933 1379 1988 omni
1408 1932 1624 2003 penitus
1654 1929 1971 1986 auctoritate
2010 1927 2078 1983 sit
2105 1943 2203 1982 va-

603 2039 763 2079 cuum
809 2022 1073 2095 quidquid
1131 2021 1199 2076 ab
1248 2020 1464 2076 illorum
1514 2018 1677 2075 fuerit
1707 2016 2091 2074 constitutione
2122 2014 2204 2069 di-

600 2125 842 2168 versum.
873 2133 894 2161 »
930 2112 1009 2165 De
1040 2110 1192 2179 cujus
1220 2108 1509 2181 privilegio
1538 2115 1591 2163 et
1630 2107 1692 2161 B.
1724 2104 2047 2161 Ambrosius
2076 2103 2208 2159 dicit

600 2200 759 2269 (lib.t
788 2202 854 2256 de
885 2200 1036 2267 Fide,
1070 2215 1121 2255 ο.
1155 2199 1251 2267 9);
1291 2220 1313 2248 κ
1361 2198 1485 2252 Non
1509 2198 1748 2251 humana
1775 2193 2060 2259 industria,
2094 2208 2204 2247 non

600 2287 991 2359 compositione
1048 2286 1251 2359 aliqua,
1285 2284 1515 2341 trecenti
1545 2284 1736 2340 decem
1792 2290 1845 2338 ct
1902 2289 2025 2339 octo
2082 2281 2202 2352 epi-

600 2376 749 2448 scOpi
795 2376 863 2431 ad
905 2375 1197 2432 concilium
1226 2380 1631 2438 convenerunt;
1663 2371 1759 2427 sed
1790 2378 1847 2425 ut
1893 2370 1948 2425 in
1975 2384 2202 2425 numero

609 2480 817 2532 eorum,
850 2480 950 2535 per
980 2464 1195 2535 signum
1254 2478 1367 2518 suae
1393 2460 1667 2533 passionis
1712 2468 1765 2515 et
1807 2457 2061 2525 nominis,
2093 2458 2203 2514 Do-

597 2554 776 2608 minus
804 2552 965 2607 .lesus
995 2567 1095 2607 suo
1124 2567 1184 2606 se
1238 2550 1499 2622 probaret
1544 2548 1739 2604 adesse
1784 2546 2033 2614 consilio,
2068 2561 2202 2602 crux

599 2642 655 2698 in
684 2640 963 2707 trecentis,
984 2640 1145 2695 Jesus
1168 2655 1367 2694 nomen
1396 2638 1454 2693 in
1478 2637 1669 2694 decem
1690 2644 1744 2692 et
1771 2643 1893 2693 octo
1922 2642 2005 2691 est
2025 2650 2203 2691 sacer-

599 2730 834 2785 dotibus.
874 2750 895 2779 »
935 2750 958 2780 α
995 2730 1062 2783 Et
1092 2727 1241 2795 mihi,
1276 2727 1450 2798 inquit
1495 2725 1728 2781 Hilarius
1768 2726 1866 2793 (De
1884 2725 2099 2796 synod.,
2145 2722 2202 2777 in

599 2817 749 2890 line),
780 2816 873 2873 ille
902 2816 1018 2888 ipse
1049 2832 1312 2871 numerus
1338 2814 1428 2870 hic
1457 2822 1679 2870 sanctus
1710 2820 1809 2879 est,
1830 2813 1885 2867 in
1902 2828 2009 2884 quo
2030 2812 2202 2867 Abra-

597 2907 727 2961 ham
755 2904 931 2961 victor
959 2920 1154 2978 regum
1185 2903 1495 2975 impiorum,
1543 2902 1611 2957 ab
1642 2917 1707 2957 eo
1738 2901 1829 2973 qui
1879 2900 2072 2956 aeterni
2103 2915 2198 2955 sa-

597 2993 822 3050 cerdotii
851 3000 933 3049 est
963 2992 1139 3048 forma
1170 2990 1527 3048 benedicitur.
1566 3012 1588 3040 »
1618 2991 1690 3059 Et
1720 2989 1845 3045 hinc
1899 2986 2028 3044 item
2056 2988 2193 3044 bea-

594 3092 681 3138 tus
709 3083 818 3138 Leo
847 3098 993 3154 papa
1041 3080 1111 3136 ad
1138 3078 1452 3136 Anatolium
1501 3080 1687 3151 (epist,
1733 3081 1820 3145 56,
1879 3084 2003 3149 post
2033 3093 2194 3147 supe-

593 3171 760 3241 riora)
807 3189 822 3238 ;
870 3191 892 3221 ¢
942 3169 1128 3227 Sancti
1165 3168 1243 3224 illi
1283 3176 1336 3224 et
1377 3166 1715 3224 venerabiles
1750 3167 1957 3235 Patres,
2018 3163 2111 3237 qui
2140 3165 2195 3220 in

595 3260 733 3315 urbe
777 3258 1017 3327 Nicena,
1077 3258 1350 3330 sacrilego
1403 3257 1532 3312 Ario
1590 3270 1713 3311 cum
1770 3271 1867 3310 sua
1921 3253 2195 3325 impietate

595 3347 868 3413 damnato,
900 3362 1186 3402 mansuras
1214 3361 1386 3418 usque
1415 3344 1470 3399 in
1500 3342 1662 3399 ﬁnem
1688 3342 1877 3399 mundi
1906 3342 2061 3415 leges
2098 3356 2194 3398 ec-

594 3434 1025 3492 clesiasticorum
1080 3450 1350 3492 canonum
1406 3430 1783 3499 condiderunt,
1820 3438 1875 3487 et
1903 3432 2050 3503 apud
2095 3446 2197 3487 nos

591 3524 646 3580 in
677 3531 792 3581 toto
849 3523 983 3580 orbe
1030 3531 1302 3579 terrarum
1325 3522 1381 3577 in
1439 3520 1551 3577 suis
1604 3519 2077 3577 constitutionibus
2116 3517 2196 3575 vi-

590 3622 743 3682 vunt,
774 3619 829 3667 et
878 3610 925 3667 si
956 3612 1086 3684 quid
1141 3627 1377 3685 usquam
1434 3609 1594 3666 aliter
1647 3624 1810 3682 quam
1853 3607 1931 3663 illi
1959 3614 2198 3664 statuere

594 3700 965 3773 praesumitur,
997 3701 1115 3757 sine
1146 3699 1488 3757 cunctatione
1520 3706 1791 3756 cassatur.
1836 3718 1858 3749 ι

665 3791 737 3845 Χ.
775 3787 936 3858 Quod
975 3797 1223 3846 sanctum
1254 3796 1308 3844 et
1335 3787 1625 3860 mysticum
1673 3786 1967 3843 concilium
1997 3784 2199 3855 praeci-

597 3878 677 3949 pit
708 3880 858 3947 (can.
894 3877 953 3949 ν)
985 3893 999 3933 :
1037 3898 1060 3929 α
1095 3879 1176 3933 De
1206 3877 1291 3932 his
1321 3875 1414 3948 qui
1464 3874 1845 3932 communione
1894 3873 2196 3946 privantur,

596 3974 653 4023 ut
680 3966 795 4023 sive
825 3980 899 4022 ex
930 3964 1097 4033 clero,
1133 3966 1249 4021 sive
1280 3982 1346 4020 ex
1401 3964 1540 4021 laico
1579 3962 1789 4032 ordine,
1824 3962 1894 4018 ab
1923 3960 2201 4034 episcopis

597 4070 695 4128 per
722 4070 1161 4128 unamquamque
1217 4052 1551 4125 provinciam
1608 4050 1876 4109 sententia
1931 4049 2202 4125 regularis

601 4144 859 4211 obtineat,
910 4150 969 4199 ut
1007 4142 1062 4198 hi
1104 4143 1196 4216 qui
1253 4140 1601 4212 abjiciuntur,
1634 4141 1705 4197 ab
1752 4139 1875 4196 aliis
1931 4155 2041 4195 non
2069 4138 2205 4196 reci-

599 4233 819 4306 piantur
852 4251 865 4289 :
901 4231 1213 4305 requiratur
1267 4239 1468 4298 autem,
1500 4248 1570 4288 ne
1624 4228 2082 4303 pusillanimitate,
2114 4234 2203 4284 aut

600 4321 967 4388 contentione,
1001 4319 1089 4377 vel
1133 4320 1242 4376 alio
1274 4319 1514 4392 quolibet
1542 4318 1787 4391 episcopi
1825 4318 1977 4385 vitio,
2010 4316 2201 4373 videa-

2307 1932 2492 1987 sedem
2548 1931 2945 2003 appellatione,
2978 1948 3087 1986 uno
3129 1930 3365 2001 capitulo
3413 1930 3692 2002 sagaciter
3750 1937 3913 2001 atque

2303 2029 2554 2092 patenter
2603 2020 2853 2091 explicat,
2888 2020 3079 2076 dicens
3117 2021 3302 2091 (epist.
3338 2018 3704 2090 IImwcent.)
3740 2036 3753 2073 :
3794 2040 3818 2068 ι
3857 2019 3914 2074 Si

2313 2126 2435 2181 quae
2490 2117 2669 2164 autem
2721 2124 2903 2164 causa
2953 2108 3043 2164 vel
3099 2110 3475 2164 contentiones
3504 2108 3646 2162 inter
3678 2107 3914 2163 clericos

2305 2206 2416 2252 tam
2448 2198 2749 2268 superioris
2796 2196 3024 2270 gradus,
3058 2213 3223 2269 quam
3276 2196 3435 2251 etiam
3465 2195 3760 2263 inferioris,
3798 2195 3916 2251 fue-

2303 2286 2414 2341 rint
2446 2295 2669 2352 exortae,
2690 2286 2897 2357 placuit
2927 2293 2985 2341 ut
3015 2286 3313 2341 secundum
3328 2286 3595 2356 synodum
3625 2285 3919 2340 Nicenam

2306 2375 2661 2447 congregatis
2684 2374 2935 2429 omnibus
2956 2375 3200 2443 ejusdem
3220 2374 3510 2444 provinciae
3531 2374 3915 2444 episcopisju-

2305 2463 2505 2519 dicium
2532 2464 2880 2529 terminetur;
2917 2477 3019 2518 nec
3047 2462 3209 2518 alicui
3237 2462 3417 2529 liceat,
3441 2462 3557 2518 sine
3586 2461 3912 2532 praejudicio

2303 2560 2486 2607 tamen
2534 2552 2793 2608 Romanae
2845 2551 3128 2617 Ecclesiae,
3159 2551 3248 2607 cui
3303 2550 3357 2605 in
3413 2550 3668 2606 omnibus
3723 2550 3909 2605 caussi

2303 2640 2466 2696 debet
2500 2640 2808 2696 reverentia
2844 2639 3136 2706 custodiri,
3170 2638 3377 2695 relictis
3404 2638 3488 2693 his
3535 2639 3915 2695 sacerdotibus

2304 2729 2396 2800 qui
2423 2729 2479 2783 in
2536 2727 2723 2784 eadem
2779 2727 3059 2799 provincia
3088 2727 3189 2783 Dei
3217 2727 3517 2783 Ecclesiam
3547 2733 3681 2783 nutu
3719 2726 3910 2783 divino

2302 2817 2631 2889 gubernant,
2666 2818 2737 2871 ad
2780 2816 2914 2871 alias
2952 2815 3246 2872 convolare
3301 2814 3633 2886 provincias.
3667 2813 3837 2883 Quod
3865 2815 3913 2870 si

2304 2904 2426 2976 quis
2458 2903 2597 2960 forte
2627 2903 3056 2976 praesumpserit,
3081 2912 3134 2959 et
3152 2904 3220 2959 ab
3240 2902 3418 2959 oﬁicio
3437 2903 3571 2959 cleri
3588 2903 3905 2973 submotus,

2304 3001 2357 3048 et
2384 2992 2703 3061 injuriarum
2732 3009 2857 3048 reus
2898 2992 2968 3047 ab
3004 2992 3254 3047 omnibus
3306 2991 3597 3061 judicetur.
3635 2991 3696 3047 Si
3725 3000 3912 3047 autem

2303 3080 2536 3149 majores
2566 3095 2743 3136 causa:
2771 3081 2827 3134 in
2854 3080 3035 3136 medio
3064 3079 3265 3136 fuerint
3293 3079 3581 3146 devolutae,
3614 3081 3683 3134 ad
3714 3080 3909 3135 sedem

2295 3168 2648 3240 apostolicam
2703 3169 2840 3225 sicut
2888 3168 3128 3239 synodus
3184 3169 3397 3235 statuit,
3433 3177 3486 3223 et
3542 3169 3705 3224 beata
3763 3184 3906 3224 con-

2299 3257 2527 3313 suetudo
2556 3258 2722 3330 exigit
2761 3266 2883 3329 post
2904 3256 3171 3327 judicium
3186 3256 3495 3329 episcopale
3515 3256 3846 3313 referantur.
3878 3279 3901 3308 ι

2295 3346 2357 3401 In
2385 3363 2450 3401 eo
2478 3346 2624 3402 enim
2654 3345 2800 3417 quod
2829 3344 2981 3411 dicit,
3014 3353 3072 3401 ut
3091 3345 3391 3403 secundum
3428 3345 3699 3416 synodum
3729 3346 3910 3402 Nicae-

2296 3450 2444 3503 nam,
2475 3435 2827 3507 congregatis
2886 3435 3133 3503 ejusdem
3174 3434 3467 3506 provinciae
3519 3434 3794 3505 episcopis
3836 3435 3908 3489 de

2299 3523 2503 3579 exortis
2525 3524 2703 3578 causis
2721 3523 2982 3592 judicium
3004 3523 3343 3588 terminetur,
3371 3522 3665 3595 eapitulum
3691 3523 3907 3580 Nicaeni

2299 3610 2513 3667 concilii
2566 3612 2635 3666 de
2693 3611 3172 3668 excommuuicatis
3200 3612 3495 3683 explanat:
3543 3612 3604 3667 In
3652 3627 3719 3667 eo
3752 3612 3907 3684 quod

2300 3700 2372 3755 ad
2408 3698 2540 3754 alias
2596 3715 2973 3772 quemcunque
3001 3700 3071 3755 de
3119 3700 3490 3757 ecclesiastico
3526 3700 3717 3757 ordine
3777 3714 3907 3771 pro-

2301 3788 2449 3845 hibet
2477 3787 2770 3845 convolare
2810 3788 3141 3860 provincias,
3175 3788 3322 3846 aliud
3352 3789 3647 3861 capitulum
3693 3789 3909 3846 Nicaeni

2301 3876 2517 3933 concilii
2554 3876 2804 3948 explicat,
2857 3876 3004 3949 quod
3026 3877 3199 3947 jubet,
3232 3886 3289 3933 ut
3317 3894 3416 3951 per
3472 3878 3719 3952 singulas
3760 3894 3905 3950 pro-

2301 3966 2508 4022 vincias
2566 3966 2678 4021 suis
2734 3965 3023 4039 privilegia
3094 3975 3382 4023 serventur
3436 3967 3700 4024 Ecclesiis
3734 4012 3747 4035 ,
3781 3969 3905 4024 sine

2301 4053 2615 4126 praajudicio
2660 4064 2844 4111 tamen
2873 4054 3132 4112 Romana:
3159 4055 3421 4115 Ecclesiae
3454 4074 3467 4111 :
3499 4066 3557 4112 ut
3587 4057 3636 4113 si
3663 4058 3905 4126 majores

2303 4158 2500 4211 causae,
2532 4158 2766 4217 quarum
2811 4158 2921 4199 una
2963 4152 3048 4200 est
3087 4144 3157 4200 de
3186 4144 3432 4217 episcopi
3453 4145 3679 4215 judicati
3705 4148 3903 4218 appel-

2303 4232 2523 4301 latione,
2554 4234 2610 4289 in
2665 4232 2847 4290 medio
2879 4230 3079 4290 fuerint
3106 4233 3395 4301 devoluta,
3445 4235 3516 4290 ad
3544 4235 3735 4291 sedem
3763 4251 3905 4307 apo-

2305 4322 2576 4387 stolicam,
2606 4321 2746 4379 sicnt
2775 4322 3036 4393 synodus,
3070 4322 3199 4395 quin
3220 4323 3580 4392 Sardicensis,
3615 4324 3819 4393 statuit,
3854 4334 3907 4381 et

601 4419 691 4468 tur
720 4427 755 4467 a
783 4409 1221 4485 congregatione
1251 4408 1519 4465 seclusus.
1553 4409 1620 4465 Ut
1639 4409 1743 4463 hoc
1764 4422 1899 4480 ergo
1919 4405 2202 4463 decentius
2228 4407 2281 4467 D
2305 4419 2459 4467 vetus
2497 4411 2835 4467 consuetudo
2892 4410 3077 4484 exigit,
3112 4419 3237 4482 post
3271 4412 3536 4481 judicium
3590 4412 3907 4486 episcopale

599 4499 921 4573 inquiratur,
954 4499 1096 4554 bene
1143 4496 1345 4569 placuit
1391 4495 1550 4552 annis
1579 4496 1809 4569 singulis
1865 4511 1965 4567 per
2017 4511 2208 4551 unam-

604 4605 876 4662 quamque
904 4586 1242 4659 provinciam
1271 4584 1355 4640 bis
1393 4584 1450 4640 in
1486 4600 1627 4641 anno
1675 4583 1908 4641 concilia
1936 4581 2205 4640 celebrari

601 4686 665 4734 ut
718 4676 1100 4743 communiter,
1152 4673 1407 4732 omnibus
1456 4672 1616 4729 simul
1661 4672 1939 4745 episcopis
1966 4687 2207 4745 congre-

602 4766 743 4838 gatis
771 4765 1086 4838 provincias,
1120 4763 1500 4829 discutiantur,
1522 4761 1833 4831 hujusmodi
1876 4760 2207 4833 quaestiones

604 4863 659 4909 et
684 4855 784 4923 sic,
814 4854 908 4926 qui
946 4871 1044 4910 suo
1089 4860 1453 4925 peccaverunt
1482 4850 1766 4908 evidenter
1796 4849 2074 4921 episcopo,
2106 4866 2205 4906 ex-

604 4942 988 4999 communicati
1032 4940 1422 4998 rationabiliter
1464 4940 1531 4996 ab
1578 4937 1831 4996 omnibus
1877 4938 2207 4995 aestimentur

603 5046 886 5103 usquequo
915 5031 1001 5087 vel
1045 5031 1102 5085 in
1132 5029 1425 5100 communi,
1460 5029 1547 5086 vel
1579 5027 1839 5099 episcOpo
1867 5026 2082 5100 placeat
2108 5028 2206 5084 hu-

606 5119 908 5176 maniorem
937 5133 1038 5190 pro
1069 5118 1267 5175 talibus
1296 5119 1443 5175 ferre
1473 5116 1814 5174 sententiam.
1844 5138 1867 5167 ι

674 5210 773 5264 XI.
817 5209 981 5277 Cujus
1002 5215 1204 5265 sanctae
1235 5206 1429 5280 synodi
1457 5206 1894 5264 constitutionem
1925 5205 2210 5263 Sardicen-

605 5313 696 5354 ses
726 5311 966 5353 canones
994 5312 1103 5354 non
1156 5295 1472 5354 convellunt
1498 5296 1643 5367 (cap.
1675 5298 1751 5366 ’7),
1788 5296 1878 5369 qui
1914 5312 2039 5352 cum
2064 5311 2207 5366 pon-

603 5386 767 5447 tiﬁcis
785 5386 1014 5442 Romani
1060 5385 1268 5443 vicario
1297 5383 1384 5440 vel
1432 5383 1658 5441 arbitrio
1688 5400 1909 5441 causam
1966 5380 2210 5456 episcopi

603 5485 661 5544 in
715 5483 1034 5557 provinciali
1092 5482 1302 5556 synodo
1344 5480 1589 5554 judicati,
1637 5483 1797 5540 etiam
1826 5482 2208 5555 episcoporum

2303 4497 2627 4555 referantur.
2683 4498 2918 4567 Scilicet,
2950 4508 3007 4555 ut
3059 4509 3152 4555 aut
3175 4500 3324 4570 juxta
3365 4500 3709 4572 pramissum
3740 4503 3909 4573 septi-

2303 4602 2454 4643 mum
2525 4586 2865 4645 Sardicensis
2916 4589 3132 4645 concilii
3165 4589 3493 4662 capitulum,
3579 4590 3908 4662 appellantis

2306 4676 2548 4748 episcopi
2576 4691 2736 4732 causa
2765 4676 2822 4731 in
2867 4678 3168 4748 provincia,
3200 4679 3256 4734 in
3283 4696 3389 4751 qua
3416 4678 3515 4735 fuit
3543 4688 3752 4750 exorta,
3775 4680 3907 4737 diﬂi-

2304 4765 2501 4833 niatur,
2533 4774 2622 4820 aut
2673 4765 2936 4834 judicium
3008 4768 3388 4839 episcoporum
3443 4768 3743 4840 provinciae
3770 4813 3789 4837 ,
3824 4788 3909 4825 se—

2306 4855 2543 4911 cundum
2595 4855 2815 4910 decreta
2869 4855 3150 4923 Bonifacii,
3181 4856 3493 4927 apostolicae
3549 4858 3698 4914 sedis
3728 4869 3910 4917 aucto—

2305 4943 2458 4999 ritate
2509 4941 2880 5010 conﬁrmetur,
2918 4953 2969 4999 et
3000 4944 3139 5001 sicut
3195 4946 3303 5001 Leo
3360 4946 3596 5018 scripsit,
3658 4948 3908 5017 ejusdem

2307 5031 2455 5088 sedis
2493 5032 2763 5087 sententia
2812 5032 3110 5089 roboratur.
3145 5032 3287 5103 Quia
3312 5050 3445 5091 vero
3483 5044 3706 5091 sanctus
3738 5038 3907 5093 Inno-

2307 5118 2515 5177 centius
2561 5136 2671 5175 non
2707 5121 3005 5191 Nicaanam,
3058 5122 3158 5177 sed
3190 5123 3570 5180 Sardicensem
3628 5127 3905 5197 synodum

2306 5209 2377 5263 de
2422 5208 2785 5281 appellatione
2824 5212 3066 5283 episcopi
3109 5212 3179 5267 ad
3222 5213 3411 5269 sedem
3465 5213 3827 5285 apostolieam
3855 5217 3911 5273 in

2307 5298 2680 5356 auctoritatem
2734 5300 2917 5369 traxit,
2963 5300 3055 5372 qui
3109 5307 3369 5374 utrasque
3427 5304 3668 5375 synodos
3723 5305 3906 5380 legit,

2307 5395 2491 5457 aperte
2528 5388 2798 5461 intelligit.

2377 5484 2501 5546 XII.
2535 5486 2716 5545 Sacraa
2761 5486 2915 5561 leges
2946 5504 3010 5545 ac
3066 5489 3291 5564 regule,
3323 5492 3678 5565 presbyteros
3715 5504 3771 5552 et
3797 5512 3907 5553 c2-
