4072 6286
185 209 292 264 23⁵1

1693 213 2070 276 EPISTOLE.

3385 245 3490 301 238

191 339 342 388 teros
409 330 690 389 inferioris
744 335 950 407 gradus
1005 335 1232 392 clericos
1253 378 1270 406 ,
1309 353 1420 394 non
1464 339 1596 394 alibi
1618 355 1798 413 quam
1824 339 2130 439 Achenum
2160 347 2475 420 episcopum
2521 351 2708 425 (epist.
2741 356 2865 428 30):
2888 358 3268 431 Revolventes,
3295 363 3491 439 inquit,

187 421 335 491 apud
367 436 500 476 suos
531 421 818 494 episcopos
836 425 1174 495 praecepiunt
1197 428 1444 482 accusari
1471 445 1483 482 :
1517 445 1548 483 a
1579 429 1795 501 quibus,

190 508 330 564 sicut
368 509 571 566 Africa:
607 511 900 581 provinciae
947 528 1188 568 canones
1235 515 1556 584 decernunt,
1609 533 1802 573 eorum

192 612 359 654 causa
387 598 554 654 debet
583 599 774 665 audiri,
807 607 862 655 et
891 601 1029 656 sicut
1073 611 1293 659 sanctus
1333 604 1632 677 Gregorius
1661 622 1798 662 con-

190 686 384 753 stituit,
435 702 564 744 cum
611 689 950 760 presbyteris
994 690 1082 746 vel
1127 691 1342 748 clericis
1387 711 1500 750 sum
1527 695 1802 766 parochize

183 775 446 844 judicari.
485 775 591 845 Qui
622 775 759 832 forte
803 777 850 831 si
897 779 966 833 de
1007 779 1228 847 judiciis
1257 782 1640 853 episcoporum
1669 799 1800 840 suo-

191 880 314 918 rum
347 863 530 935 questi
556 862 774 932 fuerint,
807 867 876 921 ad
907 881 1046 938 quos
1067 869 1146 922 eis
1177 869 1246 924 sit
1277 872 1702 942 provocandam,
1733 873 1802 928 de

192 952 566 1023 appellatione
634 954 1078 1026 presbyterorum
1143 973 1206 1013 ac
1269 958 1662 1029 diaconorum,
1731 961 1801 1015 ad

193 1040 406 1096 vicinos
435 1049 491 1096 et
520 1041 776 1097 ﬁnitimos
805 1043 1112 1116 episcopos,
1143 1062 1285 1117 papa
1304 1048 1548 1103 Zosimus
1577 1049 1634 1103 in
1653 1065 1802 1105 com-

192 1129 492 1186 monitorio
519 1147 623 1202 per
677 1131 994 1187 Faustinum
1037 1135 1356 1206 episcopum
1400 1145 1452 1192 et
1497 1137 1802 1210 Philippum

191 1233 256 1274 ac
285 1219 532 1274 Asellum
576 1221 928 1291 presbyteros
973 1223 1181 1278 directo
1217 1224 1636 1298 Carthaginensi
1665 1243 1801 1284 con-

191 1307 336 1377 cilio,
379 1308 437 1362 in
495 1309 728 1364 concilio
780 1309 1087 1367 Sardicensi
1143 1313 1379 1384 capitulo
1437 1315 1650 1372 decimo
1707 1333 1801 1372 se-

191 1397 360 1468 ptimo
419 1398 732 1454 continetur
770 1399 874 1454 hoc
923 1401 1105 1466 modo,
1161 1401 1323 1457 Osius
1352 1403 1640 1476 episcoPus
1669 1406 1804 1460 dixit

191 1485 342 1558 (cap.
401 1486 492 1557 l7)
528 1504 542 1541 :
583 1509 604 1536 α
640 1486 800 1556 Quod
829 1505 916 1543 me
963 1490 1142 1546 adhuc
1194 1501 1394 1557 movet,
1429 1493 1656 1548 reticere
1693 1509 1801 1550 non

192 1574 398 1630 debeo.
439 1575 500 1631 Si
527 1575 819 1646 episcopus
853 1577 976 1648 quis
1005 1577 1144 1634 forte
1165 1579 1477 1646 iracundus,
1503 1582 1649 1652 quod
1680 1599 1801 1638 esse

1901 429 2276 486 auctoritatem
2303 433 2540 490 Nicaanae
2569 437 2794 508 synodi,
2828 457 2949 512 quae
2991 460 3097 499 una
3127 429 3501 522 omnium.per

1901 517 2091 573 orbem
2121 526 2394 576 terrarum
2439 532 2679 581 mentem
2709 528 2941 598 explicat
2983 535 3348 605 sacerdotum,
3380 517 3501 612 quae

1901 609 2114 662 censuit
2142 610 2210 664 de
2240 611 2576 668 Antiochena
2602 615 2851 672 Ecclesia
2888 621 3096 678 cunctis
3125 609 3415 694 fidelibus;
3430 645 3500 686 ne

1901 694 2138 752 dixerim
2167 701 2562 769 sacerdotibus,
2613 720 2736 761 esse
2781 709 3154 766 necessarium
3193 716 3496 784 custodire,

1903 800 2011 855 qua
2053 802 2220 858 super
2267 787 2550 846 dimcesim
2597 809 2746 848 suam
2804 797 3119 866 praedictam
3171 801 3495 874 Ecclesium,

1903 887 2011 926 non
2044 891 2208 945 super
2225 876 2390 932 aliam
2412 879 2648 951 aliquam
2677 883 3031 953 provinciam,
3055 893 3500 962 recognoscimus

1903 958 2267 1015 constitutam.
2304 981 2327 1012 »
2361 962 2430 1016 Et
2461 964 2766 1022 Bonifacius
2795 983 2936 1040 papa
2965 971 3036 1026 ad
3067 958 3330 1030 Hilarium
3356 977 3498 1032 Nar-

1903 1045 2204 1132 bonensem
2235 1049 2424 1122 (epist.
2460 1053 2586 1123 111)
2620 1071 2634 1110 :
2671 1076 2692 1106 α
2725 1056 2892 1127 Nulli,
2943 1059 3134 1132 inquit,
3169 1063 3384 1120 videtur
3410 1066 3500 1121 in-

1904 1131 2127 1203 cognita
2158 1135 2353 1204 synodi
2385 1137 2621 1194 Nicaenae
2663 1142 2995 1211 constitutio,
3049 1163 3168 1217 quas
3197 1147 3272 1204 ita
3299 1151 3500 1220 praeci-

1902 1219 2002 1289 pit,
2034 1228 2092 1274 ut
2121 1221 2317 1277 eadem
2361 1226 2582 1296 proprie
2627 1229 2798 1284 verba
2853 1247 3140 1304 ponamus,
3183 1253 3285 1307 per
3301 1219 3502 1294 funam-

1905 1323 2178 1380 quamque
2227 1313 2566 1381 provinciam
2606 1315 2696 1384 jus
2752 1321 3200 1392 metropolitanos
3253 1325 3503 1400 singulos

1904 1395 2109 1452 habere
2145 1399 2368 1468 debere,
2419 1419 2523 1459 nec
2566 1405 2822 1477 cuiquam
2869 1409 3008 1464 duas
3048 1428 3171 1470 esse
3201 1395 3494 1483 subje'ctas.

1906 1483 2066 1552 Quod
2095 1485 2193 1554 illi,
2227 1489 2352 1560 quia
2371 1491 2528 1547 aliter
2546 1494 2880 1552 credendum
2900 1514 3010 1553 non
3037 1509 3138 1568 est,
3171 1505 3496 1561 servandum

1907 1574 2110 1645 Spiritu
2143 1585 2330 1634 sancto
2360 1590 2690 1653 suggerente
2709 1584 2924 1642 sibimet
2955 1599 3302 1647 censuerunt.
3337 1592 3498 1662 Quod

189 1679 300 1718 non
329 1663 516 1729 debet,
551 1663 658 1720 οὶιο
689 1673 743 1719 et,
771 1681 968 1736 aspere
991 1677 1366 1724 commovetur
1397 1669 1662 1726 adversus
1683 1688 1798 1741 pre.
1825 1696 1879 1756 B
1904 1662 2110 1718 idcirco
2138 1665 2389 1737 dicimus,
2423 1677 2482 1723 ut
2509 1670 2758 1728 advertat
2804 1676 3043 1732 charitas
3073 1685 3180 1747 tua,
3229 1680 3368 1736 adeo
3397 1699 3499 1738 nos

191 1753 481 1823 sbyterum
511 1753 626 1809 sive
657 1753 941 1810 diaconum
971 1772 1149 1822 suum,
1181 1765 1234 1812 et
1275 1759 1634 1814 exterminare
1673 1777 1797 1815 eum

193 1841 262 1894 de
287 1840 541 1896 Ecclesia
569 1840 822 1912 voluerit,
871 1845 1270 1914 providendum
1303 1855 1404 1917 est,
1439 1864 1508 1902 ne
1539 1849 1801 1904 innocens

193 1928 522 1996 damnetur,
564 1938 656 1985 aut
692 1931 889 2001 perdat
926 1935 1361 1992 communionem
1387 1978 1401 2002 ,
1443 1943 1496 1992 et
1531 1936 1657 1993 ideo
1695 1938 1800 1992 ha-

195 2018 321 2073 beat
367 2026 697 2088 potestatem
733 2019 780 2074 is
836 2021 929 2092 qui
967 2022 1212 2092 abjectus
1250 2031 1352 2090 est,
1399 2033 1489 2103 ut.
1513 2025 1800 2098 episcopos

193 2105 455 2162 ﬁnitimos
493 2107 821 2178 interpellet,
873 2116 927 2164 et
969 2126 1130 2166 causa
1176 2112 1291 2181 ejus
1319 2113 1584 2183 audiatur,
1629 2123 1681 2170 et
1711 2115 1798 2170 di-

191 2195 458 2268 ligentius
488 2203 750 2252 tractetur
781 2213 795 2252 :
827 2197 951 2270 quia
991 2216 1101 2256 non
1143 2209 1353 2272 oportet
1381 2202 1576 2275 negari
1615 2203 1667 2258 ei
1696 2219 1799 2258 au-

195 2283 461 2340 dientiam
501 2284 734 2357 roganti.
783 2287 852 2341 Et
897 2286 987 2342 ille
1035 2289 1323 2361 episcopus
1346 2334 1360 2358 ,
1409 2291 1500 2363 qui
1532 2291 1678 2360 juste
1709 2299 1801 2346 aut

191 2371 389 2442 injuste
421 2390 551 2430 eum
579 2373 802 2444 abjecit,
836 2377 1109 2448 patienter
1151 2379 1378 2450 accipiat
1427 2387 1484 2434 ut
1520 2381 1801 2452 negotium

195 2461 539 2530 discutiatur,
573 2472 633 2518 ut
662 2465 749 2520 vel
785 2467 1051 2538 probetur
1087 2467 1354 2523 sententia
1391 2469 1507 2538 ejus
1543 2484 1574 2522 a
1624 2469 1799 2540 pluri-

192 2551 316 2620 mis,
348 2551 439 2606 vel
470 2552 807 2610 emendetur.
857 2556 1062 2610 Tamen
1099 2555 1415 2628 priusquam
1452 2557 1634 2613 omnia
1672 2557 1800 2613 dili-

195 2647 390 2711 genter
425 2649 480 2696 et
518 2639 756 2698 fideliter
793 2643 1192 2712 examinentur,
1239 2661 1362 2700 eum
1408 2647 1498 2718 qui
1546 2645 1724 2704 fuerat
1768 2663 1800 2701 a

197 2729 586 2786 communione
641 2741 920 2804 separatus
955 2777 967 2800 ,
1025 2740 1150 2788 ante
1207 2734 1571 2806 cognitionem
1621 2735 1800 2792 nullus

195 2817 358 2873 debet
394 2835 730 2890 praesumere
784 2829 843 2876 ut
899 2837 1022 2878 eum
1074 2823 1444 2879 communioni
1503 2823 1692 2880 societ.
1735 2825 1802 2880 Hi

197 2923 350 2974 vero,
411 2907 506 2979 qui
549 2909 879 2965 conveniunt
919 2911 992 2966 ad
1047 2911 1378 2966 audiendum
1404 2953 1418 2982 ,
1477 2913 1524 2968 si
1567 2912 1801 2968 viderint

197 2994 522 3054 clericorum
553 3013 677 3052 esse
707 2998 908 3054 factum
941 3007 993 3054 et
1041 2999 1372 3071 superbiam,
1405 3001 1533 3072 quia
1560 3017 1670 3056 non
1697 3001 1799 3058 de-

197 3091 283 3140 cet
309 3093 366 3140 ut
397 3085 689 3156 episcOpus
718 3087 970 3157 injuriam
999 3088 1086 3144 vel
1113 3089 1500 3144 contumeliam
1539 3091 1794 3162 patiatur,

198 3173 569 3229 severioribus
589 3190 686 3230 eos
704 3175 888 3231 verbis
909 3177 1195 3250 castigent,
1216 3185 1276 3232 ut
1295 3177 1548 3234 obediant
1567 3179 1800 3234 honesta

195 3261 530 3334 praecipienti
559 3263 855 3336 episcopo;
889 3265 1018 3338 quia
1063 3265 1200 3322 sicut
1244 3266 1336 3322 ille
1366 3267 1582 3322 clericis
1614 3267 1796 3324 since-

196 3367 314 3406 rum
342 3351 606 3408 exhibere
646 3353 807 3409 debet
849 3369 1094 3410 amorem
1139 3355 1438 3422 charitatis,
1472 3355 1547 3411 ita
1585 3372 1798 3429 quoque

199 3440 438 3496 vicissim
483 3441 716 3496 ministri
757 3441 994 3500 infucata
1039 3443 1238 3500 debent
1285 3444 1540 3517 episcopo
1571 3461 1669 3502 suo
1699 3461 1798 3500 ex-

197 3528 382 3585 hibere
407 3530 696 3602 obsequia.
731 3551 754 3582 »
1749 3573 1755 3578 .

267 3616 416 3673 XIV.
449 3619 569 3674 Nec
599 3619 704 3676 hoc
735 3620 1032 3692 capitulum
1063 3621 1404 3678 Sardicensis
1435 3621 1650 3680 concilii
1677 3622 1794 3679 dis-

199 3706 401 3762 sentire
439 3707 658 3763 videtur
692 3723 726 3764 a
767 3709 1000 3780 capitulo
1041 3709 1250 3766 Nicaeni
1278 3711 1512 3778 concilii,
1561 3727 1668 3782 quo
1700 3728 1798 3767 ex-

193 3794 440 3865 pressius
479 3802 532 3851 et
562 3795 804 3866 apertius
829 3841 842 3863 ,
892 3812 1058 3870 quam
1104 3797 1429 3854 Sardicense
1466 3799 1756 3856 concilium
1783 3844 1796 3867 ,

194 3882 438 3941 decrevit
467 3883 540 3940 de
570 3884 657 3940 his
687 3885 779 3958 qui
825 3885 1208 3942 communione
1253 3887 1538 3958 privantur
1583 3903 1616 3944 a
1662 3902 1798 3960 pro-

195 3971 314 4042 prio
341 3972 628 4044 episcopo,
664 3975 802 4030 sicut
833 3990 998 4046 supra
1037 3975 1320 4046 posuimus
1345 4019 1358 4042 ,
1392 3983 1446 4032 et
1474 3977 1543 4032 de
1571 3977 1801 4060 privjle-

196 4060 301 4133 giis
327 4061 673 4134 singulorum
715 4063 1251 4135 metropolitanorum
1281 4065 1468 4121 dicens
1498 4065 1651 4138 (can.
1695 4067 1749 4138 δ)
1771 4079 1798 4120 ’ἰ

205 4170 228 4200 ι
259 4151 499 4223 Antiqua
531 4151 872 4208 consuetudo
921 4161 1168 4210 servetur
1215 4170 1314 4224 per
1367 4155 1677 4226 1Egyptum,
1713 4155 1806 4210 Li-

199 4238 358 4311 byam
408 4249 462 4296 et
512 4241 852 4312 Pentapolim
887 4258 900 4298 :
932 4243 1003 4296 ita
1051 4251 1109 4298 ut
1150 4242 1550 4311 Alexandrinus
1583 4244 1801 4316 episco-

197 4344 294 4398 pus
321 4329 522 4384 horum
551 4329 796 4384 omnium
814 4329 1012 4386 habeat
1033 4338 1376 4402 potestatem,
1410 4331 1536 4403 quia
1564 4339 1618 4386 et
1648 4332 1801 4386 urbis

1903 1767 2173 1808 canonum
2201 1764 2472 1828 praecepta
2519 1775 2762 1828 servare,
2812 1771 2871 1817 ut
2900 1765 2976 1819 ita
3013 1767 3325 1825 constitutio
3355 1787 3499 1842 quo-

1903 1857 2009 1912 que
2037 1850 2223 1898 nostra
2252 1843 2496 1918 diﬂiniat,
2531 1857 2798 1920 quatenus
2825 1855 3230 1925 metropolitani
3259 1859 3344 1913 sui
3369 1876 3500 1915 una-

1903 1947 2133 2002 quaeque
2161 1933 2441 2004 provincia
2488 1935 2543 1991 in
2591 1939 2842 1994 omnibus
2891 1943 3055 1998 rebus
3099 1945 3497 2004 ordinationem

1902 2035 2118 2091 semper
2147 2031 2448 2092 exspectet.
2495 2045 2518 2075 ιο
2549 2027 2618 2081 Et
2646 2027 2732 2082 his
2781 2041 3142 2088 censonanter
3172 2035 3498 2093 Coelestinus

1901 2105 2010 2179 (ep.
2041 2111 2134 2175 11,
2164 2127 2268 2181 per
2299 2112 2566 2170 Vienncn.
2591 2119 2649 2171 et
2667 2117 2970 2191 Narbon.):
3009 2142 3031 2172 α
3063 2122 3221 2178 Juxta
3248 2123 3492 2194 decreta,

1900 2194 2095 2268 inquit,
2129 2212 2418 2267 canonum,
2471 2218 2808 2277 unaquaeque
2846 2209 3131 2278 provincia
3164 2228 3263 2268 suo
3291 2221 3496 2270 metro-

1899 2284 2140 2356 politano
2185 2296 2436 2344 contenta
2481 2291 2569 2357 sit,
2615 2300 2672 2348 ut
2721 2294 3030 2352 decessoris
3058 2301 3230 2355 nostri
3273 2303 3400 2358 data
3425 2304 3498 2359 ad

1899 2374 2319 2432 Narbonensem
2365 2378 2684 2451 episcopum
2737 2385 3014 2441 continent
3042 2389 3348 2446 constituta.
3379 2392 3499 2448 Nec

1901 2463 2236 2534 usurpationi
2265 2465 2420 2522 locus
2451 2468 2613 2524 alicui
2657 2473 2930 2528 sacerdoti
2957 2475 3014 2529 in
3043 2476 3269 2534 alterius
3298 2495 3498 2537 conce-

1901 2549 2059 2606 datur
2085 2551 2352 2622 injuriam.
2401 2555 2479 2610 Sit
2526 2560 2809 2615 concessis
2856 2561 2961 2617 sibi
3006 2573 3290 2622 contentus
3319 2583 3495 2624 unus-

1901 2639 2132 2712 quisque
2179 2641 2460 2711 limitibus,
2513 2646 2653 2702 alter
2699 2647 2755 2702 in
2800 2649 3018 2706 alterius
3057 2655 3333 2724 provincia
3362 2656 3499 2712 nihil

1900 2737 2214 2818 praesumat.
2253 2751 2276 2781 ι
2308 2731 2378 2786 Et
2405 2733 2516 2790 Leo
2544 2735 2616 2790 ad
2643 2736 2936 2794 Maximum
2956 2741 3275 2814 episcopum
3304 2745 3493 2818 (epist.

1902 2817 1992 2888 66)
2026 2833 2039 2874 :
2081 2840 2101 2868 «
2135 2819 2272 2886 Etsi,
2321 2819 2515 2894 inquit,
2566 2823 2783 2882 diversa
2813 2843 3202 2902 nonnunquam
3233 2841 3358 2888 sunt
3382 2850 3497 2892 me-

1900 2905 2002 2961 rita
2029 2908 2342 2976 praesulum,
2370 2910 2494 2979 jura
2523 2919 2706 2969 tamen
2733 2927 3052 2986 permanent
3079 2920 3312 2976 sedium.
3351 2943 3374 2973 ι)

1970 2995 2117 3052 XVI.
2149 2997 2220 3052 Et
2256 2998 2653 3057 Antiochenum
2674 3005 2982 3074 concilium,
3007 3022 3041 3062 a
3064 3023 3268 3082 magna
3289 3013 3498 3082 synodo

1899 3083 2330 3142 Chalcedonensi
2375 3088 2589 3144 actione
2635 3091 2957 3148 duodecima
2984 3095 3354 3154 favorabiliter
3383 3100 3494 3157 col-

1897 3171 2198 3241 laudatum,
2233 3191 2471 3248 sequens
2501 3177 2727 3235 decreta
2751 3181 2960 3237 Nicaeni
2989 3184 3208 3241 concilii
3236 3185 3388 3258 (can.
3419 3187 3500 3259 6):

1902 3281 1925 3312 α
1960 3260 2016 3316 Si
2047 3262 2187 3333 quis,
2235 3263 2428 3336 inquit,
2470 3281 2504 3321 a
2547 3269 2774 3340 proprio
2820 3271 3080 3344 episcopo
3117 3275 3502 3333 communione

1895 3347 2144 3420 privatus
2199 3359 2300 3424 est,
2352 3369 2463 3410 non
2508 3363 2632 3412 ante
2678 3357 3009 3430 suscipiatur
3050 3361 3120 3416 ab
3150 3361 3291 3431 aliis,
3333 3379 3500 3437 quam

1899 3453 1997 3493 suo
2024 3440 2400 3498 reconcilietur
2427 3443 2688 3517 episcopo
2707 3455 2798 3502 aut
2819 3457 2964 3504 certe
2989 3449 3058 3504 ad
3087 3451 3360 3521 synodum
3379 3471 3502 3526 qua;

1899 3536 2267 3602 congregatur
2313 3547 2608 3588 occurrens
2654 3551 2757 3606 pro
2801 3551 2862 3592 se
2909 3537 3208 3595 satisfaciat
3233 3583 3247 3608 ,
3293 3549 3348 3598 et
3374 3558 3502 3614 per—

1899 3617 2137 3673 suadens
2169 3619 2400 3676 concilio
2431 3623 2756 3678 sententiam
2797 3625 3060 3697 suscipiat
3097 3627 3342 3686 alteram.
3372 3631 3504 3688 Haec

1899 3712 2082 3760 autem
2111 3706 2360 3765 diﬂinitio
2388 3718 2604 3766 maneat
2635 3711 2779 3768 circa
2805 3713 2998 3783 laicos,
3052 3723 3106 3772 et
3152 3717 3504 3790 presbyteros

1901 3801 1954 3849 et
2000 3793 2281 3864 diaconos,
2331 3813 2634 3872 omnesque
2681 3801 2776 3874 qui
2823 3803 2926 3858 sub
2974 3804 3168 3877 regula
3197 3821 3322 3864 esse
3349 3823 3507 3864 mon-

1902 3889 2162 3940 strantur.
2201 3905 2224 3936 »
2255 3885 2326 3942 Et
2353 3886 2584 3960 loquens
2603 3889 2674 3946 de
2693 3891 2938 3948 conciliis
2958 3893 3196 3966 capitulo
3212 3895 3505 3970 ivigesimo

1900 3971 2030 4028 dicit
2064 3989 2077 4028 :
2117 3994 2138 4024 α
2172 3975 2232 4029 In
2261 3975 2396 4047 ipsis
2425 3977 2666 4034 conciliis
2714 3979 2895 4035 adsint
2921 3983 3251 4054 presbyteri,
3289 3992 3344 4040 et
3383 3984 3502 4042 dia-

1901 4060 2043 4130 coni,
2073 4070 2126 4118 et
2155 4077 2364 4130 omnes,
2417 4065 2510 4136 qui
2559 4083 2617 4122 se
2665 4066 2826 4124 laesos
2855 4069 3190 4139 existimant,
3223 4080 3278 4128 et
3305 4074 3502 4145 synodi

1902 4149 2250 4220 experiantur
2279 4153 2710 4208 examen.Nullis
2733 4171 2867 4210 vero
2895 4157 3054 4213 liceat
3083 4160 3232 4228 apud
3261 4175 3322 4215 se
3352 4161 3502 4218 cele-

1901 4237 2064 4293 brare
2093 4238 2342 4305 concilia,
2374 4248 2573 4311 praeter
2603 4257 2698 4298 eos
2731 4243 2928 4314 quibus
2949 4245 3365 4317 metropolitana
3381 4249 3504 4318 jura

1902 4326 2156 4382 videntur
2176 4343 2300 4384 esse
2321 4329 2634 4386 commissa.
2665 4351 2688 4381 ››
2713 4331 2782 4386 Et
2805 4332 3040 4404 capitulo
3070 4333 3284 4402 decimo
3307 4345 3462 4393 sexto
3487 4356 3500 4392 :

198 4416 376 4474 Rom
407 4417 672 4490 episeopo
715 4417 900 4490 parilis
927 4435 1048 4475 mos
1097 4425 1196 4474 ρει,
1232 4419 1494 4476 Similiter
1533 4428 1714 4476 autem
1747 4428 1800 4477 et
1819 4410 1880 4476 D
1914 4435 1937 4467 tt
1971 4415 2273 4473 Perfectum
2303 4434 2436 4474 vero
2467 4419 2759 4476 concilium
2785 4421 2922 4479 illud
2950 4431 3052 4492 est,
3085 4425 3178 4480 ubi
3204 4425 3507 4485 interfuerit

198 4507 333 4578 apud
363 4507 734 4576 Antiochiam,
768 4515 1104 4581 craterasque
1132 4507 1462 4580 provincias,
1498 4510 1612 4565 suis
1631 4510 1801 4582 privi-

196 4593 336 4668 legia
365 4604 662 4653 serventur
689 4596 970 4664 Ecclesiis,
1009 4618 1032 4648 ν
1065 4596 1226 4666 Quod
1255 4598 1476 4669 exponit
1505 4599 1796 4670 Antioche-

197 4698 262 4738 na
284 4685 534 4757 synodus
563 4685 754 4741 dicens
784 4685 934 4758 (can.
961 4685 1016 4759 9)
1051 4703 1065 4742 :
1093 4708 1116 4738 «
1142 4687 1246 4742 Per
1273 4685 1518 4760 singulas
1538 4687 1798 4760 regiones

200 4773 446 4829 convenit
493 4773 787 4846 episcopos
843 4790 1028 4842 nosse,
1079 4775 1546 4846 metropolitanum
1577 4777 1795 4849 episco-

197 4877 319 4932 pum
348 4861 778 4920 sollicitudinem
811 4864 971 4920 totius
999 4864 1292 4934 provinciae
1322 4882 1534 4937 gerere.
1569 4867 1798 4938 Propter

201 4952 337 5022 quod
383 4952 454 5007 ad
500 4951 849 5024 metropolim
891 4969 1081 5008 omnes
1129 4953 1390 5024 undique,
1439 4954 1529 5026 qui
1575 4955 1796 5028 negotia

200 5039 446 5096 videntur
473 5041 702 5108 habere,
735 5048 1080 5098 concurrant.
1121 5063 1142 5092 »
1179 5042 1251 5097 Et
1293 5043 1792 5116 Constantinopoli-

201 5135 379 5186 tanum
409 5129 704 5187 concilium
734 5130 924 5187 dicens
946 5131 1096 5201 (can.
1124 5131 1177 5202 l)
1211 5149 1224 5186 :
1263 5152 1284 5182 α
1321 5132 1390 5188 Ut
1411 5131 1504 5188 illa
1525 5150 1648 5206 qua:
1669 5142 1794 5188 sunt

201 5231 290 5286 per
311 5233 762 5291 unamquamque
793 5219 1152 5290 provinciam,
1189 5220 1360 5292 ipsius
1384 5221 1680 5292 provinciae
1709 5239 1794 5294 sy-

197 5309 364 5362 nodus
413 5308 734 5380 dispenset,
794 5308 930 5365 sicut
982 5309 1205 5366 Nicaeno
1253 5317 1466 5366 constat
1509 5311 1790 5368 decretum

200 5408 314 5451 esse
343 5397 599 5453 concilio.
636 5418 659 5447 ι

262 5485 380 5544 XV.
413 5487 483 5543 Et
510 5485 639 5544 hinc
685 5485 1032 5545 Innocentius
1077 5487 1148 5545 ad
1195 5487 1564 5545 Alexandrum
1593 5489 1787 5548 Antio-

1898 4505 2354 4578 metropolitanus
2380 4509 2626 4566 antistes.
2665 4532 2687 4562 υ

1967 4603 2138 4660 XVII.
2171 4606 2522 4678 Appellantes
2552 4617 2735 4666 autem
2775 4612 3102 4684 presbyteri,
3150 4612 3239 4668 vel
3267 4613 3499 4685 diaconi,

1897 4707 1930 4746 a
1961 4693 2156 4764 quibus
2189 4702 2240 4749 et
2271 4696 2504 4768 qualiter
2553 4699 2659 4754 sint
2699 4687 3000 4768 judicandi,
3035 4700 3176 4757 sacri
3216 4702 3500 4778 Carthagi-

1895 4797 2096 4838 nenses
2123 4799 2363 4841 canones
2393 4786 2628 4858 capitulo
2672 4788 2938 4860 vigesimo
2987 4796 3040 4843 et
3081 4789 3316 4860 capitulo
3343 4793 3472 4868 vige

1895 4871 2035 4927 simo
2063 4879 2256 4929 octavo
2304 4874 2585 4932 evidenter
2631 4877 2940 4932 ostendunt.
2993 4877 3096 4934 Ubi
3141 4887 3325 4936 autem
3354 4882 3497 4939 inter

1894 4969 2238 5017 accusatores
2267 4970 2322 5018 et
2349 4971 2632 5020 accusatos
2677 4979 2841 5020 causa
2869 4965 3068 5022 debeat
3105 4968 3320 5040 agitari,
3353 4972 3493 5028 Car-

1893 5049 2218 5122 thaginense
2246 5051 2532 5108 concilium
2563 5052 2770 5124 statuit,
2803 5053 2992 5110 dicens
3021 5055 3174 5129 (can.
3207 5049 3298 5130 30)
3333 5077 3347 5114 :
3375 5081 3399 5112 ι
3426 5062 3496 5117 Ut

1892 5147 2200 5209 accusatus,
2226 5139 2314 5197 vel
2333 5148 2638 5211 accusator,
2667 5141 2722 5197 in
2743 5158 2810 5199 eo
2826 5142 2970 5214 loco,
3001 5145 3146 5203 unde
3175 5156 3260 5203 est
3283 5147 3376 5204 ille
3395 5151 3492 5221 qui

1890 5235 2196 5296 accusatur,
2229 5229 2410 5288 locum
2439 5229 2541 5284 sibi
2572 5229 2739 5304 eligat
2765 5233 3092 5304 proximum,
3141 5250 3250 5308 quo
3279 5252 3388 5292 non
3415 5237 3486 5294 sit

1889 5316 2104 5372 difﬁcile
2147 5325 2314 5372 testes
2358 5317 2682 5388 producere,
2729 5321 2820 5376 ubi
2867 5337 3035 5380 causa
3072 5321 3305 5380 ﬁniatur.
3345 5345 3367 5376 »
3414 5326 3487 5382 Et

1886 5404 2014 5461 hinc
2042 5405 2194 5477 leges
2222 5405 2407 5461 dicunt
2430 5421 2442 5462 :
2473 5427 2496 5457 ι
2522 5407 2816 5466 Criminum
2835 5411 3104 5469 discussio
3129 5413 3204 5468 ibi
3223 5413 3483 5486 agitanda

1885 5501 1988 5562 est,
2020 5493 2114 5551 ubi
2143 5493 2350 5552 crimen
2377 5495 2676 5557 admissum
2721 5508 2822 5558 est.
2853 5501 2994 5557 Nam
3024 5501 3152 5558 alibi
3191 5503 3478 5558 criminum
