4072 6326
568 264 675 320 239

1601 254 1944 312 HINCMARI
1980 247 2382 310 RHEMENSIS
2417 251 2964 309 ARCHIEPISCOPI.

3775 249 3882 306 240

571 401 700 442 reus
731 382 1050 454 prohibetur
1079 380 1276 436 audiri.
1315 400 1338 430 »
1371 379 1442 434 Et
1472 379 1600 435 item
1633 397 1647 434 :
1685 401 1708 430 α
1745 379 1801 435 Si
1831 377 1953 450 quis
1981 379 2177 434 adver-
2203 373 2261 436 Α
2281 373 2476 430 iisdem
2508 375 2750 448 synodis,
2783 384 2904 430 ante
2935 373 3270 448 longissima
3299 373 3475 429 aetatis
3504 387 3675 428 annos
3705 389 3884 444 usque

565 473 787 540 sarium,
821 479 913 528 aut
943 470 1285 543 repetitione,
1321 477 1410 524 aut
1439 468 1682 525 criminis
1712 468 2016 538 objectione
2046 465 2172 538 pul-

562 563 782 630 saverit,
830 559 1132 632 provincia,
1187 559 1242 614 in
1287 575 1390 631 qua
1439 557 1688 614 consistit
1732 557 1822 612 ille
1862 557 1956 629 qui
1984 556 2172 628 pulsa-

564 660 669 718 tur,
699 666 829 706 suas
857 657 1044 706 exerat
1092 647 1353 718 actiones,
1399 663 1501 704 nec
1545 645 1772 703 astimet
1800 644 2173 702 adversarium

573 755 730 795 suum
760 739 892 794 alibi
921 746 1012 794 aut
1041 736 1260 810 longius
1278 735 1722 808 pertrahendum.
1760 757 1782 786 »
1818 733 1900 790 Illi
1928 750 2060 791 vero
2081 733 2178 806 qui

571 827 822 900 pulsatus
843 826 1022 893 fuerit,
1047 827 1093 881 si
1113 825 1353 896 judiccm
1384 831 1697 896 suSpectum
1727 821 1992 891 habuerit,
2017 822 2176 877 liceat

573 915 874 988 appellare,
909 914 1114 971 scilicet
1151 913 1538 970 ecclesiasticis
1567 913 1636 967 ad
1666 911 1922 967 ﬁnitimos
1955 909 2174 982 episco-

569 1020 691 1076 pos,
733 1011 791 1058 ut
830 1003 1186 1059 Sardicenses
1235 1010 1288 1058 et
1316 999 1778 1074 Carthaginenses
1809 1015 2064 1066 canones,
2117 1005 2176 1053 ut

573 1092 952 1164 pramisimus,
999 1091 1364 1159 decreverunt,
1422 1090 1510 1147 vel
1552 1088 2012 1162 ad'provincialia
2039 1103 2176 1143 con-

573 1181 715 1248 cilia,
751 1181 888 1236 sicut
917 1180 1061 1236 sacri
1089 1179 1296 1236 Nicani
1322 1187 1374 1234 et
1405 1179 1730 1234 Antiocheni
1770 1193 2007 1234 canones
2039 1192 2176 1234 con-

576 1270 882 1334 stituerunt,
933 1276 985 1324 et
1014 1269 1154 1324 sicut
1197 1267 1512 1324 Africanum
1544 1267 1831 1324 concilium
1861 1267 1919 1322 in
1948 1265 2178 1338 epistola

576 1359 646 1414 ad
678 1356 1032 1414 Caelestinum
1077 1373 1274 1429 papam
1319 1357 1556 1412 ostendit
1585 1355 1732 1430 (cap.
1774 1357 1897 1428 105)
1927 1371 1938 1410 :
1983 1377 2006 1405 α
2039 1355 2178 1410 Ubi-

579 1447 796 1518 cuique,
830 1445 1100 1518 inquiens,
1136 1461 1456 1501 concessum
1487 1453 1586 1512 est,
1623 1445 1668 1498 si
1700 1444 1906 1514 judicio
1937 1442 2178 1500 offensus

579 1534 741 1591 fuerit
771 1533 1130 1608 cognitorum,
1164 1533 1235 1589 ad
1281 1533 1569 1590 concilium
1601 1549 1715 1589 sua
1744 1532 2059 1604 provinciae,
2091 1533 2178 1588 vel

583 1623 744 1679 etiam
785 1622 1094 1679 universale
1155 1637 1476 1694 provocare.
1535 1621 1654 1676 Nisi
1719 1619 1854 1676 forte
1893 1621 2180 1693 quisquam

584 1719 686 1782 est,
746 1711 836 1784 qui
894 1711 1082 1768 credat
1128 1710 1446 1767 unicuilibet
1493 1725 1656 1781 posse
1703 1709 1876 1765 Deum
1933 1717 2177 1764 nostrum

587 1799 852 1856 examinis
897 1799 1165 1870 inspirare
1224 1799 1483 1868 justitiam
1515 1842 1530 1866 ,
1589 1805 1644 1853 et
1697 1797 2182 1854 innumerabilibus

579 1887 934 1961 congregatis
962 1888 1020 1942 in
1046 1887 1336 1944 concilium
1365 1886 1742 1944 sacerdotibus
1761 1887 2058 1959 denegare,
2080 1894 2185 1942 aut

587 1977 862 2050 quomodo
893 1977 1071 2048 ipsum
1099 1976 1520 2031 transmarinum
1553 1974 1815 2044 judicium
1845 1974 2015 2047 (quod
2057 1982 2182 2030 tan-

584 2067 826 2122 tumdem
859 2073 959 2134 est,
1008 2063 1465 2138 Transalpinum),
1512 2071 1686 2120 ratum
1743 2063 1864 2132 erit,
1925 2063 1996 2118 ad
2040 2063 2184 2136 quod

589 2155 808 2211 testium
837 2153 1162 2210 necessariae
1189 2169 1459 2225 persona,
1499 2152 1587 2209 vel
1629 2160 1854 2224 propter
1883 2169 2066 2220 sexus,
2095 2151 2186 2208 vel

587 2251 812 2316 propter
842 2242 1135 2298 senectutis
1164 2240 1548 2310 inﬁrmitatem,
1579 2243 1668 2298 vel
1715 2241 1901 2298 multis
1943 2241 2064 2296 aliis
2095 2240 2183 2296 in-

588 2332 935 2391 currentibus
979 2330 1402 2402 impedimentis,
1451 2330 1649 2388 adduci
1679 2347 1788 2386 non
1818 2331 2123 2402 poterunt?
2157 2352 2180 2382 ››

657 2423 857 2479 XVIII.
893 2423 940 2476 A
963 2419 1238 2490 judicibus
1267 2427 1465 2487 autem,
1499 2420 1614 2476 sive
1644 2435 1782 2493 quos
1806 2421 1958 2490 juxta
1986 2419 2190 2476 Africa-

585 2527 686 2569 nos
716 2526 957 2567 canones
981 2509 1240 2580 primates
1273 2509 1536 2579 dederint,
1561 2508 1676 2564 sive
1696 2525 1832 2581 quos
1853 2508 1956 2580 ipsi
1976 2508 2186 2565 vicinos

589 2619 656 2658 ex
685 2615 960 2657 concensu
1007 2597 1331 2671 delegerint,
1375 2613 1538 2654 causa
1586 2596 1824 2653 ﬁnienda
1865 2597 2187 2670 regulariter

591 2687 882 2763 provocari
910 2703 1017 2743 non
1065 2694 1265 2758 potest.
1313 2687 1383 2741 Et
1412 2694 1631 2742 sanctus
1661 2687 1962 2760 Gregorius
1986 2685 2040 2741 in
2073 2685 2186 2757 epi-

589 2778 726 2834 stola
755 2777 826 2832 ad
875 2775 1185 2832 Gallicanos
1227 2775 1512 2846 episcopos
1541 2776 1659 2845 (lib.
1705 2791 1778 2841 x1,
1813 2777 1976 2848 epist.
2011 2775 2135 2847 HO)
2170 2791 2182 2831 :

595 2889 618 2918 α
653 2868 768 2922 Nec
795 2865 919 2932 hoc,
956 2863 1148 2936 inquit,
1197 2863 1252 2918 in
1281 2865 1382 2918 hac
1431 2863 1808 2920 sollicitudinis
1838 2871 1986 2934 parte
2016 2863 2186 2919 relin-

589 2955 823 3027 quimus,
858 2953 1003 3026 quod
1051 2953 1120 3008 de
1166 2951 1430 3008 habendis
1477 2968 1578 3024 per
1623 2953 1912 3024 parochias
1942 2952 2188 3008 conciliis

585 3045 806 3100 Patrum
864 3041 1204 3114 providentia
1259 3041 1500 3097 utilitatis
1557 3055 1721 3097 causa
1776 3041 2036 3098 sancitum
2078 3048 2178 3098 est.

2274 465 2348 520 ad
2395 473 2584 522 nostra
2628 474 2872 537 tempora
2915 471 3168 531 servata,
3219 470 3272 518 et
3317 479 3350 518 a
3397 461 3788 518 decessoribus
3818 475 3884 516 ac

2275 554 2770 626 pradecessoribus
2819 569 3006 609 eorum
3055 559 3241 609 secuta
3267 559 3320 608 et
3349 558 3607 608 exsecuta
3635 550 3878 606 fuerunt.

2277 642 2412 712 Qua
2442 643 2492 698 si
2519 631 2683 698 etiam
2710 641 2817 698 illis
2848 649 3079 708 servata,
3114 649 3166 698 et
3203 641 3272 696 ab
3303 641 3382 696 eis
3414 648 3601 696 secuta
3630 647 3683 695 et
3714 655 3880 695 exse-

2277 739 2402 788 cuta
2429 748 2540 788 non
2569 730 2782 800 fuerint,
2815 731 2944 786 nihil
2963 730 3188 802 prodest
3217 730 3327 802 :eos
3357 729 3660 786 secundum
3691 743 3882 784 sacros

2279 835 2516 877 canones
2565 828 2618 876 et
2665 821 2881 876 decreta
2923 819 3068 876 sedis
3117 819 3376 875 Romana
3404 815 3744 889 pontiﬁcum,
3777 832 3882 888 pro

2278 909 2548 966 accusatis
2578 909 2915 980 presbyteris
2945 907 3015 964 de
3044 907 3347 964 manifestis
3376 907 3694 964 criminibus
3725 921 3883 962 com-

2279 986 2643 1070 provinciales
2693 997 3072 1069 episcoporum
3105 995 3345 1068 synodos
3372 995 3748 1068 frequentare,
3783 994 3882 1050 sed

2281 1085 2438 1142 faciet
2487 1087 2715 1144 licenter
2760 1085 2987 1158 quisque
3046 1086 3495 1158 presbyterorum
3551 1083 3880 1158 quodlibet,

2281 1175 2425 1232 unde
2454 1176 2500 1230 si
2529 1174 2689 1232 fuerit
2714 1175 3064 1249 redargutus,
3099 1173 3277 1232 veniat
3303 1174 3550 1230 Romam.

2353 1265 2480 1320 XX.
2530 1265 2600 1320 Et
2646 1265 2773 1336 quia
2816 1281 2918 1336 pro
2975 1263 3204 1337 singulis
3247 1262 3580 1335 presbyteris
3637 1260 3883 1334 episc0pi

2283 1353 2623 1424 Transalpini
2651 1351 2970 1426 regulariter
3008 1351 3258 1422 iudicatis
3305 1351 3504 1406 missos
3534 1350 3795 1424 dirigere,
3831 1357 3884 1405 et

2285 1442 2554 1500 actionum
2585 1443 2908 1498 documenta
2927 1441 3167 1498 scribere
3188 1457 3299 1496 non
3319 1441 3517 1507 valent,
3541 1456 3645 1496 nec
3665 1439 3885 1496 testium

2285 1530 2626 1587 necessarias
2655 1546 2938 1602 personas,
2971 1530 3058 1586 vel
3087 1537 3308 1602 prepter
3335 1545 3516 1596 sexus,
3543 1528 3632 1584 vel
3661 1535 3886 1600 propter

2287 1619 2579 1676 senectutis
2604 1618 2992 1686 infimitatem,
3025 1619 3112 1675 vel
3141 1635 3239 1690 pro
3268 1616 3452 1673 multis
3495 1617 3617 1672 aliis
3647 1616 3884 1688 impedi-

2212 1733 2266 1795 B
2290 1709 2506 1778 mentis,
2539 1709 2646 1765 huc
2673 1709 2995 1780 producere,
3029 1705 3352 1762 ﬁducialiter
3378 1705 3578 1778 poterit
3605 1705 3882 1762 mentiens

2287 1797 2486 1870 quique
2530 1797 2897 1853 innocentiam
2943 1812 3098 1852 suam
3144 1812 3417 1862 asserere,
3467 1811 3592 1851 cum
3637 1811 3752 1850 non
3782 1794 3884 1850 erit

2283 1886 2374 1960 qui
2402 1885 2685 1942 mendacia
2715 1887 2829 1955 ejus
2859 1885 3032 1958 possit
3058 1883 3332 1941 refellere.
3367 1884 3540 1952 Unde,
3571 1883 3715 1940 sicut
3743 1900 3884 1956 pra-

2281 1975 2546 2045 misimus,
2579 1975 2766 2048 legum
2811 1983 2864 2030 et
2907 1990 3173 2031 canonum
3204 1973 3540 2040 conditores,
3572 1971 3885 2044 prudentis-

2283 2065 2419 2120 sime
2443 2063 2851 2136 justissimeque
2881 2063 3148 2132 viderunt,
3198 2078 3532 2134 quaecunque
3576 2061 3804 2134 negotia
3830 2061 3884 2116 in

2283 2153 2395 2208 suis
2425 2153 2578 2219 locis,
2612 2151 2705 2208 ubi
2736 2160 2854 2208 orta
2901 2159 3044 2218 sunt,
3094 2150 3352 2217 ﬁnienda,
3401 2159 3453 2206 et
3483 2167 3582 2222 per
3619 2166 3886 2221 expressa

2284 2241 2595 2314 regularum
2639 2240 2838 2310 judicia
2886 2239 3275 2296 disci-ctissime
3311 2239 3630 2309 judicanda,
3679 2246 3734 2295 et
3763 2247 3888 2310 post

2277 2331 2544 2401 judicium
2588 2329 2980 2386 conservanda.
3014 2329 3245 2384 Maxime
3281 2327 3351 2384 de
3381 2327 3887 2384 subintroductione

2285 2427 2478 2476 contra
2531 2419 2754 2493 regulas
2809 2418 3146 2474 mulierum:
3180 2433 3282 2489 pro
3338 2433 3447 2490 qua
3491 2417 3560 2472 ab
3607 2416 3885 2488 episcOpis

2285 2508 2654 2580 Transalpinis
2683 2506 2990 2580 presbyteri
3036 2505 3359 2580 regulariter
3381 2505 3611 2575 judicati
3643 2506 3715 2560 ad
3744 2506 3886 2562 hanc

2287 2605 2526 2654 sanctam
2554 2599 2850 2654 Romanam
2879 2597 3068 2652 sedem
3098 2595 3282 2652 insciis
3313 2594 3426 2650 suis
3476 2595 3755 2667 episcOpis
3794 2612 3887 2651 ve-

2285 2687 2454 2753 niunt,
2487 2695 2539 2743 et
2570 2687 2648 2742 eis
2679 2686 2932 2758 epistolas
2963 2701 3153 2741 eorum
3182 2683 3521 2758 refragantes
3543 2683 3754 2754 judicia
3784 2683 3875 2740 de-

2286 2775 2484 2844 ferunt,
2535 2790 2739 2847 eosque
2785 2775 2872 2830 vel
2918 2773 3320 2830 comministros
3367 2773 3583 2830 illorum
3627 2773 3698 2828 ad
3747 2775 3887 2830 hanc

2288 2865 2474 2920 sedem
2505 2865 2575 2920 ad
2605 2864 3052 2936 conquerendum
3093 2871 3282 2920 contra
3318 2879 3413 2918 eos
3459 2862 3649 2919 venire
3689 2862 3886 2935 praci-

2286 2953 2459 3024 piunt,
2495 2953 2640 3025 quod
2687 2952 2850 3008 nullis
2897 2952 3240 3024 antiquorum
3288 2951 3501 3024 legibus
3545 2949 3635 3008 vel
3665 2959 3888 3023 patrum

2287 3041 2490 3115 regulis
2519 3042 2800 3100 decretum
2829 3041 2994 3096 fuisse
3025 3040 3285 3114 legimus.

587 3092 806 3100 __--_---
864 3092 1204 3114 ,__.-_-__--_
1267 3092 1496 3097 Mm---"
1563 3092 1718 3097 --._-_
1777 3092 2036 3098 "_---_--_
2084 3092 2178 3098 ----
2287 3092 2485 3115 ην---
2525 3092 3283 3114 ᾑ---ν------η-----γ-η--

587 3133 744 3190 Unde
773 3148 842 3187 ne
870 3147 976 3204 qua
1017 3130 1160 3186 inter
1204 3129 1401 3186 fratres
1449 3129 1738 3201 dissensio,
1788 3147 1857 3186 ne
1905 3147 2010 3203 qua
2041 3130 2183 3187 inter
2213 3092 2263 3156 Ο
2353 3131 2506 3186 XXI.
2553 3129 2699 3200 Quas
2743 3130 2997 3202 epistolas
3047 3129 3219 3186 sacris
3262 3129 3468 3203 regulis
3497 3128 3710 3196 obvias,
3744 3139 3806 3186 ut
3835 3129 3888 3185 in

585 3221 909 3294 praepositos
940 3227 992 3276 et
1041 3221 1314 3290 subjectos
1362 3220 1468 3274 sint
1513 3218 1753 3276 fomenta
1790 3219 2098 3286 discordia,
2132 3219 2187 3274 in

585 3326 750 3365 unum
782 3309 1090 3364 sacerdotes
1121 3308 1411 3365 convenire
1454 3324 1683 3364 necesse
1712 3317 1812 3378 est,
1862 3316 1920 3364 ut
1946 3309 2014 3364 de
2043 3308 2184 3364 inci-

585 3398 835 3454 dentibus
865 3397 1042 3453 causis
1073 3396 1392 3468 disceptatio
1417 3439 1430 3464 ,
1463 3405 1516 3452 et
1545 3397 1612 3451 sit
1641 3397 1876 3451 salubris
1905 3397 1974 3454 de
2005 3398 2184 3454 eccle-

585 3486 774 3543 sistica
830 3485 1210 3542 observatione
1265 3484 1524 3554 collatio;
1587 3493 1850 3557 quatenus
1901 3485 2030 3540 dum
2086 3504 2186 3558 per

581 3575 688 3632 hoc
717 3583 768 3632 et
806 3575 1081 3646 praeterita
1125 3573 1495 3648 corriguntur,
1548 3582 1598 3630 et
1642 3574 1889 3646 regulam
1945 3574 2184 3630 futuram

583 3663 902 3735 suscipiunt,
963 3663 1306 3734 omnipotens
1362 3663 1561 3736 ubique
1633 3663 1898 3719 Dominus
1957 3663 2183 3720 fratrum

584 3752 881 3808 concordia
911 3752 1244 3808 collaudatur
1275 3768 1288 3808 :
1324 3752 1474 3820 cujus
1517 3752 1674 3808 vobis
1711 3753 1904 3808 adesse
1935 3769 2182 3824 prasen-

582 3839 730 3907 tiam,
793 3839 838 3894 si
885 3841 1002 3896 hac
1045 3840 1430 3906 observabitis,
1479 3841 1690 3906 scitote,
1743 3841 1870 3912 quia
1924 3841 2183 3912 scriptum

586 3935 670 3985 est
704 3945 716 3984 :
753 3929 845 3986 Ubi
869 3931 1090 4000 fuerint
1120 3931 1440 4000 congregati
1461 3929 1569 3986 duo
1603 3931 1689 3986 vel
1719 3933 1831 3986 tres
1863 3932 1924 3986 in
1955 3933 2184 3987 nomine

583 4033 726 4088 meo,
752 4019 828 4074 ibi
842 4035 970 4074 sum
999 4019 1062 4074 in
1090 4019 1274 4074 medio
1305 4033 1497 4074 eorum
1518 4018 1737 4090 (Matth.
1771 4019 1945 4091 xvm).
1972 4020 2184 4093 Siergo

589 4107 786 4162 adesse
815 4106 1071 4179 dignatur
1101 4106 1192 4161 ubi
1220 4107 1326 4163 duo
1356 4107 1443 4165 vel
1475 4116 1584 4163 tres
1615 4107 1827 4175 fuerint,
1861 4117 2061 4181 quanto
2090 4110 2188 4164 mi-

585 4213 688 4251 nus
717 4212 828 4252 non
858 4195 1048 4262 deerit,
1085 4195 1173 4252 ubi
1217 4196 1402 4268 plures
1444 4197 1797 4255 convenerint
1827 4198 2185 4254 sacerdotes?

537 4346 543 4352 ,
585 4286 656 4340 Et
685 4285 924 4358 quidem,
961 4285 1090 4358 quia
1129 4285 1198 4341 de
1231 4285 1540 4343 adhibendo
1571 4287 1654 4342 bis
1692 4287 1746 4341 in
1778 4303 1922 4343 anno
1953 4287 2183 4344 concilio

589 4375 808 4429 Patrum
839 4374 908 4428 sit
933 4373 1139 4445 regulis
1170 4381 1423 4430 statutum
1451 4419 1463 4442 ,
1493 4391 1600 4431 non
1631 4377 1790 4443 latet;
1824 4377 1920 4431 sed
1947 4393 2016 4432 ne
2048 4377 2184 4433 forte

2284 3219 2602 3292 prafatione
2639 3219 2799 3290 hujus
2848 3219 3092 3290 Opusculi
3141 3217 3690 3276 commemoravimus
3723 3263 3737 3286 ,
3785 3235 3888 3276 nec

2283 3308 2602 3365 auctoritate
2633 3307 2927 3380 apostolica
2974 3307 3142 3363 fuisse
3172 3307 3390 3376 missas,
3423 3308 3520 3363 sed
3561 3308 3889 3379 compilatas

2285 3416 2731 3472 quorumcunque
2761 3399 2988 3456 vafricia
3004 3397 3298 3455 credimus.
3331 3399 3455 3454 Non
3479 3398 3624 3454 enim
3653 3397 3762 3454 sibi
3784 3399 3894 3471 ipsi

2285 3490 2444 3544 sedes
2473 3489 2773 3560 apostolica
2819 3495 2996 3560 potest
3043 3505 3164 3544 esse
3212 3487 3483 3544 contraria
3521 3487 3612 3544 vel
3639 3488 3888 3544 diversa.

2283 3577 2363 3632 De
2397 3593 2505 3648 qua
2535 3577 2788 3632 Gelasius
2819 3573 2958 3648 papa
2985 3576 3113 3633 dicit
3144 3576 3333 3650 (epist.
3358 3580 3415 3631 11
3451 3576 3525 3632 ad
3553 3577 3838 3646 Dardan.)
3873 3593 3886 3632 :

2289 3687 2311 3717 α
2346 3665 2699 3733 Conﬁdimus,
2749 3667 2896 3738 quod
2925 3665 3105 3720 nullus
3121 3666 3233 3736 jam
3253 3665 3890 3722 veraciterChristianus

2283 3753 2517 3828 ignoret,
2550 3755 2970 3826 uniuscujusque
2991 3755 3184 3826 synodi
3207 3753 3576 3822 constitutum,
3601 3754 3751 3826 quod
3772 3754 3893 3810 uni-

2283 3844 2511 3899 versalis
2540 3843 2806 3900 Ecclesia
2834 3843 3081 3914 probavit
3130 3859 3407 3910 assensus,
3459 3843 3666 3898 nullam
3702 3844 3892 3918 magis

2285 3933 2506 4004 exsequi
2536 3933 2723 3988 sedem
2755 3949 2864 4004 pra
2895 3932 3107 3989 caeteris
3129 3940 3403 4002 oportere,
3428 3947 3592 4004 quam
3621 3931 3890 4003 primam,

2283 4037 2404 4094 qua
2434 4029 2488 4077 et
2516 4037 2955 4094 unamquamque
2984 4021 3272 4094 synodum,
3325 4028 3380 4076 et
3430 4037 3524 4076 sua
3556 4021 3888 4078 auctoritate

2283 4110 2586 4180 conﬁrmat,
2621 4118 2673 4166 et
2717 4111 3028 4167 continuata
3073 4110 3447 4166 moderatione
3494 4109 3750 4177 custodit,
3784 4127 3888 4182 pro

2284 4215 2381 4254 suo
2413 4199 2620 4256 scilicet
2643 4199 2970 4272 principatu,
3021 4215 3180 4271 quem
3213 4199 3402 4254 beatus
3442 4199 3630 4254 Petrus
3659 4209 3890 4271 aposto-

2281 4287 2368 4344 lus
2397 4288 2613 4344 Domini
2661 4304 2794 4345 voce
2838 4296 3190 4360 perceptum,
3236 4287 3486 4344 Ecclesia
3531 4287 3888 4344 nihilominus

2283 4379 2666 4451 subsequente,
2720 4386 2773 4433 et
2827 4378 2998 4433 tenuit
3057 4393 3310 4449 semper,
3384 4385 3436 4432 et
3479 4376 3694 4432 retinet.
3732 4398 3757 4426 r
3817 4379 3892 4432 Et

585 4462 765 4534 aliqua
794 4462 1003 4532 impleri
1048 4463 1152 4516 hoc
1199 4463 1498 4518 necessitas
1540 4480 1648 4520 non
1691 4465 1976 4534 permittat,
2011 4466 2182 4521 semel
2209 4456 2411 4522 Ditem
2441 4467 2628 4541 (epist.
2662 4467 2714 4534 1)
2751 4485 2763 4522 :
2800 4488 2823 4518 α
2857 4467 3100 4545 Cumque
3143 4465 3303 4523 nobis
3345 4473 3531 4523 contra
3562 4465 3889 4522 salutarium

588 4558 772 4607 tamen
801 4551 919 4605 sine
964 4549 1312 4606 excusatione
1343 4551 1526 4623 aliqua
1570 4552 1913 4608 decernimus
1943 4569 2183 4628 congre-

587 4639 726 4712 gari,
771 4647 830 4694 ut
873 4638 1276 4710 exspectatione
1320 4639 1535 4696 concilii
1581 4639 1713 4694 nihil
1757 4657 2004 4712 pravum,
2050 4643 2182 4697 nihil

583 4736 942 4800 prasumatur
997 4726 1260 4784 illicitum.
1318 4729 1458 4783 Nam
1511 4729 1860 4801 plerumque,
1921 4730 2022 4785 etsi
2073 4748 2182 4787 nou

586 4832 772 4874 amore
793 4817 1034 4887 justitia,
1085 4825 1232 4872 metu
1273 4825 1456 4873 tamen
1505 4819 1788 4885 examinis,
1823 4819 2182 4875 abstinebitur

585 4905 658 4960 ab
703 4905 808 4961 hoc
853 4906 996 4978 quod
1044 4905 1286 4964 omnium
1332 4914 1522 4962 notum
1565 4915 1646 4962 est
1693 4923 1856 4979 posse
1895 4908 2179 4980 displicere

576 4992 801 5064 judicio.
839 5013 863 5044 υ

654 5080 806 5136 XIX.
831 5083 960 5139 Hac
979 5081 1161 5155 itaque
1183 5083 1552 5157 Transalpinis
1579 5083 1862 5153 Ecclesiis,
1887 5102 2178 5160 earumque

583 5171 957 5234 rectoribus,a
986 5171 1116 5227 sede
1145 5174 1459 5244 apostolica,
1484 5174 1552 5229 de
1575 5173 1936 5246 appellatione
1967 5177 2180 5248 episco-

581 5274 776 5332 porum
807 5260 875 5314 ad
904 5260 1043 5316 hanc
1073 5261 1261 5316 sedem
1295 5261 1672 5334 apostolicam,
1705 5272 1756 5320 et
1787 5264 1854 5321 de
1884 5266 2176 5339 presbyte-

576 5364 762 5404 rorum
813 5363 877 5404 ac
920 5347 1267 5405 diaconorum
1317 5351 1696 5424 appellatione,
1752 5353 1797 5408 si
1855 5353 1924 5410 de
1958 5355 2178 5425 judiciis

578 5437 961 5510 episcoporum
991 5454 1211 5494 suorum
1241 5439 1417 5512 questi
1461 5439 1679 5509 fuerint,
1723 5443 1793 5498 ad
1831 5444 2177 5516 comprovin-

576 5527 744 5584 ciales
775 5527 1032 5600 synodos,
1085 5536 1138 5586 et
1185 5528 1564 5601 dijudicatione
1611 5532 1854 5608 regulari
1903 5548 2090 5590 eorum
2121 5532 2177 5589 in

2283 4557 2643 4613 reverentiam
2675 4555 2988 4628 regularum
3027 4555 3305 4627 cupiamus
3335 4563 3536 4610 temere
3566 4555 3642 4610 nil
3689 4553 3884 4623 licere,

2282 4651 2334 4699 et
2364 4661 2487 4701 cum
2527 4646 2686 4700 sedes
2734 4645 3034 4714 apostolica
3079 4645 3329 4716 superior
3355 4645 3442 4700 his
3479 4643 3768 4714 omnibus,
3805 4643 3890 4700 fa-

2280 4741 2438 4789 vente
2467 4734 2722 4801 Domino,
2758 4750 2880 4804 qua
2908 4733 3146 4806 paternis
3176 4733 3474 4790 canonibus
3507 4741 3631 4788 sunt
3658 4731 3889 4804 praﬁxa

2279 4823 2370 4894 pio
2400 4823 2707 4895 devotoque
2737 4823 2945 4877 studeat
2991 4831 3174 4879 tenere
3221 4822 3521 4896 proposito,
3577 4821 3712 4878 satis
3741 4821 3888 4878 indi-

2279 4929 2447 4985 gnum
2489 4919 2588 4980 est,
2643 4927 2973 4984 quemquam
3014 4912 3101 4968 vel
3149 4909 3465 4984 pontiﬁcum
3513 4910 3600 4967 vel
3629 4911 3890 4967 ordinum

2279 4999 2728 5072 subsequentium
2778 5001 2917 5058 hanc
2960 5000 3364 5058 observantiam
3406 4998 3662 5067 refutare,
3717 5017 3889 5073 quam

2279 5089 2424 5143 beati
2449 5088 2590 5144 Petri
2622 5089 2810 5146 sedem
2838 5098 2890 5147 et
2933 5089 3086 5162 sequi
3133 5089 3332 5160 videat,
3367 5097 3419 5145 et
3459 5089 3680 5156 docere,
3715 5089 3888 5144 satis-

2278 5193 2383 5248 que
2415 5177 2743 5234 conveniens
2773 5179 2861 5247 sit,
2893 5186 2950 5234 ut
2980 5187 3151 5235 totum
3173 5193 3372 5250 corpus
3393 5177 3661 5234 Ecclesia
3691 5179 3750 5233 in
3783 5179 3889 5234 hac

2278 5265 2492 5322 sibimet
2539 5267 2918 5324 observatione
2967 5269 3284 5336 concordet,
3341 5283 3501 5340 quam
3547 5266 3662 5324 illic
3691 5267 3888 5342 vigere

2276 5353 2592 5427 conspiciat,
2625 5357 2716 5412 ubi
2738 5357 3002 5412 Dominus
3022 5357 3288 5414 Ecclesia
3319 5357 3484 5413 totius
3512 5355 3700 5429 posuit
3729 5357 3890 5428 prin-

2275 5444 2526 5517 cipatum.
2569 5467 2591 5498 ››
2640 5447 2824 5503 Potest
2871 5445 3014 5502 enim
3062 5445 3181 5502 ﬁeri
3228 5455 3286 5502 ut
3327 5446 3405 5501 illi
3451 5444 3544 5519 qui
3587 5445 3644 5501 in
3684 5446 3891 5504 vicinis

2274 5533 2546 5610 parochiis
2574 5543 2698 5592 sunt
2728 5535 2886 5606 hujus
2917 5543 3119 5593 sancta
3155 5535 3412 5593 Romana
3439 5533 3728 5608 Ecclesia,
3765 5535 3894 5612 qui-
