4072 6288
176 275 278 332 2H

1677 261 2056 324 EPISTOLE.

179 414 288 472 que
312 397 472 466 juxta
502 410 694 452 sacras
717 393 956 468 regulas,
1004 393 1074 449 ad
1117 408 1312 450 manus
1360 389 1784 464 impositionem,
1816 387 1874 448 A
1893 407 2014 448 rem
2043 393 2246 450 habere
2273 409 2384 450 non
2409 393 2754 466 permittitur,
2776 395 3010 452 maxime
3030 396 3098 452 ab
3115 395 3264 454 omni
3280 395 3481 453 femina

175 494 228 542 et
254 487 326 541 ad
355 485 600 557 synodos
630 485 738 540 huc
757 481 1055 540 convenire
1088 482 1284 553 solent,
1321 481 1426 554 ipsi
1457 495 1556 552 pro
1599 478 1781 535 recla-

173 575 412 630 matione
424 581 621 630 contra
635 573 1082 645 presbyterorum
1123 587 1347 626 suorum
1368 571 1438 626 ad
1504 567 1785 642 praefatam

177 663 640 721 examinationem
669 661 1016 728 conveniant,
1057 660 1196 717 sicut
1243 659 1388 715 sacri
1438 673 1676 715 canones
1721 671 1786 712 ac

176 753 333 826 leges
403 751 748 824 praecipiunt,
790 757 848 805 ut
894 750 966 807 ad
1023 749 1312 821 primatem
1361 747 1786 818 uniuscujusque

175 841 495 914 provinciae,
531 839 625 912 qui
653 839 874 912 negotia
905 837 1158 894 videntur
1184 837 1390 893 habere
1440 841 1782 904 concurrant,

174 930 266 987 vel
311 929 385 984 ad
448 928 740 1000 synodum,
803 927 897 1000 qui
951 943 1012 982 se
1063 925 1224 982 laesos
1286 923 1616 990 existimant,
1678 939 1786 996 quo

174 1035 286 1075 non
313 1018 387 1073 sit
413 1015 631 1072 difﬁcile
661 1023 828 1072 testes
857 1016 1174 1087 producere,
1195 1013 1508 1070 invitentur.
1531 1011 1785 1067 Transal-

175 1107 320 1179 pinis
351 1113 556 1172 autem,
591 1113 646 1160 et
673 1105 813 1174 aliis,
857 1105 950 1176 qui
979 1104 1033 1158 in
1069 1102 1316 1158 similiter
1348 1101 1663 1174 longinquis
1697 1117 1785 1156 re-

177 1195 436 1270 gionibus
455 1200 879 1260 commorantur,
903 1191 1204 1263 apostolica
1216 1191 1398 1256 sedes,
1419 1198 1472 1246 et
1505 1204 1786 1245 sacrorum

177 1301 452 1342 canonum
480 1282 941 1355 promulgatores,
980 1281 1235 1354 loquente
1264 1279 1322 1334 in
1350 1279 1428 1334 eis
1458 1285 1646 1334 sancto
1663 1277 1784 1350 Spi-

178 1375 305 1443 ritu,
358 1389 484 1445 quae
533 1379 658 1428 sunt
703 1370 996 1442 unicuique
1041 1368 1340 1440 provinciae
1377 1366 1666 1440 possibilia
1734 1374 1786 1421 et

177 1461 490 1519 auctoritati
518 1459 918 1526 convenientia,
964 1466 1124 1530 atque
1172 1457 1296 1529 paci
1337 1455 1601 1513 Ecclesiae
1648 1471 1784 1510 con-

177 1551 454 1626 gruentia,
513 1549 748 1605 tenenda
813 1555 867 1604 et
953 1546 1305 1618 exsequenda
1393 1541 1797 1601 discretissime'

177 1639 554 1712 praatixerunt.

1886 482 1953 538 sit
1979 483 2360 540 abstinendus.
2400 485 2468 539 Et
2514 484 2642 538 item
2676 501 2690 538 :
2729 505 2751 536 ε
2787 484 3057 542 Sacerdos
3120 485 3342 556 etenim,
3390 491 3484 540 aut

1887 571 2064 644 quivis
2085 572 2223 628 alius
2251 573 2307 627 in
2339 571 2591 628 ordinem
2621 572 3054 629 ecclesiasticum
3081 582 3396 645 provectus,
3433 573 3480 628 si

1885 659 1942 714 in
1969 675 2036 716 eo
2080 661 2289 717 scelere
2337 661 2664 728 inveniatur,
2717 676 2824 732 quo
2871 661 3206 729 abjiciendus
3266 661 3480 728 existat,

1885 749 2164 820 depositus
2218 749 2556 820 providentia
2586 749 2830 822 episcopi
2872 749 3012 806 bene
3063 750 3286 822 proviso
3357 750 3481 807 loco

1885 837 2262 904 constituatur,
2285 837 2379 893 ubi
2398 845 2627 909 peccata
2655 837 2854 910 lugeat,
2878 846 2930 895 et
2953 837 3181 895 ulterius
3203 853 3312 894 non
3335 853 3482 894 com-

1885 925 2076 980 mittat.
2115 947 2138 976 »
2173 925 2262 982 Sic
2286 932 2338 981 et
2367 940 2602 998 magnus
2631 919 2740 982 Leo
2785 941 2948 998 papa,
2997 927 3160 998 longe
3191 934 3316 981 ante
3341 927 3482 980 hanc

1885 1013 2344 1080 constitutionem,
2372 1013 2692 1070 auctoritate
2719 1029 2892 1070 sacra:
2932 1014 3228 1084 Scripturae
3269 1013 3340 1069 ad
3388 1013 3482 1069 Hi-

1883 1093 2082 1158 larium
2095 1102 2513 1158 Narbonensem
2524 1102 2762 1158 decrevit
2783 1105 2968 1176 (epist.
2986 1105 3074 1168 95,
3091 1102 3162 1158 ad
3178 1105 3474 1160 Rusticum

1885 1191 2176 1262 Narbon.),
2210 1212 2232 1241 ι
2267 1198 2324 1246 ut
2350 1191 2658 1262 presbyteri
2687 1191 2775 1246 vel
2805 1191 3020 1247 diaconi
3047 1191 3186 1262 lapsi
3232 1191 3300 1246 ad
3348 1206 3473 1262 pro-

1884 1278 2202 1334 merendam
2249 1278 2682 1336 misericordiam
2731 1278 2851 1349 Dei,
2901 1279 3170 1350 privatam
3219 1286 3478 1350 expetant

1885 1367 2275 1437 secessionem,
2309 1366 2403 1423 ubi
2434 1367 2543 1422 illis
2575 1367 2889 1435 satisfactio,
2923 1369 2969 1424 si
2995 1367 3160 1422 fuerit
3192 1366 3376 1442 digna,
3412 1367 3483 1423 sit

1884 1457 2046 1512 etiam
2083 1455 2380 1512 fructuosa.
2421 1477 2442 1506 ι)

1952 1545 2156 1602 XXIV.
2189 1545 2323 1600 Cum
2351 1545 2468 1601 haec
2498 1543 2573 1600 ita
2600 1560 2661 1600 se
2691 1544 2944 1611 habeant,
2976 1560 3086 1600 non
3131 1551 3214 1600 est
3256 1543 3484 1616 perfun-

1883 1633 2051 1690 ctorie
2079 1633 2463 1689 attendendum
2494 1642 2687 1688 vestrae
2717 1633 3012 1705 pontiﬁcali
3039 1633 3358 1700 auctoritati,
3429 1640 3484 1688 et

246 1729 432 1784 XXII.
469 1726 728 1800 Legimus
761 1725 946 1793 etiam,
999 1724 1249 1796 quamvis
1289 1723 1586 1791 rarissime,
1635 1738 1781 1794 prae-
1810 1730 2088 1816 Bnostraa
2116 1722 2384 1794 imperiali
2412 1722 2686 1793 potestati,
2721 1722 2850 1794 quid
2889 1722 3326 1794 praedecessores
3380 1737 3480 1777 no-

179 1826 398 1889 ceptum
417 1833 449 1872 a
465 1817 598 1872 sede
610 1814 930 1886 apostolica,
953 1814 1218 1884 quosdam
1235 1813 1302 1868 de
1313 1810 1784 1886 longinquioribus

176 1906 453 1980 parochiis
483 1903 740 1976 specialis
767 1903 1070 1959 dimceseos
1097 1901 1327 1959 Romani
1375 1900 1668 1972 pontiﬁcis,
1713 1901 1783 1955 ad

179 1995 330 2064 cujus
381 1991 808 2048 sollicitudinem
865 1990 1188 2046 universalis
1237 1989 1484 2046 Ecclesia
1525 1988 1779 2060 pertinet,

177 2091 401 2156 propter
429 2087 789 2138 contumaces
837 2079 1215 2135 contentiones
1263 2077 1476 2150 aliquos
1527 2076 1781 2132 invitatos

179 2171 348 2228 fuisse
384 2189 397 2224 :
433 2169 533 2225 sed
561 2169 630 2224 de
659 2167 1028 2240 Transalpinis
1049 2166 1382 2239 regionibus,
1433 2163 1632 2238 quibus
1678 2165 1781 2220 de-

178 2269 320 2317 creta
348 2257 647 2332 privilegia
676 2256 887 2312 servari
916 2256 1132 2322 debent,
1153 2254 1260 2310 tale
1283 2254 1412 2327 quid
1426 2269 1524 2326 pro
1553 2254 1783 2325 presby-

177 2357 420 2406 terorum
450 2355 507 2402 et
524 2347 874 2402 diaconorum
897 2343 1260 2416 appellatione
1280 2352 1313 2399 'a
1334 2343 1464 2398 sede
1483 2341 1782 2413 apostolica

175 2444 516 2510 praeceptum
560 2434 728 2490 fuisse
775 2449 886 2489 non
933 2431 1186 2506 legimus.
1246 2433 1326 2486 De
1395 2429 1780 2487 ecclesiasticis

174 2525 528 2583 nihilominus
577 2522 880 2594 privilegiis
923 2521 978 2576 in
1023 2521 1266 2592 epistolis
1330 2519 1474 2574 beati
1524 2517 1782 2592 Gregorii

175 2615 410 2688 legimus
436 2613 512 2669 ad
543 2611 889 2667 Dominicum
919 2609 1409 2680 Carthaginensem
1461 2606 1779 2679 episc0pum

177 2705 292 2775 (lib.
325 2718 410 2769 x1,
445 2703 616 2774 epist.
647 2700 738 2770 39)
773 2717 786 2754 :
826 2721 847 2750 α
887 2699 1083 2753 Vestra
1103 2697 1428 2764 fraternitas,
1454 2695 1646 2769 inquit,
1675 2697 1778 2751 hoc

175 2791 480 2864 postposita
524 2788 857 2845 dubitatione
906 2786 1150 2856 retineat,
1194 2785 1322 2858 quia
1390 2785 1530 2842 sicut
1593 2792 1778 2840 nostra

177 2879 545 2948 defendimus,
578 2877 654 2933 ita
684 2875 912 2948 singulis
942 2875 1246 2948 quibusque
1263 2873 1526 2930 Ecclesiis
1542 2889 1638 2928 sua
1651 2873 1780 2944 jura

178 2985 483 3026 servamus.
516 2968 634 3023 Nec
663 2966 900 3032 cuilibet,
935 2963 1149 3020 favente
1181 2963 1382 3018 Christi
1412 2963 1612 3036 gratia,
1637 2962 1778 3017 ultra

180 3075 340 3132 quam
370 3064 618 3113 meretur
644 3053 945 3127 impertior,
980 3069 1082 3109 nec
1110 3052 1204 3108 ulli
1232 3054 1336 3116 hoc
1366 3053 1514 3124 quod
1539 3051 1623 3107 sui
1639 3051 1777 3121 juris

177 3155 260 3203 est
287 3145 498 3202 ambitu
526 3143 838 3199 stimulante
867 3141 1151 3215 derogabo
1184 3160 1199 3209 ;
1233 3141 1331 3196 sed
1379 3140 1577 3196 fratres
1623 3155 1776 3195 meos

177 3237 450 3292 honorare
478 3249 580 3306 per
607 3231 790 3288 omnia
818 3231 997 3303 cupio,
1031 3230 1219 3303 sicque
1249 3230 1444 3286 studeo
1475 3245 1570 3284 eos
1599 3229 1654 3283 in
1683 3229 1776 3282 ho-

175 3341 365 3382 norem
395 3321 650 3387 subvehi,
684 3319 978 3376 dummodo
1008 3335 1116 3374 non
1149 3318 1236 3384 sit,
1270 3317 1415 3390 quod
1461 3316 1614 3373 alteri
1653 3317 1778 3386 jure

177 3414 244 3469 ab
303 3412 482 3468 altero
511 3409 685 3482 possit
715 3408 935 3480 opponi.
977 3429 997 3458 ν
1031 3409 1096 3462 Et
1127 3406 1256 3462 alibi
1303 3406 1448 3461 idem
1477 3405 1602 3461 hinc
1649 3405 1779 3461 dicit

179 3503 298 3576 (lib.
327 3517 412 3568 xx,
444 3501 614 3574 epist.
644 3497 740 3569 37)
769 3515 784 3553 :
821 3517 844 3548 ι
871 3495 1029 3567 Quod
1049 3511 1180 3552 vero
1201 3495 1398 3563 dicitis,
1421 3494 1620 3552 vestris
1641 3503 1779 3550 tem-

177 3591 404 3664 poribus
431 3589 637 3645 debere
667 3585 871 3644 servari
901 3602 1020 3658 qua:
1050 3601 1082 3641 a
1109 3584 1246 3641 meis
1276 3600 1493 3656 quoque
1523 3583 1778 3640 decesso-

173 3680 326 3737 ribus
354 3679 561 3734 tradita
590 3685 754 3748 atque
785 3675 1050 3732 custodita
1079 3681 1224 3740 sunt,
1275 3673 1418 3729 absit
1457 3674 1562 3729 hoc
1589 3689 1622 3728 a
1666 3689 1773 3742 me,

177 3779 233 3826 ut
263 3776 463 3824 statuta
480 3767 756 3836 majorum
781 3763 1262 3822 consacerdotibus
1275 3764 1411 3818 meis
1439 3762 1496 3818 in
1542 3761 1781 3834 qualibet

176 3857 431 3916 Ecclesia
456 3855 776 3930 infringam,
809 3854 937 3926 quia
964 3852 1095 3908 mihi
1125 3851 1377 3923 injuriam
1405 3851 1564 3918 facio,
1589 3850 1634 3906 si
1668 3849 1779 3906 fra-

176 3957 322 4004 trum
349 3962 608 4003 meorum
630 3945 751 4014 jura
779 3944 1058 4016 perturbo.
1112 3963 1134 3993 ι

244 4037 452 4094 XXIII.
485 4035 732 4090 Tandem
761 4033 907 4100 hinc,
941 4039 1141 4103 praeter
1169 4031 1420 4104 antiquas
1459 4029 1780 4103 regularum

176 4142 240 4184 ac
264 4127 453 4198 legum
480 4121 916 4189 constitutiones,
946 4121 1002 4176 in
1027 4128 1279 4192 promptu
1306 4121 1571 4176 habemus
1604 4133 1774 4191 syno-

179 4215 324 4272 dalia
353 4213 593 4286 capitula
621 4211 1070 4284 apostolicorum,
1102 4209 1354 4282 Eugenii,
1388 4223 1530 4264 anno
1560 4206 1778 4279 imperii

179 4304 394 4361 decimo
423 4303 585 4359 tertio
608 4301 794 4356 domni
823 4307 877 4356 et
905 4298 1166 4372 genitoris
1196 4297 1368 4354 nostri
1397 4295 1676 4362 Ludovici,
1729 4302 1780 4350 et

183 4409 326 4450 anno
354 4392 575 4449 decimo
627 4389 842 4461 imperii
871 4387 1110 4444 Lotharii
1141 4387 1321 4442 fratris
1351 4386 1538 4452 nostri,
1589 4400 1780 4440 mense

1890 1812 1988 1867 stri
2017 1811 2086 1866 de
2115 1811 2398 1866 servandis
2443 1811 2616 1866 sacris
2656 1810 2872 1882 legibus
2929 1819 2983 1866 et
3021 1811 3222 1867 sanctis
3266 1809 3475 1884 regulis

1881 1901 2241 1958 decernentes
2271 1898 2684 1969 constituerunt,
2739 1916 2806 1956 ex
2855 1915 3084 1972 quorum
3150 1898 3480 1972 pluralitate,

1881 2004 2054 2060 pauca
2084 2003 2330 2056 numero,
2362 2003 2472 2043 non
2519 2003 2696 2060 pauca
2737 1988 2983 2059 pondere
3030 1988 3119 2043 hic
3167 1987 3478 2044 censuimus

1881 2093 2102 2150 ponere.
2138 2077 2217 2132 De
2248 2076 2464 2150 legibus
2494 2092 2730 2148 namque
2762 2075 3189 2146 Valentinianus,
3223 2076 3478 2131 Theodo-

1883 2165 1996 2220 sius
2039 2173 2093 2220 et
2137 2164 2405 2220 Arcadius
2455 2165 2814 2221 decreverunt
2855 2165 3098 2220 dicentes
3139 2165 3204 2237 (I.
3263 2179 3302 2218 ιι
3349 2164 3474 2222 Cod.

1891 2254 2112 2320 Theod.,
2151 2255 2227 2310 De
2261 2254 2564 2310 Constitut.
2598 2253 2947 2326 principum)
2972 2270 2985 2308 :
3010 2254 3351 2324 «Perpensas
3400 2268 3487 2308 se-

1881 2343 2126 2398 renitatis
2155 2350 2356 2398 nostrae
2393 2343 2558 2415 longa
2607 2342 2994 2398 deliberatione
3041 2341 3475 2410 constitutiones,

1880 2447 1984 2487 nec
2011 2431 2269 2504 ignorare
2299 2445 2650 2502 quemquam,
2683 2446 2784 2486 nec
2813 2429 3161 2486 dissimulare
3203 2429 3479 2501 permitti-

1879 2537 2022 2576 mus.
2055 2519 2454 2591 Interpretatio.
2487 2519 2664 2591 Leges
2711 2518 2926 2576 nescire
2971 2519 3104 2573 nulli
3149 2518 3330 2588 liceat,
3384 2526 3477 2574 aut

1877 2625 1999 2684 qua:
2029 2615 2153 2664 sunt
2182 2615 2382 2662 statuta
2413 2615 2782 2664 contemnere.
2823 2628 2845 2656 ι
2879 2607 2948 2661 Et
2969 2615 3190 2663 sanctus
3229 2605 3480 2663 leesti-

1879 2715 1982 2752 nus
2011 2697 2162 2769 paria
2183 2696 2251 2752 de
2269 2695 2443 2752 sacris
2465 2695 2764 2750 canonibus
2781 2695 2910 2750 dicit
2929 2695 3116 2768 (epist.
3139 2696 3192 2766 3)
3217 2713 3230 2750 :
3258 2721 3281 2744 α
3307 2695 3480 2764 Nulli,

1879 2787 2152 2858 inquiens,
2210 2784 2480 2865 sacerdoti
2523 2799 2654 2840 suos
2699 2783 2856 2840 liceat
2913 2799 3153 2840 canones
3196 2783 3478 2858 ignorare,

1879 2891 1982 2931 nec
2013 2875 2306 2947 quidquam
2350 2873 2552 2942 facere,
2588 2873 2737 2946 quod
2776 2874 3003 2930 Patrum
3050 2873 3225 2944 possit
3270 2873 3480 2946 regulis

1879 2963 2120 3020 obviare.
2151 2961 2285 3032 Quae
2313 2961 2458 3017 enim
2487 2978 2518 3016 a
2545 2961 2704 3016 nobis
2733 2977 2820 3018 res
2851 2961 3020 3034 digna
3049 2961 3377 3028 servabitur,
3430 2961 3477 3016 si

1880 3051 2232 3108 decretalium
2261 3067 2448 3106 norma
2479 3049 2895 3106 constitutorum
2921 3065 3022 3120 pro
3071 3049 3368 3121 aliquorum
3406 3049 3478 3104 li-

1879 3142 1990 3196 bitu
2020 3139 2238 3196 licentia
2265 3139 2482 3211 populis
2509 3138 2777 3210 permissa
2807 3137 3134 3210 frangatur?
3167 3159 3190 3188 »
3215 3137 3375 3206 Quia,
3419 3145 3476 3193 ut

1875 3230 2110 3285 Hilarius
2139 3244 2277 3301 papa
2307 3227 2433 3284 dicit
2467 3227 2654 3301 (epist.
2689 3231 2774 3294 11,
2807 3227 2880 3283 ad
2909 3226 3252 3298 Leontium),
3291 3248 3314 3278 ε
3347 3227 3473 3283 Non

1875 3318 2052 3374 minus
2081 3317 2137 3372 in
2167 3325 2475 3372 sanctarum
2507 3315 2854 3372 traditionum
2883 3315 3214 3388 delinquitur
3244 3315 3478 3372 sanctio-

1875 3425 1994 3476 nes,
2027 3423 2189 3479 quam
2214 3405 2271 3460 in
2298 3405 2546 3475 injuriam
2575 3404 2746 3477 ipsius
2775 3404 2994 3460 Domini
3025 3403 3325 3476 prosilitur,
3348 3420 3474 3460 cum

1878 3496 2210 3568 exspectatio
2239 3493 2448 3551 fructus
2479 3493 2649 3548 nostri
2677 3493 2978 3559 ministerii,
3019 3509 3128 3548 non
3191 3493 3247 3547 in
3286 3493 3472 3554 latitu-

1877 3585 2003 3641 dine
2032 3585 2340 3656 regionum,
2372 3582 2470 3639 sed
2499 3582 2554 3638 in
2585 3581 2946 3654 acquisitione
2973 3590 3206 3652 ponatur
3253 3581 3468 3637 anima-

1877 3691 2017 3731 rum.
2054 3694 2076 3725 ιι
2111 3673 2181 3728 Et
2204 3673 2352 3740 item,
2380 3673 2449 3727 de
2468 3670 2682 3744 legibus
2703 3669 2916 3742 praefati
2935 3671 3165 3742 Augusti
3178 3671 3242 3740 (I.
3265 3686 3326 3726 ιιι
3343 3671 3469 3727 Cod.

1882 3765 2000 3830 Th.,
2033 3761 2180 3833 eod.)
2214 3779 2227 3816 :
2265 3785 2286 3810 α
2321 3759 2514 3816 Omnia
2561 3759 2854 3816 constituta
2882 3775 2993 3815 non
3038 3759 3328 3832 praateritis
3373 3775 3472 3816 ca-

1877 3852 2136 3907 lumniam
2164 3849 2382 3920 faciunt,
2417 3849 2516 3904 sed
2543 3847 2738 3904 futuris
2765 3849 3015 3922 regulam
3044 3847 3342 3920 imponunt.
3375 3849 3471 3904 In-

1877 3939 2204 4012 terpretatio.
2233 3938 2441 3994 Omnes
2466 3937 2620 4011 leges
2649 3953 2759 3994 non
2787 3953 2852 3992 ea
2883 3953 3004 4009 quae
3031 3937 3282 3994 anteriori
3325 3945 3470 3993 tem-

1877 4045 2012 4101 pore
2041 4028 2180 4083 facta
2209 4035 2334 4082 sunt
2363 4026 2640 4094 damnant,
2673 4026 2772 4082 sed
2793 4025 2848 4080 in
2865 4025 3102 4081 futurum
3123 4026 3470 4082 observanda

1879 4117 2230 4175 constituunt.
2271 4137 2293 4166 »

1950 4214 2126 4292 XXV.
2168 4214 2236 4268 Et
2299 4211 2426 4266 hinc
2469 4209 2824 4282 Symmachus
2871 4223 3013 4281 papa
3058 4211 3244 4282 (epist.
3297 4214 3346 4276 1,
3397 4213 3472 4268 ad

1880 4305 2144 4360 IEonium
2173 4302 2191 4372 )
2223 4319 2236 4354 :
2273 4321 2295 4352 α
2331 4300 2472 4355 Dum
2502 4299 2569 4354 ad
2601 4297 2878 4354 Trinitatis
2925 4297 3118 4368 instar,
3168 4298 3322 4367 cujus
3362 4315 3472 4355 una

1883 4400 1965 4448 est
1993 4399 2155 4463 atque
2181 4389 2462 4446 individua
2487 4395 2750 4460 potestas,
2783 4403 2950 4443 unum
2979 4387 3047 4442 sit
3077 4403 3175 4458 per
3219 4385 3468 4444 diversos

172 4481 527 4547 Novembrio,
553 4487 717 4552 atque
748 4478 942 4534 Leonis
973 4479 1086 4545 IV,‘
1105 4492 1250 4533 anno
1298 4474 1538 4532 Lotharii
1603 4474 1770 4530 trice-
1805 4468 1860 4531 D
1882 4481 2146 4536 antistites
2177 4477 2559 4546 sacerdotium,
2593 4476 3050 4550 quemadmodum
3080 4477 3320 4548 priorum
3359 4485 3471 4532 sta-

182 4573 318 4628 simo
347 4569 606 4643 septimo,
631 4575 686 4624 et
703 4567 962 4624 Ludovici
991 4566 1203 4638 nepotis
1223 4564 1391 4621 nostri
1409 4579 1551 4620 anno
1568 4562 1775 4636 quinto,

177 4676 368 4717 mense
395 4657 727 4715 Decembrio
758 4656 996 4722 decreta,
1023 4654 1218 4727 quibus
1237 4653 1578 4726 praecipiunt,
1608 4675 1630 4703 «
1653 4659 1710 4707 ut
1733 4652 1781 4707 si

184 4749 456 4824 quispiam
485 4746 854 4809 sacerdotum,
884 4745 943 4800 id
973 4751 1073 4811 est,
1109 4743 1420 4816 episcopus,
1472 4742 1776 4814 presbyter,

181 4840 468 4904 diaconus,
500 4835 590 4893 vel
619 4835 783 4890 etiam
813 4833 1195 4901 subdiaconus,
1227 4833 1296 4888 de
1328 4847 1651 4904 quacunque
1693 4829 1780 4886 fe-

181 4928 323 4983 mina
352 4924 590 4984 crimine
618 4921 992 4980 fornicationis
1021 4930 1326 4994 suspectus,
1357 4928 1480 4993 post
1523 4920 1774 4992 primam,

181 5015 594 5086 secundamque
625 5020 680 5070 et
705 5013 919 5069 tertiam
949 5011 1426 5068 commonitionem
1473 5010 1777 5081 (metropo-

179 5105 348 5172 litani,
383 5104 473 5161 vel
501 5101 727 5158 alterius
756 5101 1016 5174 episcopi,
1051 5107 1142 5156 aut
1188 5100 1304 5170 ejus
1350 5099 1439 5155 cui
1493 5099 1778 5169 subjacere

177 5193 410 5266 videtur)
440 5191 778 5260 inveniatur,
804 5189 1028 5246 fabulari
1057 5205 1181 5246 cum
1193 5204 1278 5260 ea,
1304 5188 1392 5245 vel
1413 5188 1592 5260 aliquo
1613 5187 1778 5242 modo

172 5281 495 5340 conversari
524 5279 790 5336 canonice
810 5278 1104 5349 judicetur.
1143 5299 1165 5328 ν
1201 5276 1548 5348 Quapropter
1601 5293 1776 5332 unus-

174 5373 405 5446 quisque
435 5368 730 5442 episcopus
757 5367 814 5422 in
841 5367 934 5424 tali
973 5383 1036 5423 re
1088 5365 1326 5422 studiose
1375 5381 1438 5420 ac
1485 5363 1778 5436 diligenter

171 5476 362 5518 curam
387 5459 600 5515 habere
631 5457 811 5522 debet,
845 5473 913 5512 ne
941 5455 1193 5513 Ecclesia
1221 5452 1416 5509 Christi
1447 5469 1480 5508 a
1539 5452 1775 5524 prOpriis

169 5550 349 5624 possit
374 5546 653 5606 sordidari
681 5540 944 5602 ministris
979 5564 992 5601 :
1025 5545 1154 5619 quia
1183 5559 1308 5601 cum
1335 5540 1614 5616 propriam
1641 5558 1779 5599 uxo-

1878 4578 1992 4626 tula
2019 4587 2049 4624 a
2080 4568 2430 4642 sequentibus
2487 4567 2739 4624 convenit
2778 4565 2968 4622 violari
3011 4567 3038 4620 ?
3081 4566 3193 4620 Huc
3241 4567 3470 4632 accedit,

1881 4654 2024 4727 quod
2053 4655 2173 4710 haec
2188 4653 2233 4707 si
2251 4652 2466 4708 eveniat
2485 4651 2870 4708 sententiarum
2895 4649 3148 4714 varietas,
3173 4648 3244 4703 ad
3286 4649 3464 4720 ipsam

1880 4750 2280 4800 sacrosanctam
2311 4742 2626 4798 catholicam
2655 4739 2973 4812 religionem
3002 4735 3275 4792 credimus
3302 4740 3469 4810 perti-

1877 4849 2028 4900 nere,
2057 4832 2207 4901 cujus
2234 4831 2411 4887 omnis
2439 4837 2680 4902 potestas
2699 4825 3024 4897 infringitur,
3049 4825 3155 4880 nisi
3187 4826 3466 4898 universa,

1881 4938 2002 4993 qum
2031 4937 2065 4976 a
2094 4919 2311 4976 Domini
2339 4918 2714 4975 sacerdotibus
2761 4913 2932 4970 semel
2981 4914 3306 4986 regulariter
3348 4926 3466 4975 sta-

1879 5018 2119 5078 tuuntur,
2151 5017 2408 5082 perpetua
2435 5008 2558 5063 sint.
2583 5005 2742 5074 Quod
2761 5003 2897 5059 alias
2910 5005 3228 5079 contingere
3243 5008 3460 5079 poterit,

1879 5099 1924 5154 si
1955 5115 2240 5155 successor
2267 5095 2574 5154 decessoris
2603 5093 2813 5150 actibus
2843 5109 2952 5148 non
2994 5094 3241 5150 tribuerit
3288 5095 3464 5152 ﬁrmi-

1877 5195 2059 5254 tatem,
2093 5197 2146 5244 et
2175 5187 2478 5244 reborando
2507 5199 2628 5256 quae
2659 5190 2814 5258 gesta
2831 5191 2976 5251 sunt,
3000 5183 3160 5240 faciat
3180 5192 3296 5240 rata
3343 5170 3467 5242 esse

1879 5294 2001 5350 quae
2027 5277 2275 5349 gesserit.
2309 5274 2517 5344 Quanta
2547 5271 2692 5328 enim
2720 5272 2940 5329 vicariis
2980 5273 3277 5329 beatissimi
3324 5275 3468 5330 Petri

1876 5366 2106 5437 apostoli
2129 5362 2457 5434 judicabitur
2482 5378 2604 5418 esse
2633 5363 2955 5434 reverentia,
2989 5363 3035 5416 si
3065 5379 3188 5434 qua}
3213 5361 3267 5416 in
3281 5379 3468 5419 sacer-

1877 5453 2022 5510 dotio
2061 5452 2399 5525 praecipiunt,
2451 5467 2514 5507 ea
2563 5452 2776 5508 hisdem
2825 5450 3226 5508 transeuntibus
3255 5451 3459 5508 dissol-

1877 5542 2114 5602 vantur?
2137 5562 2160 5592 ι)
2194 5543 2320 5599 Haec
2349 5541 2512 5612 igitur
2543 5558 2822 5600 servemus
2851 5541 3054 5597 nostris
3101 5540 3458 5612 temporibus,

3379 273 3494 330 249.
3593 311 3606 319 ς
