4072 6304
571 295 682 349 243

1466 291 1811 354 HINCMARI
1866 293 2272 353 RHEMENSIS
2328 291 2876 354 ARCHIEPISCOPI.

3773 305 3882 360 244

565 425 716 473 tanto
743 417 976 490 gratius,
1026 426 1229 496 quanto
1277 429 1331 477 et
1374 421 1639 478 Ecclesia
1687 430 1737 478 et
1791 422 2021 496 imperio
2070 423 2168 479 erit
2194 421 2500 491 Aanimas,
2533 440 2656 496 qua
2684 439 2794 479 non
2823 423 3146 495 moriuntur,
3179 428 3233 480 et
3263 423 3609 483 viviﬁcabant
3659 426 3880 484 animas

567 507 838 578 capacius,
871 516 924 565 et
969 511 1241 566 servando
1289 527 1410 582 qua
1453 511 1698 583 legaliter
1741 527 1806 568 ac
1848 512 2170 585 regulariter

567 602 722 665 gesta
751 604 894 664 sunt,
929 606 1043 653 rata
1063 615 1186 655 esse
1216 597 1480 656 faciamus
1515 615 1635 672 qua
1662 599 1928 673 legaliter,
1964 616 2030 658 ac
2072 616 2166 656 re-

569 682 836 755 gulariter
881 688 1236 759 gesserimus.

646 775 849 833 XXVI.
884 777 1304 852 Suggerendum
1333 777 1493 832 etiam
1521 786 1716 835 vestra
1734 795 1960 836 summa
1973 786 2165 836 aucto-

566 869 712 925 ritati
740 867 1112 924 necessarium
1139 867 1432 936 credimus,
1463 875 1522 922 ut
1542 868 1611 924 de
1641 870 2000 940 quorumdam
2053 869 2166 940 epi-

566 972 860 1030 scoporum
888 956 1189 1012 coercenda
1207 955 1718 1024 inconsideratione,
1750 957 1883 1013 alios
1923 958 2164 1027 decreto,

569 1045 809 1117 generali
838 1045 1187 1111 instruentes,
1237 1051 1426 1100 cautos
1469 1043 1715 1100 efﬁciatis
1767 1063 1781 1100 :
1831 1053 1889 1101 ut
1935 1063 2168 1119 quorum

567 1134 768 1191 debent
801 1149 924 1188 esse
969 1141 1180 1188 matura
1225 1141 1280 1188 et
1321 1149 1592 1204 perpensa
1628 1133 1850 1203 judicia,
1899 1151 2011 1190 non
2059 1135 2166 1190 sint

568 1223 873 1295 praecipites
899 1223 956 1277 in
998 1220 1339 1293 proferendis
1387 1223 1688 1290 sententiis,
1748 1239 1851 1280 nec
1890 1223 2050 1280 facile
2101 1240 2166 1281 ac

565 1312 877 1380 indiscrete,
907 1327 1084 1382 neque
1115 1311 1270 1368 aliter
1305 1310 1409 1366 nisi
1450 1311 1602 1379 juxta
1647 1320 1954 1369 sanctarum
2013 1314 2162 1369 Scri-

567 1407 844 1471 pturarum
885 1398 1173 1466 tramitem,
1241 1398 1692 1470 traditionemque
1755 1401 2044 1471 majorum,
2113 1409 2166 1457 et

567 1504 666 1560 pro
694 1484 1036 1543 evidentibus
1066 1487 1260 1558 culpis,
1293 1503 1673 1560 quemcunque
1703 1505 1737 1545 a
1787 1491 2168 1548 communione

566 1576 810 1648 corporis
840 1583 893 1631 et
922 1576 1206 1649 sanguinis
1235 1576 1451 1631 Domini
1481 1577 1580 1632 Dei
1600 1578 1771 1632 nostri
1787 1579 1915 1634 Iesu
1945 1579 2162 1650 Christi,

563 1665 620 1719 in
665 1664 862 1738 quibus
906 1673 1031 1736 post
1077 1665 1296 1720 unicum
1345 1665 1670 1737 baptismum
1727 1668 2000 1739 pracipue
2067 1670 2168 1722 hu-

2277 528 2398 585 qua
2418 527 2528 568 non
2556 512 2742 568 vivunt
2763 513 2986 585 (Ezech.
3014 513 3158 584 xm).
3183 515 3304 569 Non
3325 515 3645 572 morientem
3668 517 3876 588 quippe

2271 599 2580 668 mortificat,
2634 601 2724 673 qui
2781 602 2986 671 justum
3051 602 3288 672 damnat,
3341 610 3393 659 et
3436 620 3546 660 non
3597 604 3874 660 victurum

2269 687 2547 744 viviﬁcare
2603 689 2805 756 nititur,
2841 689 2934 762 qui
2955 706 3107 744 reum
3150 690 3417 763 supplicio
3448 692 3732 750 absolvere
3773 709 3879 749 co-

2268 785 2450 832 natur.
2481 778 2674 834 Causa
2701 794 2838 852 ergo
2873 779 3172 850 pensanda
3211 787 3352 846 sunt,
3406 788 3458 836 et
3501 789 3625 838 tunc
3663 781 3881 854 ligandi

2275 874 2438 938 atque
2469 866 2717 922 solvendi
2745 875 2987 938 potestas
3017 869 3340 924 exercenda.
3379 889 3400 919 »
3801 891 3807 895 ·

2338 955 2589 1010 XXVIII.
2625 955 2729 1025 Qui
2777 955 3121 1011 beatissimus
3173 957 3366 1012 doctor
3419 957 3620 1030 Spiritu
3678 969 3875 1016 sancto

2268 1044 2502 1116 repletus
2531 1044 2738 1115 passim
2768 1043 2821 1098 in
2853 1044 3011 1101 dictis
3041 1045 3156 1100 suis
3184 1046 3438 1114 ostendit,
3469 1047 3731 1120 quoniam
3758 1049 3877 1120 epi-

2268 1147 2488 1204 scopus,
2523 1132 2614 1204 qui
2644 1133 2700 1188 in
2725 1133 2950 1206 ligando
2971 1141 3025 1189 et
3054 1133 3317 1190 solvendo
3332 1135 3544 1191 interim
3588 1137 3879 1193 arbitrium

2267 1237 2376 1276 non
2422 1221 2668 1293 sequitur
2707 1221 2928 1291 judicis,
2975 1222 3095 1293 ipse
3124 1223 3332 1296 ligandi
3362 1232 3414 1279 et
3435 1224 3681 1280 solvendi
3708 1234 3876 1298 pote-

2267 1317 2423 1375 state,
2459 1309 2589 1382 quin
2617 1317 2668 1364 et
2696 1326 2866 1382 regno
2894 1310 2995 1366 Dei
3027 1327 3084 1366 se
3104 1312 3300 1382 privat,
3325 1311 3716 1386 sialligationis
3764 1331 3879 1371 ma-

2265 1398 2525 1454 ledictum
2552 1415 2664 1454 non
2696 1398 2903 1469 judicio
2947 1399 3188 1470 justitia,
3239 1401 3336 1456 sed
3383 1401 3557 1458 livore
3617 1403 3876 1460 vindicta

2267 1487 2558 1557 depromit,
2589 1487 2758 1543 Paulo
2792 1495 3096 1558 attestante,
3132 1489 3224 1560 qui
3253 1489 3386 1545 dicit
3417 1507 3430 1545 :
3462 1491 3646 1564 Neque
3685 1494 3875 1548 male-

2267 1575 2383 1631 dici
2403 1593 2643 1648 regnum
2672 1578 2773 1632 Dei
2796 1577 3159 1649 possidebunt
3187 1578 3256 1649 (1
3278 1579 3397 1634 Cor.
3421 1578 3524 1650 γι).
3558 1579 3700 1648 Quia
3737 1596 3878 1637 vero

2268 1679 2424 1719 sacra
2455 1665 2730 1736 Scriptura
2749 1665 2972 1748 .duobus
2999 1666 3177 1720 modis
3205 1666 3552 1722 maledictum
3579 1678 3871 1738 memorat,

565 1769 743 1810 mana
771 1754 962 1809 salutis
993 1753 1361 1810 reconciliatio
1391 1763 1444 1810 et
1493 1771 1704 1810 summa
1745 1757 2008 1827 consistit,
2063 1774 2165 1829 pro
2195 1783 2249 1842 Β
2271 1753 2416 1808 aliud
2447 1753 2697 1842 videlicet
2727 1755 2869 1826 quod
2899 1755 3186 1826 approbat,
3233 1763 3286 1810 et
3335 1755 3480 1810 aliud
3520 1758 3669 1828 quod
3719 1759 3880 1812 dam-

565 1843 680 1898 suis
711 1842 942 1913 injuriis,
966 1843 1053 1898 vel
1073 1843 1236 1897 animi
1258 1843 1341 1897 sui
1358 1843 1594 1898 motibus
1619 1861 1682 1900 ac
1702 1844 1987 1902 iracundia
2007 1862 2164 1917 sepa-

564 1939 706 1988 rent.
739 1931 1011 2000 Quoniam
1045 1953 1066 1982 «
1101 1932 1184 1986 ira
1215 1932 1534 2002 sacerdotis,
1566 1941 1623 1988 ut
1639 1941 1856 1989 sanctus
1876 1934 2006 1991 dicit
2029 1935 2165 1991 Gre-

566 2019 758 2094 gorius
789 2019 958 2091 (hom.
995 2021 1082 2086 17,
1114 2021 1178 2075 in
1197 2021 1452 2092 Evang.),
1478 2037 1824 2094 nequaquam
1843 2022 2006 2078 debet
2039 2040 2163 2080 esse

564 2123 812 2178 praceps
839 2115 892 2163 et
918 2107 1246 2179 perturbata,
1279 2109 1378 2164 sed
1421 2109 1600 2182 magis
1639 2127 1704 2164 ex
1743 2111 1956 2166 consilii
1973 2113 2164 2185 gravi-

566 2203 674 2251 tate
701 2197 990 2251 metuenda
1023 2216 1036 2263 ;
1068 2212 1171 2253 nec
1199 2197 1398 2252 debent
1427 2205 1634 2254 temere
1680 2198 1990 2255 indiscussa
2013 2201 2164 2270 judi-

566 2299 712 2352 care,
746 2299 850 2342 nec
885 2287 1090 2356 passim
1118 2285 1263 2342 dicta
1295 2286 1412 2342 sine
1432 2287 1755 2358 probatione
1786 2289 2034 2356 credere,
2068 2291 2168 2346 sed

567 2373 802 2430 auctoris
831 2375 1002 2430 nostri
1031 2373 1172 2431 facta
1197 2389 1453 2445 pensare,
1485 2375 1573 2431 cui
1621 2393 1746 2432 cum
1791 2379 1975 2433 omnia
2019 2379 2168 2434 nuda

565 2470 619 2518 et
647 2471 834 2534 aperta
863 2463 990 2530 sint,
1022 2463 1160 2518 mala
1191 2471 1376 2519 tamen
1407 2465 1659 2521 Sodoma
1687 2465 1855 2521 noluit
1875 2475 1998 2522 ante
2013 2468 2168 2537 judi-

567 2566 714 2620 care,
748 2552 885 2608 sicut
913 2569 1070 2608 sacra
1098 2553 1260 2609 docet
1287 2552 1536 2621 historia,
1570 2570 1732 2628 quam
1758 2556 2015 2626 probare,
2068 2573 2168 2613 nos

566 2640 844 2696 instruens
873 2657 961 2696 me
989 2641 1137 2696 mala
1166 2641 1447 2698 hominum
1476 2651 1598 2698 ante
1627 2659 2020 2715 praesumamus
2052 2661 2166 2701 cre-

569 2730 701 2785 dere
740 2746 904 2802 quam
932 2731 1191 2802 probare.
1230 2753 1252 2779 ι)

642 2818 867 2874 XXVII.
903 2819 1212 2891 Sequantur
1262 2807 1441 2876 autem
1488 2819 1542 2876 in
1586 2821 1915 2893 proferenda
1929 2823 2172 2892 judiciali

2268 1848 2380 1908 nat,
2423 1841 2580 1896 aliter
2609 1842 2753 1896 enim
2809 1842 3160 1898 maledictum
3207 1842 3480 1914 profertur
3531 1845 3743 1914 judicio
3781 1847 3878 1917 ju-

2265 1931 2446 1998 stitia,
2477 1930 2634 1985 aliter
2664 1931 2833 1987 livore
2859 1931 3133 1998 vindictae,
3168 1931 3340 1988 sancti
3371 1933 3500 1998 viri,
3535 1949 3660 1989 cum
3685 1934 3743 1989 in
3774 1952 3877 1990 ex-

2265 2019 2771 2074 communicationis
2817 2019 3130 2092 alligatione
3188 2020 3580 2077 maledictionis
3644 2032 3878 2080 senten-

2265 2107 2396 2162 tiam
2421 2107 2716 2178 proferunt,
2751 2123 2859 2164 non
2889 2109 2958 2164 ad
2988 2110 3130 2165 hanc
3159 2125 3224 2165 ex
3244 2118 3370 2166 voto
3411 2110 3592 2167 livida
3629 2112 3877 2180 ultionis,

2269 2197 2366 2251 sed
2393 2211 2465 2251 ex
2487 2197 2707 2266 justitia
2735 2197 2980 2252 examine
3000 2207 3304 2269 erumpunt.
3329 2200 3480 2254 Intus
3499 2201 3645 2256 enim
3674 2202 3878 2258 subtile

2266 2285 2366 2340 Dei
2391 2286 2658 2354 judicium
2689 2286 2978 2358 aspiciunt,
3013 2295 3065 2342 et
3108 2288 3254 2342 mala
3297 2287 3449 2342 foras
3493 2291 3874 2364 exsurgentia,

2267 2374 2391 2446 quia
2421 2374 2708 2430 maledicto
2738 2375 3028 2446 alliganda
3072 2377 3652 2434 excommunicationis
3706 2379 3880 2435 ferire

2269 2462 2520 2530 debeant,
2553 2473 2910 2537 cognoscunt,
2935 2473 2987 2518 et
3035 2479 3100 2520 eo
3129 2465 3183 2519 in
3205 2465 3533 2537 alligationis
3561 2483 3626 2523 ac
3647 2483 3882 2524 excom-

2270 2552 2649 2608 municationis
2697 2553 2988 2609 maledicto
3031 2569 3143 2608 non
3187 2562 3435 2626 peccant,
3486 2557 3629 2627 quod
3661 2557 3733 2611 ab
3797 2557 3883 2612 in-

2271 2647 2428 2696 terno
2451 2641 2656 2710 judicio
2686 2658 2796 2696 non
2825 2642 3156 2698 discordant.
3191 2644 3392 2698 Contra
3421 2647 3874 2702 excommunica-

2271 2728 2432 2785 tionis
2490 2730 2858 2800 maledictum,
2918 2731 3086 2786 livore
3162 2731 3416 2788 vindicta
3463 2734 3872 2806 depromptum,

2272 2834 2406 2874 voce
2436 2818 2584 2872 Pauli
2634 2819 2982 2890 pradicantis
3029 2819 3404 2888 admonemur,
3457 2822 3548 2894 qui
3593 2823 3665 2877 ait
3701 2841 3714 2878 :
3768 2826 3872 2880 Βε-

576 2907 844 2964 sententia
873 2915 1187 2964 sanctorum
1219 2909 1476 2964 Romana
1505 2909 1652 2966 sedis
1677 2911 1994 2983 pontiﬁcum
2010 2913 2179 2969 docu-
2273 2909 2610 2974 nedicite,et
2624 2909 2798 2964 nolite
2814 2909 3328 2979 malediccchtom.
3357 2926 3440 2964 xu
3473 2912 3580 2982 14),
3616 2913 3754 2985 quia
3767 2931 3876 2968 ne-

571 3004 773 3064 menta,
821 2997 1038 3064 Leonis,
1072 3005 1235 3070 atque
1258 2997 1514 3070 Gregorii
1546 3017 1559 3053 :
1596 3021 1618 3050 «
1639 3001 1958 3056 Beatissimo
1987 3003 2168 3070 Petro,

564 3083 738 3158 inquit
767 3086 876 3142 Leo
907 3086 1098 3158 (serm.
1133 3089 1185 3153 3,
1220 3087 1285 3142 in
1313 3088 1518 3144 Annio.
1551 3091 1873 3162 assumpt.),
1893 3105 1925 3145 a
1951 3091 2167 3147 Christo

567 3174 766 3230 dicitur
799 3193 812 3230 :
845 3175 963 3230 Tibi
994 3176 1133 3232 dabo
1161 3175 1344 3232 claves
1374 3176 1530 3250 regni
1579 3177 1859 3245 caelorum,
1913 3188 1966 3234 et
2013 3198 2165 3253 qua-

569 3278 790 3335 cunque
820 3263 1082 3336 ligaveris
1110 3281 1276 3335 super
1327 3273 1551 3334 terram,
1599 3275 1757 3322 erunt
1802 3268 1973 3340 ligata
2019 3278 2072 3324 et
2114 3270 2170 3325 in

563 3351 760 3416 caelis;
793 3359 845 3406 et
888 3369 1225 3424 quacunque
1255 3353 1482 3410 solveris
1529 3371 1692 3426 super
1739 3363 1961 3422 terram,
2015 3366 2171 3414 erunt

571 3439 748 3494 soluta
776 3447 828 3494 et
857 3439 912 3494 iu
942 3441 1113 3495 calis.
1147 3441 1421 3497 Transivit
1451 3443 1668 3515 quidem
1719 3444 1883 3499 etiam
1931 3445 1988 3498 in
2032 3446 2168 3502 alios

569 3527 849 3600 apostolos
872 3528 961 3598 jus
999 3528 1154 3584 istius
1178 3531 1482 3602 potestatis,
1533 3539 1586 3587 et
1605 3532 1672 3586 ad
1695 3547 1883 3588 omnes
1907 3533 2170 3592 Ecclesia

566 3617 842 3688 principes
875 3617 1082 3672 decreti
1110 3619 1270 3688 hujus
1300 3619 1611 3675 constitutio
1643 3621 1970 3676 commeavit
2003 3641 2016 3677 :
2069 3624 2168 3680 sed

565 3721 676 3759 non
708 3705 916 3760 frustra
944 3705 1036 3761 uni
1067 3709 1481 3764 commendatur
1510 3709 1653 3780 quod
1674 3709 1928 3765 omnibus
1948 3711 2168 3767 intime-

567 3800 671 3848 tur.
705 3794 862 3849 Petro
890 3795 1037 3850 enim
1063 3795 1186 3852 ideo
1214 3797 1320 3853 hoc
1351 3797 1706 3870 singulariter
1735 3799 1991 3866 creditur,
2042 3801 2168 3873 quia

565 3883 779 3938 cunctis
808 3882 1070 3940 Ecclesia
1101 3886 1403 3941 rectoribus
1432 3886 1579 3941 Petri
1610 3885 1782 3942 forma
1810 3890 2166 3960 praeponitur.

566 3971 746 4026 Manet
776 3987 908 4045 ergo
935 3973 1079 4028 Petri
1105 3974 1475 4047 privilegium,
1518 3974 1830 4049 ubicunque
1878 3977 2051 4034 fertur
2101 3997 2166 4036 ex

564 4059 738 4131 ipsius
765 4061 1018 4132 aquitatc
1042 4062 1325 4131 judicium.
1348 4065 1465 4119 Nec
1491 4063 1659 4120 nimia
1688 4073 1789 4130 est,
1823 4067 1908 4122 vel
1927 4069 2168 4125 serveri-

568 4156 672 4217 tas,
707 4149 794 4205 vel
823 4149 1097 4218 remissio,
1133 4151 1224 4206 ubi
1255 4150 1387 4206 nihil
1419 4151 1661 4226 ligatum,
1709 4154 1841 4210 nihil
1885 4165 1966 4211 est
2015 4159 2168 4213 solu-

563 4246 697 4306 tum,
730 4239 836 4294 nisi
865 4241 1011 4312 quod
1041 4240 1233 4296 beatus
1266 4241 1476 4310 Petrus,
1507 4250 1601 4298 aut
1646 4242 1847 4315 ligarit.
1879 4254 1966 4301 aut
1985 4248 2168 4302 solve-

570 4328 659 4384 rit.
699 4349 720 4378 ι
754 4329 893 4385 Hinc
921 4335 1073 4384 certa
1105 4329 1544 4387 consideratione
1574 4331 1734 4387 datur
1769 4333 1998 4408 intelligi
2043 4337 2169 4408 quia

563 4417 620 4472 in
643 4417 943 4487 judicando
974 4434 1084 4474 non
1115 4426 1198 4472 est
1227 4419 1369 4473 Petri
1397 4420 1768 4491 privilegium,
1809 4423 1902 4476 ubi
1946 4441 2055 4480 non
2102 4442 2169 4481 ex

2275 3015 2377 3070 que
2397 2998 2662 3053 maledici
2677 3014 2914 3070 regnum
2933 2999 3034 3054 Dei
3041 3000 3406 3072 possidebunt
3427 3000 3484 3070 (Ι
3508 3001 3627 3057 Cor.
3647 3015 3727 3068 vt,
3762 3007 3875 3075 10).

2274 3086 2415 3140 Nam
2447 3086 2551 3140 sia
2583 3086 2823 3158 quolibet
2853 3103 2962 3141 non
3011 3086 3237 3142 fortasse
3286 3105 3350 3143 ex
3392 3089 3610 3160 malitia,
3663 3091 3765 3146 sed
3811 3108 3879 3148 ex

2268 3174 2470 3248 lingua
2498 3174 2736 3243 incuria,
2781 3176 3182 3232 maledictionis
3225 3177 3452 3233 verbum
3492 3179 3772 3248 jaculatur
3819 3181 3877 3235 in

2267 3264 2596 3334 proximum,
2629 3265 2771 3335 apud
2803 3265 3108 3320 districtum
3133 3266 3394 3334 judicem,
3421 3282 3576 3338 aquo
3593 3268 3663 3323 de
3693 3270 3875 3326 otioso

2268 3353 2439 3407 verbo
2471 3353 2612 3407 ratio
2643 3353 2696 3406 in
2739 3353 2826 3407 die
2869 3353 3060 3422 judicii
3096 3355 3358 3424 poscitur,
3409 3356 3740 3411 damnabilis
3789 3367 3876 3414 est

2268 3440 2358 3495 ille
2388 3457 2588 3508 sermo,
2625 3441 2716 3513 qui
2742 3441 2944 3496 malitia
2974 3459 3084 3496 non
3111 3451 3281 3508 caret,
3306 3451 3361 3498 et
3385 3444 3616 3514 panalis
3647 3454 3730 3500 est
3751 3446 3866 3515 ille,

2268 3529 2360 3601 qui
2408 3530 2476 3584 ab
2536 3529 2779 3585 utilitatis
2820 3530 3062 3585 bonitate
3121 3541 3294 3598 vacat,
3360 3534 3704 3604 pensandum
3787 3544 3877 3590 est

2267 3634 2602 3691 magnopere
2633 3627 2834 3691 quanta
2865 3619 3338 3676 animadversione
3365 3621 3654 3692 plectenda
3685 3631 3768 3678 est
3800 3625 3871 3678 ab

2271 3707 2547 3778 episcopo,
2582 3709 2736 3778 cujus
2769 3725 2950 3763 sermo
2981 3725 3200 3780 semper
3228 3710 3367 3777 sale,
3399 3710 3452 3765 id
3475 3720 3554 3765 est
3576 3712 3871 3783 sapientia,

2268 3796 2520 3850 conditus
2548 3813 2670 3852 esse
2698 3797 3008 3868 praecipitur
3038 3798 3238 3870 (Βοῖος.
3285 3815 3363 3868 1v,
3412 3801 3487 3868 6),
3531 3801 3774 3868 jaculata
3815 3803 3873 3858 in

2267 3885 2576 3956 proximum
2605 3885 2818 3955 injusta
2846 3886 3178 3959 alligationis
3209 3888 3717 3957 excommunicatio,
3743 3908 3871 3966 qua

2268 3975 2446 4046 potius
2475 3975 2718 4031 vocanda
2763 3984 2846 4030 est
2891 3976 3221 4032 maledictio.

2339 4073 2549 4128 XXIX.
2573 4075 2880 4145 Sequamur
2899 4073 3078 4146 itaque
3100 4075 3360 4130 Ecclesia
3379 4083 3582 4132 sancta
3599 4085 3868 4146 rectores,

2270 4178 2498 4234 quorum
2528 4163 2691 4218 dorsa
2719 4163 2980 4218 mentium
3013 4163 3237 4219 incudes
3268 4173 3390 4219 sunt
3421 4165 3706 4222 hominum
3735 4178 3868 4238 pec-

2269 4260 2532 4317 catorum,
2565 4251 2777 4306 dicente
2809 4252 3093 4307 Psalmista
3128 4271 3142 4308 :
3172 4254 3356 4326 Supra
3399 4255 3627 4311 dorsum
3674 4273 3877 4313 meum

2267 4341 2688 4411 fabricaverunt
2701 4346 3024 4414 peccatores
3046 4344 3552 4414 (Psal.cxxvm,3),
3575 4345 3631 4398 in
3645 4362 3874 4416 separa-

2267 4427 2410 4483 tione
2440 4444 2471 4482 a
2492 4429 2892 4496 communione,
2926 4437 2978 4485 et
2999 4431 3443 4488 reconciliatione
3490 4445 3870 4490 sacramento-

563 4505 735 4576 ipsius
765 4505 934 4562 fertur
963 4506 1216 4578 aquitate
1239 4507 1525 4576 judicium.
1558 4509 1656 4563 Est
1699 4509 1866 4580 igitur
1908 4513 2164 4582 prajudi-
2192 4506 2245 4567 D
2268 4533 2388 4572 rum
2420 4518 2636 4589 Christi,
2672 4534 2884 4574 sacrum
2913 4519 3195 4576 Nicanum
3225 4521 3532 4590 concilium,
3565 4531 3615 4578 et
3667 4523 3869 4582 Africa

565 4595 730 4662 cium,
760 4612 871 4651 non
895 4595 1177 4664 judicium,
1209 4595 1338 4668 quia
1385 4613 1491 4653 non
1529 4599 1654 4668 jure
1702 4598 1924 4670 dictum,
1975 4601 2030 4656 id
2085 4611 2168 4656 est

566 4699 674 4739 non
697 4684 921 4753 justitia
943 4685 1067 4759 lege
1086 4685 1378 4756 prolatum.
1397 4685 1465 4741 Et
1483 4686 1540 4742 S.
1562 4687 1860 4762 Gregorius
1887 4688 2070 4762 (hom.
2095 4695 2164 4749 26

565 4772 628 4826 in
659 4775 899 4844 Ezech.)
935 4791 948 4828 :
987 4795 1008 4824 ι
1045 4774 1203 4846 Sape
1218 4775 1418 4848 agitur,
1446 4783 1505 4830 ut
1524 4777 1616 4848 qui
1633 4777 1804 4834 nescit
1824 4785 2008 4834 tenere
2040 4795 2164 4836 mo-

567 4859 848 4916 deramina
877 4861 1000 4916 vita
1031 4879 1162 4930 sua,
1203 4864 1372 4933 judex
1420 4865 1544 4920 vita
1593 4864 1687 4920 ﬁat
1735 4867 1944 4934 aliena,
1984 4876 2041 4923 ut
2077 4870 2162 4925 vel

569 4949 791 5004 damnet
818 4949 1139 5018 immeritos,
1175 4953 1263 5008 vel
1291 4953 1428 5008 alios
1458 4953 1576 5024 ipse
1603 4954 1804 5028 ligatus
1821 4957 2012 5027 solvat,
2037 4974 2160 5014 cum

567 5053 679 5093 sua
710 5039 1002 5094 voluntatis
1031 5048 1225 5108 motus,
1260 5058 1370 5098 non
1400 5051 1578 5098 autem
1630 5059 1921 5101 causarum
1970 5047 2162 5104 merita

569 5126 826 5198 sequitur.
862 5127 1017 5184 Unde
1047 5128 1106 5185 fit
1149 5139 1206 5186 ut
1248 5131 1366 5202 ipse
1413 5133 1514 5188 hac
1556 5131 1764 5204 ligandi
1808 5151 1872 5191 ac
1919 5137 2164 5192 solvendi

567 5223 830 5288 potestate
862 5234 920 5272 se
950 5217 1144 5289 privet,
1177 5221 1270 5292 qui
1298 5222 1438 5278 hanc
1465 5237 1568 5293 pro
1618 5223 1730 5278 suis
1778 5225 2159 5294 voluntatibus,

569 5313 623 5361 et
653 5321 762 5360 non
782 5322 884 5376 pro
925 5307 1294 5377 subjectorum
1333 5310 1578 5366 moribus
1617 5321 1852 5370 exercet.
1911 5315 2163 5371 Judieare

570 5393 716 5450 enim
745 5395 910 5466 digne
941 5395 1010 5452 de
1040 5397 1269 5454 subditis
1298 5409 1590 5472 nequeunt,
1651 5401 1744 5474 qui
1799 5403 1855 5457 in
1885 5404 2162 5474 subjecto-

575 5501 694 5539 rum
718 5484 898 5540 causis
925 5501 1025 5540 sua
1072 5487 1158 5542 vel
1206 5487 1329 5544 odia
1392 5489 1478 5545 vel
1541 5491 1775 5564 gratiam
1844 5501 2160 5565 sequuntur.

571 5573 726 5632 Unde
756 5582 902 5631 recte
933 5591 1031 5646 per
1084 5577 1402 5650 prophetam
1460 5579 1656 5639 dicitur
1687 5600 1699 5636 :
1771 5581 2165 5638 Mortiﬁcabant

2265 4606 2557 4678 provincia
2603 4623 2858 4673 canones,
2909 4609 3085 4664 Siricii
3131 4626 3366 4682 quoque,
3421 4618 3472 4665 et
3539 4613 3863 4684 Innocentii,

2265 4703 2424 4767 atque
2453 4696 2650 4751 Leonis
2680 4697 2921 4763 decreta,
2956 4706 3007 4752 et
3040 4698 3320 4769 epistolam
3343 4699 3512 4770 ipsius
3555 4701 3756 4757 Leonis
3795 4705 3864 4760 ad

2264 4784 2607 4839 Theodorum
2661 4784 3087 4854 Forojuliensem
3143 4787 3460 4860 episcopum
3523 4789 3716 4862 (epist.
3759 4793 3866 4857 59).

2267 4873 2374 4928 Sed
2395 4881 2450 4928 et
2475 4889 2637 4944 quem
2667 4873 2736 4929 de
2763 4875 3133 4932 ecclesiastico
3165 4877 3372 4942 ordine,
3425 4877 3864 4937 clarescentibus

2263 4961 2606 5034 gravioribus
2653 4962 2846 5033 culpis,
2871 4966 3048 5037 gradu
3097 4965 3448 5036 privaverint,
3479 4971 3864 5026 communione

2265 5051 2510 5121 corporis
2540 5058 2593 5104 et
2624 5052 2902 5124 sanguinis
2933 5054 3154 5120 Christi,
3224 5063 3282 5109 ut
3328 5071 3568 5110 canones
3605 5059 3865 5128 praﬁxe-

2264 5146 2405 5208 runt,
2439 5154 2546 5193 non
2577 5139 2802 5210 privent.
2836 5143 2963 5199 Hac
2993 5152 3076 5198 est
3107 5144 3272 5211 enim,
3308 5145 3586 5216 Scriptura
3625 5148 3864 5219 dicente,

2263 5227 2479 5283 directa
2509 5230 2617 5296 vz'a,
2639 5231 2723 5285 ita
2740 5235 2805 5286 ut
2824 5233 2966 5287 recti
2987 5234 3277 5290 ambulent
3299 5234 3360 5290 in
3383 5251 3466 5304 ea,
3491 5240 3544 5290 et
3566 5253 3671 5292 nec
3695 5239 3866 5295 stulti

2265 5321 2457 5373 errent
2481 5334 2584 5390 per
2613 5335 2735 5374 cam
2769 5320 2897 5388 (Isa.
2923 5337 3104 5388 xxxv,
3138 5323 3212 5394 8).
3246 5323 3326 5378 De
3356 5323 3552 5394 injuste
3591 5325 3866 5398 siquidem

2264 5408 2873 5477 cxcommunicantibus,
2903 5410 2991 5464 vel
3019 5413 3516 5480 excommunicatis,
3543 5415 3676 5486 quid
3701 5419 3865 5472 etiam

2264 5494 2351 5550 lex
2379 5495 2681 5552 Justiniana
2711 5499 2990 5564 decernat,
3033 5509 3264 5557 vestram
3316 5502 3641 5576 sapientiam
3691 5505 3864 5562 latere

2262 5599 2370 5639 non
2391 5593 2590 5658 potest.
