4072 6318
200 280 308 336 245

690 403 1031 462 EPISTOLA
1061 406 1318 463 XXXIII.

193 506 266 546 AD
285 507 589 547 EPISCOPOS
619 507 936 548 BHEMENSIS
967 509 1244 552 DICECESIS
1277 511 1347 552 ΕΤ
1380 511 1568 554 OMNES
1605 514 1818 555 Καρικ-

612 595 716 635 8ΙΕ
739 595 1020 639 RECTORES
1050 597 1120 636 ET
1149 598 1400 639 FIDELES.

265 668 548 726 Adversus
569 668 871 739 Odacrum,
897 673 1060 742 cujus
1077 674 1736 732 exeommum‘eation’em

860 759 1137 828 uotiﬁeat.

598 862 692 918 (Ex
717 862 826 908 Act.
863 871 1001 918 prov.
1033 864 1164 909 Eccl.
1196 865 1396 921 Rhem.)

269 953 606 1008 [lucunas
633 952 924 1023 episcopus
952 968 1019 1010 ac
1048 953 1226 1025 plebis
1268 955 1370 1010 Dei
1399 955 1654 1024 famulus,
1678 973 1802 1014 cum

195 1039 432 1113 collegis
461 1041 664 1096 nostris
686 1041 1088 1098 venerabilibus
1107 1042 1414 1099 dioeceseos
1464 1045 1800 1102 Rhemorum

195 1129 496 1200 episcopis,
519 1129 774 1185 omnibus
793 1129 1056 1186 Ecclesiae
1075 1139 1280 1188 sanctae
1302 1133 1610 1188 rectoribus
1637 1143 1800 1207 atque

195 1215 474 1286 ﬁdelibus,
509 1218 577 1273 ad
606 1234 839 1290 quorum
865 1219 1108 1275 notitiam
1149 1221 1268 1276 haec
1313 1223 1598 1294 sequentia
1638 1233 1799 1294 pote-

193 1315 318 1362 runt
344 1305 674 1377 pervenire:
707 1315 765 1360 ut
793 1307 1028 1364 scientes
1061 1323 1095 1362 a
1117 1308 1336 1380 quibus,
1372 1317 1426 1366 et
1456 1311 1710 1382 qualiter,
1731 1328 1798 1368 ac

194 1393 468 1466 quotiens,
505 1403 559 1451 et
588 1410 685 1465 pro
706 1395 902 1466 quibus
933 1397 1249 1453 excessibus
1281 1397 1530 1455 Odacrus
1577 1399 1798 1456 invasor

192 1477 460 1534 Ecclesia:
470 1477 840 1546 Belvacensis,
858 1477 1219 1552 suﬂ‘raganeae
1230 1489 1430 1537 nostrae
1459 1484 1805 1554 metropolis,

195 1565 263 1622 sit
290 1566 812 1634 excommunicatus,
835 1567 906 1622 ab
938 1568 1056 1636 ejus
1075 1569 1390 1640 perniciosa
1415 1572 1796 1628 communione

194 1671 254 1710 se
283 1662 539 1725 caveant,
567 1671 658 1720 ne,
693 1662 751 1709 ut
795 1655 1056 1727 scriptum
1115 1665 1216 1727 est,
1275 1659 1452 1730 picem
1509 1667 1794 1732 tangentes

1743 281 2117 340 EPISTOLIE.

1822 409 1884 472 A
1909 407 2121 465 futurus
2141 409 2453 482 episcopus,
2487 409 2581 484 qui
2601 411 2769 466 sacris
2798 413 3098 470 canonibus
3156 429 3268 472 non
3322 414 3509 472 valeat

3409 291 3514 348 2L6

1912 506 2150 576 obviare,
2176 515 2228 562 et
2255 523 2380 563 cum
2409 507 2631 564 decreto
2684 509 3026 582 singulorum
3052 513 3300 568 manibus
3329 513 3503 569 robo-

1913 602 2029 650 rato
2084 595 2154 650 ad
2209 595 2686 666 metropolitanum
2743 605 2796 652 et
2847 607 3078 655 caeteros
3141 601 3505 672 provinciales

1909 682 2218 755 episc0pos,
2241 685 2360 754 ipso
2380 685 2746 740 interventore
2763 687 3053 756 mediante,
3076 690 3402 761 perducatur
3436 691 3510 746 ad

1906 771 2325 839 ordinationem,
2357 779 2411 827 et
2451 772 2531 828 sic
2590 775 2862 830 communi
2923 783 3242 832 cunctorum
3287 778 3506 835 decreto

1905 858 2230 928 rationabili,
2289 869 2344 919 et
2399 861 2701 918 secundum
2755 863 3007 934 regulam
3071 865 3504 924 ecclesiasticam

1903 949 2274 1019 comprobato,
2309 950 2611 1006 secundum
2634 959 2887 1022 quartum
2935 959 2989 1008 et
3023 959 3233 1008 sextum
3280 953 3494 1024 capitu-

1900 1035 2012 1091 lum
2029 1037 2272 1108 mysticae
2302 1038 2496 1109 synodi
2552 1039 2808 1108 Nicaenae,
2867 1047 2920 1096 et
2961 1041 3118 1111 juxta
3184 1041 3506 1098 vicesimum

1901 1133 2152 1196 quartum
2180 1125 2471 1197 capitulum
2534 1127 2860 1184 Antiocheni
2922 1129 3152 1185 concilia
3195 1130 3500 1198 ordinetur,

1899 1213 2038 1269 sicut
2069 1221 2120 1268 et
2148 1222 2368 1270 sanctus
2390 1214 2692 1288 Gregorius
2739 1216 3010 1272 multoties
3039 1217 3093 1272 in
3123 1226 3340 1293 regesto
3398 1235 3498 1275 suo

1899 1301 2164 1358 decernit.
2198 1303 2349 1372 Quos
2378 1319 2565 1358 sacros
2595 1319 2832 1360 canones
2855 1305 3121 1373 Odacrus,
3153 1307 3376 1362 invasor
3401 1324 3500 1378 per

1898 1398 2112 1446 exteras
2131 1398 2428 1462 potestates
2447 1392 2680 1448 viduata
2702 1393 3043 1450 Belvacensis
3065 1395 3330 1462 ecclesiae,
3365 1411 3498 1452 con-

1897 1486 2144 1534 temnens
2173 1487 2333 1552 atque
2362 1480 2686 1536 conculcans
2715 1497 2814 1552 pro
2851 1482 3020 1538 nihilo
3075 1483 3244 1550 duxit,
3303 1491 3356 1539 et
3379 1484 3496 1554 jam

1893 1566 2016 1638 plus
2067 1583 2230 1639 quam
2282 1583 2483 1623 annum
2539 1585 2846 1641 usurpans,
2908 1587 3004 1625 sua
3060 1571 3342 1642 tyrannica
3403 1573 3497 1629 de-

1893 1655 2190 1710 vestatione
2247 1657 2587 1727 captivatam,
2648 1665 2840 1713 contra
2943 1675 3200 1732 magnum
3257 1660 3491 1716 Chalce-

191 1742 550 1815 inquinentur
579 1743 648 1798 ab
677 1759 759 1809 ea,
793 1751 847 1798 et
873 1744 992 1800 ovis
1021 1746 1288 1816 morbida,
1313 1747 1422 1802 nisi
1472 1749 1793 1818 quantocius
1814 1771 1868 1832 B
1897 1744 2139 1800 donense
2171 1744 2458 1800 concilium
2489 1753 2868 1802 sexcentorum
2909 1747 3130 1820 triginta
3165 1756 3218 1804 et
3271 1764 3337 1804 eo
3367 1765 3491 1804 am-

192 1848 226 1887 a
253 1847 390 1887 sano
416 1847 595 1906 grege
622 1831 786 1888 fuerit
814 1841 1082 1903 separata,
1116 1835 1318 1891 multos
1334 1851 1434 1892 suo
1453 1837 1644 1891 morbo
1673 1836 1793 1892 infi-

197 1921 322 1978 ciat.

261 2011 304 2064 Ι.
337 2008 490 2065 Sicut
510 2009 678 2081 longe
705 2017 830 2065 ante
857 2011 1180 2081 praedictum
1198 2019 1281 2067 est
1311 2029 1340 2067 a
1374 2014 1488 2068 Deo
1513 2030 1614 2084 per
1636 2015 1792 2069 Psal-

191 2097 440 2154 mistam:
469 2098 793 2154 Convalle-m
835 2101 1329 2157 tabernaculorum
1341 2103 1788 2174 dimetiar(Psal.

193 2187 472 2257 cvu,)hoc
501 2195 606 2252 est,
639 2194 696 2240 ut
717 2188 968 2244 catholici
997 2189 1248 2244 doctores
1275 2191 1526 2260 produnt,
1567 2191 1791 2248 univcr-

190 2292 309 2330 sum
339 2275 536 2331 orbem
569 2283 852 2346 terrarum,
879 2277 972 2348 qui
1001 2277 1157 2333 vallis
1183 2279 1662 2336 tabernaculorum
1689 2297 1791 2352 pro

188 2363 517 2420 habitaculis
543 2378 835 2436 corporum
862 2365 1040 2422 dictus
1091 2374 1190 2433 est,
1253 2367 1418 2423 etiam
1472 2369 1790 2440 priusquam

187 2453 430 2508 Christus
451 2453 658 2508 mundo
689 2469 785 2524 per
814 2453 1248 2510 incarnationem
1278 2455 1538 2526 illuxerit,
1571 2457 1789 2512 dimen-

189 2557 305 2596 sum
334 2540 508 2596 fuisse
537 2541 796 2614 legimus,
844 2559 1008 2614 quam
1045 2543 1440 2600 dimensionem
1503 2546 1785 2602 habemus.

187 2631 252 2684 Et
279 2637 424 2701 post,
441 2638 500 2684 ut
530 2629 660 2684 item
676 2629 792 2701 ipse
803 2631 1085 2702 praecepit,
1140 2634 1490 2703 Distribuite,
1512 2633 1786 2705 inquiens,

192 2719 376 2776 domos
407 2721 533 2790 ejus
558 2717 734 2789 (Psal.
756 2723 953 2790 XLVII),
976 2720 1228 2776 videlicet
1246 2721 1571 2777 universalis
1597 2723 1789 2779 Eccle-

187 2808 280 2864 siae
309 2817 424 2864 toto
455 2816 728 2863 terrarum
759 2809 893 2863 orbe
913 2807 1146 2876 diffusae,
1169 2827 1268 2882 per
1283 2811 1652 2866 custodiarum
1683 2829 1788 2883 pa-

190 2897 406 2952 rochias
435 2896 747 2952 distinctam
776 2898 1182 2970 cognoscimus,
1240 2916 1404 2972 quam
1464 2900 1628 2955 etiam
1675 2902 1788 2956 dis-

187 2985 504 3041 tinctionem
533 2985 819 3040 habemus.
853 2987 1008 3042 Unde
1063 2987 1208 3042 sacri
1267 3003 1525 3056 canones,
1590 2989 1788 3060 spiritu

193 3075 288 3132 Dei
316 3073 544 3140 conditi,
579 3082 633 3128 et
663 3073 828 3129 totius
856 3076 1044 3130 mundi
1087 3077 1397 3132 reverentia
1456 3080 1782 3145 consecrati,

190 3163 486 3220 decernunt
505 3163 750 3218 dicentes
767 3163 946 3235 (conc.
975 3165 1258 3234 Antioch.,
1278 3181 1348 3220 an
1367 3169 1491 3234 341,
1523 3185 1650 3224 can.
1677 3170 1731 3238 9)
1769 3187 1782 3222 :

193 3273 214 3302 α
243 3253 347 3307 Per
377 3251 625 3324 singulas
658 3251 916 3324 regiones
968 3252 1257 3324 episcopos
1315 3257 1567 3310 convenit
1621 3273 1786 3312 nosse

187 3339 660 3412 metropolitanum
679 3340 995 3411 episcOpum
1022 3342 1438 3398 sollicitudinem
1470 3343 1629 3398 totius
1659 3360 1785 3414 pro—

187 3429 374 3484 vincia:
403 3445 618 3502 gerere,
649 3449 671 3478 n
698 3437 752 3484 et
793 3429 1006 3502 reliqua
1049 3447 1170 3502 quae
1223 3431 1426 3486 ibidem
1459 3442 1778 3504 sequuntur.

191 3519 256 3573 Et
284 3526 512 3574 sanctus
539 3517 850 3572 Bonifacius
869 3535 1026 3589 papa,
1061 3519 1361 3590 explanans
1393 3529 1606 3575 sextum
1635 3522 1784 3592 capi-

190 3606 354 3660 tulum
383 3606 635 3677 msyticat
663 3605 900 3662 Nicaeum
929 3608 1140 3679 synodi,
1189 3625 1287 3678 per
1342 3625 1504 3680 quam
1561 3619 1783 3666 sanctus

191 3693 419 3765 Spiritus
467 3701 552 3748 est
582 3693 795 3750 locutus
841 3695 962 3750 ait:
1017 3718 1038 3742 ιι
1075 3696 1474 3768 Metropolitani
1533 3698 1616 3752 sui
1643 3716 1784 3754 una-

193 3799 414 3854 quaeque
442 3785 726 3853 provmcia
755 3783 810 3838 in
869 3785 1120 3839 omnibus
1167 3785 1334 3841 rebus
1389 3787 1784 3844 ordinationem

192 3886 372 3942 sempe
383 3889 411 3926 Γ
439 3881 739 3943 ΘΧὸρὲοίθι.
781 3897 802 3922 )›

254 3961 317 4014 Il.
345 3961 580 4032 Propter
597 3977 698 4017 nos
720 3971 900 4017 autem
918 3963 1183 4033 homines,
1205 3971 1257 4019 et
1280 3973 1504 4036 prOpter
1542 3973 1782 4021 nostram

189 4049 438 4118 salutem,
472 4050 744 4105 mediator
773 4052 870 4106 Dei
901 4061 952 4106 et
1011 4053 1292 4108 hominum
1323 4055 1486 4110 homo
1535 4055 1780 4110 Christus

185 4137 336 4194 Jesus
365 4139 434 4194 ad
465 4139 715 4194 homines
743 4139 903 4196 dixit:
947 4142 1066 4196 Non
1131 4159 1257 4197 sum
1294 4145 1502 4198 missus
1568 4145 1683 4199 nisi
1711 4145 1782 4200 ad

188 4243 303 4283 oves
315 4229 956 4300 quazperieruntdomus
971 4231 1144 4286 Israel
1157 4231 1363 4300 (Matth
1385 4273 1424 4297 .,
1443 4231 1532 4290 15)
1555 4253 1572 4298 ;
1591 4232 1782 4287 etitem

188 4315 310 4371 dicit
333 4317 436 4372 :Et
455 4317 604 4371 alias
625 4333 750 4372 oves
763 4317 949 4383 habeo,
967 4335 1089 4390 qua:
1101 4336 1216 4375 non
1239 4323 1379 4374 sunt
1397 4336 1469 4374 ea:
1492 4321 1591 4375 hoc
1639 4321 1778 4376 ovili

191 4407 242 4459 et
262 4405 396 4460 illas
407 4408 628 4476 Oportet
647 4421 736 4462 me
749 4405 1046 4473 adducere,
1061 4411 1117 4462 et
1129 4423 1315 4464 vocem
1327 4425 1512 4464 meum
1523 4408 1778 4476 audient,

1899 1832 2040 1903 plius
2071 1831 2488 1904 episcoporum,
2522 1834 2666 1905 quod
2681 1835 2929 1905 praecipit
2977 1835 3114 1890 intra
3159 1843 3273 1891 tres
3327 1852 3488 1890 men-

1897 1937 1986 1976 ses
2013 1920 2390 1976 ordinationes
2421 1921 2798 1992 episcOporum
2819 1923 3090 1979 celebrari
3102 1923 3279 1996 (conc.
3332 1925 3492 1980 Chat-

1896 2011 2036 2076 ced.,
2099 2025 2221 2065 can.
2254 2012 2365 2080 25).
2425 2011 2547 2064 Non
2597 2027 2856 2066 reverens
2911 2011 3152 2067 divinum
3200 2012 3484 2081 judicium,

1894 2114 1996 2154 nec
2025 2114 2265 2169 pensans
2295 2107 2554 2170 quantum
2597 2100 2900 2170 periculum
2956 2101 3042 2166 sit,
3097 2101 3220 2172 quia
3265 2100 3320 2154 in
3366 2117 3493 2172 pro-

1893 2187 2036 2241 xime
2092 2187 2419 2258 praecedenti
2473 2203 2644 2244 coenae
2700 2189 2998 2244 Dominicaa
3031 2189 3140 2256 die,
3213 2188 3368 2243 multi
3415 2189 3485 2242 ab

1894 2274 2084 2330 Odone
2146 2275 2403 2346 episcOpo
2459 2291 2558 2346 pro
2611 2277 2844 2347 publicis
2901 2277 3216 2332 criminibus
3245 2278 3300 2332 in
3376 2294 3484 2348 pu-

1892 2363 2034 2419 blica
2055 2363 2372 2434 poenitentia
2417 2365 2710 2430 constituti,
2771 2365 2916 2438 quod
2973 2365 3077 2420 nisi
3109 2366 3178 2420 ab
3227 2365 3487 2437 episcopo

1891 2451 2006 2506 ﬁeri
2035 2452 2178 2520 licet,
2196 2453 2312 2506 sine
2343 2453 2783 2508 reconciliatione
2811 2461 2862 2508 et
2892 2454 3273 2510 communione
3318 2469 3480 2510 sacra

1890 2548 2174 2611 gementes
2221 2549 2621 2610 remanserunt,
2657 2541 2836 2612 quanti
2893 2542 3010 2598 sine
3064 2543 3327 2598 canonico
3386 2542 3484 2596 ba-

1889 2627 2086 2700 ptismo
2117 2636 2168 2684 et
2211 2628 2508 2699 episcOpali
2565 2629 2980 2702 consignatione
3036 2631 3209 2686 relicti
3240 2629 3476 2696 fuerunt,

1889 2717 2104 2790 quantis
2133 2717 2524 2772 rusticanarum
2553 2717 2931 2788 parochiarum
2951 2719 3007 2772 in
3035 2726 3185 2774 tanto
3233 2727 3481 2790 tempore

1886 2805 2220 2878 presbyteris
2249 2805 2540 2872 defunctis,
2573 2807 2812 2877 ipsarum
2839 2807 3215 2878 parochiarum
3268 2806 3486 2878 parvuli

1889 2896 2006 2950 sine
2036 2894 2306 2966 baptismo
2334 2893 2514 2966 perire
2543 2903 2854 2966 potuerunt,
2891 2897 3078 2967 quanti
3107 2896 3228 2962 viri,
3264 2903 3478 2966 quantae

1887 2983 2122 3048 feminae,
2157 2983 2274 3038 sine
2294 2983 2735 3039 reconciliatione
2766 2993 2818 3040 et
2876 2985 3016 3041 sacri
3071 2984 3177 3040 olei
3229 2983 3482 3040 unctione

1889 3081 2052 3144 atque
2078 3080 2267 3127 sancta
2296 3073 2696 3142 communione,
2733 3081 2786 3126 et
2815 3073 2932 3128 sine
2955 3089 3146 3129 eorum
3174 3073 3480 3128 animarum

1888 3179 1986 3233 per
2005 3161 2277 3216 orationes
2308 3160 2582 3214 solemnes
2625 3161 3093 3216 commendatione
3115 3161 3182 3216 de
3237 3161 3338 3216 isto
3369 3177 3478 3216 sae-

1887 3249 2010 3304 culo
2039 3249 2314 3304 exierunt.
2349 3249 2551 3302 Contra
2579 3249 2734 3318 cujus
2783 3249 3046 3304 diutinam
3077 3249 3474 3321 pervasionem,

1884 3339 2026 3392 ultra
2055 3337 2344 3391 terminum
2373 3337 2723 3392 constitutum
2754 3352 2786 3392 a
2825 3337 3052 3408 praefato
3109 3353 3310 3410 magno
3341 3353 3477 3393 con-

1886 3427 2028 3493 cilio,
2064 3426 2237 3481 sancti
2265 3425 2385 3496 Dei,
2414 3442 2514 3496 per
2541 3443 2679 3497 quos
2711 3434 2932 3482 sanctus
2965 3427 3198 3498 Spiritus
3255 3443 3316 3481 ea
3364 3443 3485 3498 quae

1885 3515 1958 3569 ibi
1991 3523 2115 3570 sunt
2145 3501 2370 3569 diﬁinita
2400 3514 2663 3581 decrevit,
2712 3523 2764 3569 et
2814 3515 2924 3583 jam
2982 3531 3106 3570 cum
3163 3515 3379 3570 Christo
3427 3515 3483 3568 in

1885 3605 2025 3660 cmlo
2046 3612 2301 3677 regnant,
2335 3603 2651 3658 terribiliter
2693 3603 2944 3673 clamant,
2967 3619 3060 3658 eos
3087 3604 3175 3674 qui
3211 3604 3328 3658 ausi
3375 3603 3484 3658 fue-

1887 3694 1990 3748 rint
2006 3701 2129 3764 post
2159 3691 2534 3746 difiinitionem
2565 3707 2782 3764 magna
2826 3701 2879 3747 et
2948 3693 3270 3748 universalis
3322 3692 3481 3770 hujus

1885 3781 2078 3852 synodi
2116 3782 2410 3853 quidquam
2441 3797 2506 3834 ex
2535 3780 2620 3834 his
2675 3797 2796 3852 qua:
2826 3789 2952 3836 sunt
2981 3781 3242 3853 prohibiti
3295 3797 3484 3852 perpc-
3553 3807 3566 3816 ε

1883 3878 2048 3936 trare,
2081 3869 2326 3926 decrevit
2355 3877 2536 3923 sancta
2562 3870 2802 3941 synodus
2833 3887 2864 3924 a
2903 3870 3126 3942 proprio
3175 3869 3486 3940 hujusmodi

1882 3959 2056 4032 gradu
2085 3959 2358 4013 recedere.
2393 3959 2458 4012 Et
2481 3966 2701 4014 sanctus
2733 3959 3034 4030 Gregorius
3063 3959 3130 4013 ad
3177 3959 3484 4014 Gallicanos

1883 4048 2171 4118 episcopos
2202 4048 2448 4102 scribens
2479 4050 2547 4103 de
2577 4048 2885 4116 hujusmodi
2905 4049 3202 4119 impostore
3229 4049 3347 4119 (lib.
3372 4063 3469 4114 vn,

1883 4138 2050 4210 epist.
2087 4138 2210 4206 110)
2243 4155 2257 4190 :
2294 4159 2315 4184 ‹‹
2354 4139 2513 4202 Dum,
2547 4137 2738 4206 inquit,
2773 4153 2880 4190 non
2899 4137 3133 4192 cilicium
3158 4137 3256 4191 sed
3286 4153 3485 4192 nomen

1881 4225 2128 4291 attendit,
2163 4225 2424 4279 sacerdos
2453 4240 2560 4279 non
2593 4239 2734 4288 esse,
2769 4224 2867 4278 sed
2944 4224 3054 4279 dici
3103 4225 3474 4279 tantummodo

1882 4313 2112 4368 inaniter
2139 4312 2489 4383 concupiscit.
2517 4310 2676 4380 Quod
2708 4312 2753 4366 si
2773 4311 2852 4367 sic
2885 4311 3029 4379 licet,
3066 4311 3195 4383 quid
3232 4328 3332 4383 per
3381 4312 3486 4368 hoc

1883 4402 2026 4456 aliud
2043 4401 2238 4472 agitur,
2283 4401 2389 4455 nisi
2434 4410 2490 4456 ut
2537 4401 2682 4456 nulla
2737 4401 2806 4457 de
2849 4409 2968 4456 actu
3024 4400 3295 4474 probatio.
3337 4400 3483 4455 nulla

192 4497 244 4548 et
259 4495 360 4563 ﬁet
378 4511 565 4550 unum
582 4495 744 4564 ovile,
759 4499 815 4550 et
837 4511 986 4550 unus
1001 4497 1413 4568 pastor(Joan.,
1431 4500 1512 4567 x).
1531 4497 1779 4553 Sanctam
1809 4485 1861 4544 D
1883 4490 2189 4546 sollicitudo
2218 4491 2288 4546 de
2334 4490 2600 4557 moribus,
2651 4491 2799 4545 nulla
2863 4490 2930 4544 sit
2965 4490 3148 4546 devita
3169 4489 3438 4545 discussio
3457 4490 3486 4544 ?

190 4580 489 4654 designans
519 4583 826 4638 Ecclesiam
873 4599 939 4638 ex
969 4584 1382 4640 circumcisione
1411 4601 1474 4642 ac
1515 4587 1782 4658 praeputio

188 4671 282 4725 sub
313 4687 375 4728 se
405 4678 629 4742 pastore
651 4687 802 4738 vero,
839 4673 929 4744 qui
965 4674 1144 4744 posuit
1188 4674 1423 4729 animam
1482 4691 1632 4730 suam
1679 4692 1780 4747 pro

187 4761 372 4815 ovibus
389 4761 527 4825 suis,
563 4759 684 4830 ipso
715 4761 965 4832 angulari
981 4762 1159 4832 lapide
1187 4763 1502 4818 uniendam.
1527 4765 1607 4819 De
1630 4765 1780 4834 cujus

191 4856 389 4905 sanctae
419 4847 687 4904 Ecclesiae
730 4849 859 4904 ovili
902 4849 1046 4904 idem
1077 4851 1207 4907 dicit
1241 4869 1254 4906 :
1303 4853 1407 4920 Qui
1452 4868 1565 4909 non
1595 4854 1781 4909 intrat

184 4953 280 5008 per
305 4939 524 4994 ostium
544 4939 608 4992 in
635 4937 776 4994 ovile
789 4939 996 5004 ovium,
1009 4939 1110 4995 sed
1139 4941 1395 4996 ascendit
1417 4941 1670 5007 aliunde,
1689 4943 1778 4999 hic

187 5028 279 5095 fur
305 5030 392 5082 est
431 5030 488 5082 et
520 5027 668 5082 latro
697 5025 907 5098 (Joan.,
949 5029 1060 5099 10).
1111 5027 1356 5097 Qualiter
1387 5038 1566 5085 autem
1594 5038 1646 5085 et
1675 5046 1783 5103 quo

187 5114 373 5170 ordine
403 5113 637 5186 quisque
665 5114 735 5168 ad
765 5115 923 5184 hujus
953 5116 1125 5171 sancti
1157 5117 1314 5172 ovilis
1344 5119 1665 5187 custodiam,
1725 5119 1782 5174 id

187 5212 264 5258 est
290 5204 363 5258 ad
384 5202 638 5275 regimen
665 5211 866 5259 sancta
895 5205 1142 5261 ecclesiae
1161 5207 1428 5262 accedere
1461 5223 1525 5262 ac
1550 5209 1781 5279 provehi

187 5291 395 5359 debeat,
429 5291 573 5348 sacri
601 5307 841 5347 canones
861 5301 1110 5364 patenter
1141 5295 1452 5350 ostendunt.
1517 5297 1782 5352 Videlicet

191 5388 243 5434 ut
267 5397 487 5453 operam
517 5381 682 5436 dante
738 5381 1104 5438 interventore
1151 5383 1462 5453 constituto,
1521 5385 1784 5457 episcopo

190 5478 398 5538 pastore
427 5469 670 5525 viduatae
699 5469 962 5537 ecclesiae,
997 5478 1049 5527 et
1087 5487 1120 5526 a
1141 5472 1287 5527 clero
1332 5479 1384 5526 et
1414 5489 1444 5526 a
1473 5473 1651 5542 plebe,
1689 5491 1783 5530 se-

193 5559 424 5614 cundum
451 5557 816 5630 apostolicam
845 5568 900 5616 et
917 5560 1236 5618 canonicam
1269 5560 1521 5630 formam,
1551 5562 1787 5636 eligatur

1878 4581 1956 4635 Ex
1990 4595 2098 4652 qua
2129 4596 2206 4646 re,
2241 4579 2286 4634 si
2309 4587 2458 4636 recte
2487 4579 2790 4634 libraminis
2817 4579 3216 4635 examinatione
3274 4593 3480 4648 pense-

1880 4677 1986 4735 tur,
2021 4669 2150 4724 dum
2171 4669 2420 4740 improbe
2450 4669 2517 4724 ad
2547 4669 2762 4724 inanem
2777 4669 3012 4741 gloriam
3047 4668 3228 4722 locum
3269 4665 3486 4721 festinat

1881 4757 2122 4812 utilitatis
2151 4758 2416 4829 arripere,
2476 4773 2540 4812 eo
2595 4757 2714 4828 ipso
2767 4756 2942 4828 magis
2995 4755 3140 4826 quod
3214 4755 3480 4810 honorem

1881 4847 2076 4918 qumrit
2128 4847 2385 4918 indignus
2444 4854 2544 4901 est.
2587 4845 2732 4902 Sicut
2777 4852 2958 4899 autem
2995 4843 3042 4898 is
3080 4843 3176 4916 'qui
3225 4843 3484 4900 invitatus

1882 4943 2083 5010 renuit,
2117 4943 2376 5015 quaesitus
2405 4943 2625 5016 refugit,
2651 4941 2821 4998 sacris
2850 4949 2933 4996 est
2961 4941 3223 4996 altaribus
3283 4942 3480 4998 admo-

1881 5032 2110 5099 vendus,
2138 5032 2216 5087 sic
2245 5032 2337 5105 qui
2366 5032 2504 5086 ultro
2534 5030 2720 5097 ambit,
2753 5029 2838 5085 vel
2868 5029 3180 5101 importune
3211 5046 3271 5086 se
3315 5030 3474 5103 inge—

1883 5121 1975 5190 rit,
2009 5128 2090 5176 est
2143 5120 2336 5192 procul
2380 5119 2742 5190 repellendus.
2793 5118 2937 5173 Nam
2991 5119 3084 5192 qui
3143 5119 3222 5174 sic
3287 5119 3472 5174 nititur

1886 5209 1955 5264 ad
1987 5209 2183 5264 altiora
2213 5208 2602 5273 conscendere,
2634 5206 2764 5280 quid
2795 5207 2910 5282 agit
2929 5207 3036 5263 nisi
3060 5215 3120 5262 ut
3173 5209 3471 5264 crescendo

1885 5299 2189 5358 decrescat.
2225 5305 2278 5351 et
2305 5296 2652 5352 ascendendo
2699 5297 2936 5354 exterius
2979 5297 3204 5352 interius
3264 5297 3318 5351 in
3356 5313 3486 5368 pro-

1888 5385 2116 5441 fundum
2145 5385 2491 5440 descendat?
2517 5407 2539 5434 ι

1953 5476 2020 5530 ll.
2055 5475 2202 5528 Idem
2233 5481 2478 5530 sanctum
2508 5490 2874 5548 magnumque
2909 5474 3196 5532 concilium
3243 5473 3487 5530 decrevit

1885 5564 2064 5635 (conc.
2122 5562 2403 5630 Chalced.,
2438 5579 2556 5620 can.
2608 5568 2739 5635 25):
2777 5586 2799 5616 cr
2829 5565 2900 5621 Ut
2955 5564 3164 5620 reditus
3253 5562 3496 5618 viduatae
