4072 6304
574 317 680 374 247
709 318 724 330 '

1604 305 1947 367 HINCMARJ
1983 303 2382 368 RHEMENSIS
2418 302 2969 364 ARCHIEPISCOPI.

3774 310 3881 366 248

583 436 830 496 ecclesiae
857 450 1029 510 penes
1048 447 1394 494 oeconomum
1425 435 1669 506 ejusdem
1689 435 1935 492 ecclesiae
1963 435 2176 508 integre
2205 432 2262 494 A
2283 433 2532 489 ctoritate
2563 432 2914 501 intendimus,
2948 431 3002 486 in
3030 431 3136 485 hac
3165 431 3446 502 tyrannica
3503 432 3707 490 Odacri
3748 449 3884 506 per-

583 535 996 594 conserventur,
1027 549 1048 575 ιι
1073 541 1212 600 quos
1226 525 1518 598 praedictus
1547 525 1766 582 invasor
1796 524 2045 580 Odacrus
2065 523 2181 579 sine

580 615 690 672 ulla
718 613 919 671 divinas
959 615 1101 688 legis
1142 614 1451 670 reverentia
1494 629 1754 686 usurpare
1809 613 2174 685 praesumpsit.

584 702 932 776 Quapropter
947 719 1071 760 cum
1091 703 1214 759 aliis
1239 703 1551 772 hujusmodi
1581 699 2069 774 prmsumptoribus
2105 701 2175 756 ab

585 793 780 850 eodem
810 801 1001 850 sancto
1029 800 1081 849 et
1110 807 1313 866 magno
1343 791 1576 848 concilio
1601 791 1935 863 percellitur,
1987 798 2046 846 ut
2089 788 2182 862 qui

586 883 703 938 ausi
733 880 932 938 fuerint
960 889 1084 952 post
1112 880 1487 937 diffinitionem
1517 895 1732 952 magnae
1763 887 1816 935 et
1855 878 2182 935 universalis

583 971 742 1040 hujus
773 970 965 1042 synodi
991 970 1285 1043 quidquam
1317 985 1381 1024 ex
1422 969 1508 1024 his
1563 985 1682 1041 quae
1736 975 1860 1024 sunt
1912 967 2181 1040 prohibita

584 1067 926 1132 perpetrare,
959 1059 1198 1114 decrevit
1219 1066 1408 1114 sancta
1436 1057 1676 1129 synodus
1697 1071 1728 1112 a
1747 1056 1970 1129 proprio
2001 1057 2182 1126 hujus-

582 1149 731 1204 modi
763 1148 934 1219 gradu
963 1147 1244 1203 recedere.

659 1237 750 1293 IV.
777 1235 1048 1306 Odacrus,
1073 1236 1262 1292 relicto
1281 1236 1652 1292 ecclesiastico
1667 1235 1872 1306 judicio
1903 1241 1958 1290 et
1994 1248 2180 1290 sacro-

585 1341 708 1396 rum
741 1340 1010 1381 canonum
1041 1324 1374 1395 diﬁinitione,
1399 1341 1499 1396 per
1515 1325 1831 1380 smcularem
1857 1331 2179 1395 potestatem

584 1414 805 1469 invasor
833 1429 1018 1468 rerum
1050 1421 1102 1469 et
1114 1412 1426 1470 facultatum
1457 1413 1953 1469 ecclesiasticarum
1982 1413 2180 1467 Belva-

584 1501 765 1558 censis
813 1501 1094 1566 Ecclesiae,
1143 1517 1262 1572 quae
1320 1502 1617 1557 secundum
1702 1515 1887 1557 sacras
1961 1500 2180 1574 regulas

581 1589 882 1646 oblationes
901 1590 1254 1662 appellantur,
1300 1591 1422 1661 quia
1475 1589 1707 1646 Domino
1755 1589 2076 1658 offeruntur,
2128 1596 2182 1643 et

581 1687 711 1736 vota
756 1687 881 1734 sunt
938 1677 1200 1746 ﬁdelium,
1251 1694 1316 1735 ac
1380 1679 1558 1750 pretia
1596 1686 1964 1751 peccatorum,
2022 1685 2180 1750 atque

2283 522 2508 578 vasione
2560 523 2804 578 vacantis
2861 523 3109 578 ecclesia:
3179 521 3502 579 invenimus.
3581 523 3883 594 Apostolus

2285 626 2520 682 namque
2548 611 2711 666 dicit:
2745 611 3016 679 Avaritia,
3050 631 3172 686 qua:
3203 617 3287 669 est
3317 613 3598 668 idolorum
3630 615 3882 668 servitus

2283 701 2511 770 (Coloss.
2544 701 2646 765 ιιι).
2681 701 2747 756 Et
2775 701 2969 756 beatus
3000 703 3299 776 Gregorius
3326 702 3558 774 loquens
3587 702 3656 756 de
3691 709 3878 756 tenta-

2283 787 2426 842 tione
2447 787 2728 844 Dominica
2767 789 2820 842 in
2853 791 3137 861 Evangelii
3185 789 3430 858 homilia,
3463 797 3516 844 et
3543 789 3716 844 altera
3747 805 3882 844 sen-

2283 876 2448 932 tentia
2472 875 2679 947 prazfati
2706 878 2942 949 apostoli
2971 880 3208 934 ostendit
3245 877 3530 934 avaritiam
3587 893 3714 933 esse
3768 893 3880 933 non

2283 965 2460 1020 solum
2490 965 2754 1036 pecuniae,
2807 966 2904 1022 sed
2953 967 3113 1022 etiam
3135 967 3450 1024 altitudinis.
3509 967 3579 1022 Et
3627 966 3880 1022 Odacrus

2281 1053 2502 1109 invasor
2521 1053 2765 1110 vacantis
2795 1055 3062 1123 ecclesias,
3088 1057 3211 1129 quia
3246 1056 3548 1112 secundum
3593 1070 3879 1111 sacrorum

2281 1157 2550 1199 canonum
2566 1144 2855 1210 tramitem,
2889 1145 2958 1198 ad
2986 1153 3304 1216 provectum
3335 1144 3664 1216 episcopalis
3725 1144 3879 1199 ordi—

2281 1232 2386 1298 nis,
2420 1239 2595 1286 utres
2627 1239 2678 1286 et
2727 1231 3006 1288 facultates
3049 1233 3220 1305 ipsius
3260 1233 3507 1290 ecclesiae
3550 1233 3880 1305 possideret,

2278 1321 2394 1375 Deo
2409 1321 2612 1389 judice,
2660 1321 2949 1393 pervenire
3001 1338 3109 1378 non
3145 1323 3360 1388 meruit,
3414 1338 3515 1392 per
3555 1322 3882 1378 saecularem

2280 1415 2600 1480 potestatem
2634 1410 2788 1481 prius
2816 1426 2907 1465 res
2953 1419 3006 1466 et
3051 1410 3356 1466 facultatem
3412 1411 3584 1482 ipsius
3631 1411 3886 1467 ecclesias

2281 1497 2522 1553 vacantis
2551 1498 2798 1567 obtinuit,
2831 1507 2891 1554 ut
2920 1500 3060 1556 saltu
3081 1515 3300 1572 quoquo
3359 1499 3525 1555 modo
3572 1499 3642 1554 ad
3688 1499 3881 1554 altitu-

2280 1585 2461 1641 dinem
2492 1587 2820 1658 episcopalis
2849 1589 3083 1643 nominis
3110 1589 3438 1660 perveniret,
3498 1596 3552 1643 et
3615 1589 3882 1644 sacerdos

2281 1691 2388 1729 non
2419 1692 2560 1744 esse,
2595 1677 2690 1730 sed
2721 1676 2826 1732 dici
2867 1679 3236 1733 tantummodo
3265 1677 3498 1732 inaniter
3543 1677 3879 1748 concupivit.

581 1767 907 1840 patrimonia
935 1783 1255 1839 pauperum,
1279 1768 1396 1840 ipse
1424 1768 1478 1822 in
1527 1783 1586 1824 se
1641 1767 2002 1822 damnationis
2058 1781 2183 1820 sen-
2207 1765 2405 1850 B-Non
2435 1765 2736 1832 attendens,
2791 1765 2915 1837 quia
2944 1766 3021 1821 sic
3079 1767 3149 1821 ab
3205 1766 3324 1838 ipso
3363 1766 3596 1834 Christo,
3661 1781 3881 1821 summo

582 1857 806 1913 tentiam
847 1855 1126 1924 jaculavit,
1168 1856 1297 1928 quia
1329 1856 1466 1912 sicut
1498 1865 1718 1912 sanctus
1748 1855 1856 1912 Leo
1886 1871 2025 1927 papa
2057 1869 2179 1910 cum

583 1945 833 2001 Romana
860 1944 1070 2016 synodo
1098 1943 1345 2000 diiﬁnivit
1383 1947 1568 2018 (epist.
1618 1946 1745 2015 96):
1775 1965 1796 1995 ‹‹
1861 1943 2178 2015 Quicunque

585 2034 686 2088 sub
716 2032 908 2103 regula
945 2032 1126 2104 positi,
1178 2033 1370 2090 relicto
1426 2033 1798 2090 ecclesiastico
1849 2033 2075 2102 judicio,
2109 2031 2180 2088 ad

583 2121 886 2193 patrocinia
944 2121 1204 2178 laicorum
1225 2123 1538 2190 convolare,
1573 2131 1626 2178 et
1649 2123 1856 2192 judicia
1873 2137 2062 2178 eorum
2094 2137 2180 2176 ex-

586 2218 796 2281 petere,
829 2218 882 2265 et
910 2212 1277 2281 praetermisso
1308 2212 1592 2268 sacerdote
1650 2229 1762 2269 suae
1782 2215 2047 2288 ecclesiae,
2111 2215 2179 2270 ad

587 2299 1036 2370 disceptationem
1055 2300 1399 2356 saecularium
1415 2301 1682 2369 venerint,
1703 2303 2176 2379 sacrisliminibus,

587 2387 642 2442 id
671 2395 755 2443 est
786 2387 852 2442 ab
883 2387 1128 2444 ecclesiae
1155 2388 1316 2444 aditis
1345 2390 1562 2461 expelli,
1602 2399 1654 2447 et
1682 2407 1712 2446 a
1743 2391 1951 2448 coelesti
2008 2397 2180 2452 arceri

586 2475 801 2547 altario,
834 2475 890 2532 id
919 2486 1001 2534 est
1027 2493 1058 2533 a
1088 2492 1316 2548 corpore
1349 2480 1678 2552 etsanguine
1711 2481 1910 2536 Christi
1939 2487 2180 2556 separari

583 2565 858 2635 jubentur.
885 2590 906 2613 ιι
927 2567 993 2620 Et
1006 2581 1247 2622 canones
1261 2567 1402 2624 sacri
1413 2567 1678 2624 difﬁniunt
1693 2568 1870 2644 (conc.
1895 2574 2174 2642 Antioch.,

589 2668 706 2720 can,
740 2656 796 2724 2)
831 2670 844 2709 :
883 2677 902 2702 α
937 2656 1007 2711 Ut
1035 2655 1262 2726 quilibet
1309 2657 1511 2728 regulae
1557 2657 1841 2726 subjectus
1894 2661 2174 2731 Ecclesiae,

587 2749 784 2814 praeter
810 2742 1094 2798 consilium
1125 2752 1180 2800 et
1203 2745 1408 2800 litteras
1437 2746 1817 2818 episcoporum
1865 2751 2175 2819 provinciae,

589 2838 641 2886 et
670 2831 943 2903 pracipue
958 2833 1380 2904 metropolitani,
1403 2835 1597 2890 adierit
1609 2835 2016 2907 imperatorem,
2035 2841 2182 2896 hunc

589 2919 871 2991 reprobari
900 2929 953 2978 et
981 2921 1142 2991 abjici
1161 2931 1434 2993 oportere,
1468 2939 1576 2979 non
1633 2925 1804 2981 solum
1853 2943 1886 2982 a
1939 2943 2180 2985 commu-

587 3008 770 3080 nione,
790 3025 978 3066 verum
1009 3018 1061 3066 et
1103 3011 1169 3066 ab
1202 3011 1409 3068 honore
1443 3012 1596 3082 cujus
1649 3015 1920 3087 particeps
1968 3017 2182 3074 videtur

587 3097 838 3155 existere.
866 3123 886 3147 »
907 3100 975 3156 Et
1003 3108 1226 3158 sanctus
1253 3101 1472 3158 Hilarus
1501 3118 1641 3175 papa
1670 3103 1725 3158 in
1747 3103 1980 3161 decretis
2028 3108 2139 3163 suis
2163 3127 2175 3164 :

591 3209 612 3236 α
647 3189 772 3244 Νοιι
803 3188 996 3255 minus,
1029 3189 1202 3262 inquit
1229 3189 1284 3246 in
1313 3199 1620 3247 sanctarum
1648 3193 1996 3250 traditionum
2074 3197 2176 3252 de-

584 3274 845 3348 linquitur
873 3277 1200 3344 sanctiones,
1226 3295 1385 3349 quam
1435 3281 1491 3334 in
1533 3281 1788 3350 injuriam
1843 3283 2012 3356 ipsius
2067 3287 2178 3342 Do-

587 3363 722 3419 mini
759 3365 1056 3436 prosilitur.
1095 3390 1116 3415 n
1167 3367 1554 3424 Schismaticus
1608 3369 1794 3442 igitur,
1856 3373 1928 3428 ab
1974 3373 2176 3431 unitate

572 3452 838 3510 Ecclesia
866 3470 967 3526 per
991 3471 1276 3512 sacrorum
1297 3471 1562 3512 canonum
1593 3467 1980 3532 contemptum,
2025 3464 2116 3536 qui
2145 3481 2176 3518 a

574 3551 766 3600 sancto
804 3551 928 3600 sunt
957 3545 1156 3616 Spiritu
1168 3545 1372 3602 conditi
1387 3554 1440 3603 et
1468 3547 1632 3604 totius
1649 3549 1838 3605 mundi
1871 3553 2176 3608 reverentia

578 3633 900 3698 censecrati,
936 3633 1176 3706 seipsum
1260 3635 1536 3703 scindens,
1597 3637 1724 3693 licet
1782 3637 1922 3695 forte
1980 3640 2175 3699 eodem

581 3719 751 3786 cultu,
785 3721 977 3776 eodem
1008 3723 1110 3778 ritu
1138 3724 1327 3779 credat
1354 3733 1412 3780 ut
1442 3725 1710 3796 catholici,
1743 3726 1798 3782 in
1814 3729 1961 3784 malo
1991 3737 2173 3786 tamen

582 3823 684 3864 suo
727 3825 828 3880 per
873 3811 1222 3882 cupiditatem
1268 3821 1453 3868 manet
1500 3815 1860 3872 damnationis
1923 3817 2168 3876 dissidio.

581 3897 857 3967 Quantum
896 3907 1077 3955 autem
1131 3901 1199 3956 sit
1240 3903 1445 3958 malum
1501 3904 1784 3960 dissidium
1843 3907 2166 3977 scliismatis,

579 3993 800 4042 sanctus
823 3989 1156 4061 Augustinus
1191 3989 1246 4046 in
1273 3991 1416 4048 libro
1456 3993 1524 4048 de
1555 3993 1827 4065 Baptismo
1883 4013 1948 4052 cx
2006 3999 2172 4055 sacris

577 4074 913 4133 demonstrat
943 4079 1234 4150 Scripturis
1251 4081 1354 4137 hoc
1407 4083 1609 4138 modo:
1647 4107 1668 4131 α
1711 4083 1836 4140 Non
1881 4085 2171 4143 aﬂ‘eramus

575 4167 802 4216 stateras
829 4161 1068 4233 dolosas,
1099 4165 1192 4220 ubi
1238 4167 1608 4237 appendamus
1629 4170 1775 4240 quod
1803 4169 2072 4240 volumus,
2118 4180 2172 4228 et

576 4252 850 4321 quomodo
882 4253 1154 4322 volumus,
1187 4270 1288 4326 pro
1309 4257 1530 4313 arbitrio
1559 4265 1744 4314 nostro
1795 4259 2040 4316 dicentes
2067 4263 2170 4318 hoc

572 4355 764 4412 grave,
797 4341 902 4397 hoc
937 4343 1056 4397 leve
1087 4352 1188 4409 est,
1220 4345 1316 4400 sed
1347 4345 1640 4402 efferamus
1660 4347 2166 4406 divinamstateram

571 4427 639 4484 de
669 4428 958 4500 Scripturis
988 4431 1192 4487 sanctis
1213 4439 1470 4504 tanquam
1494 4435 1562 4490 de
1593 4437 1866 4492 thesauris
1909 4439 2162 4495 Domini-

2282 1852 2556 1924 pontiﬁce,
2579 1869 2643 1908 ac
2672 1871 2805 1926 rege
2827 1871 3040 1928 regum,
3074 1863 3199 1910 sunt
3236 1855 3491 1912 distincta
3545 1863 3885 1926 potestatum

2278 1941 2474 2007 ofﬁcia,
2508 1951 2566 1998 ut
2595 1943 2853 2013 spiritalis
2881 1944 3020 2000 actio
3041 1960 3072 1998 a
3100 1944 3412 1999 carnalibus
3441 1944 3664 2000 distaret
3696 1944 3884 2001 incur-

2277 2031 2447 2100 sibus,
2483 2039 2532 2086 et
2562 2031 2853 2088 militantes
2880 2033 2996 2089 Deo
3017 2033 3235 2088 minime
3257 2049 3315 2088 se
3353 2033 3587 2106 negotiis
3637 2035 3880 2089 saecula-

2278 2119 2429 2174 ribus
2460 2119 2818 2190 implicarent,
2854 2137 2918 2178 ac
2947 2121 3186 2176 vicissim
3203 2137 3312 2177 non
3346 2121 3423 2177 illi
3453 2122 3618 2176 rebus
3675 2122 3882 2178 divinis

2278 2208 2576 2279 praesidere
2593 2209 2925 2276 viderentur,
2948 2210 3040 2280 qui
3061 2220 3245 2266 essent
3261 2209 3493 2281 negotiis
3515 2210 3878 2266 saecularibus

2277 2296 2554 2367 implicati.
2603 2297 2672 2352 Et
2712 2298 2999 2354 saeculares
3044 2299 3147 2354 viri
3179 2301 3523 2354 sacerdotum
3563 2300 3875 2370 penderent

2272 2385 2495 2454 judicio,
2529 2402 2635 2440 non
2659 2387 2970 2443 sacerdotes
2999 2388 3067 2442 ad
3097 2403 3253 2442 suam
3304 2388 3564 2443 deberent
3615 2387 3878 2460 redigere

2277 2475 2602 2530 voluntatem
2627 2492 2641 2530 :
2674 2484 2726 2530 et
2748 2476 3062 2531 sacerdotes
3085 2476 3424 2532 saecularium
3449 2475 3651 2546 judicia
3684 2477 3878 2534 discu-

2278 2571 2474 2633 terent,
2525 2580 2633 2619 non
2680 2572 2862 2620 autem
2917 2564 3210 2622 saeculares
3251 2565 3600 2621 sacerdotum
3663 2566 3876 2635 judicia

2277 2647 2646 2722 molestarent,
2681 2653 2818 2710 sicut
2838 2653 3028 2710 litterae
3047 2653 3302 2710 divinitus
3346 2655 3622 2726 inspirata:
3688 2657 3876 2711 mani-

2277 2741 2412 2797 feste
2441 2742 2832 2810 demonstrant,
2867 2752 2920 2798 et
2945 2743 3330 2799 Constantinus
3358 2758 3589 2816 magnus
3628 2744 3878 2814 impera-

2278 2837 2362 2884 tor
2389 2830 2443 2884 in
2470 2831 2691 2888 Nicaeno
2719 2831 2951 2888 concilio
2982 2849 3040 2888 se
3086 2833 3305 2887 illorum
3353 2832 3572 2902 judiciis
3629 2833 3877 2889 subdens

2279 2919 2532 2974 ostendit.
2565 2919 2661 2974 His
2689 2919 2854 2993 igitur
2882 2921 2957 2976 ita
2986 2936 3044 2977 se
3074 2921 3416 2985 habentibus,
3477 2920 3728 2977 Odacrus
3773 2939 3880 2994 per

2279 3007 2556 3063 avaritiam
2585 3016 2638 3063 et
2668 3009 2967 3064 altitudinis
2987 3051 3000 3076 ,
3034 3018 3085 3065 et
3142 3009 3622 3081 possessionis,'in
3674 3027 3884 3082 perva-

2281 3097 2433 3152 sione
2463 3097 2706 3154 vacantis
2739 3099 2986 3155 ecclesiae
3040 3099 3326 3155 idololatra
3372 3115 3494 3154 esse
3543 3100 3871 3156 ostenditur.

2277 3188 2380 3242 Per
2409 3187 2633 3258 Moysen
2661 3189 2730 3243 de
2767 3189 3000 3244 Domino
3060 3188 3288 3244 dicitur:
3342 3190 3407 3244 In
3459 3189 3702 3246 dextera
3750 3193 3877 3262 ejus

2275 3277 2442 3348 ignea
2472 3278 2566 3332 lca:
2587 3277 2770 3346 (Deut.
2801 3279 3034 3348 χχχιιι).
3071 3300 3092 3324 α
3121 3279 3180 3332 In
3198 3277 3436 3344 sinistra,
3459 3277 3636 3350 inquit
3654 3279 3878 3350 Grego-

2276 3363 2406 3431 rius,
2438 3366 2661 3436 reprobi
2719 3366 2810 3438 qui
2867 3375 2921 3422 et
2976 3367 3045 3421 ad
3103 3366 3376 3422 sinistram
3421 3367 3660 3437 ponendi
3722 3377 3870 3436 sunt,

2275 3453 2500 3509 dextera
2520 3463 2700 3509 autem
2748 3455 2848 3510 Dei
2903 3455 3242 3526 appellantur
3289 3455 3468 3511 electi.
3528 3457 3590 3510 In
3637 3455 3868 3512 dextera

2273 3557 2408 3614 ergo
2439 3542 2540 3598 Dei
2567 3543 2655 3598 lex
2683 3543 2843 3615 ignea
2863 3551 2966 3609 est,
3000 3543 3124 3616 quia
3143 3543 3300 3600 electi
3331 3544 3584 3600 mandata
3621 3546 3874 3602 coalestia

2269 3646 2614 3704 nequaquam
2645 3631 2846 3705 frigido
2878 3633 3044 3688 corde
3072 3633 3314 3700 audiunt,
3348 3633 3446 3688 sed
3476 3633 3546 3688 ad
3567 3634 3687 3690 haec
3708 3650 3870 3691 amo-

2271 3719 2346 3774 ris
2376 3720 2546 3775 intimi
2574 3720 2784 3776 facibus
2813 3722 3190 3777 inardescunt.
3229 3747 3250 3770 ιι
3271 3724 3338 3778 Et
3369 3723 3659 3793 Apostolus
3703 3725 3869 3780 dicit:

2271 3810 2418 3865 Deus
2446 3814 2636 3866 noster
2663 3812 2814 3882 ignis
2834 3826 3165 3868 consumens
3187 3815 3272 3867 est
3295 3811 3478 3884 (Hebr.
3501 3813 3630 3882 xu),-
3659 3821 3716 3867 et
3764 3815 3874 3870 Do.

2271 3897 2470 3953 minus:
2493 3901 2686 3970 Ignem
2715 3901 3087 3956 vcnimitterc
3115 3902 3179 3956 in
3211 3904 3445 3966 terram,
3481 3905 3536 3956 et
3565 3903 3702 3974 quid
3747 3905 3868 3959 volo

2269 3989 2387 4042 nisi
2415 3991 2479 4042 ut
2497 3988 2696 4043 ardeat
2732 3989 2924 4059 ?(Luc.
2948 3991 3072 4053 xu).
3095 3990 3282 4060 Ignem
3301 3990 3566 4047 Dominus
3581 3989 3638 4044 in
3667 3997 3869 4047 terram

2269 4075 2448 4141 mittit,
2479 4093 2600 4132 cum
2623 4077 2800 4132 atilata
2848 4078 3079 4148 Spiritus
3123 4079 3296 4134 sancti
3331 4080 3498 4134 corda
3565 4081 3868 4136 carnalium

2265 4164 2521 4220 incendit.
2592 4166 2825 4236 Spiritus
2855 4167 3024 4240 igitur
3053 4175 3274 4222 sanctus
3305 4168 3448 4240 ignis
3477 4177 3578 4224 est.
3614 4169 3683 4224 Et
3725 4171 3870 4227 sacri

2269 4268 2524 4323 canones,
2555 4255 2693 4311 sicut
2714 4255 2965 4328 legimus,
3003 4264 3190 4312 sancto
3221 4264 3344 4312 sunt
3375 4257 3574 4328 Spiritu
3641 4259 3866 4329 conditi,

2269 4361 2406 4416 quos
2437 4343 2688 4400 Odacrus
2744 4345 2950 4401 facibus
3009 4361 3118 4400 sua:
3166 4345 3474 4417 cupiditatis
3543 4362 3864 4417 succensus,

2269 4447 2394 4488 cum
2421 4449 2529 4487 non
2557 4449 2655 4504 per
2681 4433 2980 4504 spiritalem
3011 4434 3440 4490 ecclesiasticam
3497 4436 3865 4502 traditionem,

570 4516 668 4584 cis,
702 4525 756 4574 et
783 4517 839 4573 in
877 4518 966 4574 illa
1019 4519 1147 4591 quid
1214 4520 1282 4574 sit
1335 4523 1560 4592 gravius
1590 4527 1988 4596 appendamus,
2049 4528 2158 4585 imo
2180 4517 2234 4578 D
2264 4521 2360 4576 sed
2389 4538 2490 4592 per
2514 4523 2786 4576 carnalem
2815 4523 3000 4578 saeculi
3028 4531 3349 4594 potestatem
3374 4533 3532 4595 pasto
3553 4541 3610 4580 re
3657 4541 3870 4584 vacan-

567 4621 676 4662 non
705 4608 1101 4679 appendamus,
1133 4609 1230 4664 sed
1261 4625 1293 4664 a
1322 4610 1558 4667 Domino
1599 4629 1839 4684 appensa
1882 4631 2158 4688 recognoo

567 4709 800 4753 scamus.
833 4697 1096 4768 Tempore
1114 4697 1230 4765 illo,
1263 4714 1370 4770 quo
1400 4699 1661 4756 Dominus
1705 4703 1905 4772 prioria
1959 4704 2156 4761 delicta

566 4785 874 4840 recentibus
902 4801 1182 4857 poenarum
1212 4787 1475 4859 exemplis
1521 4791 1764 4865 cavenda
1815 4794 2154 4865 monstravit,

567 4877 621 4924 et
649 4869 852 4926 idolum
871 4873 1188 4930 fabricatum
1218 4884 1381 4948 atque
1401 4877 1684 4933 adoratum
1715 4886 1816 4946 est,
1841 4888 1892 4935 et
1920 4883 2158 4952 prOphe-

563 4956 703 5013 ticus
717 4958 855 5014 liber
871 4960 954 5016 ira
973 4964 1120 5035 regis
1132 4965 1522 5038 contemptoris
1543 4966 1824 5034 incensus;
1851 4977 1902 5024 et
1918 4970 2156 5028 schisma

563 5054 850 5115 tentatum,
882 5049 1184 5106 idololatria
1205 5054 1388 5125 gladio
1419 5055 1604 5127 punita
1632 5065 1734 5122 est,
1769 5059 1975 5114 exustio
2031 5061 2154 5118 libri

562 5134 756 5194 bellica
785 5139 934 5194 crede
971 5147 1024 5196 et
1053 5143 1342 5215 peregrina
1373 5145 1702 5217 captivitate,
1734 5147 1975 5204 schisma
2003 5150 2152 5207 hiatu

561 5233 720 5282 terrae
742 5228 966 5298 sepultis
995 5230 1303 5286 auctoribus
1352 5233 1508 5300 vivis,
1567 5242 1620 5289 et
1675 5237 1888 5293 caeteris
1943 5239 2150 5296 coelesti

552 5314 681 5386 igne
713 5317 1065 5388 consumptis,
1101 5319 1222 5391 quis
1245 5321 1359 5390 jam
1381 5323 1702 5382 dubitaverit
1729 5328 1831 5384 hoc
1862 5344 1984 5385 esse
2033 5345 2152 5385 sce-

553 5404 774 5462 leratius
805 5407 1174 5474 commissum,
1211 5411 1354 5482 quod
1381 5420 1462 5468 est
1490 5415 1706 5485 gravius
1736 5417 2106 5474 vindicatum?
2125 5441 2145 5471 ν

554 5493 687 5564 Quae
718 5495 817 5550 tria
845 5496 1038 5568 gravia
1070 5499 1380 5568 commissa,
1414 5509 1467 5558 et
1483 5519 1588 5560 non
1607 5504 1712 5560 levi
1728 5507 2009 5578 punitione
2033 5509 2152 5563 vin-

553 5583 799 5651 dicanda,
820 5585 867 5642 si
897 5585 1190 5660 diligenter
1221 5598 1529 5649 sanctarum
1587 5595 1989 5668 Scripturarum
2045 5613 2149 5654 au-

2261 4616 2369 4663 tem
2399 4609 2690 4664 ecclesiam
2737 4611 3033 4681 usur‘pavit,
3112 4612 3369 4683 Spiritum
3429 4622 3680 4670 sanctum
3757 4633 3867 4688 quo

2262 4696 2390 4753 facti
2421 4706 2545 4752 sunt
2575 4699 2776 4755 conditi
2823 4715 3080 4767 canones,
3148 4703 3479 4758 reclamante
3535 4703 3822 4775 Scriptura
3856 4721 3868 4760 :

2258 4787 2726 4858 Spiritumnolitc
2757 4791 3126 4860 exstinguere
3155 4791 3207 4862 (I
3238 4791 3421 4846 Thess.
3483 4792 3572 4859 v),
3607 4801 3875 4864 quantum

2255 4891 2321 4930 ex
2342 4874 2462 4947 ipso
2504 4885 2584 4931 est
2613 4877 2963 4948 exstinguere
3017 4879 3342 4950 procuravit,
3376 4889 3426 4935 et
3486 4881 3870 4938 auctoritatem

2259 4981 2540 5021 sacrorum
2569 4981 2856 5031 canonum,
2880 4983 2949 5022 ne
2969 4967 3180 5039 vigeret
3224 4969 3276 5022 in
3326 4969 3562 5026 ecclesia
3584 4986 3683 5026 sua
3747 4988 3872 5027 mo-

2256 5053 2442 5110 litione
2473 5055 2624 5126 quasi
2653 5055 2943 5112 incendere
2982 5057 3276 5113 attentavit.
3339 5058 3479 5128 Quia
3536 5075 3669 5116 vero
3742 5078 3867 5116 cum

2258 5151 2536 5207 catholicae
2575 5152 2778 5208 unitate
2824 5153 3104 5221 Ecclesiae,
3157 5170 3190 5209 a
3262 5171 3368 5227 quo
3427 5165 3651 5228 propter
3735 5174 3871 5214 suos

2259 5255 2516 5296 excessus
2542 5241 2680 5297 sicut
2709 5243 3044 5298 ostendimus
3072 5251 3126 5299 et
3181 5243 3235 5298 in
3265 5245 3535 5318 reliquum
3590 5249 3860 5303 ostende-

2253 5343 2394 5395 mus,
2429 5337 2511 5384 est
2553 5332 3062 5398 excommunicatus,
3125 5349 3311 5389 sacros
3365 5349 3603 5390 canones
3694 5337 3868 5392 totius

2253 5419 2439 5473 mundi
2471 5422 2776 5478 reverentia
2805 5429 3152 5478 consecratos
3183 5439 3292 5478 non
3312 5423 3574 5496 sequitur,
3622 5425 3762 5480 sicut
3795 5442 3862 5482 ex

2250 5509 2636 5582 suprascriptis
2652 5511 2817 5566 sacris
2839 5510 3119 5566 sententiis
3136 5512 3520 5579 manifestatur,
3589 5513 3862 5570 schisma-

2247 5597 2384 5654 ticus
2415 5614 2536 5655 esse
2565 5599 2753 5671 negari
2785 5615 2894 5656 non
2921 5609 3118 5673 potest,
3154 5602 3290 5659 sicut
3323 5610 3538 5658 sanctus
3587 5605 3859 5677 Augusti—
