4072 6322
262 304 371 362 249

1763 294 2138 356 ΕΡΙΞΤΟΙΔΞ.

3475 306 3582 364 250

269 442 376 483 nus
406 425 465 482 in
496 431 730 483 tractatu
756 423 1042 500 Evangelii
1070 422 1371 482 secundum
1399 423 1665 481 Joannem
1692 423 1947 485 osten-A
1975 423 2080 493 sis,
2145 423 2282 480 sicut
2345 424 2509 481 etiam
2573 425 2846 483 solemnes
2911 427 3185 485 orationes
3250 429 3600 486 universalis-

273 516 370 572 dit.
410 537 432 567 σι
468 515 770 585 Habemus,
803 515 1074 587 inquiens,
1109 523 1351 570 sanctum
1384 515 1642 586 Spiritum
1671 513 1718 568 si
1736 527 1879 568 ama-

271 621 397 660 mus
426 604 759 671 Ecclesiam,
791 618 1036 658 amamus
1065 611 1263 670 autem,
1297 603 1343 658 si
1372 603 1429 659 in
1466 603 1583 674 ejus
1613 617 1877 676 compage

272 701 328 750 et
352 693 624 749 charitate
652 691 1018 749 consistimus.
1058 712 1082 743 ι
1116 694 1182 748 Et
1213 692 1270 746 in
1307 693 1536 764 epistola
1567 691 1782 750 concilii
1809 691 1878 746 ad

273 781 589 840 Donatistas
624 799 638 836 :
693 802 716 834 ι
748 780 1008 854 Quisquis
1059 797 1093 837 a
1137 781 1407 838 catholica
1449 781 1694 838 Ecclesia
1719 780 1878 837 fuerit

273 879 584 942 separatus,
633 869 1024 942 quantumlibet
1073 870 1419 926 laudabiliter
1447 887 1506 927 se
1548 871 1730 927 vivere
1757 871 1878 926 exi-

272 960 476 1025 stimet,
513 961 618 1015 hoc
647 959 766 1014 solo
801 959 1010 1015 scelere
1039 959 1185 1031 quod
1212 974 1246 1014 a
1293 959 1492 1014 Christi
1528 959 1732 1014 unitate
1760 957 1876 1012 dis-

267 1049 492 1118 junctus
521 1057 626 1118 est,
659 1063 770 1103 non
812 1047 1032 1102 habebit
1077 1048 1258 1112 vitam,
1311 1049 1407 1103 sed
1452 1047 1533 1102 ira
1570 1047 1670 1103 Dei
1699 1055 1880 1103 manet

272 1153 441 1208 super
466 1153 617 1194 eum.
669 1135 927 1208 Quisquis
973 1144 1154 1192 autem
1197 1137 1252 1192 in
1296 1137 1396 1194 hac
1442 1137 1694 1193 Ecclesia
1737 1133 1878 1192 bene

272 1225 490 1289 vixerit,
543 1225 680 1280 nihil
727 1225 778 1280 ei
827 1225 1182 1296 praejudicant
1224 1225 1402 1281 aliena
1443 1234 1684 1297 peccata.
1738 1225 1878 1293 Quia

273 1316 662 1388 unusquisque
687 1313 744 1368 in
774 1330 840 1370 ea
867 1315 1158 1387 proprium
1174 1331 1316 1370 onus
1341 1315 1590 1387 portabit
1619 1315 1764 1384 (Gal.
1797 1314 1874 1386 v),

274 1402 413 1458 sicut
443 1402 579 1459 dicit
618 1402 930 1474 Apostolus.
982 1404 1054 1458 Et
1101 1405 1418 1477 quicunque
1465 1405 1529 1460 iu
1580 1419 1646 1460 ea
1675 1419 1878 1476 corpus

286 1493 500 1549 Christi
527 1493 962 1548 manducauerit
990 1493 1238 1564 indigne,
1261 1493 1548 1563 judicium
1575 1493 1680 1549 sibi
1707 1509 1876 1548 man-

277 1581 449 1636 ducat
479 1584 540 1636 et
570 1581 708 1636 bibit
737 1581 788 1650 (Ι
813 1581 934 1636 Cor.
967 1580 1072 1651 χι).
1097 1580 1232 1634 Cum
1265 1580 1412 1634 enim
1441 1580 1569 1636 dicit
1591 1581 1879 1653 judicium

277 1671 381 1725 sibi
409 1669 744 1735 manducat,
793 1668 926 1723 satis
974 1669 1210 1724 ostendit
1257 1669 1386 1740 quia
1415 1684 1526 1724 non
1551 1669 1707 1724 alteri
1729 1669 1878 1738 judi-

275 1758 419 1814 cium
447 1757 766 1822 manducat,
801 1757 900 1811 sed
930 1756 1051 1823 sibi,
1103 1757 1232 1829 quia
1273 1757 1581 1813 communio
1610 1757 1877 1813 malorum

274 1861 384 1901 non
410 1845 655 1900 maculat
682 1845 921 1916 aliquem
950 1845 1362 1917 participatione
1393 1853 1873 1915 sacramentorum,

277 1935 371 1990 sed
403 1949 687 1990 consensu
731 1933 1014 1990 factorum.
1055 1935 1193 1988 Nam
1223 1933 1269 1988 si
1298 1934 1354 1988 in
1400 1934 1556 1990 factis
1581 1935 1740 1990 malis
1769 1949 1878 1990 non

277 2024 358 2079 eis
388 2023 624 2095 quisque
654 2022 978 2093 consentiat,
1011 2031 1196 2094 portat
1214 2023 1390 2078 malus
1406 2039 1625 2080 causam
1658 2041 1808 2079 suam
1826 2031 1880 2080 et

277 2127 575 2184 personam
621 2127 792 2177 suam,
850 2126 960 2168 non
1014 2112 1329 2184 praejudicat
1385 2112 1562 2180 alteri,
1615 2129 1776 2184 quem
1823 2113 1879 2168 in

282 2199 650 2258 consensione
677 2199 804 2255 mali
833 2200 1014 2272 operis
1035 2201 1244 2257 socium
1258 2217 1367 2256 non
1386 2202 1548 2256 habet
1577 2201 1874 2258 criminis.»

279 2289 385 2360 Qui
416 2305 549 2346 vero
578 2305 646 2346 ex
677 2304 1004 2362 quocunque
1035 2297 1198 2364 statu,
1229 2291 1318 2346 vel
1334 2306 1660 2362 quocunque
1689 2291 1876 2347 ordine

275 2377 554 2434 sehismati
585 2377 702 2447 ejus
731 2377 936 2445 favent,
971 2379 1247 2434 attendant
1267 2387 1317 2433 et
1343 2379 1654 2451 appendant
1681 2379 1879 2434 difﬁni-

275 2468 477 2523 tionem
513 2467 826 2539 apostolicae
854 2467 1021 2534 sedis,
1055 2483 1220 2540 quam
1247 2469 1482 2523 decretis
1512 2469 1623 2523 suis
1652 2469 1878 2524 inseruit

274 2556 484 2623 dicens,
523 2577 546 2608 cz
583 2555 862 2628 Quisquis,
893 2557 1086 2629 inquit,
1111 2558 1340 2612 assentit
1359 2557 1589 2628 principi
1617 2558 1880 2613 schisma-

276 2645 362 2712 tis,
399 2645 788 2702 schismaticus
815 2661 938 2700 esse
965 2646 1160 2720 negari
1187 2661 1296 2702 non
1316 2646 1533 2717 poterit.
1563 2645 1720 2716 Quod
1750 2653 1803 2701 et
1832 2647 1878 2701 si

276 2751 472 2790 omnes
530 2735 846 2791 sacerdotes
893 2742 946 2791 et
998 2735 1234 2790 mundus
1277 2735 1554 2806 assentiat,
1605 2735 1878 2792 damnatio

275 2825 686 2881 consentientes
741 2824 984 2891 involvit,
1031 2840 1142 2880 non
1187 2825 1694 2896 przevaricationem
1740 2841 1876 2881 con-

275 2925 470 2965 sensus
529 2907 784 2965 absolvit.
833 2910 958 2964 Non
1003 2909 1149 2964 enim
1203 2910 1411 2966 crimen
1453 2910 1728 2979 minuitur,
1781 2909 1879 2966 sed

273 2998 558 3065 accrescit,
609 3015 736 3053 cum
780 2999 1042 3071 generale
1083 2997 1142 3053 fit
1191 3015 1256 3054 ex
1297 2999 1530 3070 privato.
1579 3001 1696 3056 Hoc
1735 2999 1877 3054 enim

272 3087 418 3144 Deus
476 3087 722 3142 omnium
763 3087 1040 3154 indicavit,
1098 3088 1190 3160 qui
1239 3089 1502 3143 mundum
1558 3096 1875 3160 peccantem

271 3175 522 3250 generali
549 3175 756 3232 diluvio
785 3175 1080 3232 interemit.
1119 3197 1141 3226 ι)
1193 3178 1376 3232 Isdem
1404 3192 1556 3243 vero,
1588 3185 1646 3232 ut
1667 3177 1876 3246 jactant

271 3264 512 3322 fautores
541 3265 645 3334 sui,
696 3272 750 3320 et
791 3265 1124 3336 applaudunt
1166 3265 1216 3321 ei
1255 3266 1549 3337 complices
1577 3281 1875 3336 praesump-

271 3354 432 3410 tionis
462 3370 600 3421 suae,
631 3369 741 3410 non
770 3369 1082 3426 proponens
1129 3355 1305 3410 Deum
1353 3363 1474 3410 ante
1523 3363 1875 3426 conspectum

273 3460 449 3510 suum,
479 3442 776 3514 persuadet
805 3443 910 3498 sibi
955 3451 1138 3500 tenere
1187 3451 1239 3500 et
1266 3460 1536 3515 usurpare
1567 3461 1656 3500 res
1693 3459 1757 3500 ac
1787 3442 1874 3498 fa-

274 3533 500 3590 cultates
547 3547 584 3587 a
631 3547 691 3588 se
732 3531 936 3589 invasa:
984 3532 1248 3598 ecclesiae,
1303 3533 1514 3590 etiamsi
1566 3533 1637 3590 ad
1676 3549 1876 3588 nomen

274 3621 591 3694 episcopale
618 3621 906 3692 pervenire
949 3621 1274 3694 nequiverit,
1315 3630 1656 3678 assumentes
1689 3623 1745 3676 in
1774 3637 1876 3677 au-

272 3719 556 3784 gmentum
584 3727 697 3766 suae
743 3711 1110 3768 damnationis
1155 3713 1407 3784 exempla
1447 3713 1515 3767 de
1547 3713 1876 3784 quibusdam

277 3800 544 3870 ecclesiis,
597 3817 719 3873 qum
772 3801 1130 3874 quorumdam
1184 3801 1489 3873 principum
1541 3801 1876 3873 temporibus

273 3890 361 3944 diu
388 3890 510 3946 sine
537 3898 761 3962 pastore
789 3899 1084 3957 vacarunt,
1119 3907 1218 3946 sua
1250 3877 1419 3962 opera
1448 3891 1602 3963 quasi
1629 3907 1695 3946 ex
1723 3907 1874 3946 mor-

275 3978 379 4034 tuis
404 3979 665 4051 pellibus,
697 3986 756 4035 ut
801 3979 997 4034 beatus
1026 3981 1365 4036 demonstrat
1392 3979 1716 4054 Gregorius,
1751 3995 1875 4036 cre-

275 4067 463 4124 dentes
519 4069 740 4136 muniri,
803 4069 933 4124 dum
986 4069 1309 4141 pravitatem
1361 4085 1514 4124 suam
1559 4085 1626 4125 ex
1681 4069 1876 4124 alienis

273 4157 634 4229 pravitatibus
690 4165 926 4214 tuentur.
988 4157 1126 4228 Quia
1199 4158 1343 4213 enim
1395 4157 1525 4214 talia
1579 4158 1875 4231 contigisse

278 4247 644 4313 considerant,
691 4263 751 4303 se
804 4247 922 4304 haec
960 4246 1144 4304 facere
1201 4247 1430 4303 licenter
1475 4255 1688 4318 putant,
1730 4248 1874 4319 quod

1907 3141 1956 3204 C

1977 511 2240 568 Ecclesiae
2285 511 2342 568 in
2397 513 2487 569 die
2529 515 2701 570 sancti
2746 531 3076 587 parasceves
3121 527 3308 590 aperte
3337 519 3572 575 demon-

1979 607 2172 668 strant,
2207 611 2477 658 annuente
2522 602 2752 660 veritate
2798 605 3086 662 ostendere
3135 593 3568 678 procurabimus,

1979 689 2102 762 quia
2154 705 2257 746 nec
2311 706 2344 746 a
2399 691 2748 748 damnatione
2803 693 3113 750 simoniacae
3165 695 3434 752 haereseos
3490 705 3574 752 est

1977 777 2252 835 immunis.
2285 780 2550 836 Dominus
2579 781 2709 836 dicit
2747 781 2806 836 in
2832 782 3138 855 Evangelio
3175 784 3245 839 de
3273 784 3571 858 largiendis

1979 869 2152 924 sacris
2203 868 2490 924 ordinibus
2531 887 2544 924 :
2588 870 2778 926 Gratis
2833 873 3148 944 accepistis,
3209 874 3388 944 gratis
3443 873 3573 929 date

1979 957 2195 1028 (Matth.
2229 957 2315 1022 ι).
2352 979 2375 1009 ι
2410 957 2760 1026 Praesciebat,
2807 959 2980 1031 inquit
3028 960 3221 1016 beatus
3249 961 3570 1034 Gregorius,

1978 1045 2268 1101 nonnullos
2320 1047 2424 1102 hoc
2477 1047 2656 1118 ipsum
2712 1048 2915 1102 donum
2969 1049 3176 1120 accepti
3235 1049 3462 1120 Spiritus
3518 1051 3574 1105 in

1977 1151 2132 1190 usum
2163 1135 2545 1208 negotiationis
2573 1135 2876 1204 inﬂectere,
2910 1145 2962 1193 et
3005 1137 3391 1194 miraculorum
3419 1137 3578 1212 signa

1979 1223 2050 1279 ad
2081 1223 2320 1280 avaritiae
2358 1224 2682 1296 obsequium
2725 1224 3023 1282 declinare.
3070 1227 3206 1282 Hinc
3253 1234 3337 1281 est
3392 1227 3570 1295 enim,

1979 1313 2126 1384 quod
2157 1312 2342 1369 Simon
2373 1329 2570 1386 magus
2615 1331 2716 1385 per
2759 1313 3156 1386 impositionem
3203 1331 3395 1371 manus
3433 1316 3578 1372 edita

1977 1401 2243 1457 miracula
2305 1402 2667 1473 conspiciens,
2726 1403 3010 1474 percipere
3086 1404 3292 1459 donum
3347 1404 3578 1475 Spiritus

1980 1491 2155 1546 sancti
2182 1490 2412 1561 pecunia
2439 1491 2627 1557 voluit,
2687 1491 2892 1548 scilicet
2937 1499 2993 1546 ut
3036 1492 3274 1548 deterius
3315 1493 3577 1548 venderet

1980 1579 2127 1650 quod
2181 1579 2325 1634 male
2373 1588 2767 1651 comparasset.
2818 1579 2972 1637 Unde
3019 1579 3161 1636 bene
3206 1597 3329 1638 cum
3370 1583 3572 1652 justum

1979 1668 2155 1723 virum
2181 1667 2516 1724 describeret
2543 1669 2812 1740 propheta
2831 1669 2942 1724 ait:
2981 1671 3086 1738 Qui
3113 1673 3336 1726 excutit
3365 1687 3577 1726 manus

1904 1782 1960 1842 B
1981 1773 2112 1813 suas
2140 1758 2206 1813 ab
2237 1760 2394 1813 omni
2412 1774 2649 1814 munere
2665 1757 2760 1829 (Is.
2783 1757 3018 1831 xxxm).
3041 1759 3232 1831 Neque
3252 1759 3398 1814 enim
3421 1759 3569 1827 dicit,

1980 1845 2070 1917 qui
2100 1847 2300 1901 excutit
2335 1861 2527 1900 manus
2557 1861 2684 1902 suas
2731 1862 2764 1901 a
2792 1863 3036 1913 munere,
3085 1847 3181 1902 sed
3227 1847 3468 1916 adjunxit
3509 1849 3578 1904 ab

1978 1935 2151 2003 omni,
2187 1935 2311 2006 quia
2341 1935 2488 1990 aliud
2519 1943 2600 1989 est
2627 1951 2826 1990 munus
2855 1936 2924 1990 ab
2967 1935 3250 2008 obsequio,
3283 1935 3432 1991 aliud
3457 1952 3578 1990 mu-

1977 2038 2080 2077 nus
2125 2037 2159 2078 a
2205 2038 2391 2090 manu,
2431 2023 2580 2079 aliud
2620 2040 2818 2080 munus
2846 2039 2880 2079 a
2906 2024 3114 2096 lingua.
3147 2026 3340 2080 Munus
3377 2025 3577 2097 quippe

1979 2112 2048 2166 ab
2078 2112 2342 2185 obsequio
2373 2120 2472 2179 est,
2507 2113 2772 2184 subjectio
2799 2113 3040 2168 indebita
3081 2113 3350 2184 impensa,
3379 2129 3576 2168 munus

1979 2216 2013 2256 a
2038 2216 2203 2256 manu
2229 2202 2478 2273 pecunia,
2529 2218 2728 2257 munus
2773 2219 2805 2257 a
2851 2201 3040 2276 lingua
3087 2201 3262 2258 favor.
3304 2201 3410 2272 Qui
3440 2217 3576 2276 ergo

1979 2305 2169 2346 sacros
2199 2290 2422 2346 ordines
2451 2291 2652 2358 tribuit,
2695 2299 2822 2346 tunc
2851 2292 2922 2346 ab
2952 2290 3100 2346 omni
3127 2307 3353 2346 munere
3381 2307 3577 2346 manus

1980 2379 2200 2446 excutit,
2235 2379 2454 2451 quando
2482 2380 2538 2434 in
2566 2379 2764 2437 divinis
2801 2381 2967 2435 rebus
3013 2395 3121 2435 non
3153 2380 3327 2435 solum
3367 2378 3576 2434 nullam

1976 2467 2285 2538 pecuniam,
2320 2469 2417 2523 sed
2445 2469 2611 2523 etiam
2639 2469 2933 2523 humanam
2963 2468 3198 2542 gratiam
3228 2483 3336 2524 non
3381 2469 3572 2540 requi-

1978 2557 2066 2612 rit.
2105 2577 2128 2607 ν
2161 2557 2314 2612 Unde
2345 2557 2608 2616 Dominus
2638 2557 2936 2613 vendentes
2965 2566 3015 2612 et
3046 2565 3288 2613 ementes
3334 2573 3398 2612 ex
3429 2564 3573 2612 tem-

1978 2645 2070 2717 plo
2100 2644 2363 2711 eliminat,
2395 2645 2522 2717 quia
2551 2645 2637 2701 vel
2667 2661 2762 2701 eos
2793 2661 2894 2717 pro
2922 2662 3148 2700 munere
3175 2645 3574 2717 impositionem

1977 2750 2238 2789 manuum
2266 2733 2525 2801 tribuunt,
2559 2735 2646 2790 vel
2675 2751 2770 2790 eos
2799 2735 2892 2807 qui
2911 2735 3114 2790 donum
3137 2735 3368 2806 Spiritus
3390 2749 3575 2790 emere

1978 2823 2224 2878 nituntur
2252 2823 2493 2878 damnat.
2529 2824 2835 2880 Vendentes
2865 2824 3065 2896 quippe
3108 2825 3164 2878 in
3195 2823 3398 2896 templo
3427 2831 3570 2890 sunt,

1980 2911 2071 2984 qui
2099 2914 2206 2968 hoc
2237 2912 2381 2984 quod
2425 2912 2750 2984 quibusdam
2792 2913 2916 2982 jure
2955 2913 3212 2985 competit
3237 2913 3308 2968 ad
3337 2912 3576 2983 pretium

1978 3001 2303 3074 largiuntur.
2348 3003 2605 3058 Ementes
2650 3017 2780 3058 vero
2822 3002 2878 3057 in
2907 3001 3110 3073 templo
3141 3008 3292 3068 sunt,
3325 3000 3419 3072 qui
3447 3001 3576 3056 dato

1977 3091 2223 3162 patronis
2265 3091 2494 3161 praemio
2539 3098 2724 3146 emunt
2770 3097 3076 3162 peccatum.
3117 3090 3254 3144 Hinc
3297 3097 3381 3144 est
3427 3089 3574 3162 quod

1979 3179 2120 3235 sacri
2150 3193 2390 3235 canones
2421 3179 2774 3234 simoniacam
2803 3177 3054 3234 haeresim
3081 3178 3359 3244 damnant,
3393 3185 3447 3233 et
3477 3192 3572 3232 eos

1977 3267 2286 3323 sacerdotio
2307 3267 2509 3338 privari
2537 3267 2874 3340 praecipiunt,
2900 3268 2994 3340 qui
3009 3268 3078 3323 de
3107 3266 3407 3340 largiendis
3423 3265 3576 3321 ordi-

1975 3355 2135 3411 nibus
2163 3356 2400 3427 pretium
2447 3363 2714 3429 quaerunt.
2755 3359 2822 3412 Et
2866 3372 2989 3412 cum
3017 3355 3196 3427 prima
3232 3363 3424 3412 contra
3451 3365 3575 3410 san-

1976 3451 2120 3501 ctam
2149 3445 2452 3501 Ecclesiam
2495 3445 2792 3501 simoniaca
2834 3443 3058 3501 haeresis
3104 3445 3172 3500 sit
3215 3451 3424 3511 exorta,
3477 3459 3575 3500 cur
3665 3465 3677 3470 -

1976 3550 2086 3590 non
2113 3533 2330 3590 videtur
2357 3534 2485 3606 quia
2513 3549 2638 3590 eum
2668 3550 2832 3606 quem
2859 3549 2983 3590 cum
3011 3533 3186 3604 pretio
3215 3533 3574 3604 ordinatpro-

1975 3623 2224 3680 vehendo
2252 3623 2365 3696 agit
2391 3631 2450 3677 ut
2478 3623 2766 3679 haereticus
2794 3621 2932 3678 fiat?
2961 3621 3105 3678 sacri
3134 3637 3366 3694 namque
3396 3637 3572 3678 cano-

1975 3728 2074 3768 nes
2103 3720 2156 3767 et
2183 3711 2500 3768 ordinantes
2545 3719 2598 3768 et
2643 3711 2925 3768 ordinatos
2969 3727 3073 3783 pro
3101 3727 3348 3777 munere,
3391 3710 3489 3768 sed
3519 3716 3573 3766 et

1973 3800 2371 3857 interventores
2417 3799 2866 3874 irrefragabiliter
2911 3800 3192 3867 damnant,
3235 3800 3373 3856 sicut
3400 3799 3574 3856 lector

1974 3889 2031 3944 in
2060 3891 2301 3946 secundo
2341 3890 2580 3961 capitulo
2621 3889 2810 3962 magni
2857 3888 3319 3946 Chalcedonensis
3356 3887 3574 3945 concilii

1974 3980 2172 4050 poterit
2200 3979 2463 4036 invenire.
2494 3980 2610 4035 Nos
2657 3979 2876 4052 quidem
2918 3995 3028 4034 non
3059 3979 3267 4035 incerta
3305 3976 3572 4034 relatione

1975 4085 2120 4140 saepe
2150 4067 2319 4124 fatum
2350 4067 2640 4134 Odacrum,
2672 4084 2783 4123 non
2830 4068 3006 4123 solum
3050 4067 3358 4138 pecuniam,
3392 4067 3491 4122 sed
3520 4073 3574 4120 et

1973 4173 2064 4212 res
2093 4173 2192 4229 per
2219 4173 2327 4212 non
2349 4157 2560 4228 ignotas
2579 4172 2846 4227 personas
2867 4171 2966 4226 pro
2985 4155 3338 4226 percipiendo
3359 4154 3592 4226 episco-‘

1973 4245 2084 4318 pali
2110 4245 2302 4300 ordine
2333 4245 2592 4300 obtulisse
2621 4245 3007 4314 comperimus.
3041 4245 3109 4298 Et
3140 4251 3358 4299 sanctus
3386 4245 3572 4313 Auguo

276 4337 514 4393 schisma
543 4353 670 4392 esse
714 4344 904 4393 contra
957 4336 1304 4392 traditionem
1352 4335 1775 4392 ecclesiasticam
1821 4344 1918 4392 et—
1976 4335 2148 4390 stinus
2177 4333 2234 4388 in
2261 4333 2402 4389 libro
2431 4333 2500 4388 de
2529 4332 2753 4388 utilitate
2781 4331 3037 4388 credendi
3057 4331 3132 4387 ait
3163 4348 3175 4387 :
3214 4352 3236 4382 α
3272 4331 3572 4386 Haereticus

277 4441 562 4483 sacrorum
592 4441 864 4482 canonum
893 4426 1328 4483 constitutionem
1357 4432 1608 4496 patenter
1635 4423 1873 4480 ostendi-

1977 4431 2060 4478 est
2089 4421 2180 4495 qui
2206 4423 2432 4492 alicujus
2453 4422 2772 4494 temporalis
2804 4420 3076 4478 commodi
3105 4427 3158 4476 et
3185 4419 3421 4475 maxime
3451 4418 3572 4492 glo-

277 4522 378 4570 tur.
411 4515 575 4585 Quod
620 4521 842 4570 sanctus
884 4515 1186 4589 Gregorius
1234 4514 1290 4568 in
1331 4513 1616 4587 Evangelii
1657 4503 1944 4570 homiliaD
1973 4513 2066 4568 riae
2095 4511 2540 4585 principatusque
2570 4511 2768 4586 gratia,
2798 4510 2962 4566 falsas
2991 4526 3058 4567 ac
3084 4525 3256 4567 novas
3285 4507 3572 4580 opiniones

275 4603 556 4678 redarguit
615 4603 850 4661 dicens:
887 4626 908 4654 α
945 4605 1079 4660 Sunt
1124 4604 1386 4674 nonnulli,
1433 4603 1523 4675 qui
1573 4604 1704 4658 dum
1752 4603 1875 4674 plus

277 4701 547 4750 terrenam
604 4692 961 4748 substantiam
1002 4708 1166 4764 quam
1212 4709 1343 4748 oves
1384 4692 1634 4766 diligunt,
1682 4692 1875 4748 merito

276 4797 474 4838 nomen
503 4781 740 4852 pastoris
769 4781 1023 4853 perdunt,
1057 4781 1184 4854 quia
1210 4797 1319 4837 non
1340 4797 1440 4851 pro
1470 4796 1658 4836 amore
1689 4779 1876 4836 intimo

277 4886 407 4926 oves
437 4869 774 4936 Dominicas,
821 4871 918 4925 sed
958 4871 1028 4925 ad
1069 4869 1398 4942 temporales
1439 4869 1725 4926 mercedes
1771 4885 1875 4940 pa-

279 4968 451 5016 scunt.
485 4958 854 5016 Mercenarius
902 4959 1101 5031 quippe
1145 4967 1248 5030 est,
1298 4959 1390 5031 qui
1434 4959 1614 5016 locum
1643 4957 1878 5030 pastoris

275 5056 438 5116 tenet,
493 5049 595 5104 sed
652 5044 809 5105 lucra
856 5049 1164 5104 animarUm
1219 5063 1329 5104 non
1383 5047 1593 5120 quaerit,
1645 5047 1876 5104 terrenis

277 5137 584 5194 commodis
629 5137 821 5205 inhiat,
867 5139 1076 5194 honore
1119 5137 1450 5209 praelationis
1481 5137 1703 5210 gaudet,
1735 5145 1876 5192 tem-

277 5228 563 5298 poralibus
592 5226 758 5283 lucris
787 5227 1048 5298 pascitur,
1080 5226 1331 5299 impensa
1358 5225 1462 5281 sibi
1483 5227 1550 5280 ab
1571 5227 1878 5282 hominibus

277 5316 584 5372 reverentia
611 5316 822 5372 lmtatur
841 5359 854 5383 ,
883 5325 936 5371 et
965 5332 1063 5387 pro
1093 5333 1160 5373 eo
1190 5316 1308 5388 ipso
1353 5316 1498 5388 quod
1527 5315 1584 5370 in
1611 5315 1878 5388 regimine

278 5404 510 5474 laborat,
543 5403 632 5462 hic
661 5406 806 5476 quod
837 5405 1031 5478 quaerit
1071 5405 1329 5470 inveniat,
1382 5411 1433 5459 et
1463 5403 1532 5458 ab
1569 5404 1879 5460 haereditate

279 5495 466 5568 gregis
496 5494 554 5548 in
583 5501 864 5566 posterum
895 5495 1105 5551 alienus
1137 5494 1353 5550 existat.
1389 5514 1412 5544 ι)

346 5585 412 5641 ν.
448 5584 717 5640 Caeterum
747 5584 876 5660 quia
919 5591 1156 5660 cognata
1196 5592 1319 5640 sunt
1361 5581 1600 5639 schisma
1627 5590 1681 5637 et
1707 5583 1877 5638 haere-

1976 4602 2064 4658 vel
2091 4601 2271 4675 gignit
2315 4601 2404 4657 vel
2452 4602 2716 4674 sequitur.
2755 4601 2852 4657 Ille
2893 4608 3074 4656 autem
3123 4599 3214 4672 qui
3263 4596 3572 4668 hujusmodi

1975 4691 2182 4746 homini
2211 4691 2404 4758 credit,
2437 4692 2599 4747 homo
2627 4699 2709 4746 est
2737 4689 3126 4764 imaginatione
3175 4686 3408 4759 quadam
3450 4685 3571 4759 pie-

1977 4780 2102 4835 tatis
2130 4779 2340 4836 illusus.
2384 4801 2407 4830 ι

2049 4870 2137 4923 VI.
2170 4870 2233 4923 In
2261 4868 2550 4941 privilegio
2598 4865 2940 4924 Belvacensis
2985 4863 3267 4932 Ecclesiae,
3300 4879 3572 4922 consensu

1975 4956 2162 5013 domui
2194 4957 2378 5012 Karoli
2425 4974 2525 5013 nos
2569 4955 2811 5028 episcopi
2853 4960 3090 5027 quatuor
3141 4955 3569 5027 provinciarum,

1976 5047 2311 5102 Rhemorum
2359 5047 2581 5112 scilicet,
2625 5045 3170 5116 Rhotomagensium,
3232 5045 3570 5101 Turonorum

1976 5151 2040 5192 ac
2071 5137 2367 5206 Senonum,
2399 5136 2668 5205 majorum
2711 5133 2961 5206 exempla
2989 5134 3195 5201 secuti,
3227 5133 3493 5192 canonica
3520 5140 3573 5188 et

1977 5225 2274 5298 episcOpali
2321 5223 2638 5281 auctoritate
2695 5225 3048 5281 decernentes
3105 5223 3524 5295 subscripsimus
3555 5263 3572 5292 ,

1982 5335 2005 5366 ε
2041 5316 2109 5370 Ut
2137 5315 2282 5369 nulla
2313 5312 2592 5369 saecularis
2612 5320 2856 5384 potestas
2883 5313 2952 5368 de
2980 5313 3143 5369 rebus
3171 5311 3432 5386 episcopii
3451 5309 3572 5366 Bel-

1976 5403 2227 5459 vacensis
2275 5401 2539 5458 Ecclesiae
2583 5411 2906 5474 praesumat.
2945 5403 3002 5458 Si
3032 5402 3152 5476 quis
3189 5417 3321 5458 vero
3352 5416 3567 5474 regum,

1978 5491 2340 5558 sacerdotum,
2377 5499 2429 5548 et
2471 5492 2734 5562 judicum,
2783 5501 2946 5565 atque
2993 5491 3330 5548 saecularium
3373 5505 3568 5561 perso-

1976 5596 2191 5649 narum,
2259 5583 2396 5638 hanc
2461 5581 2858 5640 constitutionis
2913 5579 3171 5654 paginam
3227 5592 3568 5652 cognoscens
