4072 6306
490 276 589 332 251

1429 248 1434 252 ’
1517 274 1861 332 HINCMARI
1898 269 2302 330 aanmausxs
2340 269 2888 328 ARCHIEPISCOPI.
2941 333 2947 338 ,

3673 275 3785 331 252

488 407 674 457 contra
697 414 818 455 eam
845 399 1034 456 venire
1062 399 1368 466 tentaverit,
1399 415 1551 455 reum
1581 415 1641 454 se
1668 397 1852 454 divino
1874 396 2079 468 judicio
2109 395 2165 458 A
2184 411 2335 463 vere,
2365 411 2429 452 ac
2456 412 2554 467 per
2582 397 2686 452 hoc
2713 412 2814 453 nec
2859 395 3253 460 absolutionem
3283 403 3488 454 sanctae
3515 396 3786 454 Ecclesiae

491 488 724 545 existere
752 489 822 544 de
849 497 1157 560 perpetrata
1201 488 1481 561 iniquitate
1521 496 1838 561 cognoscat.
1893 489 1961 542 Et
1989 483 2096 541 nisi

491 577 578 633 vel
634 593 698 633 ea
745 594 869 650 quae
914 579 983 632 ab
1027 578 1120 634 illo
1167 587 1292 633 sunt
1333 577 1477 633 male
1531 577 1714 632 ablata
1775 575 2090 642 restituerit,

491 664 578 721 vel
607 665 774 738 digna
814 667 1134 738 poenitentia
1181 666 1369 722 illicita
1414 673 1536 722 acta
1577 665 1886 729 deﬂeverit,
1938 680 1971 720 a
2002 681 2092 719 sa-

491 753 802 810 cratissimo
851 771 1080 826 corpore
1138 770 1204 812 ac
1262 754 1529 828 sanguine
1577 754 1678 809 Dei
1725 753 1942 808 Domini
1981 753 2092 809 Re-

487 841 790 913 demptoris
829 845 1002 898 nostri
1050 845 1177 899 Jesu
1225 843 1422 899 Christi
1471 843 1682 898 alienus
1712 841 1806 896 ﬁat
1843 849 2005 914 atque
2036 841 2092 896 in

488 938 692 987 aeterno
723 931 972 987 examine
1001 931 1262 988 districta:
1303 931 1493 987 ultioni
1543 931 1840 1000 subjaceat.
1877 951 1899 981 ι
1935 932 2004 986 Et
2033 931 2090 986 in

490 1019 593 1074 hac
613 1019 995 1076 constitutione
1025 1028 1208 1076 nostra
1238 1019 1454 1075 Domini
1482 1019 1640 1074 nobis
1671 1019 1914 1074 adfuisse
1944 1037 2090 1090 pra:-

493 1106 723 1162 sentiam
780 1109 1068 1178 credimus,
1116 1109 1412 1164 secundum
1467 1108 1885 1180 promissionem
1935 1124 2089 1164 suam

495 1211 604 1267 qua
631 1195 760 1252 dicit
793 1213 806 1251 :
843 1198 938 1254 Ubi
964 1200 1205 1268 fuerunt
1247 1199 1569 1270 congregati
1595 1197 1704 1255 duo
1745 1201 1848 1253 aut
1879 1201 1994 1253 tres
2025 1199 2090 1253 in

497 1285 728 1340 nomine
755 1287 980 1350 meo,ibi
1008 1303 1136 1341 sum
1165 1286 1426 1342 inmedio
1439 1302 1632 1342 eorum
1661 1287 1881 1357 (Matth.
1911 1287 2084 1357 xvm).

494 1371 552 1426 Si
580 1388 716 1443 ergo
741 1374 935 1427 adesse
967 1373 1224 1446 dignatur
1238 1374 1330 1428 ubi
1348 1373 1546 1430 fuerint
1571 1375 1679 1429 duo
1709 1374 1794 1430 vel
1827 1381 1938 1429 tres
1958 1390 2090 1431 con-

491 1461 708 1533 gregati
749 1461 806 1515 in
852 1461 1070 1518 nomine
1117 1478 1236 1532 suo,
1287 1470 1492 1534 quanto
1537 1463 1716 1534 magis
1755 1478 1866 1518 non
1894 1463 2084 1532 deerit,

489 1548 581 1602 ubi
610 1549 795 1620 plures
825 1549 1200 1606 auctoritatem
1246 1551 1392 1606 illius
1440 1560 1734 1624 sequentes
1762 1553 2088 1608 conveniunt

492 1637 580 1692 vel
612 1637 956 1692 consentiunt
1002 1640 1364 1695 sacerdotes?
1411 1639 1517 1709 Qui
1563 1648 1743 1695 autem
1783 1657 1848 1695 ex
1878 1641 1964 1695 his
1995 1641 2088 1712 qui

486 1724 602 1794 jam
649 1726 720 1780 ad
764 1727 1056 1782 Dominum
1099 1736 1452 1798 perrexerunt
1508 1729 1563 1782 in
1620 1729 1841 1784 sedibus
1897 1746 2089 1784 eorum

494 1823 895 1882 successerunt,
932 1816 1072 1872 sicut
1101 1825 1320 1872 sanctus
1368 1817 1592 1873 Siricius
1622 1818 1677 1872 in
1719 1818 1950 1873 decretis
1979 1819 2095 1874 suis

494 1902 851 1972 demonstrat,
884 1905 939 1958 in
968 1919 1155 1960 eorum
1187 1905 1403 1961 labores
1431 1921 1696 1978 curasque
1741 1906 1942 1961 debent
1973 1923 2094 1963 suc-

493 1990 712 2061 cedere,
745 1998 799 2046 et
826 2009 949 2063 quae
978 2001 1352 2049 antecessores
1381 2010 1570 2050 eorum
1602 2002 1902 2050 statuerant
1931 2011 2093 2066 regu-

495 2078 700 2150 lariter,
751 2082 1039 2137 conamine
1087 2099 1300 2138 summo
1346 2083 1662 2140 defendere.
1713 2085 1874 2154 Nam,
1925 2085 2098 2156 inquit

494 2167 854 2238 Symmachus
873 2186 1034 2241 papa,
1077 2192 1098 2225 ι
1128 2172 1270 2226 Dum
1301 2173 1370 2228 ad
1391 2172 1661 2226 Trinitatis
1689 2172 1886 2241 instar,
1919 2173 2091 2242 cujus,

494 2271 603 2312 una
631 2265 714 2312 est
741 2265 902 2330 atque
931 2259 1206 2314 individua
1236 2269 1498 2330 potestas,
1521 2277 1686 2315 unum
1711 2261 1776 2315 sit
1796 2277 1896 2331 per
1915 2261 2096 2317 diver-

499 2360 591 2400 sos
646 2347 914 2402 antistites
962 2349 1360 2416 sacerdotium,
1407 2349 1865 2420 quemadmodum
1911 2349 2096 2420 priora

496 2440 688 2488 statuta
717 2449 749 2488 a
780 2436 1132 2507 sequentibus
1162 2437 1411 2492 convenit
1459 2437 1694 2493 violari?
1725 2439 1840 2494 Huc
1885 2438 2096 2494 accedit

495 2523 638 2594 quod
668 2523 784 2579 haec
814 2525 860 2578 si
891 2525 1102 2580 eveniat
1130 2525 1516 2582 sententiarum
1539 2527 1786 2590 varietas,
1819 2527 1888 2582 ad
1919 2527 2093 2598 ipsam

494 2621 892 2670 sacrosanctam
930 2614 1255 2670 catholicam
1300 2616 1624 2686 religionem
1657 2615 1931 2672 credimus
1960 2632 2093 2688 per-

493 2698 684 2765 tinere,
737 2701 892 2770 cujus
937 2703 1113 2756 omnis
1159 2712 1398 2774 potestas
1440 2703 1769 2776 infringitur,
1820 2705 1925 2758 nisi
1969 2705 2094 2759 uni-

494 2804 653 2842 versa
681 2804 802 2860 qua:
837 2805 870 2844 a
916 2790 1132 2844 Domini
1177 2792 1554 2848 sacerdotibus
1587 2793 1754 2848 semel
1793 2801 2096 2848 statuuntur

496 2885 757 2947 perpetua
786 2877 911 2942 sint,
947 2879 1091 2949 quod
1119 2879 1254 2934 alias
1285 2881 1598 2952 contingere
1635 2881 1854 2952 poterit,
1891 2881 1934 2936 si
1966 2899 2093 2937 suc-

496 2979 686 3021 cessor
715 2967 1026 3022 decessoris
1047 2968 1256 3023 actibus
1279 2985 1388 3023 non
1417 2969 1665 3025 tribuerit
1694 2970 2021 3037 firmitatem,
2042 2979 2097 3026 et

495 3054 802 3110 roborando
833 3073 954 3127 quae
984 3065 1141 3129 gesta
1171 3065 1294 3112 sunt
1322 3057 1482 3112 faciat
1513 3066 1626 3113 rata
1657 3075 1779 3114 esse
1810 3076 1930 3131 quae
1960 3077 2092 3130 ges-

2195 500 2356 556 quam
2383 492 2603 555 praestat
2649 483 2899 540 fidelibus
2939 501 3128 541 veram
3175 493 3379 556 putant,
3431 485 3477 540 si
3521 485 3789 560 ligaturas

2195 573 2313 642 ejus
2341 573 2523 629 valere
2551 589 2660 628 non
2683 573 2968 630 aestimant.
3001 574 3202 630 Contra
3221 589 3359 646 quos
3379 574 3578 630 diutius
3596 575 3793 646 dispu-

2193 661 2419 717 tandum
2449 677 2556 718 non
2587 669 2687 728 est,
2721 661 2848 734 quia
2871 679 2969 733 per
2997 663 3178 720 omnia
3205 662 3542 734 despiciendi
3567 670 3624 718 et
3651 679 3788 719 ana~

2194 750 2574 806 thematizandi
2606 759 2750 820 sunt,
2785 759 2839 806 et
2867 751 3012 807 unde
3041 767 3100 808 se
3130 751 3319 807 fallere
3348 752 3630 808 veritatem
3658 769 3788 808 cre-

2193 838 2344 905 dunt,
2369 838 2497 895 inde
2517 839 2572 894 in
2590 841 2830 911 peccatis
2863 839 2978 894 suis
2999 841 3265 896 veraciter
3291 839 3546 914 ligantur,
3579 857 3790 913 eosque

2192 935 2246 982 et
2280 942 2404 1000 ego,
2438 937 2491 984 et
2537 944 2727 984 omnes
2757 928 3008 985 catholici
3037 929 3299 1001 episcopi,
3331 937 3494 1001 atque
3534 929 3794 986 universa

2192 1017 2456 1083 Ecclesia,
2497 1018 3033 1087 anathematizamus,
3082 1018 3208 1090 quia
3252 1017 3465 1075 veritati
3493 1017 3790 1074 contraria:

2193 1105 2427 1160 sentiunt
2457 1113 2507 1160 et
2535 1106 2809 1161 contraria
2843 1107 3154 1178 loquuntur.
3194 1127 3216 1158 ι

2263 1193 2402 1249 VIII.
2437 1193 2589 1250 Sacri
2618 1194 2853 1266 denique
2872 1195 3078 1251 Nicaani
3105 1210 3345 1250 canones
3373 1195 3694 1262 decernunt,
3719 1195 3794 1251 de

2190 1282 2276 1337 his
2299 1283 2390 1354 qui
2419 1283 2801 1340 communione
2831 1283 3129 1355 privantur,
3177 1300 3274 1340 seu
3320 1301 3385 1338 ex
3415 1285 3564 1340 clero
3591 1301 3692 1340 seu
3724 1301 3793 1340 ex

2189 1371 2328 1428 laico
2349 1372 2541 1427 ordine
2559 1373 2738 1444 (conc.
2763 1374 2883 1429 Nic.
2907 1391 3004 1429 an.
3027 1377 3150 1438 323,
3169 1389 3298 1428 can.
3319 1375 3406 1442 5):
3433 1394 3454 1422 α
3476 1373 3560 1428 Ab
3580 1373 3796 1444 episco-

2189 1460 2274 1531 pis
2303 1477 2404 1531 per
2433 1477 2874 1532 unamquamque
2930 1461 3266 1532 provinciam
3298 1462 3567 1517 sententia
3627 1477 3794 1532 regu-

2190 1549 2323 1604 laris
2353 1549 2614 1614 obtineat,
2647 1557 2705 1604 ut
2758 1549 2814 1604 hi
2845 1549 2935 1621 qui
2965 1548 3289 1619 abjiciuntur
3316 1551 3384 1604 ab
3413 1550 3533 1604 aliis
3563 1565 3676 1604 non
3703 1567 3796 1605 re-

2189 1638 2474 1708 cipiantur.
2501 1659 2522 1688 ι
2549 1639 2628 1693 De
2647 1639 2801 1708 cujus
2821 1639 3005 1710 magni
3024 1639 3240 1694 concilii
3259 1639 3546 1710 privilegio
3564 1646 3794 1695 sanctus

2119 1750 2172 1810 Β
2193 1726 2430 1781 Hilarius
2473 1735 2526 1781 et
2577 1727 2767 1782 beatus
2797 1728 3118 1782 Ambrosius
3147 1728 3465 1783 mirabiliter
3501 1727 3752 1784 scribunt
3779 1749 3795 1797 ;

2194 1815 2289 1870 sed
2323 1823 2372 1870 et
2401 1831 2631 1888 magnus
2652 1817 2760 1871 Leo
2781 1832 2920 1887 papa
2939 1817 3066 1872 dicit
3087 1818 3273 1888 (epist.
3300 1820 3420 1886 106,
3441 1817 3514 1872 ad
3535 1818 3795 1886 Anatol.,

2193 1919 2243 1959 c.
2276 1908 2308 1960 2
2347 1912 2397 1958 et
2441 1906 2497 1975 4)
2533 1922 2546 1958 :
2583 1925 2604 1954 α
2640 1905 2828 1970 Tanto,
2882 1904 3155 1976 inquiens,
3202 1905 3458 1960 divinitus
3505 1905 3801 1979 privilegio

2191 1991 2416 2047 Nictena
2445 2001 2526 2047 est
2556 1993 2796 2064 synodus
2827 1981 3170 2063 consecrata,
3204 2001 3261 2048 ut
3292 1994 3406 2048 sive
3438 2010 3536 2064 per
3564 1995 3800 2064 paucio-

2193 2096 2301 2146 res,
2336 2081 2450 2137 sive
2479 2097 2578 2152 per
2605 2082 2788 2152 plures
2809 2082 3178 2139 ecclesiastica
3199 2081 3404 2151 judicia
3422 2081 3796 2153 celebrentur,

2193 2169 2340 2224 omni
2389 2170 2604 2240 penitus
2652 2170 2971 2226 auctoritate
3021 2170 3090 2224 sit
3131 2187 3381 2238 vacuum,
3425 2171 3689 2242 quidquid
3721 2173 3800 2226 ab

2193 2257 2411 2312 illorum
2458 2257 2618 2313 fuerit
2671 2259 3048 2314 constitutione
3104 2259 3398 2314 diversum.
3455 2281 3477 2310 ι
3536 2260 3605 2314 Et
3661 2260 3800 2316 item

2194 2348 2380 2418 (epist.
2417 2348 2507 2418 53)
2542 2363 2554 2402 :
2594 2368 2615 2397 ν
2653 2348 2835 2404 Sancti
2869 2348 2945 2402 illi
2993 2356 3044 2402 et
3074 2348 3412 2403 venerabiles
3455 2349 3666 2417 Patres,
3699 2350 3800 2421 qui

2193 2436 2246 2488 in
2277 2436 2412 2492 urbe
2437 2437 2678 2503 Nicaena,
2713 2437 2982 2509 sacrilego
3027 2436 3154 2492 Ario
3203 2453 3326 2491 cum
3375 2452 3474 2492 sua
3511 2437 3796 2508 impietate

2192 2523 2466 2590 damnato,
2521 2541 2809 2580 mansuras
2855 2542 3026 2597 usque
3068 2526 3123 2580 in
3179 2524 3345 2580 ﬁnem
3401 2526 3588 2580 mundi
3635 2527 3799 2599 leges

2192 2613 2684 2670 ecclesiasticorum
2739 2630 3008 2670 canonum
3085 2613 3502 2683 condiderunt,‘
3537 2623 3590 2670 et
3645 2617 3800 2686 apud

2193 2719 2292 2758 nos
2333 2703 2388 2757 in
2431 2711 2542 2758 toto
2586 2705 2716 2759 orbe
2764 2712 3025 2760 terrarum
3072 2703 3126 2757 in
3174 2704 3286 2758 suis
3316 2703 3797 2761 constitutionibus

2192 2793 2400 2860 vivunt,
2434 2800 2486 2847 et
2531 2793 2576 2846 si
2624 2793 2753 2865 quid
2782 2809 3015 2864 usquam
3061 2793 3217 2848 aliter
3245 2809 3406 2864 quam
3446 2792 3522 2846 illi
3552 2801 3798 2849 statuere

2191 2881 2548 2950 praesumitur,
2603 2881 2719 2935 sine
2769 2881 3110 2937 cunctatione
3155 2891 3421 2937 cassatur.
3459 2903 3481 2932 n
3542 2883 3609 2936 Et
3661 2883 3795 2938 item

2193 2969 2336 3023 idem
2363 2969 2418 3024 in
2447 2969 2702 3026 decretali
2746 2987 2841 3024 sua
2889 2970 3113 3041 epistola
3161 2971 3344 3042 (epist.
3379 2975 3463 3039 12,
3515 2971 3588 3026 ad
3617 2973 3794 3043 episc.

2195 3059 2394 3129 Afric.,
2428 3076 2476 3114 c.
2511 3059 2566 3127 2)
2599 3077 2612 3112 :
2651 3080 2672 3108 ‹‹
2707 3058 2856 3114 Beati
2902 3059 3054 3114 Pauli
3101 3059 3332 3130 apostoli
3379 3075 3478 3129 per
3527 3059 3796 3130 Spiritum

493 3143 639 3200 serit.
675 3143 890 3212 Quanta
920 3145 1062 3200 enim
1094 3146 1312 3202 vicariis
1345 3147 1643 3203 beatissimi
1674 3149 1813 3204 Petri
1860 3149 2094 3220 apostoli
2123 3111 2173 3175 Ο
2196 3147 2294 3203 Dei
2325 3147 2521 3202 emissa
2552 3148 2846 3219 praeceptio
2887 3156 2986 3214 est,
3033 3165 3136 3220 qua
3165 3148 3221 3202 in
3249 3163 3485 3218 persona
3521 3149 3800 3205 Timothei

488 3231 817 3300 judicabitur
863 3251 985 3290 esse
1043 3237 1365 3306 reverentia,
1416 3237 1463 3292 si
1517 3255 1638 3308 quae
1679 3239 1734 3292 in
1790 3239 2093 3295 sacerdotio

495 3322 834 3391 praecipiunt,
869 3323 1064 3377 iisdem
1095 3325 1502 3379 transeuntibus
1533 3326 1936 3381 dissolvantur?
1971 3349 1993 3377 ν

567 3409 684 3464 VII.
718 3410 778 3464 In
806 3410 1093 3482 privilegio
1124 3412 1309 3467 domui
1342 3428 1498 3484 papae
1524 3413 1752 3476 Nicolai,
1785 3417 1929 3486 quod
1949 3424 2092 3470 tem-

495 3515 626 3570 porc
659 3497 866 3554 Odonis
897 3500 1139 3572 episcopi
1187 3502 1436 3558 ecclesiae
1482 3503 1796 3558 Belvacensi
1844 3505 2089 3572 contulit,

496 3588 566 3643 ad
596 3589 775 3644 locum
805 3589 878 3644 ita
908 3590 1168 3661 scriptum
1197 3599 1279 3646 est
1311 3608 1324 3644 ε
1364 3613 1385 3640 (ι
1421 3591 1612 3646 Nullus
1659 3593 1839 3664 itaque
1880 3610 2089 3664 regum,

495 3677 674 3731 nullus
697 3677 960 3746 judicum,
993 3679 1170 3734 nullus
1200 3681 1570 3752 cujuscunque
1602 3682 1879 3736 seceularis
1911 3691 2096 3752 poten-

497 3765 584 3820 tiae
613 3765 878 3838 dignitate
910 3765 1090 3831 fultus,
1124 3767 1179 3821 in
1220 3769 1386 3823 rebus
1416 3769 1502 3824 vel
1531 3770 1672 3823 villis
1705 3771 1789 3825 vel
1828 3771 1978 3843 agris
2009 3772 2092 3826 vel

495 3853 798 3924 mancipiis,
845 3854 930 3908 vel
979 3855 1241 3927 quidquid
1288 3857 1356 3911 ad
1386 3858 1709 3912 monasteria
1759 3858 1960 3914 ibidem
1997 3861 2094 3914 de-

495 3942 694 4013 scripta
739 3943 992 3999 collatum
1037 3943 1216 4012 fuerit,
1265 3953 1583 4015 potestatem
1632 3947 1828 4002 habeat
1876 3948 1962 4002 vel
1987 3949 2093 4004 do-

493 4031 736 4086 minandi
781 4032 868 4086 vel
915 4031 1236 4104 accipiendi,
1269 4035 1355 4090 vel
1398 4033 1714 4105 auferendi,
1747 4044 1944 4106 praeter
1972 4037 2092 4109 epi-

495 4135 720 4192 scOpum
751 4121 1118 4189 Belvacensis,
1169 4123 1258 4195 qui
1306 4141 1402 4195 per
1446 4131 1657 4197 tempus
1705 4124 1864 4180 fuerit
1912 4126 2092 4182 cidem

492 4209 750 4280 praelatus
781 4211 1026 4267 ecclesiae
1061 4229 1074 4266 :
1108 4213 1206 4268 sed
1237 4213 1499 4286 quidquid
1543 4214 1598 4269 in
1626 4231 1758 4270 auro
1795 4215 1882 4270 vel
1911 4215 1966 4270 in
1997 4233 2091 4270 ar-

494 4305 677 4371 gento,
714 4299 800 4354 vel
846 4301 902 4354 in
949 4316 1272 4373 quacunque
1329 4303 1668 4374 supellectili,
1721 4304 1806 4359 vel
1852 4304 1908 4358 in
1945 4305 2090 4360 omni

495 4387 770 4443 facultatis
800 4389 1106 4443 substantia
1135 4390 1268 4460 ipsis
1298 4399 1380 4445 est
1422 4393 1770 4447 monasteriis
1795 4393 1958 4448 hodie
1989 4394 2091 4448 dc-

2192 3237 2430 3293 omnium
2481 3237 2680 3292 Christi
2727 3238 3076 3293 sacerdotum
3118 3254 3378 3292 numerus
3426 3237 3689 3304 eruditur,
3742 3247 3799 3294 et

2191 3327 2420 3396 proinde
2453 3326 2743 3398 unicuique
2772 3334 3016 3380 nostrum
3063 3326 3258 3381 dicitur
3291 3343 3303 3379 :
3341 3327 3534 3382 Manus
3571 3329 3802 3383 nemini

2193 3417 2305 3471 cito
2335 3416 2693 3486 imposurris,
2717 3431 2894 3487 neque
2916 3417 3295 3470 com-manicas
3315 3417 3561 3487 peccatis
3582 3417 3794 3472 alienis

2195 3505 2241 3574 (I
2276 3505 2412 3559 Tim.
2448 3503 2523 3572 v);
2557 3525 2578 3552 υ
2613 3511 2662 3558 et
2683 3503 2843 3574 paulo
2871 3512 3029 3573 post:
3059 3525 3079 3553 α
3108 3503 3248 3572 Quid
3281 3511 3362 3557 est
3392 3504 3795 3559 communicare

2193 3592 2434 3662 peccatis
2465 3591 2678 3660 alienis,
2708 3591 2813 3645 nisi
2843 3592 3005 3646 talem
3037 3591 3173 3647 efﬁci
3201 3591 3618 3658 ordinationem,
3651 3609 3794 3664 qua-

2192 3681 2260 3735 lis
2289 3681 2379 3736 ille
2411 3689 2493 3736 est
2523 3681 2614 3752 qui
2645 3697 2752 3735 non
2783 3681 2978 3734 meruit
3008 3681 3290 3736 ordinari?
3320 3681 3455 3736 sicut
3485 3681 3629 3736 enim
3659 3682 3794 3736 boni

2193 3769 2376 3841 Operis
2408 3770 2510 3823 sibi
2541 3777 2816 3840 comparat
2849 3769 3101 3838 fructum,
3152 3770 3243 3841 qui
3286 3779 3493 3825 rectum
3542 3778 3690 3825 tenet
3737 3771 3794 3825 in

2193 3859 2450 3930 eligendo
2495 3858 2777 3914 sacerdote
2815 3859 3097 3926 judicium,
3148 3858 3220 3912 ita
3267 3858 3425 3930 gravi
3464 3859 3794 3930 scmetipum

2193 3947 2357 4002 aﬁicit
2384 3948 2604 4012 damno,
2639 3947 2730 4019 qui
2760 3947 2813 4000 in
2863 3963 3020 4002 suum
3053 3947 3346 4020 collegium
3387 3947 3614 4002 assumit
3643 3949 3794 4004 indi-

2191 4052 2378 4108 gnum.
2403 4036 2527 4090 Non
2546 4052 2680 4108 ergo
2700 4035 2754 4089 in
2777 4035 3092 4107 cujusquam
3123 4052 3361 4107 persona
3378 4037 3796 4107 praetermitten-

2191 4125 2320 4179 dum
2351 4132 2452 4190 est,
2485 4125 2632 4196 quod
2661 4124 2919 4178 institutis
2951 4125 3298 4198 generalibus
3328 4126 3654 4192 continetur,
3688 4142 3795 4182 nec

2191 4214 2458 4286 putandus
2487 4223 2569 4268 est
2598 4215 2772 4269 honor
2820 4213 2910 4268 ille
2954 4213 3247 4287 legitimus,
3281 4215 3372 4285 qui
3411 4213 3572 4269 fuerit
3605 4224 3798 4271 contra

2191 4303 2386 4358 divinae
2416 4303 2556 4376 legis
2576 4311 2848 4374 praecepta
2867 4303 3116 4358 collatus.
3157 4326 3176 4352 υ
3201 4303 3268 4357 Et
3289 4303 3414 4358 item
3435 4303 3614 4358 idem:
3644 4325 3663 4353 ς
3691 4303 3797 4358 Su-

2189 4393 2398 4464 perﬂue
2428 4401 2582 4447 extra
2610 4391 2912 4448 Ecclesiam
2941 4392 3134 4462 positis
3172 4393 3496 4462 resistimus,
3531 4393 3576 4448 si
3605 4393 3677 4448 ab
3707 4393 3796 4448 his

495 4476 752 4547 legatum,
814 4477 900 4531 vel
948 4476 1138 4531 futuris
1193 4479 1527 4548 temporibus
1583 4479 1743 4535 fuerit
1797 4481 2050 4536 collatum
2077 4525 2090 4548 ,
2122 4475 2290 4553 uni
2337 4482 2481 4535 intus
2529 4489 2654 4534 sunt
2683 4480 2736 4534 in
2784 4480 2863 4535 eis
2901 4497 3039 4552 quos
3083 4481 3360 4552 decipiunt
3416 4482 3792 4538 vulneramur.

498 4565 740 4636 episc0pi
773 4565 1116 4622 Belvacensis
1144 4566 1507 4623 distributioni
1555 4576 1608 4624 et
1637 4569 1962 4624 ordinationi
2005 4568 2096 4624 ﬁat

499 4655 818 4724 subjectum,
867 4671 970 4710 nec
997 4655 1222 4710 alterius
1252 4657 1530 4726 potestatis
1554 4658 1645 4726 jus
1675 4657 1760 4712 vel
1799 4658 2094 4714 dominatio

499 4759 659 4812 super
687 4744 767 4798 eis
796 4753 1114 4816 potestatem
1160 4744 1418 4817 aliquam,
1454 4745 1558 4800 nisi
1607 4754 1866 4816 quantum
1911 4746 2096 4802 divina

499 4831 786 4886 auctoritas
817 4841 871 4887 et
901 4833 985 4888 lex
1017 4841 1068 4889 et
1097 4834 1306 4902 justitia
1333 4834 1609 4904 permittit,
1643 4834 2090 4892 obtineat.........

499 4919 670 4975 oculis
699 4920 768 4974 ad
797 4920 976 4991 ignem
1007 4933 1324 4994 perpetuum
1356 4923 1531 4980 vadat.
1567 4924 1720 4979 Unde
1769 4923 1872 4994 ipsi
1901 4933 1953 4981 et
1981 4926 2094 4981 suis

500 5007 856 5079 complicibus
919 5008 1240 5067 inculcanda
1283 5021 1366 5068 est
1421 5011 1691 5068 sententia
1747 5012 1888 5068 beati
1948 5015 2092 5071 Gre-

499 5097 661 5171 gorii,
695 5113 858 5170 quam
905 5098 961 5152 in
989 5099 1216 5170 epistola
1263 5103 1580 5158 Grmcorum
1625 5102 1866 5172 partibus
1905 5112 2092 5160 contra

499 5195 734 5258 quatuor
779 5188 918 5244 male
958 5188 1301 5244 sentientium
1329 5191 1560 5261 capitula
1608 5191 1803 5261 posuit,
1839 5193 1930 5264 qui
1961 5209 2093 5250 ana—

498 5277 822 5332 thematizati
855 5294 978 5334 cum
1024 5277 1144 5332 aliis
1192 5279 1513 5350 perniciosis
1559 5281 1959 5351 persuadebant
1989 5283 2094 5338 sibi

495 5367 857 5422 anathematis
888 5368 1102 5424 vinculo
1144 5384 1254 5423 non
1303 5368 1494 5424 teneri.
1531 5391 1552 5420 «
1589 5371 1716 5441 Ipsi,
1768 5371 1954 5444 inquit,
1991 5373 2094 5427 sibi

495 5463 663 5511 testes
694 5465 817 5511 sunt
847 5457 975 5528 quia
1020 5457 1306 5513 Christiani
1355 5474 1462 5514 non
1493 5467 1635 5526 sunt,
1671 5461 1763 5532 qui
1801 5461 2092 5534 ligamenta

497 5553 699 5604 sanctae
750 5546 1013 5604 Ecclesia:
1058 5547 1209 5603 vanis
1256 5563 1315 5603 se
1355 5547 1618 5606 aestimant
1663 5551 1942 5608 conatibus
1985 5550 2094 5606 sol-

2197 4569 2423 4638 Oportet
2453 4569 2651 4623 etenim
2699 4585 2800 4624 nos
2829 4569 3129 4642 evangelici
3158 4570 3473 4625 meminisse
3510 4571 3795 4642 praecepti,

2195 4659 2340 4729 quod
2371 4658 2440 4712 ab
2470 4658 2586 4728 ipsa
2614 4658 2836 4713 veritate
2882 4659 3214 4730 przecipitur,
3265 4668 3320 4713 ut
3353 4659 3396 4714 si
3427 4675 3527 4714 nos
3557 4660 3755 4714 oculus
3776 4705 3789 4726 ,

2195 4754 2284 4801 aut
2315 4763 2431 4818 pes,
2463 4757 2552 4803 aut
2579 4748 2804 4803 dextera
2841 4748 3282 4803 scandalizaverit
3321 4764 3534 4814 manus,
3570 4763 3601 4803 a
3631 4764 3792 4804 com-

2193 4853 2337 4910 page
2367 4837 2614 4908 corporis
2643 4837 2935 4904 auferatur,
2967 4837 3093 4910 quia
3111 4839 3306 4893 melius
3333 4838 3401 4892 sit
3429 4838 3514 4892 his
3542 4837 3596 4891 in
3620 4838 3806 4894 eccle-

2195 4927 2276 4981 sia
2305 4942 2493 4982 carere
2536 4926 2926 4992 membrorum,
2978 4943 3140 4998 quam
3189 4943 3312 4982 cum
3340 4927 3473 4998 ipsis
3503 4927 3557 4981 in
3585 4934 3794 4982 aeterna

2193 5015 2274 5070 ire
2304 5015 2588 5086 supplicia.
2628 5037 2648 5064 ιι

2264 5104 2584 5173 Abjicicnda
2625 5121 2854 5174 prorsus
2910 5103 3164 5176 pestifera
3212 5106 3329 5160 haec
3379 5120 3411 5159 a
3455 5103 3788 5161 sacerdotali

2192 5195 2384 5266 vigore
2413 5193 2676 5264 patientia
2719 5202 2818 5264 est,
2861 5210 2981 5266 quae
3026 5193 3241 5249 sibimet
3286 5193 3525 5264 peccatis
3555 5192 3792 5248 aliorum

2191 5283 2466 5354 parcendo
2497 5298 2604 5337 non
2632 5284 2823 5354 parcit,
2868 5283 3007 5338 sicut
3039 5283 3156 5337 lleli
3201 5283 3470 5355 quondam
3501 5282 3785 5351 sacerdos,

2193 5371 2428 5426 filiorum
2457 5388 2680 5426 suorum
2709 5373 2908 5428 delicta
2938 5372 3236 5438 tolerando,
3271 5389 3393 5428 cum
3425 5371 3555 5443 ipsis
3585 5371 3789 5427 divinae

2187 5460 2406 5530 justitiae
2437 5462 2760 5517 sententiam
2807 5461 3004 5517 meruit
3049 5461 3326 5532 expet-tiri,
3363 5461 3488 5532 quia
3517 5460 3673 5533 segni
3705 5461 3791 5516 in-

2193 5550 2470 5621 dulgentia
2515 5551 2874 5608 dissimulavit
2923 5550 3162 5622 plectere
3215 5558 3554 5628 peccatores.
3611 5549 3792 5626 Igitur
