4072 6298
265 289 372 345 353

1764 285 1916 344 EPIS
1923 282 2135 344 TOLE.

3460 300 3568 355 28‘

267 413 422 482 juxta
449 417 790 484 praceptum
819 409 1061 479 Levitici,
1095 412 1152 468 in
1182 426 1290 486 quo
1336 411 1543 485 leprOsi
1583 412 1874 469 domorum
1891 411 1948 474 A
1978 411 2304 484 pracipiunt
2329 415 2556 488 regula.
2587 417 2951 475 Accusatores
2977 426 3155 478 autem
3193 436 3258 478 ac
3303 428 3474 479 testes
3499 424 3567 479 ad

273 500 486 573 lapides
516 517 547 556 a
578 501 861 557 sacerdote
889 501 1104 573 inspici,
1138 508 1192 557 et
1220 501 1312 574 qui
1359 518 1426 557 ex
1473 501 1554 558 eis
1598 501 1878 574 puriﬁcari

273 588 600 661 nequiverit,
627 591 745 660 jam
786 590 927 646 inter
971 590 1283 646 immundos
1325 591 1648 664 computari,
1697 606 1765 648 ac
1805 592 1876 647 de

274 679 468 734 ordine
497 679 832 734 mundorum
873 679 1117 749 lapidum
1163 679 1478 751 pracipitur
1521 680 1660 748 erui,
1707 687 1762 736 et
1805 681 1875 736 de

273 766 486 823 calesti
543 765 780 823 adiﬁcio
802 810 816 832 ,
865 767 1121 824 videlicet
1167 776 1352 824 sancta
1397 769 1676 836 Ecclesia,
1727 769 1876 826 velut

272 856 536 928 indignus
563 855 747 925 abjici,
780 871 843 912 ac
871 855 1056 912 divino
1084 857 1334 912 examine
1363 857 1499 912 alius
1546 858 1637 930 qui
1675 858 1874 930 dignus

273 953 353 1000 est
381 944 438 998 in
466 944 591 1000 loco
619 944 767 999 illius
798 944 1067 1014 substitui,
1103 945 1228 1017 quia
1257 961 1403 1017 sape
1437 946 1576 1000 fatus
1623 946 1874 1015 Odacms

271 1048 381 1089 non
435 1041 522 1088 est
567 1033 802 1090 clericus
850 1033 1174 1089 Rhemensis
1213 1041 1415 1105 nostra
1460 1035 1772 1106 provincia,
1820 1044 1873 1091 et

273 1129 459 1178 contra
504 1136 691 1178 sacras
744 1121 898 1195 leges
951 1129 1005 1177 et
1059 1121 1276 1193 regulas
1322 1132 1606 1179 vacantem
1651 1133 1872 1195 pastore

271 1211 679 1282 suﬂ‘raganeam
711 1210 1027 1281 metropolis
1072 1218 1273 1266 nostra
1318 1212 1566 1268 ecclesia
1612 1213 1871 1269 invadere

271 1299 639 1371 prasumpsit,
669 1306 725 1354 et
753 1297 956 1354 reditus
987 1299 1236 1355 ecclesia
1264 1299 1514 1368 viduata,
1566 1316 1703 1372 quas
1749 1317 1870 1357 ma-

273 1403 439 1458 gnum
487 1387 934 1443 Chalcedonense
981 1387 1272 1444 concilium
1311 1404 1482 1459 penes
1528 1403 1871 1445 aconomum

271 1477 518 1544 ejusdem
549 1475 800 1532 ecclesia
828 1475 1040 1548 integre
1069 1477 1384 1533 conservari
1412 1477 1680 1549 praecipit,
1704 1478 1873 1534 sacri-

271 1565 395 1634 lege
423 1564 728 1635 usurpavit,
762 1579 887 1620 cum
913 1564 1138 1620 difiinito
1162 1565 1367 1634 judicio
1413 1565 1586 1637 ipsius
1631 1567 1866 1633 concilii,

274 1661 326 1708 et
353 1652 916 1709 excommunicatione
965 1653 1347 1724 episcoporum
1387 1662 1615 1726 quatuor
1643 1655 1869 1726 provin-

1973 501 2338 558 accusandum
2368 503 2456 560 vel
2482 504 2551 560 ad
2579 503 2976 563 testiﬁcandum
3020 511 3159 565 tales
3200 511 3572 583 suscipiuntur

1975 591 2275 646 secundum
2301 591 2616 648 Africanum
2634 595 2946 664 concilium,
2965 597 3156 668 quales
3169 599 3401 669 publica
3414 600 3570 674 leges

1972 677 2030 732 in
2059 678 2226 734 mallo
2255 681 2342 736 vel
2373 682 2652 739 audientia
2681 683 2752 740 ad
2781 685 3151 742 accusandum
3199 695 3252 742 et
3279 689 3348 745 ad
3373 688 3570 744 testiﬁ-

1972 767 2208 824 candum
2241 769 2551 826 admittunt.
2585 771 2645 827 Si
2671 781 2849 828 autem
2879 774 3026 829 mala
3072 775 3214 830 fama
3259 792 3326 832 ex
3371 777 3568 833 simili-

1971 855 2158 912 tudine
2213 873 2316 928 per
2367 859 2686 930 parochiam
2743 861 2814 918 de
2868 863 3187 935 presbytero
3241 864 3460 932 exierit,
3516 874 3572 922 et

1972 952 2324 1001 accusatores
2357 955 2411 1002 et
2455 955 2620 1004 testes
2663 949 2874 1022 legales
2921 951 3214 1019 defuerint,
3263 969 3335 1010 ne
3381 960 3570 1010 contra

1970 1034 2293 1104 Apostolum
2321 1033 2660 1092 infirmorum
2697 1039 2867 1094 corda
2895 1039 2964 1094 de
2992 1040 3136 1096 mala
3164 1040 3308 1096 fama
3335 1043 3570 1114 presby-

1971 1121 2072 1176 teri
2127 1122 2525 1192 percutiantur,
2587 1133 2640 1180 et
2695 1142 2765 1180 ne
2820 1127 3158 1199 vituperetur
3209 1129 3569 1186 ministerium

1971 1213 2213 1260 nostrum
2237 1251 2250 1273 ,
2313 1223 2490 1279 neque
2548 1210 2852 1266 securiores
2909 1213 3216 1284 presbyteri
3274 1215 3568 1272 existentes

1970 1293 2218 1350 licentius
2253 1295 2310 1350 iii
2351 1304 2636 1367 peccatum
2680 1297 2950 1366 labantur,
3001 1302 3302 1357 secundum
3345 1303 3568 1360 decreta

1969 1383 2249 1452 majorum,
2281 1401 2407 1440 cum
2438 1385 2803 1442 denominatis
2834 1388 2938 1442 sibi
2968 1389 3162 1445 vicinis
3204 1392 3562 1464 presbyteris,

1971 1487 2109 1544 quos
2139 1472 2342 1529 scimus
2371 1490 2431 1529 se
2459 1474 2606 1530 nolle
2635 1477 2916 1546 perjurare
2957 1487 3314 1546 sacramento,
3362 1479 3567 1538 famam

1971 1575 2126 1614 suam
2167 1569 2386 1634 purget.
2435 1562 2494 1618 Si
2539 1571 2717 1619 autem
2761 1565 3141 1622 denominatos
3180 1583 3215 1622 a
3255 1568 3414 1623 nobis
3464 1569 3568 1625 sibi

1968 1648 2322 1719 presbyteros
2351 1651 2421 1705 ad
2451 1649 2650 1707 famam
2681 1669 2833 1708 suam
2863 1655 3204 1727 purgandam
3231 1656 3437 1712 habere
3466 1675 3565 1713 ne-

272 1742 503 1806 ciarum,
535 1741 759 1812 insuper
787 1749 838 1796 et
877 1741 1063 1796 domni
1111 1758 1266 1814 papa
1305 1742 1518 1798 Nicolai
1561 1744 1872 1814 apostolica
1898 1768 1952 1829 Β
1973 1735 2104 1829 quit,
2141 1744 2194 1792 et
2222 1738 2356 1829 alios
2386 1740 2455 1794 ad
2485 1756 2670 1796 secum
2699 1741 2994 1810 iurandum
3036 1744 3372 1812 conduxerit,
3425 1761 3565 1818 quo-

273 1830 419 1885 sedis
473 1829 779 1900 pontificis,
833 1846 866 1885 a
913 1830 1071 1886 nobis
1117 1830 1434 1902 evangelica
1475 1840 1530 1886 et
1576 1833 1872 1902 apostolica

271 1927 432 1990 atque
461 1919 723 1974 canonica
765 1919 1079 1998 auctoritate
1127 1919 1197 1974 sit
1244 1921 1764 1987 excommunicatus,
1815 1929 1874 1977 ut

271 2023 546 2079 nunquam
574 2008 662 2063 vel
689 2024 958 2080 nusquam
989 2008 1044 2062 in
1074 2008 1360 2079 provincia
1387 2010 1708 2081 metropolis
1736 2011 1873 2066 Rhe-

269 2112 488 2152 morum
516 2096 782 2153 Ecclesia
801 2097 865 2176 in
894 2098 1072 2170 gradu
1103 2098 1474 2154 ecclesiastico
1501 2098 1788 2166 ministret,
1821 2107 1874 2154 et

269 2185 316 2239 si
344 2185 400 2239 in
427 2185 728 2256 pertinacia
757 2202 869 2240 sua
904 2186 1248 2256 pervasionis
1295 2187 1364 2242 de
1409 2195 1605 2242 catero
1648 2203 1872 2244 manere

271 2273 706 2344 praesumpserit,
738 2289 1012 2345 nunquam
1039 2273 1128 2330 vel
1165 2290 1433 2346 nusquam
1478 2275 1534 2329 in
1577 2276 1871 2332 Rhemensi

273 2361 559 2433 provincia
589 2378 712 2416 cum
741 2362 923 2433 aliquo
951 2362 1256 2418 Christiano
1285 2364 1666 2431 communicet,
1691 2381 1870 2437 neque

271 2465 474 2522 corpus
503 2459 559 2506 et
587 2451 908 2524 sanguinem
939 2451 1156 2518 Christi,
1189 2453 1295 2506 nisi
1326 2451 1484 2519 forte,
1504 2453 1653 2522 juxta
1682 2455 1870 2524 mysti-

271 2555 390 2595 cam
420 2540 706 2596 Nicanam
736 2540 1005 2610 synodum
1034 2543 1185 2612 (can.
1216 2540 1326 2608 l3),
1378 2541 1434 2594 in
1469 2541 1614 2596 exitu
1659 2543 1869 2613 positus

269 2627 520 2683 viaticum
551 2643 749 2684 munus
780 2643 954 2684 sacra
983 2628 1378 2684 communionis
1405 2629 1654 2701 accipiat.
1752 2645 1764 2658 ο

750 2742 1090 2800 EPISTOLA
1127 2744 1385 2799 XXXIV.

457 2865 532 2906 AD
569 2865 830 2908 JOANNEH
867 2865 1176 2907 EPISCOPUM
1215 2866 1677 2909 CAHERACENSEM.

265 2959 340 3014 De
364 2957 625 3014 Hunoldo
655 2961 712 3013 et
742 2959 910 3013 mala:
939 2959 1111 3029 fama:
1153 2959 1464 3031 presbyteri
1507 2959 1864 3031 purgatione.

345 3072 506 3129 (Apud
529 3071 802 3128 Sirmond.,
823 3083 885 3118 ex
921 3072 1094 3118 codice
1115 3074 1163 3119 S.
1184 3073 1433 3120 Laurentii
1458 3074 1786 3130 Leodiensis.)

335 3172 671 3226 Hmananns
717 3172 1048 3226 Rhemorum
1105 3169 1393 3243 episcopus
1441 3188 1504 3228 ac
1539 3173 1717 3244 plebis
1764 3174 1865 3229 Dei

269 3259 499 3315 famulus
532 3303 546 3326 ,
614 3260 814 3316 dilecto
869 3259 1016 3314 fratri
1075 3268 1126 3315 et
1183 3261 1483 3316 venerabili
1541 3262 1866 3333 coepiscopo

264 3349 472 3404 JOAN‘SI
503 3347 751 3404 salutem.

337 3439 444 3492 Iste
472 3438 780 3508 presbyter,
813 3437 1032 3492 nomine
1066 3438 1369 3505 Hunoldus,
1416 3438 1548 3492 dixit
1577 3438 1710 3494 mihi
1739 3437 1868 3511 quia

265 3527 618 3598 presbyteros
648 3527 856 3581 habens
887 3542 1010 3582 cum
1042 3527 1240 3598 quibus
1270 3527 1472 3582 famam
1494 3543 1648 3582 suam
1679 3543 1866 3583 sacra-

265 3624 447 3670 mento
477 3631 719 3688 purgare
749 3615 916 3671 voluit
945 3616 1013 3670 de
1039 3617 1274 3688 quadam
1294 3616 1513 3682 femina,
1535 3625 1587 3672 et
1609 3616 1864 3689 quoniam

267 3704 684 3760 cxaminationis
703 3704 969 3772 judicium
999 3705 1168 3760 noluit
1194 3704 1392 3770 facere,
1442 3712 1499 3759 ut
1528 3705 1606 3760 illi
1636 3705 1868 3778 presby-

265 3793 367 3848 teri
423 3809 551 3848 cum
600 3808 668 3848 eo
717 3793 962 3848 securius
1003 3793 1190 3862 jurare
1235 3801 1479 3864 possent,
1531 3795 1868 3850 sacerdotale

261 3882 634 3938 ministerium
676 3881 1021 3937 interdictum
1069 3891 1152 3938 est
1193 3882 1289 3937 illi.
1342 3883 1496 3940 Unde
1545 3883 1774 3955 qualiter
1811 3883 1868 3939 in

263 3980 450 4027 nostra
482 3970 750 4042 parochia
796 3987 862 4026 ex
908 3971 1231 4027 auctoritate
1279 3972 1548 4042 majorum
1598 3980 1864 4038 tenemus,

272 4069 373 4116 tua
401 4059 684 4116 dilectioni
711 4061 1055 4115 mandamus.
1107 4060 1254 4116 Sicut
1305 4061 1361 4116 S.
1413 4061 1716 4134 Gregorius
1766 4062 1868 4116 de-

266 4151 455 4219 crevit,
489 4166 593 4221 per
621 4149 851 4205 idoneos
880 4157 1046 4204 testes
1085 4157 1422 4205 sacramento
1471 4150 1755 4220 inquiritur
1800 4150 1869 4204 de

267 4239 424 4294 mala
452 4239 614 4294 fama
642 4239 985 4311 presbytero,
1011 4246 1068 4293 ut
1096 4238 1223 4294 inde
1255 4238 1490 4294 scientes
1511 4255 1615 4294 nec
1637 4239 1868 4294 menda-

265 4329 403 4385 cium
443 4328 648 4394 dicant,
705 4343 808 4384 nec
855 4327 1144 4383 veritatem
1190 4328 1490 4393 reticeant;
1533 4336 1584 4382 et
1625 4327 1866 4398 exceptis

262 4417 696 4488 accusatoribus,
729 4425 782 4472 et
813 4433 908 4472 sex
937 4425 1106 4472 testes
1129 4419 1334 4488 jurent.
1354 4417 1422 4470 Et
1443 4424 1565 4487 post
1581 4417 1684 4472 hoc
1707 4416 1864 4485 jura-

259 4516 524 4574 mentum,
561 4521 674 4561 non
701 4505 1104 4578 interrogamus
1133 4507 1202 4560 de
1234 4502 1522 4561 concubitu
1561 4493 1938 4576 presbyteriD

262 4613 380 4652 cum
411 4611 737 4668 quacunque
765 4595 984 4661 femina,
1019 4595 1147 4666 quia
1175 4611 1277 4650 nec
1316 4596 1417 4650 hoc
1467 4609 1706 4650 canones
1749 4595 1854 4650 ha-

261 4684 404 4752 bent,
443 4685 546 4740 sed
577 4684 646 4739 de
675 4700 900 4740 accessu
930 4692 983 4740 et
1023 4683 1474 4756 frequentatione,
1524 4699 1589 4739 ac
1637 4683 1856 4739 cohabi-

261 4775 460 4830 tatione
509 4790 636 4828 eum
692 4773 909 4828 feminis
961 4781 1146 4829 contra
1192 4773 1535 4828 interdictum
1577 4788 1856 4828 sacrorum

262 4879 550 4930 canonum,
585 4861 729 4918 unde
761 4863 905 4917 mala
934 4863 1172 4934 suspicio
1194 4870 1246 4917 et
1261 4861 1652 4918 inconveniens
1672 4877 1856 4918 sacer-

263 4953 372 5008 doti
400 4951 549 5008 fama
579 4951 762 5008 exivit.
816 4953 883 5006 Et
911 4959 1034 5022 post
1075 4952 1295 5006 illorum
1326 4951 1711 5016 testimonium,
1761 4967 1856 5006 se-

262 5042 458 5113 ptimus
488 5041 662 5110 testis,
697 5040 744 5095 si
771 5041 1011 5096 conditio
1040 5040 1126 5096 vel
1153 5040 1384 5112 qualitas
1427 5056 1678 5112 persona
1721 5056 1854 5110 per-

262 5131 436 5200 mittit,
471 5131 544 5186 ad
568 5129 829 5200 judicium
861 5129 988 5197 exit,
1021 5130 1167 5201 quod
1183 5129 1260 5184 illi
1290 5147 1384 5184 sex
1414 5129 1700 5185 veritatem
1729 5128 1857 5184 inde

263 5236 357 5291 per
384 5226 794 5276 sacramentum
827 5219 1078 5274 dixerunt
1111 5236 1124 5272 :
1160 5217 1285 5290 quia
1313 5217 1466 5272 multi
1503 5219 1614 5288 jam
1651 5218 1854 5288 depre-

263 5309 416 5364 hensi
445 5307 594 5379 apud
624 5323 726 5362 nos
754 5307 1040 5374 habentur,
1090 5306 1344 5379 quoniam
1385 5306 1558 5376 pretio
1601 5307 1854 5362 conducti

265 5413 320 5453 se
349 5398 785 5470 periuraverunt.
835 5396 904 5450 Et
943 5396 987 5450 si
1019 5397 1124 5452 hoc
1171 5396 1334 5450 modo
1381 5395 1670 5466 presbyter
1717 5411 1854 5450 con-

262 5487 434 5543 victus
465 5485 630 5542 fuerit
658 5485 726 5540 de
765 5485 1166 5542 inconvenienti
1216 5482 1616 5540 cohabitatione
1665 5492 1852 5540 contra

260 5575 410 5648 leges
441 5585 495 5632 et
524 5590 768 5632 canones
799 5591 924 5633 cum
952 5574 1172 5642 femina,
1197 5573 1504 5646 deponitur,
1529 5572 1666 5629 sicut
1681 5588 1854 5629 sacra

1973 1825 2118 1880 niam
2139 1827 2348 1897 experti
2371 1845 2556 1884 sumus
2575 1831 2840 1902 quosdam
2862 1831 2932 1886 ad
2951 1831 3185 1888 invicem
3199 1833 3565 1905 conspirasse,

1971 1921 2028 1968 ut
2060 1915 2290 1984 reputati
2332 1924 2518 1972 mutuo
2564 1917 2619 1972 in
2669 1933 2770 1973 sua
2814 1919 3137 1992 purgatione
3176 1920 3380 1990 jurent,
3427 1923 3568 1980 sicut

1972 2009 2027 2058 et
2055 2003 2381 2074 presbyteri,
2415 2005 2563 2076 pleni
2593 2005 2777 2078 iniqua
2805 2007 3132 2078 cogitatione
3163 2009 3428 2066 adversus
3459 2011 3568 2068 Su-

1972 2105 2204 2146 sannam
2233 2093 2698 2164 conspiraverunt,
2723 2111 2909 2151 coram
2931 2096 3100 2153 misso
3115 2097 3275 2154 nobis
3295 2099 3560 2166 credibili,

1969 2179 2295 2250 presbyteri,
2329 2181 2422 2252 qui
2452 2182 2504 2236 in
2535 2183 2860 2256 purgatione
2891 2184 3133 2240 infamati
3177 2187 3477 2243 sacerdotis
3507 2204 3566 2243 se

1969 2283 2080 2322 una
2109 2283 2232 2324 cum
2262 2285 2328 2324 eo
2357 2271 2427 2324 ad
2443 2271 2823 2340 jusjurandum
2840 2271 3094 2341 oﬁerunt,
3114 2275 3568 2331 examinationem

1962 2347 2162 2424 judicia
2191 2373 2292 2428 per
2322 2358 2641 2414 advocatum
2670 2359 2908 2415 infamati
2937 2362 3242 2434 presbyteri
3271 2364 3558 2434 recipiunt,

1969 2451 2028 2499 ut
2055 2445 2111 2500 in
2141 2455 2480 2502 sacramento
2507 2465 2567 2503 se
2594 2449 2710 2504 Deo
2739 2465 2849 2504 non
2869 2450 3116 2520 perdant,
3140 2450 3275 2506 sicut
3301 2453 3566 2524 quosdam

1970 2532 2096 2589 hinc
2148 2535 2262 2602 jam
2317 2535 2552 2592 revictos
2611 2536 2998 2607 comperimus.
3055 2539 3328 2596 Invocatio
3383 2548 3566 2596 autem

1969 2637 2132 2693 super
2161 2639 2282 2677 eum
2313 2623 2405 2695 qui
2433 2625 2504 2679 ad
2525 2624 2789 2694 judicium
2820 2625 2929 2680 exit
2958 2626 3080 2682 talis
3114 2627 3366 2696 habetur,
3419 2630 3566 2700 quod

1967 2709 2085 2781 ipse
2113 2712 2397 2783 presbyter
2438 2713 2602 2768 talem
2643 2729 2927 2770 accessum
2978 2723 3032 2770 et
3074 2715 3568 2787 frequentationem

1967 2807 2021 2854 et
2051 2800 2508 2856 cohabitationem
2555 2811 2740 2858 contra
2785 2819 2972 2858 sacros
3017 2819 3258 2860 canones
3302 2821 3427 2862 cum
3475 2807 3571 2862 illa

1968 2886 2167 2943 femina
2196 2905 2307 2944 non
2337 2890 2606 2960 habuerit,
2638 2891 2784 2948 unde
2814 2892 2958 2947 mala
2989 2892 3228 2964 suspicio
3272 2901 3326 2950 et
3370 2895 3568 2952 incon-

1965 2976 2192 3032 veniens
2221 2979 2487 3034 sacerdoti
2533 2979 2680 3035 fama
2723 2980 2921 3036 merito
2973 2989 3160 3052 posset
3203 2982 3366 3038 exire.
3419 2983 3568 3039 Sicut

1972 3065 2118 3120 enim
2148 3065 2325 3122 vitiosi
2360 3067 2688 3138 presbyteri,
2740 3069 3004 3124 suadente
3049 3069 3284 3134 diabolo,
3337 3071 3568 3127 adinve-

1964 3153 2137 3219 niunt,
2171 3161 2229 3208 ut
2261 3154 2315 3208 in
2344 3155 2552 3209 mansis
2582 3156 2694 3210 suis
2723 3156 2791 3210 de
2821 3156 3002 3223 alode,
3048 3157 3136 3212 vel
3186 3159 3438 3225 naturali,
3481 3159 3570 3215 vel

1965 3250 2302 3312 comparato,
2345 3241 2574 3298 feminas
2622 3244 2878 3311 habeant,
2929 3261 3051 3316 qua
3093 3245 3313 3301 illorum
3355 3262 3568 3318 pannos

1965 3329 2167 3397 lavant,
2201 3339 2254 3385 et
2281 3331 2608 3387 vestimenta
2633 3331 2741 3386 illis
2772 3331 2992 3398 faciunt,
3022 3341 3076 3388 et
3105 3333 3379 3390 interdum
3408 3335 3568 3390 etiam

1965 3418 2146 3474 claves
2202 3418 2513 3475 facultatum
2561 3421 2773 3476 illorum
2821 3421 3176 3492 pravideant,
3213 3422 3400 3494 sicque
3445 3439 3568 3479 cum

1965 3507 2046 3562 eis
2099 3508 2546 3564 inconvenienter
2601 3509 2934 3575 cohabitent,
2998 3511 3088 3580 ita,
3154 3511 3292 3566 sicut
3351 3520 3568 3567 sanctus

1966 3597 2300 3668 Augustinus
2329 3597 2479 3667 dicit,
2515 3597 2660 3653 varia
2689 3599 3003 3653 morborum
3036 3615 3242 3671 genera
3261 3615 3400 3656 nova
3429 3617 3570 3672 qua-

1969 3702 2094 3740 rere
2129 3694 2332 3757 cogunt
2360 3685 2888 3742 medicamentorum
2917 3687 3307 3758 experimenta,
3353 3697 3414 3743 ut
3443 3688 3568 3761 quia

1965 3774 2256 3830 interdicto
2287 3790 2559 3830 canonum
2587 3783 2641 3831 et
2669 3776 2854 3849 legum
2898 3776 3158 3832 obaudire
3205 3793 3315 3834 non
3357 3786 3566 3844 curant,

1966 3878 2214 3920 censura
2243 3865 2533 3920 severitate
2561 3865 2628 3919 ab
2661 3865 2742 3921 eis
2769 3865 3052 3921 discedere
3071 3865 3310 3922 timeant.
3335 3867 3472 3922 Data
3488 3881 3565 3921 xv

1967 3953 2196 4008 Kalend.
2230 3953 2465 4024 Apriles,
2498 3941 2792 4009 indictione
2822 3969 2920 4008 vn.

2456 4093 2797 4150 EPISTOLA
2841 4095 3070 4151 XXXV.

2460 4222 2533 4261 AD
2573 4223 2758 4263 OMNES
2811 4222 3060 4263 FIDELES.

1969 4322 2236 4378 Godbaldi
2259 4322 2575 4395 presbyteri
2625 4323 2692 4378 de
2733 4324 2956 4395 femina
2995 4324 3244 4381 convicti
3270 4323 3562 4396 depositio.

1965 4437 2124 4496 (Apud
2165 4438 2419 4494 eumdem,
2456 4449 2515 4485 ex
2553 4437 2927 4549 vetelriielgiigife
2961 4439 3120 4487 sancti
3157 4439 3410 4488 Laurentii
3440 4443 3567 4487 Leo-

2035 4591 2369 4648 Hmcuaaus
2399 4592 2690 4665 episcopus
2720 4609 2787 4650 ac
2815 4593 2990 4665 plebis
3019 4593 3121 4648 Dei
3154 4592 3405 4652 famulus.

2031 4682 2230 4736 Notum
2253 4681 2319 4736 sit
2335 4682 2588 4738 omnibus
2606 4690 2809 4740 sancta
2829 4683 2931 4738 Dei
2946 4682 3208 4738 Ecclesia
3233 4684 3562 4753 rectoribus,

1957 4769 2224 4824 ministris
2279 4787 2498 4842 quoque
2551 4787 2617 4828 ac
2664 4769 2807 4837 filiis,
2855 4770 2924 4824 ad
2973 4785 3110 4841 quos
3155 4771 3274 4828 hac
3303 4781 3560 4844 poterunt

1958 4859 2266 4930 pervenire,
2301 4859 2429 4931 quia
2463 4860 2789 4916 Godbaldus
2819 4858 3092 4929 quondam
3109 4861 3398 4934 presbyter
3410 4879 3567 4936 paro-

1955 4947 2094 5004 chia
2123 4957 2344 5017 nostra,
2379 4949 2448 5003 de
2479 4949 2714 5020 quadam
2745 4945 2948 5002 femina
2978 4948 3202 5004 nomine
3251 4951 3408 5008 Doda
3447 4953 3561 5009 cri-

1956 5037 2210 5104 minatus,
2245 5045 2298 5093 et
2325 5037 2537 5092 idoneis
2571 5035 2797 5090 testibus
2827 5037 3233 5108 comprobatus,
3275 5049 3328 5096 et
3356 5057 3558 5098 secun-

1955 5126 2085 5180 dum
2133 5143 2322 5182 sacros
2375 5141 2614 5182 canones
2671 5125 2742 5179 ad
2775 5125 3042 5194 judicium
3083 5137 3430 5201 provocatus,
3481 5133 3552 5188 de

1954 5205 2076 5286 ipso
2098 5215 2304 5285 judicio
2334 5213 2662 5270 conscientia
2687 5230 2783 5270 sua
2824 5215 3154 5289 redargutus
3193 5216 3322 5291 fuga
3366 5218 3552 5291 lapsus

1957 5313 2059 5360 est.
2116 5305 2411 5374 Propterea
2467 5303 2764 5359 secundum
2819 5320 3008 5361 sacros
3061 5320 3298 5362 canones
3345 5307 3551 5378 Spiritu

1955 5393 2056 5448 Dei
2087 5392 2352 5456 conditos,
2386 5399 2440 5447 et
2468 5392 2632 5448 totius
2648 5393 2837 5448 mundi
2857 5393 3160 5450 reverentia
3177 5403 3550 5464 consecratos,

1953 5480 2099 5536 omni
2129 5479 2455 5537 sacerdotali
2483 5481 2662 5539 ofﬁcio
2692 5491 2776 5540 est
2805 5483 3064 5555 privatus,
3116 5483 3345 5540 docente
3391 5485 3550 5540 beato

1953 5568 2229 5628 Bonifacio
2259 5586 2400 5643 papa
2443 5572 2634 5645 (epist.
2670 5573 2759 5644 11)
2793 5589 2807 5626 :
2845 5593 2868 5625 ε
2903 5571 3062 5643 Quod
3110 5571 3156 5627 si
3202 5572 3398 5629 adesse
3445 5588 3550 5629 ne-
