4072 6306
491 269 598 328 255

1276 267 1620 325 HINCMARI
1649 265 2050 326 RHEMENSIS
2078 263 2612 326 ARCHIEPISCOPI

3691 274 3804 329 256

493 395 737 470 glexerit,
770 395 1081 451 dilationem
1113 394 1392 450 sententiae
1423 395 1490 451 de
1518 395 1764 451 absentia
1791 410 1899 450 non
1917 390 2164 452 lucre-A
2191 391 2267 462 gii
2294 393 2513 448 nomine
2543 395 2857 465 deputatur,
2889 393 2935 449 si
2967 409 3025 450 se
3054 395 3335 458 cantinere
3356 411 3466 453 non
3483 397 3789 468 potuerint,

494 495 596 542 tur.
628 485 769 540 Nam
797 484 1146 540 manifestum
1175 493 1261 540 est
1292 482 1534 540 conﬁteri
1568 501 1693 539 eum
1721 485 1792 540 de
1837 483 2084 553 crimine,

495 575 588 646 qui
617 573 830 630 indulto
878 581 931 629 et
977 573 1136 629 toties
1181 573 1432 646 delegato
1471 573 1679 642 judicio
1719 573 1998 644 purgandi
2043 589 2103 627 se

498 663 792 720 occasione
821 678 931 718 non
956 663 1141 718 utitur.
1171 661 1320 716 Nihil
1369 662 1514 717 enim
1559 661 1789 717 interest
1825 669 2004 716 utrum
2048 660 2103 715 in

497 751 758 824 praesenti
789 752 1038 806 examine
1065 751 1243 806 omnia
1275 767 1395 822 quae
1424 751 1569 806 dicta
1591 758 1719 805 sunt
1739 750 2102 820 comproben-

492 848 580 894 tur
608 883 620 906 ,
673 855 799 895 cum
841 840 957 910 ipsa
1011 856 1229 912 quoque
1279 856 1378 911 pro
1419 838 1764 895 confessione
1810 845 2105 910 procurata

495 928 657 983 toties
685 935 894 984 constet
920 929 1181 984 absentia.
1221 949 1243 978 ν
1293 929 1428 983 Data
1477 944 1542 982 ex
1589 927 1797 997 synodo
1841 927 1896 982 in
1940 927 2090 984 Ithe-

493 1017 671 1072 mensi
697 1017 985 1089 metropoli
1012 1018 1195 1072 habita
1225 1031 1262 1070 x
1293 1016 1524 1072 Kalend.
1555 1015 1746 1086 Maias,
1773 1016 1961 1073 indict.
1989 1032 2074 1072 xu

989 1150 1327 1206 EPISTOLA
1365 1151 1620 1205 XXXVI.

1000 1271 1074 1310 AD
1124 1271 1310 1312 OHNES
1348 1271 1600 1311 FIDELES.

511 1363 772 1421 Fulcheri
801 1367 856 1420 et
871 1362 1155 1421 Ilardoisae
1175 1363 1236 1419 ob
1259 1365 1508 1420 incestas
1526 1363 1760 1436 nuptias
1781 1378 2101 1419 excommu-

523 1449 533 1459 '
1175 1453 1388 1508 nicatio
1405 1493 1418 1506 .

502 1573 661 1630 (Apud
693 1573 947 1627 eumdem,
985 1582 1046 1618 ex
1084 1573 1453 1682 vettai-iieregidsipe
1485 1575 1641 1622 sancti
1678 1575 1930 1622 Laurentii
1972 1579 2097 1622 Leo-

568 1708 898 1764 Htxcmaus
927 1708 1218 1781 cpiscopus
1251 1725 1315 1764 ac
1343 1710 1520 1780 plebis
1548 1709 1650 1764 Dei
1675 1709 1926 1764 famulus.

567 1797 767 1852 Notum
797 1797 864 1852 sit
891 1797 1145 1852 omnibus
1175 1806 1376 1853 sanctae
1405 1797 1504 1852 Dei
1550 1799 1814 1853 Ecclesim
1861 1797 2093 1853 rectori-

498 1885 618 1954 bus,
651 1885 912 1940 ministris
941 1902 1156 1957 quoque
1187 1903 1248 1941 ac
1278 1885 1423 1950 ﬁliis,
1457 1887 1525 1942 ad
1553 1903 1690 1958 quos
1711 1888 1826 1942 haec
1850 1894 2098 1958 poterunt

498 1975 802 2046 pervenire,
854 1975 981 2046 quia
1012 1975 1310 2031 Fulcherus
1343 1983 1395 2030 et
1425 1975 1708 2042 Hardoisa,
1755 1992 1920 2032 carne
1963 1993 2094 2046 pro-

499 2061 708 2134 pinqui,
741 2069 928 2118 contra
964 2063 1104 2134 legis
1150 2072 1422 2134 praecepta
1465 2074 1517 2119 et
1569 2065 1888 2136 prOphetica
1929 2065 2092 2133 dicta,

502 2158 799 2222 contraque
830 2151 1202 2223 evangelicam
1234 2161 1287 2207 et
1318 2153 1675 2224 apostolicam
1691 2161 1849 2225 atque
1871 2153 2095 2209 canoni-

499 2253 620 2294 cam
668 2239 932 2310 regulam,
985 2243 1082 2296 sed
1129 2249 1180 2296 et
1227 2249 1418 2296 contra
1459 2242 1611 2315 leges
1654 2243 1938 2310 humanas,
1986 2259 2094 2300 non

503 2327 760 2400 conjugio
791 2329 889 2384 sed
918 2329 1149 2398 incestu,
1183 2330 1387 2386 carnali
1418 2331 1794 2387 commistione
1824 2332 2096 2402 conjuncti

499 2423 640 2485 sunt,
678 2417 818 2473 sicut
847 2417 1058 2474 idoneis
1090 2428 1142 2475 et
1173 2419 1452 2475 veracibus
1483 2421 1730 2487 testibus,
1783 2429 2096 2492 computata

498 2505 781 2578 utriusque
837 2508 1164 2580 cognatione
1223 2509 1636 2578 comprobatum
1693 2517 1792 2564 est.
1843 2511 1911 2564 Et
1970 2510 2096 2581 quia

495 2593 726 2650 obedire
754 2595 954 2652 divinis
983 2605 1034 2652 et
1064 2596 1314 2651 humanis
1345 2597 1560 2670 legibus
1589 2598 1899 2667 noluerunt,
1947 2607 2006 2654 ut
2035 2615 2095 2654 se

493 2683 564 2737 ab
591 2682 711 2754 ipso
740 2683 952 2740 incestu
983 2685 1354 2757 disjungerent
1387 2687 1686 2742 secundum
1707 2704 1895 2744 sacros
1926 2703 2094 2744 cano-

493 2786 626 2841 nes,
687 2787 721 2826 a
779 2787 935 2828 sacra
991 2774 1372 2830 communione
1427 2775 1676 2846 corporis
1717 2784 1770 2832 et
1813 2777 2095 2849 sanguinis

497 2854 718 2922 Christi,
753 2863 806 2910 et
834 2857 904 2910 ab
933 2857 1082 2912 omni
1110 2857 1544 2913 Christianorum
1591 2860 1850 2916 societate
1898 2861 2095 2929 abjecti

497 2951 640 3011 sunt,
674 2961 849 3016 usque
880 2945 1026 3012 dum,
1061 2947 1295 3004 Domino
1323 2947 1668 3018 respiciente,
1691 2964 1724 3003 a
1743 2949 1950 3021 laqueis
1969 2951 2092 3004 dia-

493 3030 624 3103 boli,
659 3048 693 3088 a
724 3051 832 3106 quo
861 3035 1003 3106 capti
1025 3043 1294 3106 tenentur,
1317 3054 1418 3108 per
1433 3037 1807 3108 paenitentiam
1827 3039 2086 3109 separati,

2202 489 2325 552 post
2355 483 2726 552 paenitentiam
2760 490 2813 538 et
2842 483 3359 554 reconciliationem,
3411 486 3608 558 quibus
3654 502 3802 542 con-

2196 567 2404 636 junctio
2433 569 2618 624 illicita
2651 569 3006 635 interdicitur,
3040 570 3316 626 habebunt
3345 571 3564 627 ineundi
3597 571 3800 628 melio-

2203 655 2280 710 ris
2311 657 2551 730 conjugii
2571 657 2900 714 libertatem.
2924 657 3174 728 Quandiu
3195 667 3374 720 autem
3391 659 3448 713 in
3469 660 3588 731 ipsa
3609 659 3801 716 illicita

2205 746 2586 815 conjunctione
2616 747 3036 818 permanserint,
3069 748 3252 802 nullus
3282 749 3620 804 Christianus
3651 765 3799 821 quo-

2205 850 2420 908 cunque
2477 837 2642 892 modo
2702 837 2783 892 eis
2828 837 3209 904 communicet,
3261 837 3386 909 quia
3426 853 3548 892 cum
3597 837 3801 893 talibus

2203 924 2507 996 cuicunque
2537 925 2840 981 Christiano
2870 941 2972 981 nec
3001 941 3345 982 communem
3374 927 3552 982 cibum
3576 943 3798 982 sumere

2203 1012 2348 1067 licet.
2382 1015 2693 1084 Propterea,
2723 1013 2914 1069 fratres
2942 1030 3008 1070 ac
3037 1013 3150 1082 ﬁlii,
3183 1030 3373 1070 omnes
3404 1015 3612 1070 scilicet
3644 1015 3800 1071 Chri-

2202 1101 2382 1168 stiani,
2415 1111 2666 1173 separate
2699 1119 2797 1160 vos
2843 1103 2911 1158 ab
2958 1103 3267 1159 omnimoda
3317 1118 3502 1158 eorum
3548 1119 3799 1159 commu-

2202 1190 2386 1258 nione,
2417 1207 2504 1256 ne,
2547 1191 2692 1264 quod
2719 1192 2879 1260 absit,
2929 1193 3388 1248 communicantes
3435 1192 3544 1248 illis
3585 1192 3798 1264 pariter

2199 1279 2461 1350 pereatis.
2521 1281 2638 1336 Nec
2678 1281 2877 1336 mirum
2923 1281 2970 1335 si
3011 1281 3152 1336 inter
3193 1281 3442 1336 homines
3485 1282 3602 1338 haec
3653 1281 3796 1339 ratio

2201 1369 2522 1437 custoditur,
2563 1385 2687 1424 cum
2715 1376 2768 1424 et
2796 1369 2938 1424 inter
2973 1370 3220 1439 jumenta
3260 1371 3364 1426 hoc
3415 1369 3532 1424 ﬁeri
3579 1371 3791 1440 sciatis,

2199 1464 2259 1511 ut
2285 1473 2351 1512 ea
2381 1474 2500 1529 qua
2545 1458 2782 1514 scabiem
2825 1459 3030 1514 habere
3076 1457 3347 1526 videntur,
3395 1466 3718 1530 separentur
3762 1475 3798 1514 a

2199 1545 2385 1615 sanis,
2446 1563 2514 1602 ne
2569 1547 2785 1602 illorum
2843 1548 3034 1604 morbo
3093 1556 3285 1604 caetera
3343 1548 3668 1603 damnentur
3704 1548 3797 1604 vel

2197 1643 2438 1706 pereant.
2462 1637 2530 1691 Et
2559 1636 2772 1692 dicente
2803 1636 3034 1692 Domino
3067 1653 3080 1690 :
3114 1638 3247 1693 Noto
3276 1641 3517 1693 mortem
3543 1642 3801 1710 peccato-

2115 1751 2168 1812 B
2198 1724 2298 1790 ris,
2323 1725 2420 1780 sed
2437 1728 2504 1781 ut
2518 1729 2883 1782 convertatur
2903 1730 2958 1782 et
2980 1727 3134 1781 vivat
3151 1725 3370 1796 (Ezech.
3389 1741 3598 1793 χχχιιι,
3613 1726 3726 1797 21),
3750 1727 3799 1782 si

2199 1820 2488 1884 antequam
2546 1830 2604 1868 se
2651 1814 2719 1868 ab
2769 1815 2871 1869 hoc
2919 1814 3130 1870 incestu
3180 1823 3450 1884 separent,
3503 1814 3798 1886 quisquam

2196 1901 2251 1955 in
2281 1901 2648 1958 inﬁrmitatem
2679 1902 2962 1972 deciderit,
2995 1910 3049 1958 et
3078 1902 3166 1958 vel
3196 1902 3275 1959 sic
3296 1903 3408 1971 jam
3438 1902 3493 1958 in
3523 1903 3799 1974 despera-

2195 1990 2398 2046 tionem
2428 1991 2496 2046 de
2527 1991 2638 2046 vita
2669 1991 2950 2063 temporali
3005 1992 3304 2058 devenerit,
3358 1991 3404 2046 si
3457 1991 3544 2046 vel
3573 2000 3704 2047 tunc
3729 2009 3798 2048 ex

2196 2079 2362 2135 corde
2392 2081 2722 2150 paenituerit,
2756 2089 2808 2136 et
2837 2096 3024 2136 coram
3050 2081 3166 2136 Deo
3195 2089 3248 2135 et
3264 2081 3547 2136 sacerdote
3568 2096 3634 2138 ac
3655 2079 3797 2137 ﬁde-

2195 2167 2334 2222 libus
2366 2169 2673 2225 hominibus
2703 2169 2985 2226 confessus
3017 2169 3196 2234 fuerit,
3229 2177 3280 2224 et
3310 2167 3658 2239 ﬁdejussores
3688 2171 3796 2226 de-

2195 2257 2354 2326 derit,
2387 2265 2445 2312 ut
2475 2259 2520 2312 si
2555 2259 2624 2312 de
2672 2259 2788 2330 ipsa
2832 2257 3142 2312 infirmitate
3189 2258 3522 2314 convaluerit
3565 2259 3798 2314 ulterius

2196 2347 2268 2401 ad
2297 2346 2444 2402 illam
2472 2347 2737 2402 incestam
2784 2347 3219 2416 conjunctionem
3267 2362 3376 2402 non
3421 2348 3612 2415 rediet,
3667 2365 3796 2404 cum

2195 2435 2314 2490 aliis
2341 2436 2578 2507 peccatis
2608 2437 2720 2491 suis
2749 2437 2818 2492 de
2849 2438 2953 2492 hoc
2984 2437 3194 2492 incestu
3242 2451 3434 2507 puram
3481 2436 3798 2493 confessio—

2194 2540 2322 2580 nem
2349 2525 2531 2597 faciat,
2581 2534 2634 2580 ct
2669 2541 2698 2580 a
2725 2527 3006 2582 sacerdote
3051 2525 3455 2592 reconcilietur,
3503 2533 3554 2580 et
3602 2535 3798 2582 sancto

2195 2613 2316 2668 oleo
2357 2623 2612 2688 ungatur,
2659 2623 2712 2670 et
2762 2615 3074 2672 communio
3120 2615 3370 2686 corporis
3413 2621 3464 2668 et
3508 2615 3798 2686 sanguinis

2196 2703 2394 2758 Christi
2425 2703 2473 2758 ei
2503 2703 2785 2776 largiatur.
2821 2704 2878 2759 Si
2910 2719 3038 2759 vero
3067 2703 3122 2757 in
3151 2704 3254 2759 hac
3283 2703 3581 2774 pertinacia
3617 2721 3798 2776 usque

2195 2793 2262 2846 ad
2291 2800 2518 2848 mortem
2563 2792 2949 2864 permanserit,
2999 2801 3049 2848 et
3097 2791 3213 2846 sine
3256 2792 3696 2849 reconciliatione
3744 2802 3802 2849 et

2195 2881 2575 2936 communione
2606 2881 2854 2952 corporis
2884 2889 2936 2936 et
2967 2881 3247 2955 sanguinis
3278 2881 3477 2936 Christi
3497 2881 3794 2954 quisquam

2196 2984 2386 3024 eorum
2416 2978 2659 3025 mortuus
2690 2970 2872 3040 fuerit,
2906 2971 3022 3026 sine
3051 2970 3276 3042 psalmis
3297 2979 3349 3024 et
3376 2970 3592 3042 hymnis
3620 2979 3794 3044 atque

2195 3059 2552 3128 orationibus,
2586 3067 2639 3114 et
2667 3075 2778 3115 non
2807 3075 2932 3116 cum
2961 3059 3086 3115 aliis
3109 3058 3427 3114 Christianis
3449 3059 3752 3130 sepeliatur
3777 3080 3791 3116 :

495 3121 566 3224 ξιξ
595 3121 716 3222 ίΡξο
740 3123 949 3224 ξΠοθείίι
979 3125 1322 3224 Γθεξρίὲοξξην
1356 3115 1688 3224 ἀέξ-Θνηεῗῐιιεῗ
1721 3129 1782 3182 Β·
1814 3128 2088 3224 Gregorio
2110 3110 2159 3174 C‘
2191 3147 2313 3218 quia
2345 3148 2484 3204 sicut
2513 3110 2704 3204 sancto
2737 3149 2940 3220 Spiritu
2987 3147 3283 3220 inspirante
3329 3110 3594 3219 scriptum
3643 3148 3794 3224 legi-

495 3209 614 3281 (Gr.
646 3212 872 3281 junior.,
906 3231 1034 3270 can.
1071 3220 1100 3270 8
1123 3220 1178 3272 et
1208 3217 1262 3286 9)
1301 3234 1313 3272 :
1351 3237 1374 3268 α
1413 3217 1469 3272 Si
1500 3217 1642 3289 quis,
1674 3218 1869 3290 inquit,
1901 3234 2091 3274 conso-

495 3299 710 3355 brinam
739 3317 898 3356 suam
939 3301 1158 3359 duxerit
1215 3305 1270 3358 in
1315 3306 1594 3376 conjugio,
1643 3308 1936 3363 anathema
1983 3308 2086 3374 sit;

497 3395 550 3442 et
579 3390 984 3460 responderunt
1014 3407 1212 3448 omnes
1255 3393 1412 3449 tertio
1443 3411 1456 3448 :
1491 3396 1793 3450 Anathema
1822 3396 1910 3450 sit.
1947 3417 1969 3447 ι)
2021 3399 2090 3451 Et

497 3475 630 3532 item
663 3495 677 3532 :
714 3501 736 3525 «
769 3478 826 3534 Si
855 3480 977 3551 quis
1007 3481 1076 3536 de
1117 3482 1344 3554 propria
1393 3483 1739 3556 cognatione,
1793 3484 1880 3539 vel
1927 3500 2088 3555 quam

493 3575 762 3640 cognatus
793 3568 1000 3637 habuit,
1035 3571 1251 3626 duxerit
1279 3587 1524 3639 uxorem,
1566 3574 1859 3628 anathema
1888 3573 1991 3641 sit;
2037 3584 2089 3630 et

491 3657 898 3726 responderunt
923 3675 1115 3715 omnes
1165 3660 1369 3716 tertio:
1403 3662 1703 3716 Anathema
1749 3662 1836 3716 sit.
1879 3685 1900 3711 »
1952 3664 2082 3731 Vos,

489 3742 689 3800 fratres
731 3759 798 3801 ac
837 3745 957 3813 ﬁlii,
1011 3749 1104 3818 qui
1149 3749 1356 3806 litteras
1400 3767 1512 3806 non
1559 3751 1842 3822 didicistis,
1895 3753 2088 3810 scitote

493 3831 623 3906 quid
652 3841 811 3889 sonat
839 3834 894 3890 in
925 3844 1115 3891 nostra
1145 3837 1335 3911 lingua
1366 3841 1672 3907 anathema,
1723 3841 1778 3894 id
1820 3850 1902 3896 est
1940 3843 2086 3899 atie-

488 3923 670 3987 natio,
704 3931 762 3976 ut
791 3940 822 3978 a
852 3925 1089 3992 Christo,
1125 3941 1159 3980 a
1189 3943 1296 3998 quo
1317 3929 1668 3984 nominantur
1688 3930 2002 3998 Christiani,
2035 3940 2087 3987 et

489 4025 524 4065 a
571 4009 1000 4068 Christianorum
1043 4015 1302 4072 societate
1346 4026 1510 4089 atque
1551 4019 1932 4075 communione
1983 4020 2088 4075 sint

489 4098 627 4155 tales
657 4100 842 4168 alieni,
877 4103 1054 4160 donec
1102 4105 1172 4160 ab
1223 4105 1316 4161 illa
1362 4107 1552 4164 illicita
1598 4109 1976 4176 coniunctione
2025 4127 2084 4165 se

489 4198 764 4260 separent,
799 4200 852 4246 et
879 4209 980 4264 per
1003 4195 1376 4265 pmnitentiam
1407 4205 1461 4253 et
1481 4199 1821 4255 sacerdotale
1840 4199 2085 4255 ministe-

485 4277 628 4360 rium
659 4279 872 4337 Christo
903 4290 957 4337 et
987 4292 1189 4340 sancta:
1215 4286 1502 4356 Ecclesiae,
1539 4287 1594 4343 id
1626 4297 1726 4356 est,
1759 4288 2082 4344 Christianis

486 4369 926 4426 reconcilientur.
960 4373 1282 4446 Progeniem
1311 4391 1443 4430 vero
1481 4393 1635 4431 suam
1683 4377 1882 4433 divinae
1929 4379 2082 4450 leges

2185 3253 2328 3307 mus,
2357 3237 2560 3308 quibus
2589 3238 2900 3294 viventibus
2932 3254 3040 3293 non
3075 3236 3616 3306 communicavimus,
3648 3255 3800 3296 mor-

2188 3325 2294 3380 tuis
2321 3327 2724 3383 communicare
2753 3343 2862 3382 non
2898 3343 3211 3398 possumus.
3244 3326 3376 3380 Data
3409 3342 3476 3380 ex
3505 3328 3717 3398 synodo
3737 3328 3793 3384 in

2187 3415 2482 3471 Rhemensi
2509 3417 2802 3488 metropoli
2828 3415 3031 3484 habita,
3055 3415 3268 3471 decimo
3300 3414 3574 3471 Kalendas
3593 3418 3788 3484 Maias,

2187 3502 2482 3560 indictione
2511 3505 2854 3562 duodecima.

2649 3647 2990 3704 EPISTOLA
3039 3650 3318 3706 XXXVII.

2455 3780 2526 3820 AD
2565 3779 2945 3821 ENGILGARIUM
2986 3782 3160 3822 VIRUM
3198 3781 3525 3823 ILLUSTBEM.

2184 3883 2356 3939 Illum
2385 3885 2577 3954 arguit
2605 3883 2749 3955 quod
2779 3883 3064 3939 hominem
3102 3901 3274 3940 suum
3314 3884 3790 3941 inconvenienter

2719 3975 2924 4044 jurare
2954 3977 3228 4045 coegerat.

2337 4096 2493 4153 (Apud
2515 4095 2765 4142 eumdem.
2793 4107 2852 4142 ex
2878 4096 3158 4152 Flodoardi,
3195 4097 3287 4144 lib.
3311 4107 3384 4154 ιιι,
3415 4107 3524 4154 cap.
3544 4099 3635 4149 26.)

2255 4205 2581 4260 HINCMARUS
2612 4205 2901 4276 episcopus
2930 4207 3278 4260 ENGILGARIO
3316 4205 3566 4261 salutem.

2255 4295 2508 4350 Pervenit
2535 4293 2604 4348 ad
2628 4310 2728 4348 nos
2759 4294 2882 4366 quia
2909 4295 3187 4350 hominem
3217 4302 3366 4350 tuum
3420 4295 3784 4350 Ratramnum

2184 4383 2624 4438 irrationabiliter
2653 4391 2707 4438 et
2735 4383 3181 4440 inconvenienter
3201 4383 3570 4456 periculosum
3595 4401 3791 4440 sacra-

491 4474 931 4531 unumquemque
961 4460 1321 4516 Christianum
1360 4481 1532 4535 usque
1562 4465 1629 4519 ad
1661 4466 1944 4536 septimam
1975 4483 2078 4538 ge-
2109 4470 2427 4532 Dmentum
2473 4472 2662 4540 jurare
2707 4472 2932 4528 fecisses
2973 4490 2986 4527 :
3025 4473 3117 4544 qui
3171 4473 3298 4529 licet
3355 4473 3449 4527 tibi
3499 4473 3788 4529 servitium

490 4549 850 4614 nerationem,
885 4556 938 4604 et
964 4549 1200 4620 quandiu
1229 4567 1289 4606 se
1319 4561 1658 4623 cognoscunt
1679 4554 1934 4610 afﬁnitate
1951 4571 2080 4626 pro-

488 4634 742 4708 pinquos,
777 4639 1074 4694 observare
1103 4639 1422 4710 decernunt,
1475 4649 1531 4696 ut
1573 4658 1734 4697 nemo
1761 4660 1827 4696 ex
1855 4644 2082 4714 propria

487 4727 958 4798 consanguinitate
991 4729 1282 4802 conjugem
1313 4730 1525 4798 habeat,
1556 4732 1641 4787 vel
1677 4747 1838 4802 quam
1862 4749 1926 4786 ex
1945 4748 2078 4803 pro-

487 4812 611 4883 pria
657 4817 1126 4890 consanguinitate
1173 4819 1371 4891 aliquis
1419 4821 1705 4891 conjugem
1752 4821 1938 4876 habuit
1989 4823 2079 4879 vel

485 4900 666 4972 aliqua
694 4902 879 4959 illicita
909 4907 1204 4976 pollutione
1231 4924 1321 4962 ma
1333 4909 1548 4976 culavit,
1581 4909 1702 4980 quia
1733 4908 2078 4967 incestuosus

485 4999 568 5045 est
597 4991 722 5048 talis
747 4993 920 5049 coitus
947 5003 1000 5050 et
1031 4997 1410 5054 abominabilis
1438 5000 1554 5055 Deo
1585 5007 1636 5052 et
1666 4999 1874 5054 cunctis
1903 5001 2077 5056 homi-

484 5079 664 5135 nibus.
698 5083 766 5137 Et
793 5083 1132 5140 incestuosos
1175 5103 1210 5142 a
1248 5087 1525 5142 liminibus
1570 5095 1770 5144 sanctae
1811 5089 2078 5148 Ecclesiae

483 5171 806 5242 praecipiunt
849 5176 1111 5246 separari,
1158 5178 1460 5250 usquedum
1508 5193 1609 5249 per
1652 5177 2074 5237 satisfactionem

483 5261 738 5332 precibus
768 5263 1133 5334 sacerdotum,
1167 5265 1366 5333 eidem,
1392 5274 1449 5321 ut
1467 5267 1848 5338 praemisimus,
1873 5279 2076 5328 sanctae

483 5350 749 5407 Ecclesia
779 5353 1042 5409 canonice
1073 5355 1520 5411 reconcilientur.
1576 5356 1632 5412 Si
1665 5367 1842 5413 autem
1873 5360 1940 5414 ab
1970 5361 2076 5418 hoc

481 5439 714 5508 incestu,
747 5441 803 5496 in
832 5457 939 5514 quo
967 5442 1161 5514 perditi
1183 5443 1388 5514 jacent,
1410 5461 1664 5517 separare
1685 5465 1744 5504 se
1775 5449 2074 5520 voluerint,

481 5538 606 5618 quia
635 5539 774 5595 sicut
802 5557 976 5598 sacrae
1003 5541 1155 5613 leges
1187 5543 1390 5612 dicunt,
1424 5544 1666 5602 incestus
1697 5547 1850 5604 nullo
1881 5549 2074 5620 conju-

2183 4559 2399 4628 debeat,
2433 4569 2608 4616 tamen
2641 4560 2741 4616 sub
2769 4569 2958 4616 nostra
2978 4578 3108 4618 cura
3138 4570 3190 4617 et
3221 4570 3276 4617 tu
3308 4570 3360 4616 et
3390 4561 3480 4617 ille
3509 4561 3578 4616 de
3610 4562 3786 4618 salute

2181 4658 2362 4706 vestra
2393 4667 2514 4706 esse
2546 4651 2777 4706 debetis.
2812 4653 3106 4722 Propterea
3133 4652 3336 4706 mando
3358 4650 3455 4705 tibi
3477 4650 3604 4723 quia
3621 4653 3783 4708 valde

2179 4739 2353 4795 miror
2401 4747 2453 4794 te
2498 4756 2608 4796 non
2655 4739 2989 4795 intellexisse
3036 4740 3260 4812 gravius
3307 4757 3431 4795 csse
3472 4739 3782 4810 periculum

2181 4846 2302 4887 cum
2332 4831 2607 4886 hominem
2635 4838 2724 4885 aut
2751 4830 3030 4886 suadendo
3061 4839 3152 4886 aut
3183 4830 3439 4886 terrendo
3484 4829 3541 4883 in
3585 4831 3781 4901 perju-

2179 4919 2316 4975 rium
2347 4920 2546 4990 mittas,
2583 4935 2745 4992 quam
2777 4919 2822 4975 si
2854 4927 2904 4975 te
2946 4920 3093 4975 solus
3141 4921 3472 4992 perjurares,
3518 4921 3780 4991 quoniam

2178 5009 2232 5064 in
2262 5017 2315 5064 te
2348 5027 2516 5064 unum
2543 5007 2855 5080 perjurium,
2889 5009 2997 5065 imo
3025 5025 3126 5080 pro
3155 5010 3392 5081 perjurio
3423 5009 3778 5066 homicidium

2176 5108 2526 5172 perpeti-ares
2555 5119 2573 5154 :
2601 5114 2725 5154 cum
2755 5107 2933 5154 autem
2981 5099 3144 5154 alium
3192 5101 3473 5170 perjurare
3524 5099 3677 5165 facis,
3728 5109 3782 5156 et

2179 5197 2230 5244 te
2260 5197 2313 5243 et
2341 5187 2494 5242 illum
2523 5187 2726 5260 perdis.
2747 5189 2814 5243 Et
2841 5189 2964 5244 ideo
2994 5189 3312 5244 mandamus
3345 5197 3400 5243 ut
3429 5188 3474 5244 si
3505 5189 3576 5244 ita
3607 5205 3778 5244 causa

2176 5277 2405 5333 habetur
2433 5277 2572 5334 sicut
2603 5278 2672 5332 ad
2702 5294 2802 5333 nos
2833 5277 3098 5350 pervenit,
3132 5278 3198 5332 ab
3228 5278 3461 5334 ecclesia
3492 5286 3544 5332 et
3581 5278 3776 5334 altario

2175 5370 2228 5422 te
2255 5367 2528 5422 abstineas
2557 5367 2732 5424 donec
2762 5369 2830 5422 ad
2858 5383 2959 5422 nos
2989 5365 3196 5434 venias,
3217 5375 3269 5422 et
3289 5369 3356 5423 de
3377 5367 3472 5423 tali
3501 5367 3774 5423 incautela

2177 5463 2270 5512 aut
2299 5456 2516 5528 dignam
2547 5456 2948 5514 excusationem
2978 5455 3164 5526 facias,
3216 5465 3306 5512 aut
3345 5457 3564 5530 dignam
3593 5457 3774 5532 pinni-

2175 5545 2396 5601 tentiam
2424 5545 2680 5621 accipias.
