4072 6298
253 234 369 290 257

723 355 1067 413 EPISTOLA
1103 355 1409 413 XXXVIII.

679 469 752 509 AD
791 469 1144 511 ANASTASIUH
1181 469 1457 510 ΔΒΒΑΤΕΜ.

271 553 506 609 Romam
554 553 730 608 missa
785 568 915 608 cum
969 553 1382 677 increpattorias
1433 567 1596 624 papa:
1644 549 1868 606 litteras

910 638 1190 677 αοοευιεεε
1225 664 1237 676 .

910 638 1237 695 accepisset.

388 719 557 778 (Apud
579 720 830 776 eumdem,
859 730 919 766 ex
939 719 1112 766 codice
1136 718 1362 766 ecclesiae
1383 717 1744 771 Laudineusis.)

337 801 670 857 Hmcuanus
717 801 1048 858 Rhemorum
1095 801 1386 872 episcopus
1433 799 1777 855 sanctissimo
1819 804 1872 853 et

267 888 539 946 fidissimo
567 889 722 944 fratri
749 891 1068 944 ANASTASIO
1096 889 1355 962 religioso
1385 888 1568 945 abbati
1581 887 1870 960 plurimam

267 978 325 1034 in
354 979 641 1035 Salvatore
669 978 917 1034 salutem.

338 1066 525 1122 Multis
556 1065 956 1122 infirmitatibus
985 1073 1039 1122 et
1066 1066 1426 1122 anxietatibus
1455 1083 1676 1138 pressus
1698 1082 1872 1138 pauca

270 1155 456 1212 scribo
487 1154 578 1211 cui
605 1153 774 1210 multa
805 1155 1000 1221 debeo,
1025 1163 1078 1210 et
1093 1170 1256 1228 quem
1273 1155 1501 1210 multum
1522 1155 1690 1228 diligo
1714 1170 1780 1211 ac
1801 1155 1870 1210 de

273 1261 382 1316 quo
407 1243 640 1298 multum
670 1241 904 1300 confido.
938 1243 1212 1298 Caeterum
1243 1243 1488 1314 epistolae
1515 1243 1700 1298 domui
1731 1259 1870 1315 apo-

270 1332 468 1400 stolici,
500 1349 603 1405 per
645 1332 933 1406 Egilonem
981 1333 1348 1388 venerabilem
1399 1332 1872 1404 archiepiscOpum

269 1423 432 1478 nobis
481 1421 719 1486 directae,
769 1422 839 1477 ad
881 1429 1066 1477 nostra
1115 1421 1318 1493 scripta
1364 1423 1777 1494 respondentes,
1817 1421 1872 1476 in

269 1510 602 1584 quibusdam
633 1509 791 1566 aliter
821 1516 1138 1578 sonuerunt,
1163 1525 1322 1582 quam
1354 1527 1456 1566 nos
1475 1526 1587 1566 sum
1604 1509 1874 1566 sanctitati

269 1608 323 1656 et
352 1599 656 1656 auctoritati
685 1599 1089 1670 scripserimus.
1125 1599 1233 1655 Sed
1261 1590 1442 1655 certus
1461 1616 1580 1654 sum
1609 1599 1734 1670 quia
1762 1615 1872 1654 non

273 1688 431 1744 aliter
473 1687 592 1760 ipse
636 1687 795 1744 nobis
841 1687 1146 1760 rescripsit,
1196 1687 1302 1743 nisi
1345 1696 1403 1743 ut
1444 1688 1500 1742 in
1547 1687 1764 1758 scriptis
1806 1703 1872 1742 ex

271 1785 465 1834 nostra
494 1785 652 1848 parte
683 1777 788 1832 sibi
813 1777 1076 1849 porrectis
1105 1777 1328 1833 invenit.
1361 1777 1476 1832 Nos
1504 1783 1708 1842 tamen,
1739 1792 1872 1832 vera

274 1865 604 1937 exemplaria
637 1865 953 1922 eorumdem
985 1865 1308 1938 scriptorum
1337 1881 1370 1920 a
1399 1863 1558 1920 nobis
1578 1865 1874 1919 missorum

269 1955 557 2021 habentes,
592 1954 662 2010 de
691 1955 1016 2026 quibusdam
1064 1954 1244 2010 causis
1274 1970 1385 2009 non
1415 1955 1489 2008 ita
1533 1953 1871 2024 scripsimus,

273 2043 412 2100 sicut
441 2043 647 2100 habere
694 2042 910 2115 scriptis
952 2043 1068 2112 ejus
1113 2043 1425 2116 relegimus.
1477 2041 1631 2098 Unde
1662 2041 1707 2096 si
1740 2041 1878 2096 etin

272 2132 359 2187 his
415 2131 657 2204 scriptis,
715 2131 784 2187 de
842 2132 1051 2204 synodo
1093 2133 1238 2202 apud
1294 2133 1492 2187 Trecas
1540 2131 1640 2185 sub
1683 2129 1877 2202 sigillis

276 2221 519 2294 quinque
549 2220 953 2292 episcoporum,
1002 2237 1274 2277 consensu
1313 2220 1554 2276 omnium
1585 2218 1676 2290 qui
1704 2219 1876 2274 inter-

273 2309 490 2366 fuerunt
517 2309 764 2376 directis,
798 2309 973 2380 aliter,
1008 2309 1153 2382 quod
1181 2309 1416 2364 futurum
1447 2324 1558 2364 non
1583 2307 1874 2374 credimus,

279 2416 309 2454 a
335 2414 664 2473 quocunque
694 2397 858 2454 fuerit
887 2399 1138 2466 missum,
1170 2399 1258 2455 vel
1289 2405 1479 2454 contra
1509 2413 1574 2453 ea
1601 2397 1882 2452 transmis-

285 2505 424 2556 sum,
475 2487 568 2544 hic
614 2487 942 2544 venerabilis
986 2487 1151 2543 frater
1197 2495 1250 2544 et
1290 2486 1648 2558 coepiscopus
1694 2493 1882 2541 noster

281 2576 548 2634 Actardus
582 2591 716 2633 vera
749 2577 1080 2648 exemplaria
1111 2576 1432 2647 scriptorum
1455 2575 1699 2646 ejusdem
1719 2589 1882 2646 syno-

280 2665 334 2720 di
394 2683 461 2720 ex
505 2664 830 2720 authenticis
873 2664 1102 2736 accepit,
1164 2680 1286 2736 qua;
1330 2664 1532 2720 domno
1583 2661 1882 2734 apostolico

281 2762 594 2810 monstrare
623 2753 671 2808 si
697 2753 858 2810 fuerit
885 2769 1111 2809 necesse
1161 2753 1382 2809 valebit.
1419 2752 1553 2821 Quae
1594 2753 1734 2808 forte
1761 2750 1881 2808 col-

282 2843 389 2898 lata
422 2843 526 2914 his,
562 2859 684 2914 quae
716 2841 881 2899 Leoni
911 2858 1068 2914 papae
1095 2841 1165 2898 ab
1196 2842 1468 2914 episcopis
1486 2840 1885 2913 provinciarum

285 2931 704 3004 Cisalpinorum,
755 2939 807 2987 et
851 2947 882 2986 a
924 2931 1175 2988 Lothario
1221 2931 1570 3003 imperatore,
1617 2930 1713 2984 sed
1757 2937 1811 2984 et
1854 2945 1886 2984 a

283 3037 415 3095 rege
446 3021 643 3078 Carolo
675 3021 882 3076 directa
911 3019 1142 3088 fuerunt,
1173 3021 1240 3076 de
1271 3035 1502 3093 quorum
1519 3017 1884 3090 exemplario-

1688 229 2066 288 EPISTOLE.

1894 359 1952 420 Α
1971 363 2025 412 et
2049 371 2138 412 me
2169 355 2352 430 elegit,
2387 371 2453 412 ac
2481 371 2607 412 cum
2635 355 2844 412 caeteris
2873 355 3146 428 episcopis
3188 357 3482 426 ordinavit,
3515 341 3568 414 et

3457 235 3564 292 258

1969 444 2063 517 qui
2087 434 2282 501 dicitur
2307 445 2490 502 dicere
2519 445 2665 517 quod
2695 445 2914 516 quidam
2945 446 3186 520 episcopi
3205 463 3238 502 a
3268 447 3564 519 saepedicto

1968 532 2162 588 Ebone
2190 533 2420 588 annulos
2449 540 2502 588 et
2531 533 2756 589 baculos
2799 532 3128 604 acceperint,
3159 549 3284 590 cum
3315 534 3564 606 quaedam

1969 621 2212 692 synodus
2259 621 2540 678 Gallicana
2595 638 2716 694 qum
2759 622 3014 677 Toletana
3070 631 3294 679 vocatur
3349 623 3496 680 dicat
3549 641 3562 679 :

1968 709 2294 781 Episcopus.
2334 711 2637 782 presbyter,
2669 718 2760 767 aut
2808 709 3088 780 diaconus,
3121 709 3168 766 si
3197 727 3231 765 a
3260 712 3436 782 gradu
3466 727 3566 768 suo

1969 798 2167 868 injuste
2195 799 2438 868 dejectus
2467 799 2523 854 in
2553 799 2795 856 secunda
2811 800 3022 870 synodo
3041 799 3304 856 innocens
3327 799 3570 872 reperia-

1971 894 2075 954 tur,
2105 903 2213 944 uon
2243 895 2422 960 potest
2441 904 2563 944 esse
2585 888 2732 960 quod
2753 888 2944 958 fuerat,
2968 887 3072 942 nisi
3101 889 3304 960 gradus
3335 889 3570 945 amissos

1971 975 2216 1048 recipiat,
2250 976 2502 1048 quoniam
2532 992 2719 1032 coram
2750 976 2940 1032 altario
2970 977 3040 1032 de
3069 993 3235 1032 manu
3275 977 3568 1049 episcopo-

1970 1082 2110 1131 rum,
2143 1065 2189 1120 si
2221 1065 2510 1138 episcopus
2537 1073 2639 1136 est,
2663 1065 2920 1132 orarium,
2943 1066 3201 1121 annulum
3223 1073 3275 1120 et
3291 1066 3568 1134 baculum,

1973 1161 2025 1208 et
2055 1153 2133 1210 sic
2161 1153 2380 1208 demum
2401 1154 2470 1209 de
2489 1153 2717 1226 reliquis
2737 1154 3085 1226 persequitur
3106 1154 3390 1228 gradibus.
3415 1154 3570 1211 Unde

1971 1250 2184 1298 constat
2227 1243 2356 1314 quia
2401 1243 2576 1300 isdem
2622 1243 2741 1298 Ebo
2789 1244 3051 1313 dejectus,
3105 1245 3403 1300 secundum
3432 1243 3570 1300 hanc

1971 1330 2430 1398 constitutionem,
2495 1332 2564 1387 ab
2607 1331 2877 1404 episcOpis
2919 1332 3179 1388 annulum
3223 1340 3274 1388 et
3317 1331 3572 1389 baculum

1971 1420 2238 1492 accipere,
2284 1427 2336 1476 et
2377 1436 2488 1476 non
2529 1419 2800 1491 episcopis
2848 1421 2975 1475 dare
3023 1420 3306 1476 debuerat.
3349 1422 3416 1476 Et
3446 1420 3572 1492 quia

1973 1509 2252 1580 Scriptura
2272 1508 2400 1564 dicit
2425 1526 2439 1562 :
2462 1509 2502 1563 Α
2525 1509 2660 1578 ﬁliis
2681 1511 2798 1564 tuis
2813 1525 2965 1575 cave,
2985 1513 3044 1564 et
3059 1527 3090 1566 a
3111 1509 3432 1566 domesticis
3455 1510 3578 1566 tuis-

1973 1597 2201 1653 attende
2223 1597 2417 1670 (Eccli.
2441 1611 2626 1664 xxxu,
2649 1597 2760 1669 28),
2785 1606 2838 1652 et
2853 1597 3227 1670 unusquisque
3249 1613 3308 1653 se
3338 1613 3368 1651 a
3387 1597 3574 1668 proxi-

1974 1701 2064 1740 mo
2095 1701 2194 1741 suo
2236 1685 2521 1752 custodiat,
2554 1693 2608 1740 et
2636 1685 2690 1740 in
2717 1685 2864 1740 omni
2893 1685 3058 1742 fratre
3097 1702 3196 1740 suo
3236 1701 3346 1741 non
3374 1685 3575 1741 habeat

1973 1773 2258 1841 fiduciam;
2293 1781 2344 1828 et
2378 1775 2602 1830 inimici
2631 1773 2874 1830 hominis
2913 1773 3205 1830 domestici
3231 1776 3352 1846 ejus
3385 1774 3570 1845 (Mich.

1976 1879 2074 1933 vn,
2108 1863 2184 1934 6),
2217 1879 2320 1934 ego
2347 1879 2445 1934 per
2471 1861 2699 1918 missum
2739 1878 2917 1918 meum
2964 1861 3298 1933 exemplaria
3335 1863 3570 1934 scripto-

1975 1969 2097 2006 rum
2125 1968 2302 2023 nuper
2329 1952 2384 2006 in
2415 1951 2626 2024 synodo
2671 1952 2818 2022 apud
2845 1951 3048 2007 Trecas
3097 1950 3358 2007 factorum
3386 1951 3572 2007 mitte-

1975 2057 2114 2112 rem,
2147 2057 2216 2096 ne
2245 2039 2384 2095 forte
2414 2040 2485 2094 ab
2512 2039 2700 2096 amicis
2729 2041 2886 2108 meis,
2919 2055 3148 2112 quorum
3176 2039 3574 2096 infestationem

1975 2129 2172 2201 patior,
2205 2129 2384 2202 aliqua
2423 2128 2668 2185 fortassis
2717 2145 2849 2200 erga
2876 2145 2964 2184 me
2993 2129 3049 2183 in
3083 2129 3162 2184 eis
3192 2129 3574 2200 compilentur,

1977 2218 2024 2274 si
2053 2218 2244 2286 solide,
2295 2225 2520 2290 pr0pter
2567 2219 2925 2290 quorumdam
2972 2217 3278 2290 principum
3325 2233 3460 2292 erga
3487 2233 3577 2273 me

1979 2307 2417 2376 commotionem,
2444 2307 2642 2379 quibus
2663 2307 2735 2362 ad
2751 2322 2850 2362 sua
2869 2315 2994 2362 vota
3008 2306 3228 2378 placere
3250 2322 3359 2361 non
3375 2307 3572 2374 audeo,

1980 2397 2116 2452 sicut
2143 2395 2233 2451 hic
2261 2395 2516 2468 praefatus
2547 2395 2878 2452 venerabilis
2911 2403 2963 2450 et
2993 2395 3362 2452 consacerdos
3391 2403 3576 2450 noster

1980 2485 2134 2540 vobis
2165 2485 2287 2542 viva
2315 2501 2450 2540 voce
2480 2483 2663 2540 dicere
2689 2491 2887 2555 potest,
2921 2483 3177 2540 valerem.
3210 2483 3291 2539 De
3321 2499 3428 2555 quo
3447 2481 3577 2539 cha-

1981 2573 2198 2628 rissimo
2229 2580 2282 2628 et
2309 2571 2574 2628 ﬁdissimo
2600 2572 2790 2628 fratre.
2825 2579 2876 2628 et
2905 2571 3196 2628 venerabili
3226 2587 3293 2628 ac
3321 2570 3578 2644 prudenti

1983 2661 2240 2734 episcopo
2249 2705 2264 2730 ,
2275 2669 2510 2718 vestram
2523 2671 2652 2734 peto
2663 2660 2939 2716 indubiam
2955 2661 3288 2728 charitatem,
3304 2668 3362 2716 ut
3374 2661 3576 2717 domno

1982 2751 2300 2823 apostolico,
2335 2759 2389 2806 et
2415 2751 2558 2823 patri
2589 2758 2779 2806 nostro
2808 2749 3056 2816 Arsenio,
3091 2757 3144 2806 et
3171 2749 3380 2806 cmteris
3413 2749 3576 2804 fami-

1983 2840 2209 2896 liaribus
2237 2841 2432 2896 vestris
2461 2856 2585 2896 eum
2616 2839 3026 2908 commendatis,
3061 2846 3114 2895 et
3138 2839 3253 2910 ejus
3283 2838 3578 2896 necessita-

1983 2929 2128 2984 tibus
2171 2937 2334 3002 atque
2382 2929 2790 2984 rationabilibus
2843 2927 3193 3002 petitionibus
3234 2945 3333 3000 pro
3375 2927 3579 2984 viribus

1988 3018 2346 3074 concurratis.
2377 3018 2446 3074 Et
2475 3017 2752 3090 quoniam,
2795 3017 3011 3090 quando
3033 3017 3103 3072 ad
3132 3017 3398 3088 synodum
3431 3017 3578 3088 apud

282 3087 403 3166 ruiu
433 3125 602 3166 sensu
629 3111 747 3166 haec
776 3109 944 3165 missa
981 3087 1223 3182 episcopi
1254 3087 1612 3183 collegerunt,
1643 3087 1700 3162 ut
1723 3114 1882 3162 autu-
1912 3087 1960 3151 Ο
1979 3107 2179 3162 Trecas
2211 3105 2355 3172 veni,
2388 3087 2509 3160 non
2526 3104 2711 3176 putavi
2740 3087 2862 3160 eum
2893 3121 3014 3160 cum
3038 3087 3309 3177 legatione
3330 3087 3578 3177 synodali

284 3215 388 3269 mo,
457 3214 570 3255 non
615 3198 932 3256 discordare
973 3199 1246 3254 intellectu
1291 3199 1653 3262 invenientur,
1705 3212 1880 3268 quan-

289 3303 450 3360 quam
493 3287 677 3342 mitius
733 3287 984 3360 quaedam
1041 3288 1360 3360 scripserint
1408 3286 1501 3358 qui
1551 3284 1741 3357 gestis-
1771 3300 1882 3340 non

290 3375 670 3444 interfuerunt,
705 3392 864 3448 quam
893 3376 970 3431 illi
998 3377 1091 3449 qui
1120 3393 1184 3432 ea
1213 3393 1332 3448 quae
1353 3382 1664 3450 gesserunt,
1689 3373 1882 3444 Sergio

282 3482 434 3538 papze
489 3465 754 3521 mittenda
785 3473 838 3522 et
883 3465 1052 3522 Leoni
1097 3465 1267 3521 missa
1311 3466 1661 3537 scripserunt.
1716 3469 1785 3524 Et
1813 3463 1882 3524 de

281 3554 617 3611 restitutione
646 3555 855 3610 Ebonis
884 3572 985 3626 per
1018 3555 1254 3610 edictum
1286 3556 1520 3612 Lotbarii
1541 3557 1883 3630 imperatoris

286 3645 341 3699 in
383 3643 600 3716 scriptis
649 3643 761 3698 suis
808 3644 934 3700 ideo
979 3661 1090 3700 non
1145 3645 1428 3712 miserunt,
1476 3648 1732 3719 quoniam
1780 3647 1884 3720 ipsi

287 3733 548 3805 episcOpi,
584 3749 817 3805 quorum
844 3732 1048 3789 ibidem
1076 3733 1298 3789 nomina
1344 3735 1460 3790 sine
1504 3737 1716 3792 illorum
1749 3737 1882 3792 sub-

287 3821 670 3894 scriptionibus
727 3829 852 3878 sunt
923 3823 1194 3890 adnotata,
1275 3823 1451 3879 eidem
1523 3825 1884 3898 qualicunque

285 3910 610 3966 restitutioni
669 3927 730 3966 se
781 3927 892 3966 non
948 3911 1256 3967 interfuisse
1313 3913 1580 3984 dixerunt,
1641 3915 1778 3971 sicut
1832 3923 1885 3970 et

288 3999 565 4055 Rothadus
609 4001 776 4056 modo
816 4001 870 4055 in
899 4002 1111 4072 synodo
1157 4001 1298 4073 apud
1341 4002 1538 4058 Trecas
1586 4003 1736 4058 dixit.
1786 4003 1886 4060 Est

288 4088 465 4156 etiam,
501 4089 757 4161 quoniam
789 4097 842 4144 et
871 4104 904 4144 a
933 4089 1128 4161 Sergio
1157 4097 1280 4161 post
1309 4091 1560 4147 eamdem
1589 4092 1884 4148 restitutio-

287 4193 409 4233 nem
486 4177 847 4234 damnationis
921 4179 1245 4234 sententiam
1315 4180 1370 4234 in
1443 4197 1566 4236 eum
1615 4181 1885 4252 prolatam

290 4265 560 4340 legerunt,
609 4267 746 4324 sicut
793 4267 965 4323 codex
1011 4267 1359 4340 episcopalis,
1395 4276 1447 4324 et
1477 4269 1670 4325 litterae
1699 4269 1886 4325 domui

287 4355 574 4428 apostolici
603 4372 705 4427 per
732 4356 1018 4428 Egilonem
1047 4357 1206 4412 nobis
1255 4356 1438 4412 missae
1485 4359 1881 4414 demonstrant.

291 4445 396 4501 Sed
417 4454 472 4501 et
495 4444 565 4500 de
587 4445 778 4501 charta
791 4445 1280 4520 transmigrationis
1293 4447 1362 4502 ad
1375 4446 1537 4502 aliam
1548 4447 1883 4518 parochiam,
1913 4446 1968 4507 D

289 4549 320 4588 a
349 4534 624 4607 Gregorio
652 4550 796 4606 papa
823 4535 1048 4606 praefato
1069 4535 1248 4592 Eboni
1293 4535 1451 4607 facta,
1483 4536 1616 4592 nihil
1645 4537 1700 4592 in
1741 4554 1886 4610 prae-

287 4623 441 4679 dictis
499 4639 692 4680 eorum
750 4624 964 4696 scriptis
1021 4625 1270 4694 habetur,
1347 4625 1603 4698 quoniam
1659 4625 1711 4681 in
1772 4626 1888 4682 istis

289 4712 490 4770 nostris
536 4713 851 4786 regionibus
893 4721 1053 4770 antea
1094 4713 1210 4770 visa
1253 4731 1362 4770 non
1408 4713 1525 4786 fuit,
1568 4715 1673 4771 nisi
1701 4717 1883 4782 modo,

291 4817 412 4857 cum
443 4801 678 4858 dilectus
707 4801 874 4858 frater
904 4811 1089 4860 noster
1107 4803 1372 4860 Vulfadus
1393 4805 1536 4876 apud
1552 4805 1750 4862 Trecas
1771 4822 1890 4862 eam

287 4891 443 4946 nobis
474 4891 713 4948 ostendit
737 4908 750 4946 :
775 4909 897 4964 qua:
925 4900 1106 4947 utrum
1136 4907 1169 4948 a
1199 4893 1490 4966 Gregorio,
1523 4893 1609 4950 cui
1625 4893 1888 4950 successit

287 4978 533 5054 Sergius,
566 4979 694 5036 data
721 4979 884 5036 fuerit
908 4997 978 5036 an
1009 4998 1138 5049 non,
1173 4998 1238 5038 ex
1270 4983 1468 5038 scrinio
1511 4991 1712 5040 sanctae
1743 4983 1889 5040 sedis

289 5068 548 5126 Romanae
561 5077 619 5124 ut
635 5070 907 5126 credimus
924 5071 1053 5127 sciri
1065 5071 1282 5127 valebit.
1303 5071 1656 5128 Ordinatores
1675 5090 1888 5146 quoque

286 5159 392 5214 mei
419 5158 748 5215 Rhemensis
776 5159 1066 5231 provincize
1095 5159 1430 5234 suffraganci
1461 5161 1721 5234 episcOpi,
1743 5180 1888 5236 saepe

289 5248 514 5318 passim,
533 5247 632 5304 sed
653 5255 704 5304 et
725 5247 778 5302 in
793 5247 1003 5320 synodo
1021 5249 1256 5321 professi
1273 5249 1490 5306 fuerunt
1501 5251 1677 5308 eidem
1689 5253 1886 5320 Eboni,

290 5351 396 5392 non
425 5336 862 5394 communicasse
891 5337 947 5393 in
973 5337 1059 5393 his
1087 5339 1232 5394 unde
1262 5337 1434 5394 fuerat
1462 5341 1890 5398 excommunica-
1961 5347 1965 5352 '

291 5431 392 5494 tus,
424 5425 532 5481 nisi
582 5425 745 5482 modo
789 5425 959 5482 frater
1003 5427 1300 5497 Rothadus,
1334 5435 1389 5482 ut
1421 5427 1639 5499 quidam
1675 5437 1885 5502 putant,

291 5536 453 5581 causa
483 5539 618 5596 erga
647 5540 735 5582 me
763 5523 884 5594 zeli,
917 5524 1012 5596 qui
1039 5525 1292 5584 eumdem
1319 5525 1567 5582 Ebonem
1589 5526 1882 5598 damnavit,

1982 3211 2047 3250 ex
2077 3195 2198 3266 ipsa
2225 3193 2434 3266 synodo
2453 3195 2680 3250 Romam
2701 3195 2921 3262 iturum,
2955 3193 3086 3248 talia
3106 3193 3193 3250 vel
3212 3193 3287 3249 ita
3307 3193 3580 3266 condigna

1981 3283 2174 3340 exenia
2210 3299 2426 3340 mecum
2473 3298 2582 3339 non
2613 3281 2785 3351 attuli,
2833 3291 2891 3338 ut
2937 3283 3138 3338 domno
3175 3281 3492 3354 apostolico,
3527 3290 3586 3338 et

1982 3371 2266 3428 carissimo
2294 3371 2442 3428 Patri
2470 3379 2661 3428 nostro
2707 3371 2960 3439 Arsenio,
2993 3387 3058 3427 ac
3104 3371 3259 3428 vobis
3307 3369 3579 3444 condigne

1981 3461 2194 3516 mittere
2245 3476 2504 3532 possem;
2567 3469 2618 3516 et
2671 3469 2795 3532 post
2853 3461 3122 3532 synodum
3176 3459 3246 3515 ad
3303 3460 3579 3516 civitatem

1981 3558 2226 3607 nostram
2278 3549 2526 3605 inﬁrmus
2585 3565 2874 3605 remanens
2919 3548 2972 3603 in
3030 3549 3260 3620 quadam
3317 3548 3582 3604 Ecclesia:

1983 3647 2182 3694 nostrae
2212 3637 2417 3705 villula,
2451 3636 2629 3694 redire
2676 3645 2800 3706 ante
2843 3636 3236 3710 profectionem
3278 3635 3424 3692 illius
3472 3645 3580 3692 non

1983 3727 2152 3798 potui,
2199 3743 2268 3782 ne
2318 3727 2374 3782 iu
2419 3733 2589 3782 totum
2642 3741 2740 3784 vos
2797 3725 3276 3798 quantulacunque
3349 3725 3580 3782 benedi-

1985 3815 2256 3872 ctiuncula
2284 3815 2502 3872 visitare
2533 3815 2882 3883 dimitterem,
2913 3831 3014 3886 pro
3045 3822 3248 3871 nostra:
3273 3815 3583 3887 exiguitatis

1984 3905 2246 3961 memoria
2283 3904 2436 3960 mitto
2464 3903 2620 3960 vobis
2662 3921 2762 3976 per
2801 3921 2926 3961 eum
2975 3921 3229 3961 crusnam
3255 3904 3324 3960 de
3351 3903 3584 3976 pellibus

1984 3994 2167 4060 variis,
2220 4010 2345 4050 cum
2391 4009 2571 4065 panno
2618 3993 2896 4050 coloribus
2939 3994 3108 4062 vario,
3153 4010 3325 4065 qua...
3364 3993 3577 4050 Cretera

1986 4099 2268 4155 perpauca
2297 4083 2521 4138 desunt.

2462 4223 2803 4280 EPISTOLA
2841 4226 3101 4282 XXXIX.

2173 4338 2245 4379 AD
2285 4339 2503 4380 CLERUM
2540 4339 2609 4379 ET
2646 4338 2862 4380 PLEBEM
2899 4337 3394 4382 BELLAVACENSBM.

2439 4433 2548 4489 Pro
2586 4431 2827 4505 episcopi
2856 4433 3124 4489 elatione.

2403 4546 2492 4603 (Ex
2511 4547 2630 4602 Act.
2660 4557 2804 4606 pr0p.
2826 4548 2948 4595 eccl.
2977 4549 3168 4606 Rhein.)

2059 4644 2387 4701 Hmcnanus
2409 4654 2608 4703 sanctae
2628 4647 2946 4720 metropolis
2967 4647 3232 4704 Ecclesiae
3251 4647 3584 4704 Rhemorum

1988 4733 2296 4806 episcopus,
2331 4751 2396 4791 ac
2433 4735 2609 4807 plebis
2651 4736 2750 4792 Dei
2797 4735 3049 4805 famulus,
3094 4736 3240 4792 clero
3271 4744 3323 4792 et
3352 4736 3500 4808 plebi
3530 4737 3585 4793 in

1985 4823 2250 4894 parochia
2281 4823 2598 4882 Belvacensi
2629 4823 2964 4880 consistenti.

2060 4911 2199 4980 Quia
2227 4911 2486 4970 defuncto
2513 4913 2730 4978 dilecto,
2763 4912 2852 4968 vel
2884 4911 3202 4983 venerabili,
3225 4913 3496 4972 confratre
3523 4930 3588 4972 ac

1988 5000 2276 5058 sacerdote
2305 5010 2515 5067 nostro,
2556 5009 2706 5072 patre
2733 4999 2986 5056 videlicet
3029 5017 3094 5058 ac
3137 5011 3356 5074 pastore
3405 5012 3588 5060 vestro

1989 5089 2202 5157 Odone,
2250 5090 2514 5147 electione
2563 5089 2822 5146 canonica
2862 5106 2894 5144 a
2937 5091 3158 5148 domino
3211 5100 3396 5149 nostro
3455 5109 3588 5168 rege

1987 5179 2145 5235 vobis
2176 5179 2335 5235 solita
2364 5177 2698 5251 benignitate
2729 5194 3011 5248 concessa,
3042 5197 3271 5238 necesse
3301 5181 3404 5238 erit
3433 5190 3494 5238 ut
3519 5183 3590 5238 dc

1989 5269 2245 5342 eligendo
2275 5277 2436 5340 atque
2466 5267 2843 5326 constituendo
2884 5269 3041 5326 vobis
3084 5279 3319 5342 pastore,
3365 5272 3454 5328 vel
3481 5272 3586 5328 do-

1990 5365 2138 5413 ctore
2153 5366 2314 5429 atque
2334 5365 2563 5426 rectore,
2592 5359 2894 5416 secundum
2915 5358 3316 5417 ecclesiasticas
3339 5359 3588 5434 regulas,

1987 5445 2127 5500 votis
2157 5445 2360 5501 nostris
2389 5445 2445 5500 in
2472 5463 2640 5502 unum
2676 5448 2908 5505 Domino
2937 5448 3210 5506 mediante
3259 5449 3587 5506 convenien-

1987 5533 2151 5604 tibus,
2184 5535 2484 5608 praemissis
2506 5535 2726 5607 jejuniis
2755 5546 2808 5596 et
2835 5537 3144 5596 litaniarum
3187 5537 3586 5596 obsecrationi-
