4072 6298
509 195 616 250 259

1574 189 1917 246 HINCMABI
1952 188 2353 246 RHEMENSIS
2390 189 2940 248 ARCHIEPISCOPI.

3704 195 3819 250 260

513 314 637 382 bus,
672 321 907 370 tractare
937 313 1258 386 quantocius
1284 313 1570 370 maturetis
1603 329 1615 369 :
1648 321 1702 369 et
1729 321 1954 370 exorato
1983 329 2050 368 eo
2079 329 2110 367 a
2137 313 2196 375 A
2215 330 2324 369 non
2351 314 2420 370 de
2449 315 2701 370 omnibus
2748 315 2822 370 sit
2845 313 3004 371 laicis
3031 313 3400 371 constitutum.
3445 315 3639 386 Neque
3665 315 3821 371 enim

515 418 623 474 quo
654 409 737 457 est
764 418 926 458 omne
955 403 1144 458 datum
1174 403 1465 474 optimum,
1493 410 1547 458 et
1576 418 1738 458 omne
1765 403 1972 458 donum
1992 419 2114 472 per-

512 489 730 559 fectum,
765 491 968 563 quique
996 491 1126 547 facit
1152 493 1438 547 unanimes
1473 491 1717 546 habitare
1747 491 1800 545 in
1822 492 2007 558 domo,
2039 491 2111 545 ita

512 596 610 635 vos
641 596 764 636 cum
794 581 986 635 studiis
1033 581 1195 650 hujus
1236 581 1534 636 venerandi
1581 579 1794 649 fratris‘
1810 595 1877 636 ac
1922 579 2110 650 coepi-

513 668 667 740 scopi
695 669 868 724 nostri
899 677 944 736 ι,
991 669 1079 725 cui
1110 670 1412 725 secundum
1458 669 1850 724 institutionem
1881 667 2110 724 canoni-

514 772 636 813 cam
664 757 959 813 visitatoris
987 757 1222 813 oﬂicium
1249 757 1307 812 in
1335 757 1603 825 Ecclesia,
1637 758 1792 827 cujus
1813 772 2000 812 amore
2022 754 2112 811 vel

513 845 706 918 vigore
735 845 1012 913 fovemini,
1045 846 1442 919 delegavimus,
1477 846 1532 900 in
1560 845 1825 902 electione
1870 842 2113 917 regulari

514 935 902 1002 concorditer;
933 943 991 990 ut
1027 943 1249 1006 pastore
1297 949 1394 990 vos
1439 934 1641 989 diutius
1689 933 1976 988 destitutos
2003 948 2114 987 non

514 1021 766 1079 doleatis.
801 1025 882 1080 De
911 1024 1067 1093 cujus
1095 1023 1350 1081 videlicet
1373 1039 1404 1078 a
1423 1023 1580 1077 nobis
1610 1021 1972 1078 consecrandi
1992 1021 2112 1092 epi-

516 1111 668 1183 scopi
714 1112 999 1178 electione,
1045 1129 1148 1184 pro
1193 1112 1448 1183 imposito
1494 1111 1653 1167 nobis
1702 1111 2018 1176 ministerio,
2061 1117 2116 1165 et

514 1216 648 1256 cura
689 1200 852 1256 totius
900 1200 1194 1272 provinciae
1246 1200 1547 1256 secundum
1593 1199 1838 1272 mystica;
1877 1199 2114 1254 Nicaenaa

513 1289 708 1360 synodi
736 1305 973 1344 canones
1001 1289 1276 1360 delegata,
1310 1287 1634 1343 fraternitati
1683 1295 1879 1342 vestrae
1923 1294 2113 1342 aucto-

513 1377 730 1432 ritatem
759 1377 1014 1432 divinitus
1059 1377 1458 1450 promulgatam
1508 1377 1758 1431 intimare
1787 1375 2110 1447 satagimus,

515 1466 696 1521 Primo
727 1465 949 1531 scilicet,
985 1473 1042 1520 ut
1071 1467 1352 1521 decretum
1382 1465 1499 1521 sine
1530 1463 1828 1520 visitatoris
1865 1481 2114 1535 prasen-

511 1554 585 1608 tia
612 1569 774 1609 nemo
812 1552 1082 1620 conﬁciat,
1135 1554 1287 1623 cujus
1329 1553 1643 1608 testimonio
1693 1553 2020 1609 clericorum
2051 1567 2117 1608 ac

2211 403 2398 459 clerici
2438 403 2616 470 nasci,
2662 411 2715 458 et
2756 419 2868 458 non
2909 402 3029 459 ﬁeri
3073 410 3339 474 possunt;
3381 403 3480 459 sed
3519 403 3820 478 designata

2211 499 2333 546 sunt
2364 508 2593 564 genera,
2627 493 2696 547 de
2727 492 2924 564 quibus
2951 493 3023 547 ad
3051 492 3369 548 clericatum
3386 492 3678 564 pervenire
3699 508 3817 548 non

2210 589 2439 651 possunt
2471 598 2484 634 :
2518 581 2572 635 id
2621 588 2704 636 est
2747 581 2793 635 si
2841 581 2962 652 quis
3001 579 3178 636 ﬁdelis
3222 581 3570 649 militaverit;
3598 581 3646 636 si
3687 581 3818 653 quis

2211 667 2388 724 ﬁdelis
2411 684 2608 724 causas
2659 669 2854 742 egerit,
2887 671 2993 726 hoc
3021 677 3124 740 est,
3171 669 3564 741 postulaverit;
3597 669 3646 725 si
3687 669 3818 742 quis

2211 755 2390 812 ﬁdelis
2419 757 2913 825 administraverit;
2951 758 2997 812 si
3025 759 3148 830 quis
3186 758 3268 815 vir
3296 767 3422 814 ante
3470 758 3734 825 servivit;
3764 758 3818 814 si

2212 846 2335 918 quis
2362 847 2635 917 publicam
2663 847 3039 918 pmnitentiam
3067 863 3170 918 pro
3216 847 3391 918 culpis
3433 847 3814 902 criminalibus

2212 935 2325 1007 egit
2348 954 2361 1001 ;
2383 935 2427 989 si
2457 936 2579 1008 quis
2608 935 2885 1008 bigamus,
2918 936 3006 990 vel
3033 935 3260 991 maritus
3289 936 3465 990 vidua:
3494 934 3613 1004 fuit,
3646 935 3737 991 vel
3770 935 3820 990 si

2213 1024 2589 1090 concubinam,
2620 1025 2710 1080 vel
2736 1024 2990 1094 pellicem
3018 1025 3186 1080 novit.
3220 1024 3422 1080 Cavete
3459 1024 3818 1079 nihilominus

2211 1129 2280 1168 ne
2309 1113 2666 1180 illitteratum,
2715 1114 2803 1169 vel
2831 1113 3058 1182 alicujus
3108 1114 3381 1168 haereseos
3425 1121 3580 1184 peste
3612 1129 3817 1169 corru-

2211 1210 2382 1273 ptum,
2406 1218 2472 1258 ac
2498 1202 2807 1273 aliquorum
2827 1202 3202 1258 membrorum
3230 1202 3428 1257 damna
3444 1218 3774 1274 perpessum
3800 1219 3818 1270 ;

2213 1307 2324 1346 non
2351 1291 2763 1364 negociatorem
2791 1291 3070 1357 clericum,
3104 1299 3197 1346 aut
3225 1291 3525 1346 inhonestis
3554 1299 3608 1346 et
3637 1290 3820 1362 turpi-

2214 1379 2316 1434 bus
2368 1379 2536 1434 lucris
2581 1379 2950 1448 incubantem,
3010 1387 3100 1434 aut
3139 1379 3431 1435 horrendis
3485 1379 3819 1452 quibusdam

2215 1467 2534 1524 criminibus
2564 1467 2898 1539 implicatum
2928 1468 3015 1523 vel
3045 1467 3401 1536 diffamatum,
3423 1468 3510 1523 vel
3529 1468 3818 1524 damoniis

2215 1557 2590 1628 similibusque
2619 1557 2966 1628 passionibus
2995 1557 3286 1624 irretitum,
3332 1557 3541 1630 eligere
3583 1565 3816 1613 attente-

513 1641 712 1698 civium
758 1642 930 1713 possit
978 1642 1308 1697 unanimitas
1357 1642 1645 1698 declarari.
1692 1641 1922 1708 Deinde,
1955 1649 2014 1695 ut
2043 1641 2112 1695 de
2133 1673 2187 1733 B
2217 1645 2284 1700 tis
2316 1663 2330 1700 :
2365 1647 2461 1702 sed
2491 1645 2676 1700 domui
2699 1646 2800 1701 Dei
2827 1646 3076 1719 dignum,
3111 1645 3328 1701 ﬁdelem
3375 1654 3535 1718 atque
3573 1646 3820 1716 pruden-

512 1730 742 1786 ecclesia
784 1738 989 1800 vestra,
1041 1731 1156 1786 sive
1205 1731 1275 1784 sit
1305 1731 1363 1784 in
1411 1731 1648 1796 civitate,
1693 1729 1806 1785 sive
1833 1729 1888 1784 in
1917 1745 2112 1784 mona-

418 1860 424 1864 .
514 1818 712 1886 steriis,
758 1819 846 1874 his
893 1818 1194 1889 disciplinis
1238 1818 1562 1888 institutum,
1597 1827 1650 1874 et
1683 1818 1756 1872 ita
1799 1817 2117 1888 apostolicae

513 1906 707 1964 formae
733 1907 1170 1974 convenientem,
1203 1907 1272 1962 de
1300 1906 1624 1962 diaconibus
1663 1906 1750 1962 vel
1779 1906 2116 1977 presbyteris

515 1996 732 2068 eligatis
780 1996 956 2062 vobis,
1006 2003 1228 2050 auctore
1259 2003 1311 2050 et
1341 1994 1556 2050 fautore
1605 1995 1857 2064 Domino,
1915 2011 2115 2050 consc—

513 2085 773 2139 crandum
815 2084 1155 2154 episcopum,
1202 2083 1337 2139 sicut
1387 2099 1507 2139 cum
1537 2085 1606 2138 de
1655 2083 1911 2155 eligendo
1951 2091 2114 2154 atque

513 2172 894 2228 constituendo
924 2172 1181 2244 episcOpo
1207 2181 1414 2246 ageret,
1449 2172 1567 2227 Tito
1589 2180 1642 2227 et
1673 2172 1956 2228 Timotheo
1981 2172 2120 2226 Pau-

513 2259 601 2316 lus
629 2260 874 2334 depingit
904 2261 1204 2332 apostolus.
1238 2260 1392 2327 Etsi,
1417 2261 1562 2332 quod
1593 2259 1752 2328 absit,
1787 2261 1855 2314 de
1885 2259 2116 2316 civitatis

513 2364 578 2404 ac
607 2349 858 2420 parmciaa
904 2357 1102 2405 vestrae
1149 2348 1384 2415 clericis,
1443 2348 1778 2404 ordinandus
1826 2347 2116 2420 episcopus

515 2437 695 2492 nullus
726 2437 946 2510 dignus,
978 2437 1064 2494 vel
1092 2437 1320 2494 idoneus
1351 2453 1564 2492 summo
1613 2436 1938 2502 sacerdotio,
1971 2437 2116 2509 quod

515 2526 734 2582 evenire
765 2543 876 2582 non
923 2527 1218 2592 credimus,
1269 2526 1462 2598 poterit
1508 2526 1740 2582 inveniri
1774 2542 1787 2581 :
1819 2534 1948 2582 tunc
1977 2525 2116 2580 alte-

515 2631 637 2670 rum
664 2615 734 2670 de
763 2615 937 2670 altera
964 2615 1269 2672 diteceseos
1299 2623 1502 2671 nostra;
1545 2615 1800 2682 ecclesia,
1837 2615 1980 2670 unde
2011 2629 2115 2671 no-

515 2702 600 2758 bis
631 2705 932 2759 secundum
976 2704 1294 2760 Africanum
1338 2704 1628 2761 concilium
1666 2706 1818 2775 (can.
1853 2706 1965 2775 22),
1999 2703 2117 2758 sine

517 2791 838 2864 cujusquam
867 2793 1308 2860 contradictione,
1344 2792 1633 2848 ordinandi
1664 2809 1992 2865 quemquam
2021 2809 2117 2848 ca-

517 2881 712 2937 nonice
769 2881 1003 2937 electum
1050 2890 1102 2937 et
1143 2882 1369 2952 petitum
1430 2889 1510 2936 est
1566 2881 1822 2936 attributa
1875 2880 2116 2948 licentia,

518 2969 746 3043 eligere,
778 2978 1103 3042 procurate;
1137 2971 1230 3042 qui
1260 2970 1457 3026 merito
1507 2969 1630 3026 vitae
1661 2978 1713 3025 et
1744 2969 1984 3026 scientiae
2011 2971 2117 3024 do-

517 3059 690 3114 ctrina
733 3059 888 3114 vobis
935 3075 1177 3132 praeesse
1220 3059 1418 3130 valeat,
1473 3066 1526 3114 et
1573 3059 1836 3130 prodesse
1873 3075 1885 3113 :
1921 3057 2118 3130 quique

517 3147 691 3204 sacris
719 3147 1018 3204 canonibus
1065 3147 1340 3220 praecipue
1383 3147 1618 3220 capitulo
1671 3147 2118 3221 Carthaginensis

517 3235 735 3292 concilii
783 3236 966 3308 (conc.
1004 3236 1197 3292 Carlh.
1233 3254 1310 3292 an
1339 3240 1463 3303 398,
1497 3253 1624 3293 can.
1661 3237 1714 3308 1)
1747 3251 1760 3291 :
1796 3235 1986 3305 Qualis
2013 3236 2118 3291 de-

516 3322 644 3377 beat
673 3323 918 3378 ordinari
947 3324 1258 3395 episcopus,
1308 3340 1419 3380 non
1467 3325 1666 3380 debeat
1709 3324 1971 3390 obviare;
2004 3332 2058 3378 et
2086 3340 2120 3379 a

517 3410 754 3467 decretis
782 3412 1022 3479 Patrum,
1056 3412 1234 3468 Siricii
1258 3411 1532 3480 videlicet,
1579 3413 1900 3478 Innocentii,
1934 3411 2116 3468 Coele-

513 3499 660 3566 stini,
694 3500 910 3570 Leonis,
944 3501 1165 3568 Gelasii,
1197 3509 1358 3574 atque
1391 3501 1672 3574 Gregorii,
1727 3508 1989 3572 quantum
2018 3515 2117 3572 pa-

513 3588 642 3644 titur
669 3590 908 3646 humana
937 3589 1225 3664 fragilitas,
1260 3599 1314 3646 et
1343 3591 1592 3662 poteritis
1633 3589 1973 3661 conspicere,
2006 3606 2119 3646 non

513 3677 690 3732 valeat
719 3679 1105 3751 quoquomodo
1144 3678 1481 3750 discrepare.
1513 3679 1569 3734 Si
1600 3679 1766 3734 etiam
1796 3679 1866 3734 de
1893 3678 2117 3734 alterius

512 3765 738 3822 dioecesi
767 3767 1182 3839 archiepiscopi,
1214 3767 1302 3823 vel
1330 3767 1571 3838 parcecia
1618 3767 1884 3839 episcopi,
1919 3783 2115 3840 quem-

510 3853 660 3926 piam
683 3854 838 3911 vobis
867 3863 1052 3912 notum
1087 3854 1391 3927 proficuum
1419 3864 1472 3910 et
1502 3855 1692 3911 utilem
1741 3855 1950 3928 eligere
1993 3871 2114 3911 ma-

510 3941 718 3998 lueritis
751 3960 1018 4000 :necesse
1047 3943 1202 4001 vobis
1246 3943 1365 4012 erit,
1413 3959 1539 4000 cum
1588 3943 1932 4015 beneplacito
1970 3943 2116 3999 illius

515 4031 776 4104 episcOpi,
809 4033 964 4102 cujus
992 4032 1260 4101 intererit,
1286 4041 1339 4088 et
1358 4032 1553 4090 litteris
1584 4032 1858 4090 canonicis
1886 4032 2112 4105 petitum

517 4121 784 4190 obtinere,
819 4130 874 4178 et
901 4121 971 4178 ad
1000 4137 1100 4178 nos
1128 4121 1283 4178 illum
1311 4123 1586 4179 mediante
1616 4123 1899 4180 visitatore
1929 4129 2114 4178 vestro

517 4211 936 4290 examinandum
975 4210 1283 4281 adducere;
1317 4220 1604 4284 quatenus,
1636 4211 1684 4267 si
1711 4228 1992 4286 congruus
2021 4229 2114 4267 sa-

515 4301 625 4358 cris
654 4301 954 4358 canonibus
982 4300 1233 4358 inventus
1263 4301 1444 4368 fuerit,
1496 4301 1653 4357 vobis
1683 4301 1962 4357 ordinetur
1992 4300 2114 4372 epi-

2148 3032 2197 3096 C

2217 1743 2324 1790 tem
2353 1735 2658 1788 ministrum
2689 1735 3121 1806 dispensatorem
3168 1735 3376 1808 eligite.
3411 1734 3696 1804 Quatenus
3724 1735 3817 1789 in-

2215 1824 2386 1879 terius
2441 1823 2786 1896 exteriusque
2832 1824 3093 1880 decenter
3138 1832 3384 1890 ornatus,
3433 1823 3669 1879 formam
3724 1822 3817 1878 vi-

2215 1913 2377 1968 vendi
2409 1913 2562 1968 vobis
2601 1912 2860 1985 religiosa
2906 1913 3322 1968 conversatione
3368 1913 3730 1979 demonstret,
3765 1921 3820 1966 et

2215 2017 2349 2057 sana
2391 2001 2660 2068 doctrina,
2703 2001 2846 2056 inter
2891 2003 3050 2071 hujus
3097 2002 3285 2057 mundi
3311 2017 3374 2057 ac
3401 2001 3818 2056 tribulationum

2215 2091 2492 2158 tenebras,
2539 2099 2690 2146 recto
2741 2090 2880 2146 calle
2927 2090 3214 2163 gradiendi
3261 2090 3378 2145 sine
3415 2090 3720 2146 offensione
3747 2090 3820 2144 ad

2214 2187 2432 2250 portum
2461 2179 2651 2234 salutis
2679 2188 2899 2236 aeterna:
2918 2180 3105 2235 lumen
3125 2180 3473 2235 manifestare
3489 2179 3815 2250 praevaleat;

2215 2276 2269 2323 et
2297 2276 2486 2324 contra
2531 2269 2874 2324 barbaricam
2921 2269 3338 2335 infestationem,
3372 2269 3418 2322 si
3457 2268 3601 2340 quod
3651 2267 3816 2336 absit,

2215 2357 2492 2427 acciderit,
2525 2357 2682 2414 vobis
2712 2357 2859 2413 ferre
2886 2357 3146 2413 auxilium
3188 2356 3470 2428 prudentia
3501 2357 3655 2425 sciat,
3689 2355 3824 2413 viri-

2215 2445 2366 2502 litate
2393 2447 2594 2513 valeat,
2625 2448 2985 2518 temperantia
3015 2447 3264 2503 consulat
3294 2465 3307 2502 :
3340 2455 3393 2502 et
3422 2446 3501 2502 sic
3536 2445 3821 2502 exteriora

2216 2535 2578 2602 administret,
2610 2544 2667 2590 ut
2694 2535 2956 2590 interiora
2999 2552 3109 2591 non
3136 2536 3384 2602 deserat;
3417 2535 3495 2590 sic
3535 2534 3819 2590 interiori-

2217 2625 2318 2679 bus
2347 2624 2566 2691 serviat,
2599 2632 2658 2679 ut
2696 2625 2962 2680 exteriora
3006 2624 3224 2696 penitus
3265 2639 3375 2679 non
3421 2623 3730 2695 relinquat;
3765 2631 3823 2679 et

2217 2713 2574 2780 ambidexter,
2637 2713 3078 2786 contemplationi
3139 2721 3320 2768 mente
3374 2712 3636 2769 inserviat
3690 2713 3820 2768 vita:

2215 2802 2404 2858 activae
2435 2802 2672 2859 servitiis
2713 2802 2970 2870 intentus,
3016 2810 3073 2857 ut
3118 2800 3295 2857 ﬁdelis
3335 2818 3528 2858 servus
3575 2808 3630 2856 et
3676 2817 3818 2872 pru-

2217 2891 2373 2958 dens,
2407 2891 2691 2948 conservis
2719 2891 2775 2946 in
2804 2901 3050 2962 tempore
3080 2891 3238 2946 tritici
3281 2906 3614 2956 mensuram,
3643 2890 3703 2945 id
3732 2898 3823 2946 est

2216 2980 2437 3036 modum
2468 2980 2621 3036 verbi
2649 2978 2795 3047 ﬁdei,
2827 2981 3052 3052 probate
3083 2980 3379 3050 dispenset.
3410 2981 3533 3035 Non
3560 2979 3743 3035 solum
3763 2979 3823 3034 in

2219 3068 2616 3140 praedicationis
2655 3084 2930 3136 sermone,
2962 3084 3029 3126 ac
3073 3068 3499 3126 conversationis
3539 3067 3818 3140 exemplo,

2218 3173 2409 3213 verum
2435 3157 2492 3212 in
2519 3157 2726 3214 cunctis
2754 3158 2912 3212 saluti
2941 3173 3007 3214 ac
3036 3158 3158 3214 vitae
3188 3157 3514 3215 necessariis
3549 3173 3820 3214 necessa-

2217 3247 2298 3302 ria
2329 3255 2383 3302 et
2413 3255 2718 3318 opportuna
2746 3247 3063 3320 praevideat.

2289 3336 2613 3405 Hujusmodi
2674 3344 2873 3406 autem,
2944 3345 3206 3408 quantum
3260 3336 3523 3392 Dominus
3579 3335 3812 3404 dederit,

2216 3424 2338 3496 ipso
2365 3432 2696 3496 cooperante
2726 3425 2957 3481 electum
2986 3442 3108 3482 cum
3145 3425 3418 3482 visitatore
3449 3434 3652 3492 vestro,
3677 3442 3819 3496 prae-

2219 3521 2372 3570 sente
2402 3514 2608 3570 scilicet
2655 3514 2930 3570 confratre
2973 3522 3183 3585 nostro,
3217 3523 3270 3569 et
3297 3531 3419 3570 cum
3456 3515 3684 3570 decreto
3713 3529 3816 3570 ca-

2217 3603 2435 3670 nonico,
2468 3603 2538 3659 ad
2567 3603 2882 3660 humilitatis
2907 3612 3107 3660 nostrae
3153 3603 3573 3660 sollicitudinem
3601 3603 3815 3660 exami-

2216 3693 2454 3748 nandum
2502 3693 2796 3748 adducite:
2832 3693 2976 3766 quia,
3008 3703 3066 3748 ut
3091 3693 3254 3765 longe
3297 3700 3418 3749 ante
3463 3709 3564 3748 nos
3609 3693 3816 3748 dictum

2217 3789 2318 3848 est,
2368 3797 2477 3838 non
2526 3790 2610 3837 est
2655 3781 2809 3837 facile
2857 3782 3226 3853 dimittendus,
3276 3781 3362 3838 cui
3405 3790 3488 3837 est
3529 3781 3818 3853 proximus

2216 3871 2656 3927 committendus.
2688 3872 3037 3928 Praenoscere
3064 3887 3164 3928 vos
3190 3871 3426 3943 denique
3445 3871 3590 3940 volo,
3623 3870 3750 3943 quia
3767 3871 3818 3925 si

2213 3975 2509 4030 personam
2535 3976 2566 4015 a
2597 3959 2768 4016 sacris
2797 3960 3094 4016 canonibus
3119 3960 3336 4016 deviam
3382 3959 3618 4015 scienter
3652 3959 3818 4015 nobis

2215 4048 2568 4117 adduxeritis,
2601 4065 2710 4104 non
2741 4050 2920 4105 solum
2950 4066 3016 4105 ex
3044 4065 3111 4105 ea
3138 4048 3450 4121 pontiﬁcem
3496 4065 3608 4104 non
3636 4049 3816 4104 habe-

2213 4137 2362 4206 bitis,
2395 4154 2585 4194 verum
2614 4139 2775 4194 etiam
2801 4155 2904 4210 pro
2933 4139 3117 4195 illicita
3156 4139 3440 4204 electione,
3471 4145 3532 4192 ut
3562 4145 3816 4195 contem-

2213 4235 2398 4298 ptores
2426 4243 2712 4294 canonum,
2740 4227 3008 4297 judicium
3048 4226 3356 4284 incurretis.
3403 4227 3512 4282 Sed
3541 4233 3597 4282 et
3624 4235 3816 4282 nostro

2213 4330 2278 4373 ac
2307 4316 2758 4390 coepiscoporum
2786 4325 3098 4372 nostrorum
3136 4317 3339 4386 judicio
3381 4315 3611 4372 refutate
3640 4316 3816 4372 ratio-

515 4406 734 4462 scopus.
767 4392 906 4447 Ante
935 4391 1114 4444 omnia
1142 4399 1322 4446 autem
1353 4398 1542 4446 cavete
1571 4389 1629 4444 in
1644 4389 1911 4446 electione
1933 4389 2112 4460 ponti-

2215 4405 2468 4462 nabiliter
2498 4407 2762 4463 electione
2781 4415 2962 4464 vestra
2982 4407 3304 4478 incongrua,
3329 4405 3488 4460 talem
3509 4406 3816 4460 secundum

513 4478 632 4536 ﬁcis
661 4479 862 4534 malum
891 4477 1205 4534 simoniacae
1225 4480 1519 4548 haereseos,
1541 4495 1609 4534 ne
1631 4493 1732 4550 pro
1753 4479 1882 4534 dato
1905 4477 2112 4549 aliquo,

510 4566 599 4624 vel
630 4565 993 4640 promissione
1023 4564 1228 4633 illicita,
1262 4582 1442 4638 neque
1471 4583 1572 4637 pro
1603 4565 1787 4638 gratia
1814 4565 2114 4635 cujuscun-

515 4672 620 4728 que
676 4657 764 4713 vel
825 4654 1189 4712 familiaritate
1249 4662 1339 4710 aut
1397 4653 1798 4726 propinquitate
1863 4652 2110 4723 alicujus,

515 4745 828 4815 quempiam
874 4743 1147 4800 attentetis
1195 4743 1422 4818 eligere.
1472 4744 1595 4798 Non
1639 4759 1782 4810 eum,
1838 4740 1926 4798 cui
1964 4739 2116 4797 nulla

514 4832 790 4899 natalium,
823 4833 974 4888 nulla
1001 4850 1218 4890 morum
1239 4833 1480 4906 dignitas
1511 4829 1842 4904 suffragetur
1866 4847 1878 4886 :
1905 4829 1992 4886 vel
2021 4830 2115 4903 qui

515 4919 791 4992 originali,
825 4929 918 4976 aut
946 4922 1107 4978 alicui
1133 4921 1429 4979 conditioni
1475 4920 1748 4992 obligatus
1785 4919 2110 4976 detineatur.

513 5009 801 5065 Neminem
832 5025 898 5066 ex
928 5009 1082 5065 laicis
1111 5013 1466 5083 neophytum,
1499 5010 1555 5064 id
1584 5017 1666 5064 est
1694 5009 1907 5064 noviter
1936 5016 2113 5065 atton-

513 5114 656 5166 sum,
689 5106 741 5154 et
769 5098 884 5154 sine
914 5097 1219 5170 disciplina,
1251 5099 1342 5156 vel
1369 5114 1480 5155 non
1508 5114 1606 5170 per
1633 5105 1884 5170 tempora
1912 5099 2113 5154 consti-

513 5193 627 5243 tuta
655 5187 724 5242 ad
753 5186 1154 5244 ecclesiasticos
1183 5188 1388 5261 gradus
1425 5193 1762 5259 provectum.
1798 5185 1958 5256 Quod
1987 5186 2113 5243 ideo

516 5275 828 5348 specialiter
855 5275 1225 5349 designamus,
1275 5276 1400 5348 quia
1428 5292 1553 5334 cum
1600 5290 1839 5334 canones
1881 5275 2065 5332 dicant
2095 5293 2110 5330 :

517 5394 541 5425 σ
585 5373 780 5431 Nullus
828 5389 890 5430 ex
935 5373 1086 5430 laicis
1127 5374 1446 5444 ordinetur;
1482 5395 1505 5427 υ
1541 5375 1918 5433 demonstrant
1965 5376 2114 5449 quod

593 5565 612 5592 -
627 5551 885 5609 Hadeberti
907 5553 1298 5620 Sylvanectensis
1321 5555 1555 5625 episcopi.

2214 4495 2578 4552 Laodicenses
2608 4511 2846 4552 canones
2875 4495 3210 4551 studebimus
3239 4494 3462 4567 eligere,
3490 4494 3582 4566 qui
3613 4494 3818 4550 vestris

2213 4583 2424 4640 vitiosis
2453 4584 2816 4640 voluntatibus
2845 4601 2954 4641 non
2984 4585 3158 4642 valeat
3203 4583 3528 4642 consentire.
3561 4581 3703 4653 Quia
3732 4583 3813 4639 si-

2214 4679 2306 4729 cut
2334 4673 2475 4729 bene
2505 4673 2812 4745 petentibus
2840 4673 2970 4729 dicit
2998 4673 3261 4731 Dominus
3294 4691 3308 4730 :
3337 4674 3540 4740 Petita,
3569 4677 3627 4729 et
3655 4675 3815 4729 acci-

2211 4762 2383 4834 pietis
2413 4763 2636 4834 (Matth.
2665 4763 2784 4834 vn),
2815 4761 2892 4818 ita
2921 4771 2974 4819 et
3003 4780 3100 4836 per
3127 4763 3432 4835 apostolum
3450 4760 3592 4817 male
3620 4769 3815 4833 peten-

2213 4859 2297 4907 tes
2326 4851 2626 4924 redarguit,
2653 4852 2841 4908 dicens
2874 4868 2887 4907 :
2919 4855 3146 4919 Petitis,
3179 4857 3237 4908 et
3277 4869 3392 4909 non
3435 4853 3717 4924 accipitis,
3749 4867 3814 4908 eo

2212 4942 2355 5015 quod
2383 4942 2535 4998 male
2561 4943 2768 5014 petatis
2797 4942 2937 5014 (Jac.
2971 4945 3074 5012 ιν).
3119 4942 3309 5008 Petite,
3358 4940 3572 5007 fratres,
3605 4956 3642 4996 a
3667 4941 3808 5007 Deo,

2211 5038 2270 5086 ut
2315 5029 2470 5087 vobis
2519 5039 2793 5102 pastorem
2835 5031 3133 5088 secundum
3164 5046 3258 5087 cor
3294 5046 3452 5085 suum
3500 5029 3717 5084 tribuat.
3752 5030 3813 5084 In

2213 5119 2368 5190 cujus
2415 5119 2680 5178 electione
2713 5121 2760 5176 si
2787 5137 2898 5176 non
2925 5121 3048 5192 plus
3094 5119 3412 5191 temporalia
3445 5133 3610 5190 quam
3641 5117 3811 5190 spiri-

2213 5208 2375 5264 tualia
2418 5210 2702 5266 commoda
2745 5209 3060 5266 studueritis
3106 5209 3404 5276 attendere,
3435 5207 3669 5280 gratiam
3697 5223 3813 5263 suae

2212 5297 2494 5354 electionis
2524 5299 2775 5356 elcctioni
2805 5307 3022 5366 vestrae,
3053 5299 3322 5355 bonorum
3351 5311 3580 5369 operum
3607 5304 3663 5352 et
3691 5295 3815 5368 pio-

2212 5403 2333 5444 rum
2382 5387 2686 5446 studiorum
2731 5397 2918 5448 auctor
2964 5396 3019 5444 et
3055 5396 3382 5460 cooperator
3427 5385 3666 5443 studebit
3711 5401 3811 5443 ac-
