4072 6298
240 223 342 276 261

1793 215 2164 272 EPISTOLzE.

3447 221 3554 277 262

249 342 629 405 commodare,
666 340 755 412 qui
786 356 896 394 non
951 341 1092 396 sicut
1135 341 1300 396 homo
1347 348 1552 395 tantum
1596 341 1651 394 in
1693 339 1846 404 facie,
1879 327 2257 410 Aproﬁtendo
2293 357 2305 395 :
2361 340 2634 409 Quantum
2683 341 2861 396 sciero
2910 350 2962 396 et
3009 349 3259 413 potuero,
3319 343 3554 398 Domino

253 432 354 486 sed
383 430 733 502 singulorum
762 430 924 484 corda
955 437 1243 497 scrutatur,
1294 438 1340 484 et
1394 446 1573 484 renes.
1628 429 1724 484 Cui
1770 437 1852 483 est

256 522 434 575 honor
475 527 528 573 et
571 518 765 591 gloria,
813 525 1058 589 potestas
1102 527 1154 573 et
1190 518 1498 589 imperium,
1549 518 1603 572 in
1653 518 1852 573 saecula

258 607 610 673 saeculorum,
663 611 857 673 Amen,

791 745 1132 800 EPISTOLA
1198 746 1310 801 XL.

851 834 1255 906 Fragmentum.

613 955 688 994 AD
718 955 974 995 CAROLUM
1015 956 1236 996 CALV'UM
1287 956 1492 994 REGEM.

261 1049 462 1116 Quales
470 1048 694 1118 judices
716 1050 1062 1102 constituere
1083 1048 1276 1102 debeat
1296 1048 1366 1103 ad
1378 1064 1578 1102 causas
1597 1049 1752 1102 inter
1775 1062 1856 1104 ec-

467 1137 812 1192 clesiasticos
842 1141 904 1191 et
929 1138 1230 1191 saeculares
1260 1137 1628 1191 diri-mendas.

821 1234 982 1289 (Apud
1028 1233 1295 1287 Sirmond.)

323 1324 501 1395 Regia
531 1323 698 1395 igitur
743 1323 1071 1388 sollicitudo,
1106 1339 1137 1376 a
1161 1325 1307 1393 Rege
1331 1339 1519 1393 regum
1561 1331 1613 1376 et
1655 1323 1858 1394 aequis-

253 1414 392 1467 simo
416 1412 601 1481 judice
651 1413 765 1468 Deo
813 1421 868 1465 ut
917 1413 971 1465 in
1024 1412 1319 1466 directione
1375 1412 1557 1466 cordis
1597 1412 1859 1479 judicium

251 1502 458 1571 judicet
494 1501 801 1565 constituta,
834 1501 1062 1570 provide
1108 1501 1444 1571 solliciteque
1494 1501 1707 1554 studere
1757 1500 1859 1554 de-

260 1591 366 1654 bet,
401 1599 457 1643 ut
490 1590 629 1644 tales
653 1589 864 1657 judices
896 1607 1019 1644 cum
1050 1590 1324 1660 episcopis
1351 1590 1421 1643 ad
1461 1605 1679 1643 causam
1727 1589 1864 1642 inter

1951 429 2260 497 adjuvante,
2297 430 2503 500 absque
2547 429 2658 484 ulla
2704 429 3014 498 dolositate,
3074 439 3166 486 aut
3211 431 3550 497 seductione,

1951 526 2004 572 et
2035 518 2262 572 consilio
2283 525 2337 572 et
2371 518 2596 584 auxilio,
2622 518 2918 572 secundum
2953 534 3134 573 meum
3167 519 3552 585 ministerium,

1951 614 2006 660 et
2031 608 2332 662 secundum
2363 623 2542 661 meam
2575 623 2866 678 personam
2915 605 3091 662 ﬁdelis
3134 607 3288 662 vobis
3339 608 3556 677 adjutor

1953 710 2067 763 ero,
2101 703 2159 750 ut
2184 695 2334 750 illam
2363 703 2708 765 potestatem,
2743 711 2908 766 quam
2938 695 2994 749 in
3037 695 3190 766 regio
3236 697 3454 752 nomine
3502 703 3556 751 et

1953 799 2127 856 regno
2155 784 2310 840 vobis
2355 785 2501 839 Deus
2549 784 2819 839 concessit
2859 785 2929 839 ad
2975 783 3148 853 ipsius
3196 783 3551 850 voluntatem,

1955 880 2006 926 et
2031 872 2100 926 ad
2149 880 2388 927 vestram
2428 888 2491 927 ac
2536 871 2777 926 ﬁdelium
2823 880 3134 928 vestrorum
3183 871 3553 934 salvationem,

1956 975 2078 1016 cum
2117 961 2299 1016 debito
2348 962 2553 1017 honore
2601 969 2654 1016 et
2693 961 2882 1033 vigore
2915 969 3102 1017 tenere
3149 968 3202 1016 et
3248 961 3560 1030 gubernare

1955 1049 2195 1120 possitis.

2480 1138 2822 1197 EPISTOLA
2879 1139 3016 1194 XLI.

2544 1227 2954 1298 Fragmentum.

2257 1330 2328 1370 AD
2355 1331 2677 1371 ιυυονιρυΜ
2712 1332 2901 1370 REGEM
2943 1331 3266 1371 GERMANUE.

2139 1408 2246 1460 Pro
2278 1405 2530 1475 Bertulfo
2585 1406 2895 1460 Trevire-nsi
2941 1404 3376 1477 archiepiscopo.

2097 1509 2253 1566 (Apud
2275 1511 2522 1563 eumdem,
2551 1519 2610 1555 ex
2635 1510 2918 1563 Flodoardi,
2944 1510 3029 1556 lib.
3071 1520 3143 1560 in.
3174 1521 3286 1566 cap.
3322 1512 3427 1564 95.)

2033 1599 2266 1654 Proinde
2297 1601 2435 1654 sicut
2463 1616 2572 1654 non
2619 1599 2737 1654 leve
2759 1599 3051 1655 discrimen
3072 1600 3334 1656 incumbit
3379 1600 3563 1669 ponti-

259 1679 661 1734 ecclesiasticos
717 1687 769 1733 Οι
819 1679 1113 1734 saeculares
1159 1678 1511 1732 dirimendum
1578 1678 1742 1748 eligat
1807 1685 1931 1754 ClB
1964 1688 2152 1744 ﬁcibus
2183 1689 2398 1742 siluisse
2427 1705 2524 1759 pro
2554 1688 2860 1743 Divinitatig
2901 1689 3046 1744 cultu
3090 1690 3237 1760 quod
3291 1689 3562 1760 congruit,

261 1768 570 1836 constituat,
605 1767 697 1838 qui
745 1767 985 1837 religiosi
1031 1767 1138 1820 sint
1186 1775 1237 1821 et
1286 1768 1456 1820 Deum
1501 1767 1740 1831 timeant,
1801 1775 1850 1820 et

257 1874 365 1911 non
395 1857 644 1910 muneris
674 1856 920 1926 praemio,
957 1872 1066 1910 non
1097 1855 1296 1909 favoris
1331 1856 1414 1909 vel
1436 1855 1863 1926 pi-Opinquitatis

262 1953 352 1999 aut
382 1945 639 2002 amicitiae
667 1945 859 2014 gratia,
895 1961 1004 1998 non
1035 1945 1289 1998 indebitae
1321 1944 1674 2012 subjectionis
1709 1943 1867 1998 obse-

263 2034 407 2104 quio,
442 2049 551 2088 non
583 2033 805 2087 alterius
838 2034 1008 2102 partis
1055 2033 1201 2096 odio,
1251 2048 1549 2102 personam
1595 2033 1869 2102 accipiant

261 2123 314 2176 in
339 2122 568 2190 judicio,
603 2123 700 2176 sed
730 2123 939 2192 absque
990 2122 1332 2177 contentione
1382 2137 1444 2174 ac
1489 2121 1682 2186 livore,
1733 2121 1870 2176 sicut

263 2212 381 2281 ipsa
416 2211 625 2265 Veritas
656 2211 806 2276 dicit,
839 2227 946 2266 non
971 2211 1271 2266 secundum
1306 2209 1524 2275 faciem,
1558 2210 1655 2264 sed
1664 2210 1868 2277 justum

258 2300 525 2368 judicium
569 2300 858 2367 judicent:
919 2307 969 2354 et
1030 2303 1129 2354 hoc
1185 2315 1293 2353 non
1343 2299 1394 2352 in
1443 2298 1872 2368 publicojudicii

269 2388 409 2454 loco,
439 2388 538 2442 sed
569 2389 624 2441 in
653 2388 878 2458 privato,
914 2388 1042 2458 quia
1073 2387 1332 2457 episcopi,
1367 2402 1472 2440 non
1505 2387 1557 2439 in
1607 2386 1869 2441 consisto-

272 2477 351 2530 rio
381 2493 602 2548 regum,
635 2492 744 2531 non
789 2476 844 2530 in
885 2477 1140 2546 praetorio
1192 2476 1452 2544 judicum,
1496 2491 1596 2529 nec
1652 2474 1758 2529 nisi
1804 2475 1870 2528 ab

271 2565 570 2635 episcopis,
604 2572 694 2618 aut
723 2564 776 2618 in
809 2565 1039 2634 synodo,
1074 2573 1162 2618 aut
1193 2565 1247 2617 in
1275 2564 1486 2634 privato
1514 2563 1656 2630 loco,
1704 2578 1735 2616 a
1757 2563 1870 2632 pri—

269 2654 501 2707 matibus
541 2653 919 2723 deputatorum
966 2661 1052 2706 aut
1099 2670 1130 2706 a
1175 2669 1245 2729 se
1277 2653 1574 2707 electorum
1631 2651 1870 2720 judicum

263 2741 469 2810 judicio
499 2742 700 2796 debent
730 2749 817 2796 aut
847 2749 1074 2811 possunt
1117 2741 1447 2812 regulariter
1501 2740 1752 2808 judicari.
1804 2739 1874 2793 Et

268 2839 568 2900 pretaxato
618 2831 782 2885 modo
828 2831 1162 2901 supradictas
1206 2830 1381 2899 leges,
1456 2837 1562 2882 tam
1603 2829 1874 2900 publicast

271 2936 428 2991 quam
463 2919 882 2984 ecclesiasticas,
908 2919 963 2973 in
993 2920 1105 2973 suis
1136 2918 1473 2988 temporibus
1523 2918 1730 2973 servari
1770 2918 1873 2973 de—

273 3009 519 3063 crevisse
552 3007 842 3063 didicimus
871 3007 1119 3079 antiquos
1158 3008 1515 3078 imperatores
1555 3015 1608 3060 et
1654 3007 1872 3077 praede-

272 3113 526 3152 cessores
556 3114 618 3150 ac
647 3097 1021 3169 progenitores
1066 3104 1276 3151 vestros
1323 3095 1592 3165 episcOpis
1641 3103 1694 3148 et
1742 3095 1869 3150 viris

272 3181 696 3249 ecclesiasticis,
733 3189 784 3234 et
814 3181 973 3235 nobis
1002 3188 1182 3236 vestra
1213 3179 1570 3235 dilectissime,
1612 3187 1665 3233 et
1712 3179 1870 3233 beni-

273 3271 542 3342 gnissima
584 3269 887 3324 dominatio
944 3278 1284 3324 servaturam
1341 3285 1401 3322 se
1460 3276 1513 3322 et
1582 3268 1747 3322 verbo
1818 3275 1870 3321 et

275 3359 676 3430 subscriptione
707 3359 954 3428 promisit
973 3358 1028 3413 in
1057 3358 1353 3424 Carisiaco,
1387 3357 1479 3410 ubi
1522 3357 1623 3410 hoc
1666 3355 1873 3426 capitu-

274 3448 384 3503 lum
416 3447 674 3503 consultu
716 3463 779 3503 ac
825 3447 1052 3502 consilio
1102 3445 1342 3500 ﬁdelium
1387 3453 1717 3511 vestrorum,
1765 3451 1872 3498 tam

274 3537 658 3607 episcoporum
702 3552 861 3606 quam
904 3543 957 3590 et
1004 3535 1265 3590 laicorum
1314 3533 1652 3598 condidistis,
1705 3543 1759 3588 et
1825 3533 1874 3586 ei

273 3625 680 3696 subscripsistis
707 3625 950 3680 dicentes
985 3641 999 3678 ε
1033 3623 1308 3691 Quantum
1349 3623 1526 3678 sciero
1573 3631 1623 3676 et
1669 3621 1876 3676 rationa

278 3714 457 3770 biliter
485 3722 732 3784 potuero,
795 3713 1026 3768 Domino
1076 3713 1384 3781 adjuvante,
1437 3726 1877 3782 unumquemque

276 3812 538 3870 vestrum,
587 3803 886 3858 secundum
933 3818 1092 3856 suum
1154 3801 1404 3856 ordinem
1472 3807 1523 3854 et
1565 3815 1874 3870 personam,

278 3892 562 3947 honorabo
620 3900 673 3947 et
722 3891 964 3958 salvabo,
1019 3899 1072 3945 et
1111 3892 1434 3945 honoratum
1484 3904 1549 3943 ac
1611 3888 1879 3944 salvatum

279 3981 487 4052 absque
518 3980 629 4034 ullo
660 3980 785 4035 dolo
816 3989 869 4034 et
896 3979 1243 4034 damnatione
1272 3977 1360 4034 vel
1389 3977 1709 4047 deceptione
1751 3992 1881 4032 con—

281 4070 528 4125 servabo.
561 4071 629 4123 Et
657 4069 944 4140 unicuique
972 4075 1370 4138 competentem
1396 4067 1578 4139 legem
1625 4074 1677 4119 et
1717 4065 1881 4134 justi-

283 4159 410 4213 tiam
453 4158 815 4214 conservabo.
863 4158 931 4212 Et
975 4157 1067 4228 qui
1112 4156 1262 4211 illam
1339 4170 1566 4210 necesse
1612 4154 1880 4218 habuerit,

285 4257 335 4302 et
390 4247 781 4302 rationabiliter
837 4247 1070 4317 petierit,
1129 4245 1504 4299 rationabilem
1572 4243 1882 4298 misericor-

283 4335 425 4392 diam
485 4335 775 4400 exhibebo,
825 4337 958 4391 sicut
1009 4334 1186 4390 ﬁdelis
1225 4351 1323 4388 rex
1371 4349 1500 4389 suos
1548 4330 1737 4386 ﬁdeles
1785 4347 1885 4402 per

1969 1777 2042 1832 ita
2070 1777 2237 1847 regiae
2266 1777 2536 1847 potestati,
2567 1777 2712 1848 quod
2742 1777 2899 1843 absit,
2935 1793 3045 1831 non
3083 1777 3359 1832 mediocre
3415 1777 3562 1847 peri-

1971 1866 2150 1921 culum
2182 1873 2283 1931 est,
2315 1866 2360 1919 si
2391 1881 2513 1921 cum
2542 1865 2740 1920 debeat
2793 1881 2989 1936 parere
3020 1865 3198 1938 refugi
3228 1865 3372 1936 quod
3401 1866 3450 1920 ei
3499 1881 3565 1921 ex

1969 1953 2152 2008 divina
2182 1969 2316 2009 voce
2350 1969 2382 2008 a
2423 1954 2803 2008 sacerdotibus
2853 1954 3145 2020 nuntiatur,
3199 1955 3430 2009 Domino
3473 1953 3563 2007 di-

1970 2051 2125 2098 cente
2156 2043 2208 2096 in
2240 2043 2577 2115 Evangelio:
2613 2045 2717 2111 Qui
2740 2047 2823 2098 est
2844 2059 2917 2097 ex
2929 2045 3054 2108 Deo,
3081 2044 3242 2099 verba
3263 2045 3360 2098 Dei
3379 2043 3561 2098 audit.

1971 2131 2028 2186 Si
2075 2139 2254 2186 autem
2299 2132 2454 2186 vobis
2502 2131 2697 2202 aliquis
2760 2132 2939 2186 minus
2998 2133 3226 2187 devotus
3269 2131 3563 2203 suggessit,

1971 2221 2112 2291 quod
2142 2221 2195 2274 in
2228 2220 2422 2275 eadem
2452 2221 2758 2290 metropoli,
2792 2221 2847 2274 in
2877 2228 3185 2291 contemptu
3215 2230 3419 2288 vestro,
3476 2221 3562 2276 vel

1972 2316 2162 2364 contra
2205 2307 2514 2362 ﬁdelitatem
2561 2317 2816 2374 vestram,
2866 2310 3339 2379 metropolitanum
3383 2308 3566 2380 ponti-

1971 2397 2127 2452 ﬁcem
2158 2397 2400 2451 ordinari
2432 2396 2659 2452 fecimus
2694 2415 2707 2451 :
2740 2397 2870 2468 quin
2897 2398 3076 2468 potius
3107 2413 3378 2454 consensu
3425 2413 3566 2452 una-

1971 2481 2229 2539 nimitatis
2259 2493 2461 2540 nostrae
2489 2485 2592 2555 ipsi
2626 2485 2927 2541 secundum
2957 2502 3143 2540 sacros
3161 2501 3399 2541 canones
3419 2486 3566 2540 ordi-

1972 2574 2239 2640 navimus,
2277 2573 2420 2644 quia,
2451 2581 2506 2627 ut
2539 2574 2800 2645 scriptum
2831 2582 2932 2639 est,
2967 2575 3104 2630 sicut
3126 2576 3272 2631 Deus
3314 2575 3419 2632 loci
3463 2590 3566 2629 an-

1972 2662 2150 2733 gustia
2180 2678 2290 2716 non
2327 2661 2651 2729 continetur,
2714 2662 2787 2717 ita
2852 2663 3080 2717 verbum
3139 2665 3256 2732 ejus
3314 2679 3423 2719 non
3487 2672 3571 2718 est

1973 2751 2270 2823 alligatum,
2343 2750 2681 2805 collaudante
2734 2752 3100 2822 Redemptore
3170 2768 3233 2807 ac
3291 2751 3572 2808 Salvatore

1974 2847 2182 2908 nostro,
2218 2839 2363 2911 quod
2393 2839 2640 2894 centurio
2671 2839 2724 2892 in
2773 2841 2878 2894 hoc
2926 2856 3089 2895 sensu
3162 2840 3419 2895 dixerat:
3467 2843 3565 2895 Dio

1973 2928 2152 2996 verbo,
2188 2931 2242 2982 et
2272 2929 2569 2983 sanabitur
2583 2944 2724 3000 puer
2745 2929 3124 2999 meus(Matth.
3165 2943 3284 2995 vm,
3311 2931 3386 2999 8),
3411 2928 3570 2984 vide-

1976 3017 2101 3071 licet
2133 3015 2276 3087 quod
2307 3016 2393 3070 hic
2442 3016 2665 3083 dixeris,
2714 3017 2825 3072 illic
2872 3016 2982 3071 ﬁet.
3039 3017 3143 3084 Qui
3190 3017 3243 3071 in
3291 3017 3571 3087 discipulis

1969 3101 2082 3156 suis
2114 3101 2383 3169 hodieque
2409 3100 2587 3165 nobis,
2621 3099 2745 3155 licet
2775 3101 3034 3170 indignis,
3066 3100 3300 3172 loquitur
3336 3118 3348 3154 :
3396 3101 3569 3171 Spiri-

1970 3197 2055 3243 tus
2085 3189 2264 3242 Patris
2287 3187 2450 3242 vestri
2509 3187 2746 3259 loquitur
2770 3188 2826 3242 in
2853 3189 3030 3255 vobis,
3060 3189 3150 3260 qui
3179 3189 3354 3260 replet
3379 3189 3571 3244 orbem

1974 3285 2264 3331 terrarum.
2299 3276 2482 3330 Nolite
2525 3276 2774 3342 credere,
2823 3293 3152 3348 quaesumus,
3206 3293 3378 3348 prava
3437 3294 3570 3333 sua-

1971 3366 2141 3430 denti,
2166 3365 2294 3436 quia
2323 3380 2426 3435 pro
2458 3373 2606 3419 certo
2621 3365 2805 3420 sciatis
2825 3381 2935 3420 non
2956 3366 3009 3420 in
3028 3375 3337 3438 contemptu
3363 3374 3567 3435 vestro,

1974 3470 2153 3527 neque
2182 3462 2367 3509 contra
2397 3452 2708 3508 ﬁdelitatem
2738 3462 2994 3522 vestram,
3029 3456 3084 3510 in
3134 3456 3326 3510 eadem
3371 3468 3572 3511 metro-

1973 3543 2084 3614 poli
2113 3543 2242 3597 sede
2258 3540 2568 3612 pontiﬁcem
2591 3542 2964 3598 ordinavimus
2988 3563 3001 3610 ;
3026 3544 3123 3598 sed
3144 3545 3567 3615 perpendentes,

1976 3632 2120 3702 quod
2154 3640 2206 3685 et
2245 3647 2342 3685 vas
2392 3631 2586 3684 melius
2637 3631 2821 3696 sectis,
2885 3640 3086 3704 quanta
3138 3641 3190 3688 et
3227 3648 3327 3705 per
3373 3641 3571 3705 quanta

1977 3728 2227 3791 tempora
2288 3719 2410 3791 ipsa
2469 3719 2720 3776 Ecclesia
2783 3721 3025 3777 desolata
3090 3730 3142 3778 et
3172 3723 3430 3778 destituta
3481 3723 3566 3788 sit,

1979 3813 2031 3859 et
2077 3813 2275 3876 quanta
2323 3812 2510 3860 contra
2558 3805 2656 3860 Dei
2704 3804 3054 3872 voluntatem,
3102 3823 3211 3862 non
3279 3808 3456 3862 solum
3519 3807 3573 3862 in

1980 3894 2172 3949 eadem
2201 3894 2483 3964 parochia,
2526 3895 2623 3950 sed
2670 3903 2722 3948 et
2763 3895 2816 3948 in
2859 3903 2968 3950 tota
3014 3896 3298 3967 provincia
3341 3897 3410 3952 ad
3453 3912 3575 3952 eam

1979 3983 2306 4054 pertinente,
2341 3982 2687 4048 increverint,
2722 3998 2844 4039 cum
2874 3984 3007 4038 nihil
3037 3985 3296 4040 canonice
3325 3986 3441 4040 sine
3458 3985 3574 4056 pri-

1981 4079 2125 4126 mate
2157 4069 2484 4143 suifraganei
2506 4072 2746 4141 episcopi
2767 4088 2932 4143 agere
2952 4073 3185 4140 valeant,
3207 4074 3309 4128 nisi
3334 4075 3478 4144 quod
3503 4075 3573 4129 ad

1982 4159 2228 4230 proprias
2255 4159 2545 4228 parochias
2585 4159 2832 4229 pertinet,
2885 4160 3089 4215 ibidem
3139 4163 3573 4217 commoditatem

1984 4247 2292 4318 regularem
2319 4247 2658 4301 invenientes
2687 4247 2952 4303 canonice
2997 4247 3305 4318 pontiﬁcem
3353 4251 3573 4305 ordina-

1987 4337 2163 4391 vimus
2195 4352 2209 4388 :
2243 4335 2390 4406 quod
2419 4344 2471 4390 et
2500 4335 2795 4392 secundum
2826 4336 3038 4391 divinas
3070 4336 3222 4410 leges
3251 4352 3414 4410 agere
3446 4352 3573 4408 pos-

281 4435 490 4482 rectum
519 4427 788 4481 honorare
818 4432 869 4478 et
900 4425 1128 4493 salvare,
1161 4431 1213 4478 et
1241 4423 1529 4493 unicuique
1561 4429 1878 4491 competen-
1907 4412 1958 4472 D
1981 4432 2102 4481 sent
2131 4432 2291 4495 atque
2322 4425 2584 4481 deberent
2612 4425 2783 4497 ipsius
2814 4426 3129 4498 metropolis
3160 4425 3507 4499 suﬁ‘raganei,
3529 4427 3580 4481 si

286 4522 390 4569 tem
420 4515 602 4587 legem
633 4522 685 4568 et
708 4513 976 4582 justitiam
1007 4513 1062 4568 in
1109 4527 1437 4583 unoquoque
1481 4511 1672 4565 ordine
1739 4525 1876 4564 con—

287 4619 529 4668 servare,
566 4611 618 4659 et
648 4603 1019 4673 indigentibus
1049 4611 1099 4656 et
1136 4600 1529 4655 rationabiliter
1573 4598 1880 4670 petentibus

286 4691 665 4747 rationabilem
694 4691 1123 4746 misericordiam
1153 4691 1314 4745 debet
1334 4689 1670 4759 impendere.
1694 4689 1761 4743 Et
1781 4704 1881 4758 pro

287 4782 437 4837 nullo
465 4781 689 4836 homine
720 4780 787 4834 ad
817 4780 938 4846 hoc,
975 4786 1235 4850 quantum
1265 4779 1483 4832 dimittit
1513 4780 1745 4832 humana
1768 4777 1877 4830 fra-

289 4871 489 4942 gilitas,
522 4887 623 4941 per
653 4869 889 4924 studium
919 4877 1008 4923 aut
1037 4868 1478 4933 malivolentiam,
1528 4867 1608 4922 vel
1657 4866 1884 4934 alicujus

289 4960 591 5015 indebitum
639 4959 1036 5013 hortamentum
1105 4957 1357 5022 deviabo,
1424 4965 1681 5028 quantum
1754 4954 1884 5008 mihi

289 5050 437 5104 Deus
465 5047 802 5104 intellectum
834 5055 886 5102 et
913 5046 1328 5117 possibilitatem
1369 5045 1673 5100 donaverit.
1724 5045 1792 5097 Et
1840 5043 1886 5096 si

291 5155 388 5209 per
417 5137 772 5210 fragilitatem
818 5143 1002 5191 contra
1049 5137 1150 5190 hoc
1193 5135 1324 5188 mihi
1367 5135 1680 5206 subreptum
1710 5132 1882 5198 fuerit,

289 5241 416 5282 cum
473 5228 577 5281 hoc
625 5241 1019 5298 recognovero,
1067 5224 1366 5280 voluntarie
1409 5223 1540 5278 illud
1599 5223 1888 5277 emendare

293 5317 512 5372 curabo.
547 5316 662 5371 Nos
687 5323 868 5370 autem
899 5313 1090 5370 ﬁdeles
1120 5313 1304 5379 vestri,
1341 5312 1582 5383 episcopi
1615 5320 1666 5367 et
1707 5311 1890 5368 caeteri

295 5405 500 5462 laicalis
530 5405 740 5461 ordinis
771 5405 862 5477 qui
893 5403 1200 5470 adfuerunt,
1232 5404 1335 5458 hoc
1364 5401 1674 5471 capitulum,
1707 5410 1759 5457 et
1789 5417 1890 5457 vo-

295 5504 507 5560 biscum
538 5502 898 5575 condidimus,
931 5509 984 5559 et
1005 5501 1055 5559 ei
1077 5497 1499 5570 subscripsimus
1519 5497 1892 5568 unusquisque

1979 4515 2113 4570 tanti
2139 4515 2348 4568 numeri
2375 4513 2569 4582 forent,
2604 4523 2664 4570 ut
2709 4532 2806 4587 per
2864 4533 2924 4572 se
2982 4516 3306 4590 regulariter
3352 4525 3578 4587 possent

1983 4605 2234 4659 ordinare
2264 4604 2596 4676 pontiﬁcem,
2633 4606 2723 4674 qui
2751 4622 2860 4661 non
2888 4607 3066 4660 minus
3107 4620 3270 4676 quam
3317 4615 3361 4660 a'
3407 4605 3576 4661 tribus

1983 4693 2239 4764 praevalet
2266 4694 2587 4766 regulariter
2601 4694 2860 4749 ordinari.
2885 4694 3248 4772 Prosequitur
3262 4695 3456 4764 etiam,
3483 4695 3577 4752 de-

1985 4799 2246 4855 promens
2283 4785 2652 4840 auctoritates
2691 4786 3020 4838 sanctorum
3068 4783 3327 4848 Patrum,
3379 4787 3576 4857 quibus

1989 4874 2132 4943 fulti
2150 4873 2248 4927 hoc
2272 4877 2609 4943 egerant;et
2634 4870 2900 4926 subinde:
2938 4870 3004 4923 Et
3043 4870 3169 4940 quia
3206 4879 3284 4928 tot
3303 4873 3358 4928 in
3378 4876 3572 4931 eadem

1986 4962 2269 5031 provincia
2298 4959 2627 5033 suffraganei
2658 4975 2762 5014 non
2782 4959 3212 5032 erantepiscOpi,
3232 4970 3291 5017 ut
3308 4972 3574 5034 metropo-

1987 5050 2212 5105 litanum
2269 5050 2590 5123 regulariter
2662 5047 2914 5102 ordinare
2986 5050 3249 5121 valerent,
3321 5053 3579 5123 quoniam

1987 5140 2250 5196 Ecclesiae
2281 5138 2600 5195 Rhemensis
2632 5145 2683 5191 et
2712 5137 3049 5194 Trevirensis
3096 5142 3584 5212 comprovinciales

1989 5237 2150 5300 atque
2183 5244 2422 5295 sorores,
2456 5234 2507 5281 et
2538 5243 2602 5280 ex
2631 5227 2947 5283 auctoritate
2985 5236 3039 5283 et
3069 5245 3134 5284 ex
3185 5231 3402 5302 antiqua
3445 5247 3582 5286 con-

1991 5317 2274 5373 suetudine
2305 5315 2588 5381 habentur,
2623 5331 2686 5372 ea
2716 5317 3043 5382 conditione,
3078 5325 3136 5372 ut
3179 5319 3271 5389 qui
3307 5319 3459 5391 prior
3501 5336 3588 5376 εο-

1991 5422 2109 5460 rum
2142 5403 2302 5459 fuerit
2331 5403 2619 5475 episcopus
2649 5406 2951 5471 ordinatus,
2972 5407 3124 5478 prior
3140 5408 3301 5463 etiam
3321 5408 3588 5467 habeatur

1990 5495 2046 5552 in
2076 5493 2308 5566 synodo,
2342 5500 2395 5551 et
2423 5492 2526 5549 sibi
2558 5503 2746 5556 mutuo
2776 5495 3005 5555 consilio
3033 5503 3086 5554 et
3119 5497 3317 5557 auxilio
3363 5496 3587 5556 fovean-
