4072 6302
575 315 680 373 247
709 317 724 329 ⁵

1605 305 1948 368 HINCMARI
1984 303 2382 368 RHEMENSIS
2419 303 2968 366 ARCHIEPISCOPI.

3773 313 3880 367 248

584 436 832 495 ecclesia
859 450 1030 510 penes
1049 447 1394 494 oeconomum
1425 436 1668 505 ejusdem
1689 436 1936 492 ecclesiae
1965 435 2177 509 integre
2206 432 2263 494 A
2283 435 2532 490 ctoritate
2563 433 2914 502 intendimus,
2948 433 3002 488 in
3031 433 3136 486 hac
3164 433 3446 503 tyrannica
3504 434 3707 492 Odacri
3747 451 3884 508 per-

583 534 998 594 conserventur,
1028 549 1048 574 n
1073 541 1212 599 quos
1227 525 1518 598 pradictus
1548 525 1768 581 invasor
1797 525 2046 580 Odacrus
2066 524 2182 579 sine

581 615 692 671 ulla
719 613 920 671 divina
960 615 1102 688 legis
1142 613 1451 670 reverentia
1493 629 1755 686 usurpare
1810 613 2175 686 prasumpsit.

585 701 932 776 QuaprOpter
947 719 1072 760 cum
1092 702 1214 758 aliis
1240 702 1551 772 hujusmodi
1581 699 2070 776 prasumptoribus
2106 701 2176 756 ab

585 792 780 848 eodem
811 801 1001 849 sancto
1030 800 1082 848 et
1111 807 1314 865 magno
1344 791 1577 848 concilio
1602 791 1936 863 percellitur,
1987 799 2046 846 ut
2090 789 2183 863 qui

587 881 704 937 ausi
733 879 932 937 fuerint
960 888 1085 952 post
1113 879 1488 936 diﬁinitionem
1517 895 1733 952 magna
1763 888 1816 936 et
1855 879 2182 936 universalis

583 971 742 1039 hujus
773 971 965 1042 synodi
991 970 1284 1042 quidquam
1316 985 1381 1024 ex
1422 969 1508 1023 his
1563 985 1683 1042 qua
1735 976 1860 1024 sunt
1913 967 2181 1040 prohibita

585 1067 926 1132 perpetrare,
959 1058 1198 1114 decrevit
1219 1066 1408 1114 sancta
1435 1057 1676 1128 synodus
1697 1071 1728 1112 a
1747 1057 1971 1130 proprio
2001 1057 2182 1127 hujus-

583 1147 731 1203 modi
763 1147 935 1218 gradu
963 1147 1243 1204 recedere.

659 1236 750 1291 IV.
776 1235 1047 1306 Odacrus,
1073 1235 1262 1292 relicto
1281 1236 1652 1292 ecclesiastico
1667 1235 1872 1306 judicio
1903 1241 1958 1290 et
1994 1248 2181 1291 sacro-

585 1341 709 1379 rum
741 1339 1010 1380 canonum
1039 1323 1374 1394 diﬂinitione,
1399 1341 1499 1396 per
1515 1325 1831 1380 saecularem
1857 1331 2179 1396 potestatem

584 1413 805 1468 invasor
833 1429 1018 1468 rerum
1049 1421 1101 1468 et
1114 1412 1426 1469 facultatum
1457 1413 1952 1470 ecclesiasticarum
1982 1413 2180 1468 Belva-

584 1501 765 1557 censis
813 1501 1094 1567 Ecclesiae,
1143 1517 1262 1572 qua
1319 1503 1618 1557 secundum
1701 1516 1886 1558 sacras
1961 1500 2180 1574 regulas

581 1588 882 1645 oblationes
900 1589 1253 1662 appellantur,
1299 1591 1422 1662 quia
1473 1589 1706 1646 Domino
1753 1589 2075 1659 offeruntur,
2128 1597 2182 1644 et

581 1685 710 1734 vota
756 1685 881 1732 sunt
938 1676 1200 1745 ﬁdelium,
1251 1694 1316 1734 ac
1380 1679 1556 1750 pretia
1595 1685 1964 1752 peccatorum,
2021 1686 2179 1751 atque

2283 523 2508 578 vasione
2561 524 2804 579 vacantis
2861 524 3109 580 ecclesiae
3179 523 3503 579 invenimus.
3582 525 3883 596 Apostolus

2285 627 2520 683 namque
2548 612 2710 667 dicit:
2745 613 3016 681 Avaritia,
3050 631 3172 688 qua
3203 619 3287 670 est
3317 614 3598 670 idolorum
3629 617 3883 670 servitus

2283 700 2511 770 (Coloss.
2544 701 2646 767 ιιι).
2681 702 2747 757 Et
2775 702 2968 758 beatus
3000 705 3300 778 Gregorius
3327 703 3558 775 loquens
3587 703 3656 758 de
3690 711 3879 758 tenta-

2283 788 2426 843 tione
2447 789 2727 846 Dominica
2767 791 2822 844 in
2854 792 3137 862 Evangelii
3185 790 3430 860 homilia,
3463 799 3516 846 et
3543 791 3715 846 altera
3746 807 3883 846 sen-

2282 877 2447 933 tentia
2473 877 2679 948 prafati
2705 879 2941 950 apostoli
2971 881 3208 936 ostendit
3245 879 3529 936 avaritiam
3587 895 3712 934 esse
3767 895 3882 935 non

2283 966 2460 1020 solum
2489 966 2753 1036 pecunia,
2806 967 2904 1023 sed
2952 968 3112 1024 etiam
3134 969 3450 1025 altitudinis.
3509 969 3579 1024 Et
3626 967 3882 1024 Odacrus

2280 1053 2501 1110 invasor
2521 1055 2765 1110 vacantis
2795 1056 3062 1124 ecclesia,
3087 1059 3211 1130 quia
3247 1058 3548 1114 secundum
3591 1072 3880 1113 sacrorum

2281 1159 2550 1200 canonum
2565 1146 2854 1211 tramitem,
2889 1146 2957 1200 ad
2987 1154 3304 1218 provectum
3334 1146 3663 1218 episcopalis
3723 1146 3881 1202 ordi-

2280 1232 2386 1299 nis,
2420 1241 2595 1287 utres
2627 1239 2678 1287 et
2727 1232 3006 1290 facultates
3048 1235 3220 1306 ipsius
3260 1235 3507 1291 ecclesia
3549 1235 3879 1306 possideret,

2277 1321 2612 1390 Deojudice,
2660 1322 2948 1394 pervenire
3000 1340 3109 1380 non
3145 1323 3360 1391 meruit,
3413 1339 3514 1394 per
3553 1323 3880 1380 sacularem

2279 1417 2601 1480 potestatem
2633 1411 2786 1482 prius
2816 1427 2906 1467 res
2953 1421 3005 1468 et
3049 1411 3355 1468 facultatem
3412 1412 3582 1484 ipsius
3629 1413 3883 1469 ecclesia

2281 1499 2522 1554 vacantis
2551 1499 2797 1569 obtinuit,
2831 1509 2891 1554 ut
2919 1501 3060 1558 saltu
3081 1517 3299 1574 quoquo
3359 1501 3524 1557 modo
3571 1502 3641 1556 ad
3687 1501 3878 1556 altitu-

2279 1587 2461 1642 dinem
2492 1588 2818 1659 episcOpalis
2848 1589 3082 1645 nominis
3109 1591 3438 1661 perveniret,
3497 1597 3551 1644 et
3615 1591 3878 1646 sacerdos

2281 1691 2388 1731 non
2419 1693 2560 1746 esse,
2594 1678 2691 1732 sed
2720 1677 2825 1734 dici
2867 1679 3236 1734 tantummodo
3263 1679 3497 1734 inaniter
3543 1679 3875 1750 concupivit.

581 1765 907 1838 patrimonia
934 1781 1254 1838 pauperum,
1278 1767 1396 1840 ipse
1422 1769 1477 1822 in
1526 1784 1585 1824 se
1641 1767 2000 1824 damnationis
2057 1782 2182 1822 sen—
2207 1765 2404 1852 B-Non
2435 1766 2736 1834 attendens,
2790 1766 2914 1838 quia
2943 1768 3020 1822 sic
3079 1767 3148 1822 ab
3205 1767 3324 1839 ipso
3362 1767 3596 1836 Christo,
3659 1783 3877 1824 summo

581 1855 806 1911 tentiam
847 1855 1124 1924 jaculavit,
1167 1856 1296 1928 quia
1329 1857 1466 1912 sicut
1498 1865 1718 1913 sanctus
1746 1856 1855 1913 Leo
1885 1872 2024 1928 papa
2055 1871 2178 1912 cum

581 1943 833 2000 Romana
860 1943 1070 2015 synodo
1097 1943 1344 2000 difﬁnivit
1383 1946 1568 2018 (epist.
1617 1947 1743 2016 96):
1773 1967 1796 1996 (ι
1859 1944 2178 2016 Quicunque

585 2032 684 2088 sub
715 2031 907 2102 regula
944 2031 1124 2104 positi,
1178 2033 1370 2090 relicto
1425 2034 1796 2090 ecclesiastico
1847 2033 2074 2103 judicio,
2108 2031 2178 2088 ad

581 2121 885 2193 patrocinia
941 2120 1202 2178 laicorum
1224 2123 1537 2190 convolare,
1572 2131 1625 2179 et
1648 2123 1854 2192 judicia
1873 2137 2060 2178 eorum
2093 2137 2180 2177 ex-

585 2217 796 2280 petere,
829 2217 881 2265 et
908 2212 1277 2281 pratermisso
1307 2212 1591 2269 sacerdote
1649 2229 1761 2269 sua
1780 2216 2045 2289 ecclesiae,
2110 2216 2176 2272 ad

585 2297 1035 2370 disceptationem
1054 2300 1398 2356 saecularium
1415 2302 1680 2368 venerint,
1701 2303 2174 2380 sacrisliminibus,

587 2386 640 2440 id
669 2394 754 2442 est
785 2387 852 2441 ab
881 2387 1126 2444 ecclesia
1154 2389 1314 2444 aditis
1343 2390 1560 2462 expelli,
1601 2399 1653 2446 et
1680 2407 1710 2446 a
1741 2393 1949 2448 caelesti
2006 2398 2177 2452 arceri

585 2474 800 2545 altario,
832 2475 889 2532 id
917 2485 1000 2532 est
1026 2493 1057 2532 a
1087 2492 1315 2548 corpore
1347 2480 1676 2552 etsanguine
1709 2481 1908 2536 Christi
1938 2487 2179 2556 separari

582 2565 857 2634 jubentur.
884 2588 906 2614 »
925 2566 1246 2622 Etcanones
1259 2567 1401 2624 sacri
1411 2566 1675 2624 diﬂiniunt
1691 2568 1868 2644 (conc.
1892 2574 2173 2642 Antioch.,

587 2667 706 2718 can,
739 2655 794 2723 2)
830 2670 843 2708 :
881 2677 902 2700 «
936 2655 1006 2710 Ut
1035 2655 1260 2726 quilibet
1307 2657 1510 2728 regula
1555 2657 1838 2726 subjectus
1892 2661 2172 2731 Ecclesia,

585 2749 784 2813 prater
809 2741 1092 2798 consilium
1125 2751 1178 2800 et
1203 2744 1406 2800 litteras
1435 2746 1814 2818 episcoporum
1863 2751 2173 2819 provinciae,

587 2837 640 2886 et
669 2831 942 2902 pracipue
957 2833 1378 2904 metropolitani,
1401 2835 1594 2890 adierit
1607 2835 2014 2907 imperatorem,
2034 2841 2180 2897 hunc

587 2919 869 2990 reprobari
899 2928 952 2977 et
979 2921 1140 2990 abjici
1160 2930 1432 2993 oportere,
1465 2939 1574 2979 non
1631 2925 1801 2980 solum
1851 2943 1884 2982 a
1937 2944 2178 2986 commu—

585 3007 768 3080 nione,
789 3025 976 3066 verum
1007 3017 1059 3065 et
1100 3011 1167 3065 ab
1200 3011 1407 3068 honore
1441 3012 1594 3082 cujus
1647 3015 1918 3087 particeps
1966 3017 2180 3075 videtur

585 3097 837 3155 existere.
864 3123 884 3146 ιι
905 3099 972 3155 Et
1001 3107 1223 3157 sanctus
1250 3101 1470 3158 Hilarus
1498 3118 1639 3175 papa
1667 3103 1722 3158 in
1743 3104 1978 3162 decretis
2026 3109 2172 3164 suis:

589 3209 610 3234 «
645 3188 770 3242 Non
800 3187 994 3254 minus,
1025 3188 1200 3262 inquit
1225 3189 1282 3244 in
1311 3198 1618 3247 sanctarum
1645 3194 1994 3251 traditionum
2071 3198 2174 3254 dc-

582 3273 842 3347 linquitur
871 3277 1198 3344 sanctiones,
1223 3295 1382 3349 quam
1432 3280 1487 3334 in
1531 3281 1784 3350 injuriam
1839 3284 2010 3356 ipsius
2064 3287 2175 3343 Do-

584 3363 720 3418 mini
757 3364 1054 3435 prosilitur.
1093 3389 1114 3415 n
1165 3366 1552 3424 Schismaticus
1605 3369 1792 3443 igitur,
1853 3374 1924 3427 ab
1971 3375 2173 3432 unitate

569 3451 835 3508 Ecclesia
863 3469 964 3526 per
989 3469 1274 3512 sacrorum
1295 3471 1560 3512 canonum
1589 3467 1976 3532 contemptum,
2023 3465 2113 3537 qui
2141 3481 2173 3520 a

570 3551 763 3600 sancto
801 3551 926 3600 sunt
953 3544 1369 3616 Spirituconditi
1384 3553 1438 3603 et
1464 3547 1630 3604 totius
1645 3549 1835 3605 mundi
1869 3554 2173 3610 reverentia

575 3633 897 3698 censecrati,
933 3633 1172 3706 seipsum
1257 3636 1532 3703 scindens,
1593 3637 1720 3694 licet
1779 3637 1918 3695 forte
1977 3641 2172 3700 eodem

578 3719 748 3787 cultu,
781 3721 973 3777 eodem
1005 3723 1106 3778 ritu
1135 3725 1324 3781 credat
1352 3734 1409 3780 ut
1439 3725 1706 3796 catholici,
1739 3725 1795 3782 in
1811 3729 1958 3784 malo
1988 3737 2169 3787 tamen

579 3824 680 3863 suo
723 3825 825 3879 per
869 3811 1219 3881 cupiditatem
1265 3821 1450 3869 manet
1495 3815 1857 3872 damnationis
1920 3817 2165 3876 dissidio.

577 3895 853 3966 Quantum
893 3905 1073 3954 autem
1128 3901 1195 3956 sit
1235 3903 1441 3958 malum
1496 3904 1781 3960 dissidium
1839 3907 2163 3977 schismatis,

577 3993 797 4040 sanctus
819 3988 1153 4059 Augustinus
1187 3991 1242 4045 in
1270 3991 1413 4047 libro
1452 3992 1520 4047 de
1551 3994 1822 4064 Baptismo
1879 4012 1945 4052 ex
2003 3999 2170 4055 sacris

573 4073 910 4132 demonstrat
939 4077 1232 4149 Scripturis
1247 4080 1351 4136 hoc
1404 4082 1605 4137 modo:
1643 4105 1663 4131 «
1708 4084 1832 4139 Non
1877 4084 2168 4143 efferamus

571 4165 800 4214 stateras
825 4160 1065 4232 dolosas,
1097 4163 1188 4218 ubi
1236 4165 1604 4235 appendamus
1625 4169 1771 4239 quod
1799 4169 2068 4239 volumus,
2115 4180 2168 4228 et

573 4251 848 4319 quomodo
879 4251 1150 4320 volumus,
1185 4269 1286 4324 pro
1306 4255 1526 4310 arbitrio
1555 4264 1741 4313 nostro
1792 4258 2036 4316 dicentes
2063 4263 2166 4317 hoc

568 4353 760 4410 grave,
793 4341 898 4396 hoc
933 4341 1054 4396 leve
1084 4350 1185 4406 est,
1217 4343 1314 4398 sed
1343 4343 1636 4400 efferamus
1656 4346 2163 4405 divinamstateram

567 4425 636 4482 de
665 4427 954 4498 Scripturis
984 4430 1188 4486 sanctis
1209 4439 1467 4504 tanquam
1490 4434 1558 4490 de
1589 4435 1862 4492 thesauris
1905 4439 2158 4494 Domini-

2281 1853 2554 1926 pontiﬁce,
2578 1870 2642 1910 ac
2671 1871 2804 1928 rege
2825 1872 3039 1929 regum,
3073 1865 3198 1911 sunt
3235 1857 3490 1912 distincta
3544 1865 3882 1927 potestatum

2277 1941 2472 2008 ofﬁcia,
2507 1951 2564 1998 ut
2595 1943 2852 2014 spiritalis
2879 1945 3020 2001 actio
3039 1961 3070 2000 a
3099 1945 3411 2000 carnalibus
3440 1945 3664 2002 distaret
3695 1946 3882 2002 incur-

2276 2032 2447 2100 sibus,
2482 2040 2531 2087 et
2561 2032 2852 2088 militantes
2880 2035 2994 2090 Deo
3015 2034 3235 2090 minime
3256 2050 3314 2089 se
3351 2035 3586 2108 negotiis
3636 2036 3878 2091 sacula-

2277 2119 2429 2174 ribus
2458 2121 2817 2192 implicarent,
2853 2137 2917 2179 ac
2945 2123 3186 2178 vicissim
3202 2139 3311 2178 non
3345 2123 3422 2178 illi
3452 2124 3617 2178 rebus
3675 2124 3881 2179 divinis

2277 2209 2574 2280 praesidere
2591 2209 2924 2277 viderentur,
2947 2211 3039 2282 qui
3060 2221 3244 2267 essent
3259 2211 3492 2281 negotiis
3513 2211 3876 2268 sacularibus

2276 2297 2552 2367 implicati.
2602 2299 2670 2353 Et
2711 2299 2998 2354 saculares
3042 2299 3146 2355 viri
3177 2301 3522 2356 sacerdotum
3561 2301 3875 2372 penderent

2270 2386 2493 2455 judicio,
2527 2403 2635 2442 non
2657 2389 2969 2444 sacerdotes
2998 2389 3065 2444 ad
3096 2405 3252 2444 suam
3303 2389 3562 2444 deberent
3614 2389 3878 2462 redigere

2277 2475 2640 2531 voluntatem:
2673 2484 2724 2530 et
2747 2477 3061 2532 sacerdotes
3083 2478 3423 2533 sacularium
3447 2477 3650 2547 judicia
3683 2479 3878 2536 discu-

2276 2571 2471 2632 terent,
2524 2581 2632 2620 non
2679 2573 2861 2621 autem
2915 2566 3208 2622 saeculares
3249 2567 3598 2622 sacerdotum
3662 2568 3877 2637 judicia

2275 2649 2644 2723 molestarent,
2680 2655 2816 2710 sicut
2837 2655 3026 2711 littera
3046 2655 3300 2712 divinitus
3345 2656 3622 2728 inspirata
3687 2659 3876 2713 mani-

2275 2741 2410 2798 feste
2439 2743 2830 2810 demonstrant,
2865 2753 2919 2800 et
2943 2745 3328 2801 Constantinus
3356 2759 3587 2817 magnus
3627 2746 3877 2817 impera-

2276 2837 2360 2885 tor
2386 2831 2440 2884 in
2468 2831 2689 2888 Nicano
2717 2833 2950 2890 concilio
2980 2851 3038 2888 se
3084 2835 3303 2889 illorum
3352 2834 3570 2903 judiciis
3627 2835 3876 2892 subdens

2277 2919 2529 2974 ostendit.
2563 2921 2659 2975 His
2687 2921 2852 2994 igitur
2881 2923 2955 2977 ita
2984 2937 3043 2978 se
3072 2922 3414 2987 habentibus,
3475 2921 3727 2979 Odacrus
3773 2941 3879 2996 per

2277 3007 2554 3064 avaritiam
2583 3017 2637 3064 et
2667 3011 2998 3076 altitudinis,
3032 3020 3083 3066 et
3140 3011 3620 3082 possessionis,'in
3673 3029 3884 3084 perva-

2279 3098 2432 3153 sione
2461 3099 2704 3154 vacantis
2737 3100 2984 3157 ecclesia
3037 3100 3324 3156 idololatra
3370 3117 3492 3156 esse
3541 3103 3870 3159 ostenditur.

2274 3189 2378 3242 Per
2407 3189 2630 3260 Moysen
2659 3190 2727 3244 de
2765 3190 2998 3245 Domino
3058 3189 3286 3246 dicitur:
3341 3192 3405 3246 In
3457 3191 3700 3248 dextera
3748 3195 3876 3265 ejus

2272 3277 2440 3349 ignea
2469 3279 2564 3333 lea:
2585 3279 2768 3348 (Deut.
2799 3279 3031 3350 xxxm).
3069 3302 3090 3326 ‹‹
3119 3280 3179 3333 In
3197 3278 3434 3346 sinistra,
3456 3279 3634 3351 inquit
3652 3281 3876 3352 Grego-

2273 3365 2404 3432 rius,
2436 3367 2659 3438 reprobi
2716 3367 2808 3440 qui
2864 3375 2919 3422 et
2974 3368 3043 3422 ad
3100 3367 3374 3424 sinistram
3419 3369 3658 3440 ponendi
3720 3379 3867 3438 sunt,

2273 3454 2497 3510 dextera
2517 3464 2698 3510 autem
2744 3456 2845 3512 Dei
2900 3457 3240 3528 appellantur
3287 3457 3464 3514 electi.
3526 3459 3588 3512 In
3634 3457 3866 3515 dextera

2271 3557 2406 3615 ergo
2435 3543 2537 3600 Dei
2565 3544 2651 3600 lex
2681 3545 2840 3615 ignea
2861 3552 2963 3611 est,
2997 3545 3121 3617 quia
3141 3545 3299 3601 electi
3329 3546 3582 3602 mandata
3619 3548 3872 3604 coelestia

2267 3647 2610 3704 nequaquam
2643 3632 2843 3706 frigido
2875 3635 3042 3690 corde
3070 3635 3310 3703 audiunt,
3346 3635 3444 3690 sed
3473 3636 3542 3690 ad
3563 3636 3684 3692 hac
3706 3653 3869 3693 amo-

2267 3719 2343 3774 ris
2373 3720 2544 3776 intimi
2571 3721 2780 3777 facibus
2811 3722 3187 3779 inardescunt.
3227 3748 3248 3774 n
3269 3726 3335 3778 Et
3365 3725 3657 3795 Apostolus
3701 3727 3867 3783 dicit:

2267 3810 2414 3865 Deus
2443 3814 2633 3866 noster
2661 3813 2810 3883 ignis
2831 3828 3163 3869 consumens
3184 3817 3268 3869 est
3293 3813 3475 3884 (Hebr.
3499 3815 3628 3883 xu);
3656 3823 3712 3870 et
3760 3817 3872 3872 Do-

2267 3897 2466 3953 minus:
2490 3901 2682 3970 Ignem
2712 3902 3084 3957 venimittcre
3113 3903 3176 3956 in
3209 3906 3442 3968 terram,
3478 3907 3533 3958 et
3563 3904 3698 3976 quid
3744 3907 3866 3962 volo

2266 3989 2384 4042 nisi
2412 3991 2476 4043 ut
2494 3989 2693 4044 ardeat
2727 3989 2920 4060 ?(Luc.
2945 3993 3069 4058 xu).
3092 3991 3278 4061 Ignem
3299 3991 3564 4050 Dominus
3579 3992 3636 4046 in
3663 3999 3868 4049 terram

2266 4075 2444 4141 mittit,
2475 4093 2596 4132 cum
2619 4077 2796 4133 adlata
2845 4079 3076 4150 Spiritus
3120 4079 3292 4136 sancti
3328 4081 3494 4136 corda
3562 4083 3867 4138 carnalium

2261 4163 2518 4220 incendit.
2589 4167 2822 4237 Spiritus
2852 4168 3020 4240 igitur
3049 4176 3272 4224 sanctus
3303 4169 3446 4241 ignis
3474 4178 3576 4226 est.
3612 4171 3681 4226 Et
3721 4174 3869 4229 sacri

2265 4268 2520 4323 canones,
2552 4255 2689 4311 sicut
2711 4257 2961 4329 legimus,
2999 4265 3187 4314 sancto
3217 4267 3342 4313 sunt
3372 4258 3570 4330 Spiritu
3637 4261 3863 4330 conditi,

2265 4361 2403 4415 quos
2433 4343 2683 4400 Odacrus
2739 4345 2946 4402 facibus
3006 4363 3114 4401 sua
3162 4346 3470 4418 cupiditatis
3540 4363 3862 4420 succensus,

2265 4447 2390 4488 cum
2417 4448 2526 4488 non
2553 4449 2651 4505 per
2677 4434 2976 4504 spiritalem
3007 4435 3437 4492 ecclesiasticam
3495 4437 3862 4503 traditionem,

567 4514 664 4582 cis,
699 4523 753 4572 et
779 4517 834 4572 in
871 4517 962 4572 illa
1013 4519 1142 4590 quid
1210 4520 1279 4575 sit
1331 4523 1557 4593 gravius
1585 4526 1984 4596 appendamus,
2044 4528 2154 4585 imo
2176 4517 2230 4578 D
2260 4522 2356 4576 sed
2386 4538 2486 4592 per
2509 4523 2781 4578 carnalem
2811 4525 2996 4579 saculi
3024 4533 3346 4596 potestatem
3371 4534 3528 4597 pasto
3549 4543 3609 4582 re
3655 4543 3866 4586 vacan-

563 4620 673 4660 non
701 4607 1096 4678 appendamus,
1129 4610 1225 4664 sed
1257 4626 1288 4665 a
1317 4611 1553 4667 Domino
1595 4629 1836 4686 appensa
1878 4631 2154 4690 recogno-

563 4709 796 4751 scamus.
829 4696 1092 4768 Tempore
1109 4697 1224 4766 illo,
1258 4715 1364 4772 quo
1395 4700 1656 4757 Dominus
1700 4703 1901 4774 prioria
1955 4706 2152 4762 delicta

561 4783 870 4839 recentibus
899 4801 1178 4856 poenarum
1207 4789 1470 4860 exemplis
1515 4792 1759 4866 cavenda
1811 4796 2148 4867 monstravit,

562 4876 616 4924 et
644 4868 846 4925 idolum
865 4872 1183 4931 fabricatum
1213 4885 1376 4948 atque
1396 4878 1678 4934 adoratum
1709 4887 1812 4948 est,
1835 4890 1887 4938 et
1916 4885 2153 4955 prophe-

557 4957 698 5012 ticus
712 4957 850 5014 liber
867 4959 950 5016 ira
969 4964 1116 5036 regis
1128 4966 1516 5037 contemptoris
1538 4967 1819 5036 incensus;
1846 4979 1897 5026 et
1913 4972 2150 5030 schisma

558 5053 846 5115 tentatum,
877 5049 1179 5107 idololatria
1199 5054 1384 5125 gladio
1413 5056 1599 5127 punita
1627 5067 1728 5124 est,
1763 5060 1970 5116 exustio
2026 5063 2149 5118 libri

557 5133 750 5194 bellica
781 5138 930 5194 cade
965 5147 1019 5196 et
1047 5143 1338 5216 peregrina
1368 5146 1696 5218 captivitate,
1728 5149 1970 5206 schisma
1998 5152 2148 5208 hiatu

556 5232 714 5282 terra
737 5228 961 5298 sepultis
990 5231 1298 5286 auctoribus
1347 5233 1503 5300 vivis,
1561 5243 1614 5290 et
1669 5238 1882 5294 cateris
1939 5241 2146 5296 caelesti

547 5313 675 5385 igne
708 5318 1060 5389 consumptis,
1095 5320 1216 5392 quis
1239 5322 1352 5390 jam
1375 5323 1696 5383 dubitaverit
1723 5329 1827 5385 hoc
1857 5345 1979 5386 esse
2029 5347 2148 5386 sce-

549 5404 770 5460 leratius
800 5408 1170 5474 commissum,
1206 5412 1348 5483 quod
1377 5421 1456 5469 est
1484 5416 1700 5486 gravius
1731 5418 2101 5476 vindicatum?
2120 5443 2140 5471 ιο

549 5491 682 5563 Quae
713 5494 812 5550 tria
839 5497 1033 5568 gravia
1065 5499 1374 5568 commissa,
1409 5511 1583 5560 etnon
1601 5505 1706 5562 levi
1724 5507 2005 5579 punitione
2028 5509 2148 5564 vin-

547 5583 862 5651 dicanda,si
891 5585 1184 5660 diligenter
1215 5599 1524 5649 sanctarum
1582 5595 1983 5670 Scripturarum
2041 5613 2144 5655 au-

2257 4617 2365 4664 tem
2395 4611 2686 4666 ecclesiam
2733 4613 3029 4683 usur‘pavit,
3108 4613 3366 4685 Spiritum
3425 4623 3679 4672 sanctum
3755 4635 3863 4691 quo

2257 4698 2386 4755 facti
2416 4708 2540 4754 sunt
2571 4701 2772 4757 conditi
2819 4717 3076 4768 canones,
3145 4704 3476 4760 reclamante
3531 4705 3820 4777 Scriptura
3852 4723 3864 4762 :

2253 4788 2722 4860 Spiritu-mnolz'te
2753 4792 3121 4862 exstinguere
3151 4793 3204 4862 (Ι
3235 4792 3417 4848 Thess.
3479 4793 3569 4859 ν),
3603 4804 3869 4867 quantum

2251 4893 2316 4932 ex
2337 4877 2458 4948 ipso
2499 4887 2580 4932 est
2609 4878 2958 4950 exstinguere
3013 4882 3337 4952 procuravit,
3372 4890 3422 4936 et
3482 4884 3865 4941 auctoritatem

2254 4981 2535 5022 sacrorum
2565 4983 2852 5033 canonum,
2876 4985 2944 5024 ne
2965 4969 3176 5041 vigeret
3219 4970 3273 5024 in
3321 4970 3558 5028 ecclesia
3581 4989 3683 5028 sua
3747 4991 3865 5030 mo-

2251 5055 2437 5111 litione
2469 5056 2620 5127 quasi
2649 5057 2939 5113 incendere
2977 5059 3272 5114 attentavit.
3335 5060 3475 5130 Quia
3532 5077 3668 5118 vero
3743 5081 3862 5120 cum

2253 5152 2532 5208 catholica
2571 5153 2774 5208 unitate
2821 5154 3100 5222 Ecclesia,
3153 5171 3184 5210 a
3258 5173 3364 5229 quo
3422 5166 3650 5229 propter
3735 5177 3862 5216 suos

2255 5256 2512 5296 excessus
2539 5241 2676 5298 sicut
2705 5243 3040 5300 ostendimus
3068 5252 3121 5300 et
3177 5245 3232 5300 in
3263 5247 3530 5320 reliquum
3587 5251 3853 5305 ostende—

2249 5345 2390 5396 mus,
2425 5339 2507 5385 est
2549 5332 3058 5398 excommunicatus,
3121 5351 3306 5390 sacros
3361 5351 3600 5392 canones
3693 5340 3859 5394 totius

2249 5419 2435 5474 mundi
2467 5423 2770 5478 reverentia
2801 5431 3148 5479 consecratos
3179 5441 3288 5480 non
3306 5425 3569 5498 sequitur,
3619 5427 3761 5483 sicut
3793 5445 3854 5484 ex

2246 5510 2632 5582 suprascriptis
2648 5511 2812 5567 sacris
2835 5513 3114 5567 sententiis
3131 5513 3516 5581 manifestatur,
3585 5517 3852 5572 schisma-

2243 5597 2380 5654 ticus
2411 5615 2532 5656 esse
2561 5600 2748 5671 negari
2780 5616 2889 5656 non
2917 5610 3112 5674 potest,
3150 5604 3287 5661 sicut
3318 5612 3534 5660 sanctus
3583 5607 3850 5680 Augusti-
