4072 6310
267 292 375 349 εις

1767 283 2142 345 ΕΡΙΒΤΟΜΕ.

3479 295 3585 352 250

275 430 380 471 nus
410 414 468 470 in
501 419 736 471 tractatu
760 411 1046 488 Evangelii
1074 411 1374 470 secundum
1403 412 1669 469 Joannem
1697 411 1952 473 osten-A
1981 411 2084 482 sis,
2149 411 2286 468 sicut
2349 412 2512 469 etiam
2577 413 2850 471 solemnes
2915 415 3188 474 orationes
3254 417 3605 475 universalis.

277 504 374 560 dit.
413 525 436 554 π
472 503 774 572 Habemus,
807 502 1078 574 inquiens,
1113 511 1355 558 sanctum
1388 503 1645 574 Spiritum
1675 502 1720 556 si
1741 515 1883 557 ama-

275 609 401 648 mus
429 591 762 658 Ecclcsiam,
794 606 1040 647 amamus
1067 599 1266 658 autem,
1301 591 1348 646 si
1376 591 1433 648 in
1469 591 1588 662 ejus
1617 605 1881 664 compage

275 690 331 736 et
356 681 628 737 charitate
657 679 1022 737 consistimus.
1062 700 1085 730 »
1120 681 1186 736 Et
1217 681 1272 735 in
1311 680 1540 751 epistola
1570 679 1786 738 concilii
1813 679 1882 735 ad

277 769 641 827 Donatistas:
696 790 720 822 α
751 768 1012 842 Quisquis
1062 785 1096 825 a
1141 769 1411 826 catholica
1453 770 1698 826 Ecclesia
1723 768 1882 825 fuerit

278 866 587 930 separatus,
637 857 1028 930 quantumlibet
1077 857 1423 914 laudabiliter
1450 875 1510 915 se
1551 859 1734 915 vivere
1761 859 1881 914 exi-

277 949 481 1013 stimet,
516 948 622 1004 hoc
651 947 770 1002 solo
804 947 1013 1002 scelere
1042 947 1188 1019 quod
1215 963 1250 1002 a
1297 947 1497 1002 Christi
1533 946 1736 1002 unitate
1764 945 1880 1000 dis-

273 1037 496 1106 junctus
525 1044 629 1106 est,
662 1051 773 1090 non
814 1035 1036 1090 habebit
1079 1035 1262 1102 vitam,
1314 1037 1411 1090 sed
1456 1036 1537 1090 ira
1573 1036 1673 1092 Dei
1703 1044 1884 1091 manet

277 1141 445 1196 super
471 1141 620 1182 eum.
672 1123 930 1196 Quisquis
977 1133 1157 1180 autem
1201 1125 1256 1179 in
1299 1126 1398 1182 hac
1445 1125 1698 1182 Ecclesia
1741 1121 1882 1180 bene

276 1213 495 1277 vixerit,
548 1213 683 1268 nihil
730 1213 780 1268 ei
829 1213 1185 1284 praajudicant
1227 1213 1406 1270 aliena
1447 1221 1687 1285 peccata.
1742 1214 1882 1282 Quia

277 1305 666 1376 unusquisque
691 1301 748 1356 in
777 1317 844 1358 ea
869 1305 1163 1375 proprium
1177 1319 1320 1359 onus
1344 1303 1594 1376 portabit
1623 1303 1766 1372 (Gal.
1800 1302 1878 1374 v),

279 1390 418 1446 sicut
449 1389 582 1448 dicit
621 1390 934 1462 Apostolus.
986 1392 1058 1446 Et
1104 1393 1421 1466 quicunque
1469 1393 1532 1447 in
1583 1407 1650 1448 ea
1679 1407 1881 1464 corpus

290 1481 504 1537 Christi
530 1480 964 1536 manducauerit
995 1481 1242 1552 indigne,
1265 1482 1552 1551 judicium
1579 1482 1684 1536 sibi
1711 1497 1881 1536 man-

281 1569 454 1624 ducat
485 1572 542 1624 et
574 1569 710 1624 bibit
741 1569 791 1639 (Ι
817 1569 937 1624 Cor.
971 1569 1076 1638 x1).
1101 1569 1235 1622 Cum
1269 1568 1415 1623 enim
1445 1568 1572 1624 dicit
1595 1569 1883 1641 judicium

282 1659 386 1712 sibi
413 1657 746 1723 manducat,
797 1657 928 1712 satis
977 1657 1213 1712 ostendit
1261 1657 1389 1728 quia
1419 1673 1528 1712 non
1555 1657 1711 1712 alteri
1731 1657 1882 1727 judi-

1982 499 2244 557 Ecclesiae
2289 500 2346 556 in
2401 502 2491 558 die
2533 504 2706 560 sancti
2750 519 3080 574 parasceves
3125 515 3312 579 aperte
3341 509 3576 564 demon-

1984 597 2176 656 strant,
2210 599 2481 646 annuente
2526 591 2756 649 veritate
2801 593 3090 650 ostendere
3139 581 3571 666 procurabimus,

1983 678 2106 750 quia
2158 693 2261 734 nec
2315 694 2348 734 a
2402 679 2752 736 damnatione
2807 681 3118 739 simoniaca
3169 684 3437 741 haereseos
3494 693 3578 741 est

1981 766 2256 824 immunis.
2288 769 2554 825 Dominus
2583 769 2712 824 dicit
2751 770 2809 824 in
2836 770 3142 844 Evangelia
3179 773 3248 828 de
3277 773 3576 846 largiendis

1983 857 2156 912 sacris
2207 856 2493 913 ordinibus
2535 875 2548 913 :
2592 859 2781 915 Gratis
2836 861 3152 933 accepistis,
3211 863 3390 933 gratis
3446 862 3576 918 date

1983 946 2199 1016 (Matth.
2233 946 2319 1010 χ).
2355 967 2378 996 α
2414 946 2764 1013 Praesciebat,
2810 947 2984 1020 inquit
3031 949 3224 1004 beatus
3253 949 3572 1022 Gregorius,

1981 1034 2270 1089 nonnullos
2323 1035 2428 1090 hoc
2481 1035 2659 1106 ipsum
2715 1036 2920 1092 donum
2972 1038 3181 1108 accepti
3239 1037 3466 1108 Spiritus
3522 1039 3578 1094 in

1981 1139 2136 1179 usum
2165 1123 2549 1196 negotiationis
2577 1123 2880 1192 inﬂectere,
2913 1133 2966 1181 et
3009 1127 3394 1183 miraculorum
3422 1125 3582 1201 signa

1983 1211 2054 1268 ad
2084 1212 2324 1268 avaritiae
2362 1213 2686 1284 obsequium
2729 1212 3026 1270 declinare.
3073 1215 3210 1271 Hinc
3257 1223 3341 1270 est
3395 1215 3573 1284 enim,

1983 1301 2130 1373 quod
2160 1301 2346 1356 Simon
2377 1317 2574 1374 magus
2619 1319 2720 1374 per
2761 1302 3159 1375 impositionem
3206 1321 3398 1360 manus
3436 1305 3582 1361 edita

1981 1389 2246 1444 miracula
2309 1390 2670 1462 conspiciens,
2730 1391 3013 1463 percipere
3089 1393 3295 1447 donum
3351 1393 3582 1464 Spiritus

1983 1479 2158 1535 sancti
2186 1479 2416 1550 pecunia
2443 1479 2630 1545 voluit,
2691 1479 2896 1536 scilicet
2941 1489 2996 1535 ut
3039 1481 3277 1537 deterius
3318 1482 3580 1537 venderet

1983 1567 2131 1639 quod
2185 1568 2328 1623 male
2377 1576 2771 1639 comparasset.
2821 1568 2976 1625 Unde
3024 1568 3165 1625 bene
3209 1585 3333 1626 cum
3373 1571 3575 1640 justum

1983 1656 2159 1712 virum
2185 1656 2520 1712 describeret
2546 1658 2816 1728 propheta
2834 1657 2909 1712 ait
2933 1675 2946 1711 :
2985 1659 3089 1727 Qui
3116 1661 3340 1714 excutit
3369 1676 3581 1715 manus

279 1745 423 1802 cium
452 1745 768 1810 manducat,
805 1745 903 1800 sed
934 1745 1055 1810 sibi,
1106 1745 1235 1817 quia
1277 1745 1584 1801 communio
1614 1746 1880 1801 malorum
1907 1770 1963 1830 Β
1983 1762 2114 1802 suas
2144 1746 2210 1801 ab
2240 1748 2396 1801 omni
2415 1762 2652 1802 munere
2669 1746 2763 1818 (Is.
2787 1745 3022 1820 χχχιιι).
3045 1748 3234 1820 Neque
3256 1746 3402 1803 enim
3425 1747 3572 1815 dicit,

277 1849 388 1889 non
415 1833 659 1888 maculat
686 1833 925 1904 aliquem
953 1833 1366 1905 participatione
1395 1841 1876 1903 sacramentorum,

281 1923 376 1978 sed
407 1937 690 1978 consensu
735 1921 1016 1977 factorum.
1057 1923 1196 1976 Nam
1227 1922 1272 1978 si
1302 1923 1358 1976 in
1403 1922 1560 1979 factis
1585 1923 1744 1978 malis
1773 1938 1882 1978 non

281 2012 362 2067 eis
393 2011 628 2082 quisque
657 2010 982 2080 consentiat,
1015 2019 1199 2082 portat
1217 2011 1393 2066 malus
1409 2027 1628 2068 causam
1661 2028 1812 2067 suam
1829 2019 1883 2069 et

279 2114 579 2172 personam
625 2115 796 2166 suam,
855 2115 965 2155 non
1017 2100 1332 2172 praejudicat
1389 2101 1565 2168 alteri,
1618 2117 1778 2172 quem
1826 2101 1882 2156 in

287 2187 653 2246 consensione
679 2188 808 2244 mali
837 2187 1017 2260 operis
1038 2189 1245 2244 socium
1262 2205 1370 2244 non
1391 2190 1552 2245 habet
1581 2189 1876 2246 criminis.»

285 2278 391 2348 Qui
421 2293 553 2333 vero
583 2293 650 2334 ex
681 2293 1007 2350 quocunque
1039 2285 1202 2352 statu,
1233 2279 1322 2334 vel
1337 2294 1663 2351 quocunque
1692 2279 1880 2334 ordine

280 2365 559 2422 schismati
589 2365 706 2434 ejus
735 2365 940 2434 favent,
973 2367 1250 2422 attendant
1269 2375 1320 2422 et
1345 2367 1656 2439 appendant
1685 2367 1882 2422 difﬁni-

282 2455 482 2511 tionem
517 2454 829 2526 apostolicae
857 2455 1025 2522 sedis,
1059 2471 1223 2528 quam
1251 2457 1485 2512 decretis
1515 2456 1626 2512 suis
1655 2457 1882 2512 inseruit

279 2544 490 2610 dicens,
527 2565 552 2596 ‹
587 2543 865 2616 Quisquis,
897 2545 1089 2617 inquit,
1114 2545 1343 2600 assentit
1361 2545 1592 2617 principi
1620 2545 1884 2602 schisma-

283 2634 367 2699 tis,
404 2632 791 2690 schismaticus
819 2649 941 2689 esse
968 2634 1163 2707 negari
1190 2650 1298 2690 non
1319 2633 1536 2705 poterit.
1567 2633 1724 2704 Quod
1753 2641 1806 2689 et
1836 2634 1882 2690 si

281 2739 477 2778 omnes
535 2722 849 2778 sacerdotes
895 2730 949 2779 et
1002 2723 1237 2778 mundus
1279 2723 1557 2794 assentiat,
1609 2723 1882 2780 damnatio

281 2811 690 2869 consentientes
744 2811 988 2879 involvit,
1035 2829 1145 2868 non
1189 2813 1697 2884 praevaricationem
1743 2829 1880 2870 con-

280 2913 476 2952 sensus
533 2896 787 2953 absolvit.
836 2899 962 2952 Non
1005 2897 1152 2952 enim
1205 2899 1414 2954 crimen
1456 2898 1731 2966 minuitur,
1784 2898 1882 2954 sed

277 2985 562 3052 accrescit,
613 3002 740 3042 cum
783 2987 1045 3059 generale
1086 2985 1146 3042 ﬁt
1194 3003 1259 3043 ex
1300 2987 1532 3059 privato.
1581 2989 1699 3044 Hoc
1738 2986 1881 3042 enim

277 3075 424 3132 Deus
481 3075 725 3130 omnium
767 3074 1043 3142 indicavit,
1101 3076 1194 3148 qui
1242 3077 1504 3132 mundum
1561 3084 1878 3148 peccantem

277 3163 526 3238 generali
553 3163 760 3220 diluvio
789 3163 1082 3220 interemit.
1121 3185 1144 3215 ν
1197 3166 1378 3220 Isdem
1407 3181 1559 3232 vero,
1591 3173 1649 3220 ut
1669 3166 1880 3236 jactant

275 3252 516 3310 fautores
546 3252 648 3322 sui,
699 3261 752 3308 et
795 3253 1126 3324 applaudunt
1169 3253 1220 3310 ei
1258 3254 1552 3326 complices
1581 3270 1878 3326 praesump-

276 3342 436 3398 tionis
467 3359 602 3408 suae,
633 3356 744 3398 non
771 3357 1086 3414 proponens
1133 3343 1308 3399 Deum
1355 3351 1477 3398 ante
1526 3351 1878 3415 conspectum

276 3446 454 3498 suum,
483 3430 779 3502 persuadet
809 3431 913 3486 sibi
959 3439 1141 3488 tenere
1190 3441 1242 3488 et
1269 3447 1539 3504 usurpare
1569 3449 1659 3488 res
1697 3448 1760 3488 ac
1789 3431 1877 3487 fa-

277 3521 504 3578 cultates
551 3535 586 3575 a
634 3535 694 3575 se
735 3519 939 3577 invasa:
987 3521 1252 3587 ecclesiae,
1305 3521 1517 3578 etiamsi
1569 3522 1640 3578 ad
1679 3537 1880 3577 nomen

277 3609 592 3682 episcopale
621 3610 909 3681 pervenire
952 3610 1276 3682 nequiverit,
1318 3619 1660 3666 assumentes
1691 3612 1748 3665 in
1777 3626 1878 3666 au-

275 3709 560 3773 gmentum
587 3715 698 3754 suae
746 3700 1113 3756 damnationis
1157 3701 1410 3772 exempla
1449 3702 1518 3756 de
1550 3701 1878 3772 quibusdam

279 3788 548 3858 ecclesiis,
599 3805 721 3860 quae
775 3790 1133 3862 quorumdam
1187 3789 1492 3862 principum
1543 3790 1878 3862 temporibus

276 3878 364 3934 diu
391 3878 512 3934 sine
541 3886 764 3950 pastore
792 3887 1087 3945 vacarunt,
1121 3895 1220 3934 sua
1253 3865 1421 3950 opera
1451 3879 1604 3952 quasi
1632 3895 1698 3935 ex
1725 3895 1876 3936 mor-

278 3967 382 4022 tuis
407 3967 668 4039 pellibus,
699 3974 758 4023 ut
805 3968 999 4023 beatus
1028 3969 1368 4023 demonstrat
1394 3968 1720 4042 Gregorius,
1753 3985 1878 4025 cre-

277 4055 466 4112 dentes
521 4057 743 4124 muniri,
805 4057 936 4112 dum
987 4058 1312 4128 pravitatem
1363 4073 1518 4112 suam
1563 4073 1628 4113 ex
1683 4057 1878 4113 alienis

277 4145 637 4217 pravitatibus
693 4153 928 4202 tuentur.
989 4146 1128 4216 Quia
1202 4147 1346 4201 enim
1397 4146 1528 4202 talia
1581 4147 1877 4220 contigisse

279 4235 646 4301 considerant,
693 4251 754 4290 se
807 4236 924 4291 haec
963 4235 1146 4292 facere
1203 4235 1433 4292 licenter
1477 4243 1691 4306 putant,
1732 4237 1877 4308 quod

279 4325 516 4382 schisma
546 4341 672 4380 esse
717 4333 906 4381 contra
959 4325 1306 4380 traditionem
1355 4323 1778 4381 ecclesiasticam
1825 4333 1922 4380 et—

280 4429 565 4472 sacrorum
594 4429 867 4470 canonum
896 4413 1330 4472 constitutionem
1359 4421 1610 4485 patenter
1637 4413 1875 4468 ostendi-

1909 3129 1960 3193 Ο

1983 1833 2074 1906 qui
2103 1834 2304 1890 excutit
2338 1850 2530 1889 manus
2560 1849 2687 1890 suas
2733 1850 2767 1890 a
2795 1850 3040 1902 munere,
3088 1836 3184 1891 sed
3229 1835 3472 1905 adjunxit
3513 1837 3580 1892 ab

1981 1923 2154 1992 omni,
2190 1922 2314 1994 quia
2344 1922 2491 1978 aliud
2521 1931 2602 1978 est
2630 1940 2829 1978 munus
2858 1924 2927 1978 ab
2970 1924 3252 1996 obsequio,
3287 1924 3435 1980 aliud
3461 1940 3582 1980 mu-

1981 2026 2082 2066 nus
2129 2026 2162 2066 a
2208 2027 2394 2079 manu,
2435 2011 2582 2067 aliud
2623 2029 2822 2068 munus
2849 2028 2884 2067 a
2911 2012 3118 2084 lingua.
3151 2015 3344 2068 Munus
3380 2013 3580 2086 quippe

1983 2101 2052 2154 ab
2081 2100 2346 2172 obsequio
2375 2109 2474 2167 est,
2511 2101 2774 2172 subjectio
2802 2101 3043 2158 indebita
3085 2102 3352 2174 impensa,
3383 2118 3580 2157 munus

1982 2205 2016 2244 a
2042 2204 2206 2244 manu
2233 2191 2480 2261 pecunia,
2531 2206 2732 2245 munus
2775 2207 2808 2246 a
2854 2191 3042 2264 lingua
3090 2190 3266 2246 favor.
3307 2189 3413 2260 Qui
3443 2206 3579 2265 ergo

1983 2293 2172 2335 sacros
2203 2279 2424 2334 ordines
2455 2279 2654 2346 tribuit,
2697 2287 2826 2336 tunc
2855 2281 2926 2334 ab
2955 2279 3104 2334 omni
3131 2295 3358 2335 munere
3385 2296 3581 2335 manus

1983 2367 2204 2435 excutit,
2238 2368 2456 2440 quando
2485 2369 2541 2422 in
2569 2369 2767 2423 divinis
2804 2369 2971 2424 rebus
3017 2383 3125 2423 non
3156 2369 3330 2424 solum
3371 2367 3579 2423 nullam

1980 2455 2288 2526 pecuniam,
2323 2457 2420 2511 sed
2449 2456 2613 2512 etiam
2642 2457 2936 2512 humanam
2967 2457 3202 2530 gratiam
3231 2472 3340 2512 non
3384 2457 3576 2528 requi-

1982 2545 2069 2600 rit.
2109 2565 2131 2596 »
2164 2545 2318 2600 Unde
2347 2545 2612 2605 Dominus
2641 2546 2938 2602 vendentes
2969 2553 3019 2601 et
3050 2553 3292 2601 ementes
3337 2561 3403 2600 ex
3431 2553 3577 2601 tem-

1979 2633 2074 2706 plo
2103 2633 2366 2700 eliminat,
2399 2633 2526 2706 quia
2553 2633 2640 2689 vel
2671 2649 2766 2690 eos
2795 2649 2897 2706 pro
2925 2651 3152 2690 munere
3178 2633 3578 2706 impasitionem

1981 2739 2241 2777 manuum
2269 2722 2528 2790 tribuunt,
2563 2723 2649 2778 vel
2679 2739 2774 2779 eos
2801 2723 2895 2796 qui
2913 2723 3117 2778 donum
3140 2723 3372 2794 Spiritus
3393 2739 3579 2778 emere

1981 2812 2226 2867 nituntur
2255 2811 2496 2867 damnat.
2531 2812 2838 2868 Vendentes
2868 2813 3068 2886 quippe
3111 2813 3166 2867 in
3197 2812 3402 2885 templo
3431 2819 3574 2878 sunt,

1983 2900 2074 2973 qui
2103 2901 2209 2957 hoc
2239 2901 2384 2973 quod
2427 2901 2754 2974 quibusdam
2795 2902 2918 2971 jure
2958 2901 3214 2974 competit
3241 2902 3310 2956 ad
3340 2900 3580 2972 pretium

1982 2989 2306 3062 largiuntur.
2351 2991 2608 3046 Ementes
2653 3005 2782 3046 vero
2824 2991 2880 3046 in
2910 2990 3114 3062 templo
3143 2997 3294 3057 sunt,
3329 2989 3422 3062 qui
3449 2990 3579 3045 dato

1979 3079 2226 3150 patronis
2269 3079 2497 3150 praemio
2541 3087 2726 3134 emunt
2773 3086 3079 3150 peccatum.
3121 3079 3257 3134 Hinc
3300 3085 3384 3134 est
3431 3077 3578 3149 quod

1981 3168 2124 3223 sacri
2153 3183 2393 3224 canones
2424 3167 2776 3223 simoniacam
2805 3167 3056 3223 haeresim
3083 3167 3362 3233 damnant,
3396 3173 3450 3222 et
3480 3181 3576 3222 eos

1980 3255 2288 3312 sacerdotio
2309 3255 2512 3328 privari
2540 3257 2878 3328 praecipiunt,
2903 3257 2996 3328 qui
3011 3256 3080 3311 de
3110 3255 3410 3329 largiendis
3427 3253 3579 3310 ordi-

1978 3344 2138 3400 nibus
2166 3345 2402 3416 pretium
2451 3353 2716 3418 quaerunt.
2757 3347 2825 3400 Et
2869 3361 2992 3401 cum
3020 3345 3198 3416 prima
3235 3341 3426 3401 contra
3455 3353 3578 3399 s‘an-

1979 3440 2123 3490 ctam
2151 3434 2454 3490 Ecclesiam
2498 3434 2795 3490 simoniaca
2838 3431 3061 3490 haeresis
3107 3433 3174 3488 sit
3217 3441 3426 3500 exorta,
3479 3449 3578 3490 cur
3667 3455 3682 3460 -

1979 3539 2089 3578 non
2116 3523 2332 3579 videtur
2359 3523 2488 3596 quia
2515 3538 2642 3579 eum
2671 3539 2834 3595 quem
2861 3537 2986 3578 cum
3014 3522 3189 3593 pretio
3217 3522 3435 3577 ordinat
3448 3537 3578 3593 pro-

1978 3612 2227 3668 vehendo
2255 3611 2368 3684 agit
2395 3620 2452 3666 ut
2481 3611 2768 3668 haereticus
2797 3610 2934 3667 ﬁat?
2964 3610 3108 3668 sacri
3136 3627 3368 3683 namque
3399 3626 3574 3666 cano-

1977 3717 2076 3756 nes
2107 3708 2159 3756 et
2186 3700 2502 3756 ordinantes
2548 3707 2601 3756 et
2647 3701 2928 3758 ordinatos
2973 3715 3076 3772 pro
3104 3716 3350 3767 munere,
3394 3699 3492 3758 sed
3521 3706 3576 3756 et

1976 3789 2373 3846 interventores
2419 3788 2868 3863 irrefragabiliter
2913 3789 3194 3857 damnant,
3237 3788 3376 3846 sicut
3403 3787 3576 3845 lector

1977 3878 2033 3934 in
2063 3879 2302 3935 secundo
2345 3879 2582 3950 capitulo
2623 3877 2813 3952 magni
2859 3877 3322 3935 Chalcedonensis
3359 3877 3577 3934 concilii

1977 3969 2174 4040 poterit
2202 3969 2466 4024 invenire.
2497 3969 2612 4024 Nos
2659 3969 2880 4040 quidem
2920 3983 3030 4024 non
3061 3969 3270 4024 incerta
3307 3966 3574 4023 relatione

1978 4074 2122 4128 saepe
2152 4056 2321 4112 fatum
2353 4057 2642 4123 Odacrum,
2675 4073 2786 4112 non
2833 4057 3008 4112 solum
3053 4057 3361 4128 pecuniam,
3395 4056 3494 4111 sed
3523 4063 3577 4110 et

1976 4162 2067 4201 res
2095 4161 2194 4218 per
2221 4162 2329 4200 non
2351 4145 2562 4217 ignotas
2582 4160 2848 4216 personas
2869 4160 2969 4214 pro
2989 4145 3340 4215 percipiendo
3362 4144 3594 4215 episco-‘

1976 4234 2086 4306 pali
2113 4233 2304 4288 ordine
2335 4233 2594 4288 obtulisse
2623 4233 3010 4302 comperimus.
3044 4233 3112 4287 Et
3142 4239 3360 4288 sanctus
3389 4235 3574 4304 Augu-

1978 4324 2151 4378 stinus
2180 4322 2237 4377 in
2264 4321 2404 4378 libro
2433 4323 2502 4377 de
2531 4321 2755 4376 utilitate
2784 4320 3040 4377 credendi
3060 4319 3134 4375 ait
3165 4336 3177 4376 :
3216 4341 3239 4371 α
3274 4320 3574 4376 Haereticus

1979 4420 2062 4467 est
2091 4411 2182 4484 qui
2209 4411 2434 4480 alicujus
2455 4409 2775 4482 temporalis
2806 4409 3078 4467 commodi
3107 4417 3161 4465 et
3188 4407 3423 4464 maxime
3453 4408 3574 4482 glo-

280 4511 380 4558 tur.
415 4502 578 4572 Quod
622 4510 844 4560 sanctus
887 4503 1189 4576 Gregorius
1237 4503 1293 4557 in
1333 4502 1619 4576 Evangelii
1659 4491 1946 4558 homiliaD
1975 4501 2069 4556 riae
2097 4500 2542 4574 principatusque
2572 4499 2770 4575 gratia,
2801 4499 2964 4556 falsas
2995 4515 3060 4557 ac
3087 4515 3258 4556 novas
3287 4497 3574 4568 opiniones

279 4591 560 4665 redarguit
617 4591 852 4649 dicens:
890 4614 910 4642 α
948 4593 1082 4648 Sunt
1126 4593 1388 4663 nonnulli,
1435 4592 1525 4664 qui
1576 4592 1707 4647 dum
1755 4592 1877 4663 plus

280 4689 550 4738 terrenam
606 4681 963 4736 substantiam
1004 4696 1168 4752 quam
1214 4698 1346 4737 oves
1387 4681 1636 4754 diligunt,
1684 4681 1878 4737 merito

280 4785 476 4826 nomen
505 4768 742 4840 pastoris
771 4769 1025 4840 perdunt,
1060 4770 1186 4842 quia
1213 4785 1322 4826 non
1342 4785 1442 4840 pro
1473 4785 1660 4824 amore
1691 4769 1878 4824 intimo

279 4874 410 4915 oves
441 4857 776 4924 Dominicas,
824 4859 922 4914 sed
961 4859 1030 4914 ad
1071 4858 1401 4930 temporales
1442 4859 1727 4916 mercedes
1774 4873 1877 4929 pa-

279 4955 455 5004 scunt.
487 4947 856 5004 Mercenarius
905 4947 1104 5019 quippe
1148 4955 1250 5019 est,
1301 4947 1393 5020 qui
1436 4948 1616 5004 locum
1645 4945 1880 5019 pastoris

277 5043 442 5104 tenet,
496 5035 597 5092 sed
654 5031 812 5093 lucra
859 5037 1167 5092 animarum
1221 5052 1332 5092 non
1385 5037 1595 5108 quaerit,
1647 5036 1878 5092 terrenis

277 5125 585 5183 commodis
632 5125 823 5194 inhiat,
870 5127 1079 5182 honore
1121 5126 1452 5198 prmlationis
1483 5126 1706 5199 gaudet,
1737 5133 1878 5182 tem-

279 5215 565 5287 poralibus
594 5215 761 5271 lucris
790 5215 1050 5286 pascitur,
1082 5215 1333 5288 impensa
1361 5214 1465 5270 sibi
1485 5216 1552 5270 ab
1573 5215 1881 5271 hominibus

278 5303 586 5360 reverentia
611 5305 825 5360 laetatur
843 5348 856 5372 ,
885 5312 938 5360 et
966 5321 1065 5376 pro
1095 5321 1164 5362 eo
1192 5305 1311 5376 ipso
1355 5305 1500 5376 quod
1529 5303 1586 5358 in
1614 5303 1881 5377 regimine

279 5391 513 5462 laborat,
545 5393 634 5450 hic
663 5394 809 5465 quod
839 5393 1033 5466 quaerit
1073 5393 1331 5459 inveniat,
1385 5399 1436 5448 et
1465 5392 1534 5446 ab
1571 5393 1881 5449 haereditate

280 5483 469 5556 gregis
499 5482 556 5537 in
584 5489 867 5554 posterum
897 5483 1108 5539 alienus
1139 5482 1356 5538 existat.
1392 5502 1414 5531 ι

349 5573 415 5629 ν.
451 5573 719 5628 Caeterum
749 5572 878 5648 quia
921 5581 1158 5650 cognata
1198 5581 1322 5628 sunt
1363 5569 1602 5628 schisma
1630 5578 1683 5626 et
1710 5571 1880 5627 haere-

1977 4591 2067 4647 vel
2095 4591 2273 4664 gignit
2319 4591 2407 4646 vel
2453 4591 2718 4663 sequitur.
2757 4591 2854 4647 Ille
2895 4598 3077 4646 autem
3125 4587 3216 4660 qui
3265 4586 3576 4657 hujusmodi

1977 4680 2184 4736 homini
2215 4680 2406 4748 credit,
2439 4681 2602 4736 homo
2630 4689 2712 4736 est
2740 4679 3128 4753 imaginatione
3177 4675 3411 4748 quadam
3452 4675 3574 4748 pie-

1979 4769 2104 4824 tatis
2132 4769 2343 4824 illusus.
2387 4791 2410 4820 »

2051 4859 2140 4912 Vl.
2171 4859 2236 4913 In
2263 4857 2552 4930 privilegio
2601 4853 2942 4912 Bclvacensis
2989 4852 3268 4922 Ecclesia,
3301 4868 3575 4912 consensu

1979 4946 2165 5002 domui
2196 4946 2380 5002 Karoli
2427 4963 2527 5002 nos
2571 4944 2814 5017 episcopi
2856 4950 3092 5016 quatuor
3144 4944 3572 5016 provinciarum,

1979 5036 2313 5092 Rhemorum
2361 5035 2584 5100 scilicet,
2627 5034 3173 5105 Rhotomagensium,
3235 5036 3572 5090 Turonorum

1978 5140 2043 5181 ac
2074 5126 2370 5194 Senonum,
2401 5123 2670 5193 majorum
2713 5123 2964 5195 exempla
2993 5124 3165 5180 secuti
3185 5168 3198 5189 ,
3229 5123 3494 5181 canonica
3522 5129 3575 5178 et

1980 5214 2277 5287 episcOpali
2323 5211 2640 5268 auctoritate
2697 5213 3051 5270 decernentes
3106 5213 3524 5284 subscripsimus
3557 5253 3574 5282 ,

1985 5323 2008 5354 α
2043 5305 2111 5359 Ut
2140 5303 2286 5358 nulla
2316 5299 2594 5356 saecularis
2615 5309 2858 5373 potestas
2886 5302 2954 5357 de
2984 5303 3146 5358 rebus
3173 5301 3434 5374 episcopii
3452 5299 3575 5356 Bel-

1979 5391 2230 5447 vaccnsis
2277 5387 2540 5445 Ecclesiae
2587 5399 2908 5462 praesumat.
2947 5390 3003 5447 Si
3034 5391 3155 5464 quis
3191 5407 3324 5446 vero
3354 5406 3569 5464 regum,

1981 5479 2342 5545 sacerdotum,
2379 5484 2430 5533 et
2471 5478 2736 5548 judicum,
2786 5488 2947 5552 atque
2995 5479 3333 5536 saecularium
3377 5494 3570 5551 perso-

1978 5584 2193 5638 narum,
2259 5571 2398 5624 hanc
2462 5569 2860 5628 constitutionis
2915 5568 3174 5642 paginam
3229 5582 3571 5642 cognoscens
