4072 6308
572 315 678 372 247
707 316 721 328 '

1603 303 1946 366 HINCMARI
1982 303 2380 366 RHEMENSIS
2417 303 2967 364 ARCHIEPISCOPI.

3771 311 3881 366 248

582 435 829 494 ecclesia
856 449 1028 508 penes
1047 446 1392 492 oeconomum
1423 435 1666 504 ejusdem
1687 435 1934 491 ecclesiae
1963 434 2175 508 integre
2203 431 2261 494 A
2281 433 2531 488 ctoritate
2562 433 2912 500 intendimus,
2947 432 3000 486 in
3029 431 3134 484 hac
3163 431 3444 502 tyrannica
3502 433 3705 490 Odacri
3745 449 3886 506 per-

581 533 995 592 conserventur,
1025 547 1046 574 n
1071 540 1210 598 quos
1225 523 1517 596 pradictus
1545 525 1765 580 invasor
1794 523 2044 579 Odacrus
2064 522 2180 578 sine

578 613 689 670 ulla
717 611 918 670 divina
957 613 1100 686 legis
1140 613 1449 669 reverentia
1492 628 1753 684 usurpare
1808 611 2173 684 prasumpsit.

583 701 930 774 Quapropter
945 717 1069 758 cum
1090 701 1212 758 aliis
1237 701 1549 772 hujusmodi
1579 697 2068 773 prasumptoribus
2104 699 2174 755 ab

583 791 778 848 eodem
808 799 999 848 sancto
1028 799 1080 847 et
1108 805 1312 864 magno
1341 789 1574 847 concilio
1599 789 1934 862 percellitur,
1985 797 2044 845 ut
2088 787 2181 862 qui

584 880 702 936 ausi
731 878 930 936 fuerint
958 887 1082 951 post
1110 878 1485 936 diﬁinitionem
1515 894 1730 950 magna
1761 886 1814 934 et
1853 877 2180 934 universalis

581 969 740 1038 hujus
771 969 962 1041 synodi
989 969 1282 1042 quidquam
1313 984 1379 1022 ex
1420 967 1505 1022 his
1560 983 1680 1040 qua
1733 974 1858 1022 sunt
1911 966 2180 1038 prohibita

583 1066 924 1130 perpetrare,
957 1057 1196 1112 decrevit
1217 1065 1406 1112 sancta
1433 1056 1674 1128 synodus
1695 1070 1726 1111 a
1745 1055 1969 1128 proprio
1999 1055 2180 1126 hujus-

581 1147 728 1202 modi
761 1147 932 1217 gradu
961 1145 1241 1202 recedere.

657 1235 748 1290 IV.
774 1233 1045 1304 Odacrus,
1071 1234 1260 1290 relicto
1279 1235 1649 1291 ecclesiastico
1665 1233 1870 1305 judicio
1901 1240 1956 1289 et
1992 1247 2178 1290 sacro-

584 1339 706 1393 rum
739 1337 1008 1380 canonum
1037 1322 1372 1394 diﬂinitione,
1397 1340 1497 1395 per
1513 1325 1828 1379 saecularem
1855 1329 2176 1394 potestatem

583 1412 803 1467 invasor
831 1427 1015 1466 rerum
1047 1410 1424 1468 etfacultatum
1455 1412 1950 1468 ecclesiasticarum
1980 1411 2178 1466 Belva-

582 1499 763 1556 censis
811 1499 1092 1566 Ecclesia,
1140 1516 1259 1572 qua
1318 1501 1614 1556 secundum
1699 1515 1884 1556 sacras
1958 1499 2178 1572 regulas

579 1587 879 1644 oblationes
898 1588 1250 1660 appellantur,
1297 1589 1420 1660 quia
1471 1587 1704 1646 Domino
1752 1588 2074 1657 offeruntur,
2126 1596 2180 1642 et

579 1685 708 1733 vota
754 1685 878 1731 sunt
935 1675 1197 1744 ﬁdelium,
1249 1693 1314 1734 ac
1377 1677 1555 1749 pretia
1593 1685 1962 1750 peccatorum,
2019 1685 2177 1750 atque

2281 521 2506 577 vasione
2557 523 2803 578 vacantis
2859 523 3107 578 ecclesia
3177 521 3500 578 invenimus.
3579 524 3884 594 Apostolus

2283 625 2518 682 namque
2547 610 2709 666 dicit:
2743 611 3014 679 Avaritia,
3048 631 3170 686 qua
3201 617 3285 669 est
3315 612 3596 668 idolorum
3627 615 3884 668 servitus

2281 699 2509 770 (Coloss.
2541 701 2644 766 nr).
2679 700 2746 756 Et
2772 701 2967 756 beatus
2998 703 3297 776 Gregorius
3324 701 3556 774 loquens
3584 702 3654 756 de
3690 709 3880 756 tenta-

2281 787 2423 842 tione
2445 787 2725 844 Dominica
2764 789 2819 842 in
2851 791 3135 862 Evangelii
3183 789 3428 858 homilia,
3460 797 3514 844 et
3540 789 3713 844 altera
3745 805 3884 844 sen-

2279 876 2445 932 tentia
2471 875 2676 947 prafati
2704 878 2939 949 apostoli
2968 880 3206 935 ostendit
3243 878 3528 934 avaritiam
3585 893 3710 933 esse
3767 893 3883 933 non

2281 964 2458 1018 solum
2487 964 2752 1036 pecunia,
2804 966 2902 1022 sed
2950 967 3111 1022 etiam
3132 967 3448 1024 altitudinis.
3507 967 3577 1022 Et
3624 966 3882 1022 Odacrus

2278 1052 2499 1108 invasor
2519 1054 2763 1109 vacantis
2793 1055 3060 1124 ecclesia,
3085 1057 3208 1129 quia
3244 1057 3544 1112 secundum
3589 1070 3882 1112 sacrorum

2279 1157 2547 1198 canonum
2563 1144 2852 1209 tramitem,
2886 1144 2955 1199 ad
2983 1153 3302 1216 provectum
3333 1145 3662 1217 episcopalis
3722 1145 3881 1200 ordi-

2279 1231 2384 1298 nis,
2418 1239 2593 1286 utres
2625 1239 2675 1285 et
2725 1231 3004 1288 facultates
3046 1234 3218 1305 ipsius
3257 1233 3504 1290 ecclesia
3547 1233 3880 1306 possideret,

2276 1320 2392 1374 Deo
2407 1319 2610 1388 judice,
2658 1321 2946 1392 pervenire
2997 1338 3106 1378 non
3142 1323 3358 1389 meruit,
3411 1338 3512 1394 per
3551 1322 3880 1378 saecularem

2277 1415 2599 1480 potestatem
2631 1410 2785 1481 prius
2814 1426 2904 1465 res
2951 1419 3004 1468 et
3047 1410 3353 1467 facultatem
3409 1411 3580 1482 ipsius
3627 1411 3883 1468 ecclesia

2279 1497 2520 1553 vacantis
2548 1497 2796 1568 obtinuit,
2829 1508 2889 1554 ut
2917 1500 3058 1556 saltu
3079 1515 3296 1573 quoquo
3357 1499 3522 1555 modo
3569 1501 3638 1556 ad
3685 1500 3878 1555 altitu-

2277 1585 2459 1641 dinem
2489 1587 2818 1658 episcomlis
2846 1589 3080 1644 nominis
3107 1589 3435 1660 perveniret,
3495 1596 3548 1644 et
3613 1589 3878 1645 sacerdos

2278 1691 2385 1729 non
2418 1692 2558 1744 esse,
2592 1677 2689 1730 sed
2719 1676 2824 1732 dici
2865 1679 3233 1733 tantummodo
3262 1677 3495 1732 inaniter
3540 1677 3874 1749 concupivit.

579 1765 905 1837 patrimonia
931 1781 1252 1837 pauperum,
1276 1767 1394 1838 ipse
1421 1767 1476 1820 in
1525 1783 1584 1822 se
1639 1766 1998 1822 damnationis
2055 1781 2180 1820 sen-
2205 1764 2403 1850 B-Non
2433 1765 2734 1834 attendens,
2788 1765 2911 1837 quia
2941 1767 3018 1821 sic
3076 1766 3146 1821 ab
3202 1766 3321 1838 ipso
3360 1766 3594 1835 Christo,
3658 1782 3876 1823 summo

579 1854 803 1910 tentiam
845 1853 1122 1923 jaculavit,
1165 1855 1294 1926 quia
1327 1856 1464 1911 sicut
1496 1863 1716 1912 sanctus
1744 1855 1853 1912 Leo
1882 1871 2022 1926 papa
2054 1869 2176 1910 cum

580 1943 831 1999 Romana
857 1942 1067 2014 synodo
1095 1941 1343 1999 ditﬁnivit
1381 1945 1566 2016 (epist.
1616 1946 1742 2014 96):
1771 1965 1794 1994 α
1857 1943 2176 2014 Quicunque

583 2031 682 2086 sub
713 2030 905 2101 regula
942 2031 1123 2102 positi,
1175 2031 1368 2089 relicto
1423 2032 1796 2090 ecclesiastico
1846 2031 2072 2101 judicio,
2105 2031 2176 2087 ad

580 2119 883 2191 patrocinia
939 2119 1201 2176 laicorum
1223 2121 1534 2189 convolare,
1571 2130 1624 2178 et
1645 2123 1852 2191 judicia
1870 2136 2058 2178 eorum
2091 2136 2178 2176 ex-

583 2216 794 2279 petere,
827 2216 880 2264 et
906 2211 1274 2280 pratermisso
1305 2211 1590 2268 sacerdote
1647 2228 1760 2268 sua
1779 2215 2044 2287 ecclesia,
2108 2214 2175 2270 ad

583 2297 1033 2368 disceptationem
1053 2299 1396 2354 sacularium
1413 2301 1679 2368 venerint,
1699 2303 2172 2378 sacrisliminibus,

584 2384 638 2439 id
667 2393 752 2441 est
783 2385 850 2440 ab
879 2385 1124 2442 ecclesia
1151 2387 1312 2443 aditis
1341 2388 1558 2460 expelli,
1599 2398 1651 2446 et
1679 2406 1708 2445 a
1739 2391 1946 2447 caelesti
2004 2397 2176 2451 arceri

583 2472 798 2544 altario,
830 2473 886 2530 id
916 2483 998 2532 est
1024 2491 1055 2530 a
1085 2491 1312 2548 corpore
1345 2479 1674 2551 etsanguine
1707 2479 1906 2536 Christi
1935 2486 2177 2554 separari

580 2563 854 2632 jubentur.
882 2587 904 2612 ιι
924 2565 1243 2621 Etcanones
1257 2567 1399 2622 sacri
1409 2565 1674 2623 diﬁiniunt
1689 2567 1866 2644 (conc.
1891 2573 2170 2641 Antioch.,

585 2666 704 2718 can,
737 2653 792 2722 2)
828 2669 841 2708 :
879 2676 900 2699 α
934 2654 1004 2709 Ut
1033 2653 1259 2724 quilibet
1305 2655 1508 2726 regula
1553 2656 1836 2725 subjectus
1890 2660 2170 2730 Ecclesia,

583 2748 782 2811 prater
807 2741 1090 2797 consilium
1122 2750 1176 2798 et
1201 2743 1404 2798 litteras
1434 2745 1812 2816 episcoporum
1861 2749 2171 2818 provincia,

585 2836 638 2885 et
667 2829 940 2901 pracipue
953 2831 1376 2902 metropolitani,
1399 2833 1592 2889 adierit
1605 2834 2012 2906 imperatorem,
2032 2839 2178 2896 hunc

585 2919 867 2989 reprobari
897 2927 949 2976 et
977 2920 1138 2990 abjici
1158 2929 1430 2992 oportere,
1464 2938 1571 2978 non
1629 2924 1799 2979 solum
1847 2941 1882 2982 a
1935 2943 2176 2984 commu-

584 3007 767 3078 nione,
786 3024 974 3064 verum
1005 3017 1058 3064 et
1098 3010 1166 3064 ab
1199 3011 1404 3067 honore
1439 3011 1592 3080 cujus
1645 3015 1916 3086 particeps
1963 3017 2178 3074 videtur

584 3095 835 3153 existere.
862 3121 882 3145 η
903 3098 970 3154 Et
999 3106 1220 3156 sanctus
1248 3100 1468 3156 Hilarus
1496 3117 1638 3174 papa
1665 3102 1720 3157 in
1741 3103 1977 3161 decretis
2024 3109 2170 3164 suis:

2279 1852 2553 1924 pontifice,
2577 1869 2640 1909 ac
2669 1870 2803 1928 rege
2825 1871 3036 1927 regum,
3071 1863 3196 1910 sunt
3233 1855 3488 1912 distincta
3541 1863 3880 1926 potestatum

2275 1941 2470 2006 officia,
2505 1950 2563 1997 ut
2593 1943 2850 2013 spiritalis
2877 1944 3018 2000 actio
3037 1960 3068 1998 a
3097 1945 3409 1999 carnalibus
3437 1944 3660 2000 distaret
3693 1945 3880 2001 incur-

2275 2030 2444 2099 sibus,
2481 2039 2529 2086 et
2559 2031 2850 2087 militantes
2878 2034 2992 2088 Deo
3013 2033 3232 2088 minime
3253 2049 3312 2088 se
3349 2034 3583 2106 negotiis
3633 2035 3876 2089 sacula-

2275 2118 2426 2174 ribus
2457 2119 2815 2190 implicarent,
2851 2135 2915 2178 ac
2943 2121 3183 2177 vicissim
3200 2137 3308 2176 non
3343 2121 3420 2177 illi
3449 2122 3614 2176 rebus
3673 2122 3878 2177 divinis

2275 2207 2573 2278 prasidere
2589 2209 2922 2276 viderentur,
2945 2211 3037 2281 qui
3058 2220 3242 2266 essent
3257 2210 3490 2281 negotiis
3511 2210 3873 2266 sacularibus

2273 2295 2551 2366 implicati.
2600 2297 2670 2352 Et
2709 2298 2995 2354 saculares
3039 2299 3144 2353 viri
3175 2300 3520 2355 sacerdotum
3559 2300 3871 2371 penderent

2269 2384 2492 2454 judicio,
2526 2401 2632 2440 non
2656 2387 2968 2442 sacerdotes
2997 2387 3064 2442 ad
3094 2403 3249 2443 suam
3301 2388 3560 2443 deberent
3611 2388 3874 2460 redigere

2274 2473 2598 2530 voluntatem
2625 2491 2639 2530 :
2671 2483 2724 2529 et
2745 2475 3059 2531 sacerdotes
3081 2476 3420 2532 sacularinm
3445 2477 3647 2546 judicia
3680 2479 3874 2534 discu-

2274 2570 2470 2632 terent,
2522 2579 2631 2619 non
2677 2573 2859 2620 autem
2913 2564 3206 2621 saeculares
3247 2566 3596 2621 sacerdotum
3659 2567 3872 2636 judicia

2273 2647 2643 2721 molestarent,
2679 2653 2815 2709 sicut
2835 2654 3024 2710 littera
3044 2653 3298 2710 divinitus
3343 2655 3619 2726 inspirata
3683 2657 3871 2712 mani-

2273 2739 2408 2796 feste
2437 2742 2830 2809 demonstrant,
2863 2753 2917 2798 et
2942 2743 3326 2799 Constantinus
3354 2757 3584 2815 magnus
3624 2744 3873 2816 impera—

2274 2837 2358 2884 tor
2385 2830 2440 2884 in
2467 2831 2687 2887 Nicano
2715 2830 2948 2888 concilio
2978 2849 3036 2887 se
3082 2833 3301 2887 illorum
3350 2832 3568 2902 judiciis
3625 2834 3872 2890 subdens

2275 2918 2528 2974 ostendit.
2561 2919 2658 2974 His
2686 2919 2850 2992 igitur
2879 2921 2953 2976 ita
2982 2936 3041 2976 se
3070 2920 3412 2986 habentibus,
3473 2920 3724 2977 Odacrus
3769 2939 3874 2994 per

2275 3006 2553 3063 avaritiam
2581 3016 2635 3063 et
2665 3009 2962 3064 altitudinis
2982 3051 2996 3076 ,
3030 3018 3080 3065 et
3138 3009 3618 3080 possessionis,'in
3670 3027 3880 3083 perva-

2277 3097 2430 3152 sione
2459 3097 2703 3154 vacantis
2735 3099 2982 3154 ecclesia
3036 3099 3323 3155 idololatra
3369 3115 3490 3155 esse
3538 3101 3866 3157 ostenditur.

598 3151 605 3152 ,
656 3151 667 3152 ,
795 3151 834 3153 μ
904 3151 966 3154 _-
1001 3151 1216 3156 mm“-
1248 3151 1464 3156 __-__-_-
1496 3151 1638 3174 ,ητ-
1745 3151 1976 3161 πων..-
2024 3151 2166 3164 νων.

587 3207 608 3233 «
644 3187 767 3242 Non
798 3186 992 3253 minus,
1023 3187 1198 3260 inquit
1224 3188 1280 3244 in
1309 3197 1616 3246 sanctarum
1645 3193 1992 3250 traditionum
2069 3197 2166 3252 de-

2273 3187 2376 3242 Per
2406 3187 2628 3258 Moysen
2657 3188 2725 3242 de
2763 3189 2996 3244 Domino
3055 3189 3284 3244 dicitur:
3339 3191 3403 3244 In
3455 3190 3697 3246 dextera
3745 3193 3872 3264 ejus

580 3271 840 3346 linquitur
869 3276 1195 3344 sanctiones,
1221 3294 1380 3348 quam
1430 3279 1486 3333 in
1529 3279 1783 3350 injuriam
1839 3283 2007 3356 ipsius
2062 3287 2173 3342 Do-

583 3362 718 3418 mini
755 3363 1052 3434 prosilitur.
1091 3388 1112 3414 »
1163 3366 1550 3423 Schismaticus
1604 3369 1790 3442 igitur,
1851 3373 1922 3426 ab
1969 3373 2170 3431 unitate

568 3450 833 3508 Ecclesia
861 3469 962 3525 per
987 3469 1272 3510 sacrorum
1293 3471 1558 3511 canonum
1588 3465 1974 3530 contemptum,
2020 3464 2110 3535 qui
2139 3481 2170 3519 a

569 3549 762 3598 sancto
799 3549 923 3598 sunt
951 3543 1150 3615 Spiritu
1163 3545 1366 3600 conditi
1382 3553 1436 3602 et
1463 3546 1628 3603 totius
1643 3547 1832 3604 mundi
1866 3553 2170 3608 reverentia

573 3631 896 3696 censecrati,
931 3631 1171 3704 seipsum
1255 3635 1530 3701 scindens,
1591 3635 1718 3692 licet
1776 3635 1916 3694 forte
1975 3639 2170 3698 eodem

577 3718 745 3784 cultu,
779 3719 971 3775 eodem
1003 3721 1105 3776 ritu
1133 3723 1322 3778 credat
1350 3732 1407 3778 ut
1437 3725 1704 3794 catholici,
1737 3725 1792 3780 in
1809 3727 1956 3782 malo
1987 3736 2167 3785 tamen

577 3821 678 3861 suo
721 3823 822 3878 per
867 3809 1218 3880 cupiditatem
1263 3819 1448 3867 manet
1494 3813 1856 3870 damnationis
1917 3816 2162 3876 dissidio.

575 3894 851 3964 Quantum
890 3904 1072 3952 autem
1126 3900 1194 3954 sit
1235 3901 1440 3956 malum
1495 3903 1779 3958 dissidium
1837 3905 2161 3976 schismatis,

575 3992 795 4040 sanctus
816 3987 1152 4058 Augustinus
1186 3988 1241 4044 in
1268 3989 1411 4046 libro
1451 3991 1519 4045 de
1549 3992 1820 4062 Baptismo
1877 4011 1943 4050 ex
2000 3998 2167 4054 sacris

572 4071 908 4130 demonstrat
937 4076 1230 4148 Scripturis
1247 4079 1349 4134 hoc
1403 4081 1602 4136 modo:
1642 4104 1662 4128 α
1707 4081 1830 4138 Non
1876 4083 2166 4142 efferamus

570 4163 798 4213 stateras
823 4159 1063 4230 dolosas,
1095 4162 1186 4216 ubi
1235 4164 1603 4234 appendamus
1624 4168 1769 4238 quod
1797 4167 2066 4238 volumus,
2113 4179 2166 4227 et

571 4249 846 4318 quomodo
879 4249 1150 4318 volumus,
1183 4267 1284 4322 pro
1303 4253 1525 4309 arbitrio
1554 4263 1739 4312 nostro
1789 4257 2035 4314 dicentes
2061 4262 2165 4316 hoc

567 4352 759 4409 grave,
791 4339 897 4394 hoc
931 4339 1052 4394 leve
1083 4349 1184 4406 est,
1215 4341 1312 4397 sed
1342 4342 1634 4399 efferamus
1655 4344 1893 4402 divinam
1905 4355 2160 4404 stateram

565 4425 634 4481 de
664 4425 953 4497 Scripturis
983 4429 1186 4485 sanctis
1208 4437 1465 4504 tanquam
1489 4433 1556 4488 de
1588 4434 1860 4490 thesauris
1903 4437 2156 4493 Domini-

2271 3277 2438 3348 ignea
2467 3277 2562 3331 lea:
2583 3277 2766 3347 (Deut.
2797 3278 3030 3348 χχχιιι).
3067 3301 3088 3324 α
3117 3279 3177 3332 In
3195 3277 3432 3345 sinistra,
3455 3277 3632 3350 inquit
3650 3279 3872 3351 Grego-

2271 3363 2402 3431 rius,
2434 3365 2657 3436 reprobi
2714 3366 2806 3438 qui
2863 3374 2916 3421 et
2972 3367 3041 3421 ad
3099 3366 3372 3422 sinistram
3417 3368 3655 3438 ponendi
3717 3378 3864 3437 sunt,

2270 3453 2496 3508 dextera
2515 3463 2696 3508 autem
2742 3454 2844 3510 Dei
2898 3455 3238 3527 appellantur
3285 3456 3463 3513 electi.
3524 3457 3586 3510 In
3632 3456 3863 3514 dextera

2267 3557 2403 3614 ergo
2434 3542 2536 3598 Dei
2562 3543 2650 3598 lex
2679 3543 2840 3614 ignea
2859 3551 2961 3610 est,
2995 3544 3119 3616 quia
3139 3544 3296 3600 electi
3328 3545 3580 3600 mandata
3617 3547 3869 3603 cotlestia

2264 3646 2609 3702 nequaquam
2640 3631 2841 3705 frigido
2873 3635 3039 3689 corde
3068 3634 3308 3700 audiunt,
3343 3634 3441 3689 sed
3471 3635 3541 3688 ad
3562 3635 3682 3691 hac
3703 3651 3865 3692 amo-

2265 3718 2340 3773 ris
2371 3719 2542 3774 intimi
2569 3720 2779 3776 facibus
2809 3722 3186 3778 inardescunt.
3225 3747 3246 3771 »
3267 3725 3333 3778 Et
3363 3724 3654 3794 Apostolus
3699 3725 3864 3782 dicit:

2265 3809 2412 3864 Deus
2441 3813 2632 3866 noster
2659 3812 2809 3882 ignis
2829 3827 3161 3868 consumens
3182 3816 3266 3868 est
3290 3812 3472 3884 (Hebr,
3497 3814 3625 3882 xu),-
3654 3822 3710 3868 et
3758 3816 3869 3871 Do-

2265 3897 2465 3952 minus:
2489 3900 2680 3970 Ignem
2710 3902 2838 3955 veni
2853 3901 3082 3956 mittere
3111 3902 3174 3955 in
3207 3905 3440 3966 terram,
3476 3905 3530 3956 et
3560 3903 3696 3974 quid
3742 3905 3864 3960 volo

2265 3987 2382 4042 nisi
2410 3990 2474 4042 ut
2493 3988 2690 4043 ardeat
2726 3989 2918 4058 ?(an.
2943 3991 3067 4050 xu).
3090 3991 3277 4060 Ignem
3296 3990 3561 4048 Dominus
3576 3990 3633 4044 in
3662 3998 3865 4047 terram

2265 4074 2442 4140 mittit,
2474 4092 2594 4131 cum
2617 4076 2794 4132 atilata
2843 4077 3074 4148 Spiritus
3118 4079 3291 4134 sancti
3325 4080 3492 4135 corda
3560 4081 3864 4136 carnalium

2259 4163 2516 4219 incendit.
2587 4165 2820 4235 Spiritus
2851 4167 3018 4239 igitur
3048 4174 3269 4223 sanctus
3300 4168 3442 4240 ignis
3471 4177 3574 4224 est.
3608 4170 3678 4224 Et
3719 4172 3866 4228 sacri

2263 4267 2518 4322 canones,
2549 4253 2686 4310 sicut
2708 4255 2960 4328 legimus,
2997 4264 3185 4312 sancto
3215 4265 3339 4312 sunt
3369 4257 3568 4328 Spiritu
3635 4259 3861 4329 conditi,

2264 4359 2401 4414 quos
2432 4341 2682 4399 Odacrus
2738 4344 2944 4400 facibus
3004 4361 3114 4400 sua
3161 4345 3468 4416 cupiditatis
3537 4362 3859 4418 succensus,

2263 4445 2388 4486 cum
2415 4447 2523 4486 non
2551 4447 2649 4503 per
2675 4431 2974 4502 spiritalem
3006 4433 3434 4490 ecclesiasticam
3492 4436 3859 4501 traditionem,

565 4513 663 4582 cis,
697 4522 751 4570 et
777 4515 833 4570 in
870 4516 960 4572 illa
1013 4517 1140 4589 quid
1208 4519 1276 4574 sit
1329 4522 1555 4591 gravius
1585 4525 1982 4594 appendamus,
2042 4527 2152 4584 imo
2175 4515 2228 4577 D
2257 4520 2354 4574 sed
2383 4536 2484 4590 per
2508 4522 2779 4576 carnalem
2809 4523 2994 4577 saculi
3023 4531 3344 4594 potestatem
3368 4532 3526 4595 pasto
3547 4541 3606 4580 re
3653 4541 3863 4584 vacan-

561 4619 672 4659 non
700 4606 1094 4676 appendamus,
1127 4608 1223 4663 sed
1255 4625 1287 4664 a
1315 4610 1551 4666 Domino
1593 4627 1833 4684 appensa
1876 4630 2152 4688 recogno-

561 4707 794 4750 scamus.
827 4695 1090 4766 Tempore
1108 4695 1223 4764 illo,
1257 4713 1363 4770 quo
1394 4699 1654 4756 Dominus
1698 4702 1899 4772 prioria
1953 4704 2150 4761 delicta

559 4782 869 4838 recentibus
896 4799 1176 4854 poenarum
1205 4787 1468 4858 exemplis
1514 4791 1758 4864 cavenda
1808 4794 2147 4866 monstravit,

560 4874 614 4922 et
642 4866 844 4924 idolum
863 4871 1182 4929 fabricatum
1212 4883 1374 4947 atque
1395 4877 1677 4932 adoratum
1709 4887 1810 4946 est,
1834 4889 1885 4936 et
1914 4883 2151 4954 prOphc-

556 4954 695 5011 ticus
709 4956 849 5012 liber
865 4957 948 5014 ira
967 4962 1114 5034 regis
1127 4965 1516 5036 contemptoris
1537 4965 1818 5034 incensus;
1844 4978 1894 5024 et
1911 4971 2149 5028 schisma

555 5052 844 5114 tentatum,
875 5047 1178 5106 idololatria
1198 5053 1382 5124 gladio
1412 5054 1598 5125 punita
1627 5065 1728 5124 est,
1762 5059 1968 5116 exustio
2024 5062 2148 5117 libri

555 5132 748 5192 bellica
778 5137 928 5193 cade
964 5145 1017 5194 et
1045 5141 1337 5214 peregrina
1367 5144 1696 5216 captivitate,
1727 5147 1968 5205 schisma
1996 5151 2145 5207 hiatu

555 5230 712 5280 terra
735 5227 959 5296 sepultis
989 5229 1297 5285 auctoribus
1345 5231 1502 5298 vivis,
1561 5242 1613 5288 et
1669 5237 1880 5292 cateris
1937 5239 2144 5296 caelesti

545 5311 674 5384 igne
706 5316 1058 5387 consumptis,
1093 5317 1215 5390 quis
1239 5320 1352 5388 jam
1375 5322 1694 5381 dubitaverit
1723 5327 1826 5383 hoc
1856 5343 1978 5384 esse
2026 5345 2146 5385 sce-

547 5402 767 5459 leratius
797 5405 1168 5472 commissum,
1205 5410 1348 5481 quod
1375 5419 1455 5468 est
1483 5414 1700 5485 gravius
1730 5415 2099 5475 vindicatum?
2118 5441 2138 5470 »

547 5490 680 5562 Qua
711 5493 810 5549 tria
838 5495 1031 5567 gravia
1063 5497 1373 5566 commissa,
1407 5509 1461 5556 et
1477 5518 1582 5558 non
1600 5503 1706 5560 levi
1723 5506 2004 5576 punitione
2026 5507 2146 5562 vin-

546 5581 860 5650 dicanda,si
889 5584 1183 5659 diligenter
1214 5597 1523 5648 sanctarum
1581 5594 1982 5666 Scripturarum
2039 5611 2143 5653 au-

2255 4615 2362 4662 tem
2393 4609 2684 4664 ecclesiam
2731 4612 3028 4681 usur‘pavit,
3107 4612 3363 4684 Spiritum
3423 4621 3675 4670 sanctum
3753 4633 3859 4688 quo

2255 4696 2384 4753 facti
2415 4707 2538 4752 sunt
2568 4699 2770 4756 conditi
2817 4715 3075 4766 canones,
3143 4703 3474 4758 reclamante
3529 4703 3816 4776 Scriptura
3849 4721 3859 4760 :

2252 4787 2719 4858 Spiritumnolite
2750 4791 3120 4861 exstinguere
3150 4791 3202 4861 (Ι
3233 4791 3415 4846 Thess.
3477 4792 3566 4858 ν),
3601 4802 3865 4865 quantum

2250 4891 2313 4930 ex
2335 4874 2455 4947 ipso
2497 4885 2577 4932 est
2607 4877 2957 4949 exstinguere
3012 4880 3336 4951 procuravit,
3370 4889 3420 4935 et
3481 4883 3861 4939 auctoritatem

2252 4981 2532 5021 sacrorum
2563 4981 2850 5030 canonum,
2874 4983 2943 5022 ne
2963 4967 3174 5040 vigeret
3219 4969 3271 5023 in
3319 4969 3556 5026 ecclesia
3578 4987 3679 5026 sua
3743 4989 3862 5028 mo-

2249 5053 2435 5109 litione
2467 5055 2618 5126 quasi
2647 5055 2938 5112 incendere
2976 5057 3271 5113 attentavit.
3333 5058 3473 5128 Quia
3529 5075 3664 5117 vero
3739 5079 3858 5117 cum

2251 5150 2530 5206 catholica
2569 5151 2772 5208 unitate
2819 5153 3098 5221 Ecclesia,
3151 5170 3184 5209 a
3257 5171 3362 5227 quo
3420 5164 3646 5228 propter
3731 5174 3860 5214 suos

2252 5255 2510 5294 excessus
2536 5240 2674 5296 sicut
2703 5242 3038 5298 ostendimus
3066 5251 3120 5298 et
3175 5244 3229 5298 in
3260 5245 3528 5318 reliquum
3585 5249 3850 5303 ostende-

2246 5344 2388 5395 mus,
2423 5337 2505 5384 est
2547 5331 3056 5398 excommunicatus,
3120 5349 3304 5389 sacros
3359 5349 3596 5390 canones
3689 5338 3856 5392 totius

2246 5419 2433 5474 mundi
2464 5421 2769 5476 reverentia
2799 5429 3145 5478 consecratos
3177 5439 3286 5478 non
3305 5423 3567 5496 sequitur,
3617 5425 3757 5481 sicut
3789 5443 3852 5482 ex

2243 5509 2630 5582 suprascriptis
2647 5510 2811 5566 sacris
2833 5510 3112 5566 sententiis
3129 5511 3514 5578 manifestatur,
3583 5515 3852 5570 schisma-

2241 5597 2378 5653 ticus
2409 5614 2530 5654 esse
2559 5599 2747 5670 negari
2778 5614 2887 5654 non
2914 5608 3110 5672 potest,
3147 5601 3282 5658 sicut
3316 5610 3532 5658 sanctus
3581 5605 3849 5678 Augusti-
