4072 6316
265 294 374 352 εις)

1766 285 2141 346 EPISTOLE.

3477 297 3584 354 230

273 433 378 473 nus
409 417 467 472 in
498 421 734 473 tractatu
759 415 1044 490 Evangelii
1073 413 1374 472 secundum
1401 413 1668 472 Joannem
1695 413 1950 476 osten-A
1979 413 2084 484 sis,
2147 413 2284 470 sicut
2347 415 2511 472 etiam
2576 415 2849 474 solemnes
2914 417 3187 476 orationes
3253 419 3604 477 universalis-

275 506 372 562 dit.
412 527 434 556 ιι
470 506 772 576 Habemus,
805 505 1076 577 inquiens,
1111 513 1354 561 sanctum
1387 505 1644 577 Spiritum
1673 504 1721 558 si
1740 517 1882 559 ama-

273 611 398 650 mus
428 594 761 661 Ecclesiam,
793 608 1038 649 amamus
1067 603 1265 660 autem,
1299 593 1347 649 si
1375 594 1432 650 in
1468 594 1586 664 ejus
1616 608 1880 666 compage

273 692 330 739 et
354 683 627 739 charitate
655 681 1021 739 consistimus.
1061 703 1084 733 »
1117 685 1185 739 Et
1216 683 1271 737 in
1310 683 1539 754 epistola
1569 681 1784 740 concilii
1812 681 1881 737 ad

275 771 592 829 Donatistas
627 789 640 827 :
695 792 719 824 α
751 771 1011 844 Quisquis
1061 787 1094 827 a
1140 772 1410 828 catholica
1451 772 1697 829 Ecclesia
1723 771 1880 827 fuerit

275 868 586 932 separatus,
636 859 1027 933 quantumlibet
1075 861 1422 916 laudabiliter
1449 877 1510 918 se
1550 861 1733 917 vivere
1760 861 1880 916 exi-

274 951 478 1015 stimet,
515 951 621 1006 hoc
650 949 769 1004 solo
803 949 1013 1005 scelere
1041 949 1187 1021 quod
1215 965 1248 1005 a
1297 949 1496 1005 Christi
1531 949 1734 1004 unitate
1763 948 1879 1003 dis-

269 1039 494 1109 junctus
524 1047 628 1108 est,
662 1053 772 1092 non
813 1037 1036 1093 habebit
1078 1038 1260 1103 vitam,
1313 1039 1410 1092 sed
1455 1039 1536 1092 ira
1572 1038 1673 1094 Dei
1701 1046 1883 1094 manet

273 1144 442 1198 super
469 1143 620 1185 eum.
671 1126 930 1198 Quisquis
977 1135 1156 1182 autem
1201 1128 1254 1182 in
1298 1128 1398 1184 hac
1444 1127 1696 1184 Ecclesia
1740 1123 1880 1182 bene

275 1215 493 1280 vixerit,
547 1216 682 1271 nihil
729 1215 780 1271 ei
829 1215 1184 1286 praejudicant
1227 1215 1405 1271 aliena
1446 1224 1686 1288 peccata.
1741 1216 1882 1284 Quia

275 1307 664 1378 unusquisque
691 1304 748 1358 in
777 1320 842 1360 ea
868 1306 1161 1378 proprium
1177 1321 1318 1362 onus
1343 1306 1592 1378 portabit
1621 1305 1766 1375 (Gal.
1800 1305 1876 1376 v),

276 1393 415 1448 sicut
446 1393 582 1450 dicit
621 1393 932 1464 Apostolus.
985 1394 1057 1448 Et
1103 1395 1420 1468 quicunque
1467 1395 1532 1450 in
1583 1410 1649 1450 ea
1679 1409 1880 1466 corpus

288 1483 502 1539 Christi
530 1483 965 1539 manducauerit
993 1483 1241 1554 indigne,
1264 1483 1551 1554 judicium
1577 1484 1682 1539 sibi
1710 1499 1880 1538 man-

279 1571 454 1627 ducat
483 1574 542 1626 et
573 1571 710 1626 bibit
740 1572 791 1641 (Ι
816 1571 936 1627 Cor.
969 1571 1074 1641 ιιι).
1099 1571 1234 1624 Cum
1267 1571 1414 1625 enim
1443 1571 1572 1626 dicit
1593 1572 1882 1644 judicium

280 1661 384 1716 sibi
411 1659 746 1725 manducat,
796 1659 928 1714 satis
977 1659 1212 1714 ostendit
1260 1659 1389 1730 quia
1418 1675 1528 1714 non
1553 1659 1710 1714 alteri
1731 1659 1881 1729 judi-

278 1748 422 1804 cium
450 1747 768 1814 manducat,
804 1747 902 1802 sed
933 1746 1054 1814 sibi,
1105 1748 1234 1820 quia
1276 1747 1584 1804 communio
1613 1748 1880 1803 malorum

277 1852 386 1892 non
413 1835 658 1891 maculat
685 1835 924 1906 aliquem
951 1835 1366 1907 participatione
1394 1844 1876 1904 sacramentorum,

279 1925 375 1980 sed
407 1939 690 1981 consensu
734 1923 1016 1979 factorum.
1057 1925 1196 1979 Nam
1225 1925 1271 1979 si
1301 1925 1356 1979 in
1403 1925 1559 1980 factis
1585 1926 1743 1980 malis
1771 1941 1880 1981 non

281 2015 361 2069 eis
391 2013 628 2085 quisque
657 2013 980 2084 consentiat,
1013 2021 1199 2084 portat
1217 2013 1392 2069 malus
1409 2030 1628 2070 causam
1660 2031 1810 2070 suam
1829 2022 1882 2071 et

280 2117 578 2174 personam
624 2117 794 2168 suam,
853 2117 964 2157 non
1017 2103 1332 2174 praejudicat
1387 2103 1564 2170 alteri,
1618 2119 1778 2175 quem
1825 2103 1882 2158 in

287 2189 652 2248 consensione
680 2191 808 2246 mali
837 2190 1016 2262 operis
1038 2191 1245 2247 socium
1261 2208 1370 2247 non
1389 2192 1551 2247 habet
1580 2191 1876 2249 criminis.»

284 2280 390 2350 Qui
419 2295 553 2336 vero
582 2295 649 2336 ex
680 2295 1007 2352 quocunque
1038 2287 1201 2355 statu,
1232 2281 1322 2336 vel
1337 2297 1662 2354 quocunque
1691 2282 1880 2338 ordine

279 2368 559 2424 schismati
589 2368 705 2437 ejus
734 2367 938 2436 favent,
973 2369 1249 2424 attendant
1269 2377 1319 2424 et
1345 2371 1656 2442 appendant
1685 2370 1881 2425 difﬁni-

281 2458 481 2513 tionem
517 2457 828 2529 apostolicae
857 2457 1024 2525 sedis,
1058 2473 1222 2530 quam
1249 2459 1484 2514 decretis
1515 2459 1625 2514 suis
1654 2459 1880 2514 inseruit

279 2546 488 2614 dicens,
526 2567 550 2598 α
586 2545 864 2618 Quisquis,
897 2547 1088 2620 inquit,
1113 2548 1342 2602 assentit
1361 2548 1590 2619 principi
1620 2548 1883 2604 schisma-

281 2635 366 2702 tis,
404 2634 790 2692 schismaticus
819 2651 941 2691 esse
968 2637 1162 2710 negari
1189 2652 1298 2692 non
1317 2637 1536 2708 poterit.
1567 2636 1722 2706 Quod
1752 2644 1805 2692 et
1835 2637 1881 2692 si

281 2741 476 2780 omnes
535 2725 848 2781 sacerdotes
896 2733 949 2780 et
1002 2727 1236 2780 mundus
1278 2725 1556 2796 assentiat,
1607 2725 1880 2782 damnatio

281 2815 688 2872 consentientes
743 2814 987 2881 involvit,
1034 2831 1144 2871 non
1188 2816 1696 2886 praevaricationem
1742 2832 1878 2872 con-

280 2915 475 2955 sensus
533 2898 786 2956 absolvit.
836 2901 960 2955 Non
1005 2899 1152 2954 enim
1205 2901 1414 2956 crimen
1455 2901 1730 2969 minuitur,
1783 2901 1881 2956 sed

277 2989 562 3054 accrescit,
613 3005 740 3044 cum
783 2989 1044 3062 generale
1087 2987 1145 3044 ﬁt
1193 3005 1258 3044 ex
1299 2990 1532 3062 privato.
1581 2991 1698 3046 Hoc
1737 2989 1880 3045 enim

277 3077 423 3134 Deus
481 3077 724 3132 omnium
765 3077 1043 3144 indicavit,
1101 3079 1193 3150 qui
1241 3079 1502 3134 mundum
1561 3086 1877 3150 peccantem

275 3165 526 3240 generali
553 3165 758 3222 diluvio
787 3166 1082 3222 interemit.
1121 3187 1143 3217 υ
1196 3169 1378 3223 Isdem
1406 3183 1558 3234 vero,
1591 3177 1648 3223 ut
1669 3169 1878 3238 jactant

274 3254 516 3312 fautores
546 3255 648 3325 sui,
698 3262 752 3310 et
794 3255 1126 3326 applaudunt
1168 3257 1219 3311 ei
1257 3257 1552 3328 complices
1579 3273 1877 3328 praesump-

275 3344 436 3400 tionis
467 3361 602 3411 suae,
633 3359 743 3400 non
771 3360 1084 3416 proponens
1132 3346 1308 3402 Deum
1355 3353 1477 3400 ante
1526 3353 1876 3417 conspectum

276 3449 453 3499 suum,
483 3432 778 3504 persuadet
807 3433 912 3488 sibi
959 3441 1140 3490 tenere
1189 3442 1241 3491 et
1269 3450 1538 3506 usurpare
1569 3451 1659 3490 res
1695 3450 1759 3490 ac
1788 3433 1876 3489 fa-

277 3522 503 3580 cultates
550 3537 586 3578 a
634 3537 694 3578 se
734 3521 939 3578 invasaa
987 3523 1250 3590 ecclesiae,
1305 3524 1518 3580 etiamsi
1568 3524 1640 3580 ad
1678 3539 1878 3580 nomen

277 3611 593 3684 episcopale
621 3611 908 3682 pervenire
952 3613 1276 3685 nequiverit,
1317 3620 1658 3668 assumentes
1691 3613 1746 3668 in
1775 3629 1878 3668 au-

275 3710 560 3774 gmentum
587 3717 698 3756 suae
745 3702 1112 3758 damnationis
1157 3703 1409 3774 exempla
1449 3704 1517 3758 de
1549 3703 1878 3775 quibusdam

279 3790 548 3860 ecclesiis,
599 3807 722 3863 qua:
775 3792 1132 3863 quorumdam
1186 3791 1491 3864 principum
1544 3793 1878 3864 temporibus

275 3879 363 3936 diu
391 3880 512 3936 sine
540 3888 764 3952 pastore
791 3889 1087 3948 vacarunt,
1121 3897 1220 3936 sua
1253 3867 1420 3952 opera
1450 3881 1604 3954 quasi
1631 3897 1697 3938 ex
1725 3898 1876 3938 mor-

279 3969 381 4025 tuis
407 3969 668 4042 pellibus,
699 3976 770 4045 ιιι¹
804 3970 1000 4025 beatus
1028 3971 1367 4026 demonstrat
1394 3970 1719 4044 Gregorius,
1753 3987 1877 4027 cre-

277 4058 466 4115 dentes
521 4059 744 4125 muniri,
806 4059 936 4114 dum
989 4060 1312 4131 pravitatem
1363 4075 1518 4115 suam
1561 4076 1629 4116 ex
1683 4060 1878 4116 alienis

277 4147 637 4220 pravitatibus
692 4155 928 4204 tuentur.
991 4147 1128 4218 Quia
1202 4149 1344 4204 enim
1397 4149 1528 4204 talia
1581 4149 1877 4222 contigisse

279 4237 646 4303 considerant,
693 4254 754 4292 se
807 4238 924 4293 huic
963 4237 1146 4294 facere
1203 4237 1432 4294 licenter
1477 4245 1690 4309 putant,
1731 4239 1877 4310 quod

1909 3132 1958 3195 C

1980 501 2243 558 Ecclesiae
2289 503 2345 558 in
2400 503 2490 559 die
2531 506 2704 562 sancti
2747 521 3079 577 parasceves
3124 518 3311 580 aperte
3340 510 3575 567 demon-

1982 599 2175 658 strant,
2209 601 2480 648 annuente
2525 593 2755 650 veritate
2801 595 3089 652 ostendere
3139 599 3570 668 procurabimus,

1982 679 2106 752 quia
2157 696 2260 737 nec
2314 696 2347 736 a
2401 681 2750 739 damnatione
2807 683 3116 742 simoniacae
3168 687 3436 743 haereseos
3493 695 3577 743 est

1981 768 2254 826 immunis.
2287 771 2552 827 Dominus
2581 771 2712 826 dicit
2751 772 2808 826 in
2835 773 3140 846 Evangelia
3178 775 3247 830 de
3275 775 3574 848 largiendis

1981 859 2155 915 sacris
2207 859 2492 916 ordinibus
2533 877 2547 914 :
2591 861 2780 917 Gratis
2836 864 3151 934 accepistis,
3211 865 3390 935 gratis
3445 864 3576 920 date

1981 948 2198 1018 (Matth.
2233 948 2318 1013 ιι).
2355 969 2378 999 α
2413 948 2763 1016 Praesciebat,
2809 949 2983 1022 inquit
3031 951 3224 1006 beatus
3252 951 3572 1025 Gregorius,

1980 1036 2270 1092 nonnullos
2323 1038 2427 1092 hoc
2480 1037 2658 1108 ipsum
2715 1039 2918 1094 donum
2971 1040 3180 1110 accepti
3238 1040 3464 1110 Spiritus
3521 1041 3576 1096 in

1979 1142 2135 1181 usum
2165 1126 2548 1198 negotiationis
2577 1125 2879 1194 inﬂectere,
2913 1135 2966 1184 et
3009 1129 3393 1185 miraculorum
3421 1127 3582 1203 signa

1982 1213 2053 1270 ad
2083 1214 2322 1270 avaritiae
2361 1215 2685 1286 obsequium
2729 1214 3026 1272 declinare.
3072 1217 3210 1272 Hinc
3257 1225 3340 1272 est
3395 1217 3572 1286 enim,

1983 1303 2129 1375 quod
2159 1303 2345 1359 Simon
2375 1320 2572 1377 magus
2618 1321 2720 1376 per
2761 1305 3158 1376 impositionem
3205 1322 3397 1362 manus
3435 1307 3581 1363 edita

1981 1391 2246 1447 miracula
2309 1391 2670 1464 conspiciens,
2729 1393 3012 1465 percipere
3089 1395 3294 1450 donum
3350 1395 3580 1466 Spiritus

1983 1481 2158 1536 sancti
2185 1481 2415 1552 pecunia
2443 1481 2630 1547 voluit,
2690 1482 2895 1538 scilicet
2940 1490 2995 1538 ut
3038 1483 3276 1538 deterius
3317 1484 3580 1539 venderet

1983 1569 2129 1640 quod
2183 1569 2328 1624 male
2376 1578 2770 1642 comparasset.
2820 1570 2974 1627 Unde
3023 1570 3164 1627 bene
3209 1588 3332 1628 cum
3372 1573 3576 1642 justum

1982 1659 2157 1714 virum
2185 1658 2519 1715 describeret
2545 1659 2815 1731 pr0pheta
2833 1659 2908 1714 ait
2932 1677 2945 1713 :
2984 1661 3088 1730 Qui
3115 1663 3339 1718 excutit
3368 1678 3580 1717 manus

1907 1773 1962 1833 Β
1983 1764 2115 1804 suas
2143 1749 2209 1804 ab
2239 1751 2396 1804 omni
2415 1765 2651 1804 munere
2669 1749 2762 1820 (Is.
2787 1749 3020 1821 χχχιιι).
3043 1749 3234 1822 Neque
3255 1749 3401 1805 enim
3424 1749 3570 1818 dicit,

1983 1837 2072 1908 qui
2102 1837 2302 1892 excutit
2337 1851 2529 1891 manus
2559 1852 2687 1892 suas
2733 1853 2766 1892 a
2794 1853 3038 1904 munere,
3086 1838 3182 1893 sed
3229 1837 3472 1907 adjunxit
3512 1841 3580 1895 ab

1981 1926 2154 1994 omni,
2189 1925 2313 1996 quia
2343 1925 2490 1980 aliud
2521 1934 2602 1980 est
2629 1942 2828 1980 munus
2857 1926 2926 1980 ab
2969 1926 3252 1998 obsequio,
3287 1926 3434 1982 aliud
3461 1943 3581 1982 mu-

1980 2029 2082 2068 nus
2128 2029 2162 2069 a
2207 2029 2394 2081 manu,
2434 2013 2581 2070 aliud
2622 2031 2820 2070 munus
2849 2031 2883 2069 a
2909 2014 3116 2086 lingua.
3149 2017 3343 2070 Munus
3381 2015 3580 2088 quippe

1981 2103 2050 2156 ab
2081 2103 2345 2176 obsequio
2375 2111 2474 2170 est,
2509 2103 2773 2174 subjectio
2801 2103 3042 2160 indebite
3084 2105 3352 2176 impensa,
3383 2120 3580 2160 munus

1981 2207 2015 2246 a
2040 2207 2206 2247 manu
2232 2193 2480 2264 pecunia,
2531 2209 2730 2248 munus
2774 2209 2807 2248 a
2853 2193 3042 2266 lingua
3089 2192 3265 2249 favor.
3306 2193 3412 2263 Qui
3442 2209 3578 2267 ergo

1981 2295 2171 2338 sacros
2202 2281 2423 2336 ordines
2453 2281 2654 2348 tribuit,
2696 2289 2824 2338 tunc
2854 2283 2924 2337 ab
2954 2282 3102 2337 omni
3131 2297 3356 2338 munere
3385 2297 3580 2338 manus

1982 2369 2202 2437 excutit,
2237 2370 2456 2442 quando
2485 2371 2541 2424 in
2569 2370 2766 2427 divinis
2803 2371 2970 2426 rebus
3015 2386 3124 2425 non
3155 2371 3330 2426 solum
3371 2370 3578 2426 nullam

1979 2457 2287 2528 pecuniam,
2322 2459 2419 2513 sed
2449 2459 2612 2514 etiam
2640 2459 2936 2514 humanam
2966 2459 3200 2532 gratiam
3231 2475 3339 2515 non
3383 2459 3576 2531 requi-

1981 2547 2068 2602 rit.
2108 2567 2130 2598 ιο
2163 2547 2317 2602 Unde
2347 2547 2611 2607 Dominus
2640 2548 2938 2604 vendentes
2968 2556 3019 2603 et
3049 2556 3292 2603 ementes
3337 2563 3402 2602 ex
3430 2555 3576 2602 tem-

1979 2635 2072 2708 plo
2102 2635 2365 2702 eliminat,
2397 2635 2525 2708 quia
2553 2635 2640 2692 vel
2669 2652 2765 2692 eos
2795 2652 2896 2708 pro
2924 2653 3151 2692 munere
3177 2635 3577 2708 impositionem

1979 2741 2240 2780 manuum
2269 2725 2527 2792 tribuunt,
2561 2725 2647 2782 vel
2677 2741 2772 2782 eos
2801 2725 2894 2798 qui
2913 2725 3116 2781 donum
3139 2725 3370 2796 Spiritus
3393 2741 3578 2781 emere

1981 2815 2226 2870 nituntur
2254 2813 2495 2870 damnat.
2531 2815 2837 2871 Vendentes
2867 2815 3066 2888 quippe
3110 2815 3166 2869 in
3197 2814 3400 2887 templo
3429 2821 3574 2880 sunt,

1982 2903 2073 2976 qui
2103 2905 2208 2960 hoc
2238 2903 2384 2976 quod
2426 2903 2753 2976 quibusdam
2794 2904 2918 2974 jure
2957 2903 3214 2976 competit
3241 2904 3310 2958 ad
3338 2903 3578 2974 pretium

1981 2992 2304 3065 largiuntur.
2349 2993 2607 3048 Ementes
2651 3008 2781 3049 vero
2823 2993 2880 3048 in
2910 2993 3113 3064 templo
3143 3000 3294 3058 sunt,
3328 2991 3421 3063 qui
3448 2991 3578 3047 dato

1979 3081 2226 3152 patronis
2267 3081 2496 3152 praemio
2541 3089 2726 3136 emunt
2773 3089 3078 3153 peccatum.
3119 3081 3256 3136 Hinc
3299 3088 3382 3136 est
3429 3080 3576 3152 quod

1981 3170 2123 3225 sacri
2152 3185 2392 3226 canones
2423 3169 2776 3225 simoniacam
2805 3169 3056 3225 haeresim
3083 3169 3362 3236 damnant,
3395 3175 3449 3224 et
3479 3183 3574 3223 eos

1979 3257 2288 3314 sacerdotio
2308 3257 2511 3330 privari
2539 3258 2876 3330 praecipiunt,
2902 3259 2995 3330 qui
3011 3258 3080 3314 de
3110 3257 3409 3331 largiendis
3425 3256 3578 3312 ordi-

1977 3346 2136 3402 nibus
2165 3347 2400 3418 pretium
2449 3354 2716 3419 quzerunt.
2757 3349 2825 3402 Et
2868 3363 2992 3402 cum
3019 3346 3198 3418 prima
3233 3353 3426 3403 contra
3454 3358 3577 3400 san-

1979 3443 2122 3492 ctam
2151 3435 2454 3492 Ecclesiam
2497 3436 2794 3492 simoniaca
2837 3433 3060 3492 haeresis
3107 3435 3174 3490 sit
3217 3442 3426 3502 exorta,
3478 3450 3577 3492 cur
3667 3457 3682 3462 -

1978 3541 2088 3581 non
2115 3525 2332 3581 videtur
2359 3525 2487 3598 quia
2515 3541 2640 3580 eum
2669 3541 2833 3596 quem
2861 3541 2984 3580 cum
3013 3525 3188 3595 pretio
3217 3524 3434 3579 ordinat
3447 3539 3577 3594 pro-

1977 3614 2226 3670 vehendo
2254 3615 2367 3687 agit
2393 3622 2452 3668 ut
2479 3613 2768 3670 haereticus
2797 3612 2934 3670 ﬁat?
2963 3612 3107 3670 sacri
3135 3629 3367 3686 namque
3398 3627 3572 3668 cano-

1977 3719 2076 3758 nes
2106 3711 2158 3758 et
2185 3703 2502 3759 ordinantes
2547 3709 2600 3758 et
2645 3702 2927 3759 ordinatos
2971 3718 3075 3774 pro
3103 3718 3349 3768 munere,
3393 3700 3490 3760 sed
3521 3707 3575 3757 et

1975 3791 2372 3848 interventores
2418 3790 2868 3865 irrefragabiliter
2913 3791 3193 3859 damnant,
3237 3791 3375 3848 sicut
3403 3790 3576 3847 lector

1976 3881 2033 3936 in
2062 3881 2302 3937 secundo
2343 3881 2581 3952 capitulo
2623 3880 2812 3954 magni
2859 3879 3321 3937 Chalcedonensis
3358 3879 3576 3937 concilii

1976 3971 2174 4042 poterit
2203 3970 2465 4027 invenire.
2495 3971 2611 4026 Nos
2659 3971 2879 4043 quidem
2919 3986 3030 4026 non
3061 3971 3269 4026 incerta
3307 3968 3573 4025 relatione

1977 4077 2122 4131 saepe
2151 4059 2320 4114 fatum
2351 4059 2642 4124 Odacrum,
2674 4075 2786 4114 non
2832 4059 3008 4114 solum
3052 4059 3360 4129 pecuniam,
3395 4059 3493 4113 sed
3521 4065 3576 4112 et

1976 4165 2066 4203 res
2094 4164 2194 4220 per
2221 4165 2328 4202 non
2351 4147 2562 4219 ignotas
2581 4162 2848 4218 personas
2868 4162 2968 4216 pro
2989 4146 3340 4217 percipiendo
3361 4145 3594 4217 episco-‘

1976 4236 2086 4308 pali
2111 4235 2303 4290 ordine
2335 4235 2594 4290 obtulisse
2622 4235 3010 4304 comperimus.
3042 4235 3111 4288 Et
3141 4241 3360 4289 sanctus
3389 4237 3574 4304 Augu-

279 4327 517 4384 schisma
547 4343 671 4382 esse
717 4334 906 4384 contra
959 4326 1306 4383 traditionem
1354 4325 1778 4383 ecclesiasticam
1824 4335 1916 4382 et—
1978 4326 2150 4380 stinus
2179 4323 2236 4378 in
2263 4323 2403 4380 libro
2433 4324 2501 4378 de
2530 4323 2754 4378 utilitate
2783 4321 3039 4378 credendi
3059 4321 3134 4377 ait
3165 4337 3176 4377 :
3215 4342 3237 4372 «
3273 4321 3574 4377 Haereticus

279 4431 565 4474 sacrorum
594 4431 867 4472 canonum
896 4416 1331 4473 constitutionem
1360 4423 1610 4487 patenter
1637 4414 1875 4470 ostendi-

1979 4421 2061 4469 est
2091 4411 2182 4486 qui
2208 4413 2433 4482 alicujus
2455 4411 2774 4484 temporalis
2805 4411 3078 4468 commodi
3106 4418 3160 4467 et
3188 4409 3422 4466 maxime
3452 4409 3574 4482 glo-

279 4513 380 4561 tur.
415 4504 578 4575 Quod
623 4511 844 4562 sanctus
887 4505 1188 4579 Gregorius
1236 4505 1292 4560 in
1334 4504 1619 4577 Evangelii
1657 4493 1946 4560 homiliaD
1975 4503 2068 4558 riae
2096 4501 2542 4575 principatusque
2572 4502 2769 4576 gratia,
2800 4501 2964 4558 falsas
2994 4517 3060 4558 ac
3087 4516 3256 4557 novas
3287 4497 3573 4570 opiniones

278 4593 559 4668 redarguit
617 4593 852 4651 dicens:
890 4617 911 4644 α
949 4595 1082 4650 Sunt
1126 4594 1388 4665 nonnulli,
1435 4593 1525 4666 qui
1575 4594 1707 4649 dum
1754 4594 1877 4665 plus

277 4692 550 4740 terrenam
605 4682 964 4739 substantiam
1004 4698 1168 4755 quam
1215 4699 1345 4738 oves
1387 4683 1635 4756 diligunt,
1685 4683 1878 4739 merito

276 4787 476 4828 nomen
505 4771 741 4843 pastoris
771 4771 1026 4844 perdunt,
1060 4771 1187 4844 quia
1213 4787 1322 4827 non
1341 4787 1442 4842 pro
1473 4787 1660 4826 amore
1691 4771 1878 4826 intimo

277 4876 410 4916 oves
439 4860 776 4928 Dominicas,
824 4861 921 4916 sed
960 4862 1031 4915 ad
1071 4860 1400 4932 temporales
1442 4861 1727 4918 mercedes
1774 4875 1877 4930 pa-

279 4958 454 5007 scunt.
487 4949 856 5007 Mercenarius
904 4950 1104 5022 quippe
1148 4957 1250 5020 est,
1301 4949 1393 5022 qui
1437 4949 1616 5006 locum
1644 4947 1879 5021 pastoris

277 5047 441 5107 tenet,
495 5040 596 5095 sed
654 5036 811 5096 lucra
858 5039 1167 5094 animarum
1221 5054 1332 5095 non
1385 5039 1595 5112 quaerit,
1647 5038 1878 5094 terrenis

277 5129 584 5186 commodis
631 5128 823 5196 inhiat,
869 5130 1079 5185 honore
1121 5129 1452 5200 prmlationis
1483 5128 1706 5202 gaudet,
1737 5135 1877 5184 tem-

277 5219 564 5290 poralibus
593 5217 761 5274 lucris
789 5219 1050 5290 pascitur,
1081 5217 1333 5290 impensa
1361 5217 1464 5272 sibi
1485 5219 1553 5272 ab
1573 5217 1881 5272 hominibus

279 5307 585 5363 reverentia
611 5307 855 5374 laetatur,
885 5316 939 5363 et
967 5323 1066 5379 pro
1095 5324 1164 5364 eo
1192 5307 1311 5379 ipso
1355 5307 1500 5378 quod
1529 5305 1586 5360 in
1614 5305 1880 5378 regimine

278 5394 512 5464 laborat,
545 5395 633 5452 hic
661 5397 808 5468 quod
839 5396 1033 5469 quaerit
1074 5396 1331 5461 inveniat,
1384 5401 1436 5450 et
1465 5394 1533 5448 ab
1570 5395 1881 5451 haereditate

280 5487 468 5559 gregis
497 5485 555 5540 in
583 5493 867 5557 posterum
896 5485 1108 5542 alienus
1139 5485 1356 5541 existat.
1391 5504 1413 5534 ι

349 5576 414 5631 ν.
450 5575 719 5632 Caeterum
749 5575 877 5649 quia
921 5583 1159 5651 cognata
1199 5583 1321 5630 sunt
1363 5571 1602 5630 schisma
1629 5579 1684 5627 et
1709 5573 1878 5628 haere-

1978 4592 2066 4649 vel
2093 4593 2273 4666 gignit
2319 4592 2406 4648 vel
2454 4593 2718 4665 sequitur.
2757 4592 2853 4648 Ille
2895 4599 3075 4647 autem
3125 4589 3217 4662 qui
3264 4587 3574 4658 hujusmodi

1977 4681 2184 4738 homini
2213 4682 2406 4749 credit,
2438 4683 2601 4738 homo
2629 4690 2711 4738 est
2741 4679 3127 4753 imaginatione
3176 4676 3410 4749 quadam
3451 4675 3573 4750 pie-

1979 4770 2104 4826 tatis
2131 4770 2342 4826 illusus.
2387 4792 2409 4822 ιο

2049 4861 2139 4914 Vl.
2172 4861 2234 4914 In
2263 4859 2552 4931 privilegio
2601 4854 2940 4914 Belvacensis
2987 4853 3268 4923 Ecclesiae,
3301 4870 3574 4913 consensu

1979 4947 2164 5004 domui
2196 4949 2380 5004 Karoli
2427 4964 2527 5003 nos
2570 4945 2813 5018 episcopi
2855 4951 3091 5016 quatuor
3143 4945 3570 5017 provinciarum,

1978 5037 2312 5094 Rhemorum
2361 5037 2582 5101 scilicet,
2626 5034 3172 5106 Rhotomagensium,
3233 5037 3571 5092 Turonorum

1978 5142 2042 5183 ac
2073 5127 2370 5196 Senonum,
2401 5125 2668 5193 majorum
2713 5123 2962 5195 exempla
2991 5125 3196 5190 secuti,
3229 5124 3494 5182 canonica
3521 5131 3574 5178 et

1979 5215 2278 5288 episcOpali
2323 5212 2638 5270 auctoritate
2696 5213 3050 5270 decernentes
3106 5213 3524 5286 subscripsimus
3557 5253 3572 5282 ,

1984 5325 2008 5356 (ι
2042 5307 2111 5360 Ut
2140 5305 2285 5358 nulla
2315 5301 2594 5358 saecularis
2614 5309 2857 5373 potestas
2885 5303 2953 5359 de
2981 5304 3144 5360 rebus
3171 5301 3432 5375 episcopii
3452 5299 3574 5356 Bel-

1978 5393 2229 5448 vaccnsis
2279 5389 2539 5447 Ecclesiae
2585 5400 2906 5462 praesumat.
2946 5393 3003 5448 Si
3033 5392 3154 5466 quis
3190 5407 3323 5448 vero
3353 5406 3568 5463 regum,

1980 5481 2342 5547 sacerdotum,
2378 5486 2430 5535 et
2471 5479 2734 5550 judicum,
2785 5489 2946 5554 atque
2995 5479 3332 5538 saecularium
3376 5494 3569 5550 perso-

1977 5585 2192 5639 narum,
2259 5571 2398 5626 hanc
2463 5569 2859 5628 constitutionis
2913 5569 3174 5643 paginam
3229 5581 3570 5642 cognoscens
