4072 6306
486 283 586 338 251

1514 277 1858 335 HINCMARI
1895 271 2299 334 RHEMENSIS
2336 271 2885 330 ARCHIEPISGOPI.

3670 272 3781 328 252

485 413 674 464 contra
695 419 816 461 eam
843 404 1032 462 venire
1059 403 1366 470 tentaverit,
1397 419 1549 459 reum
1580 419 1638 458 se
1665 400 1850 458 divino
1873 399 2078 470 judicio
2107 397 2163 460 A
2182 413 2332 465 vere,
2362 413 2426 454 ac
2453 413 2551 468 per
2579 397 2683 452 hoc
2710 412 2812 453 nec
2857 393 3250 458 absolutionem
3280 402 3485 452 sanctm
3511 393 3783 452 Ecclesiae

489 495 722 550 existere
750 494 820 550 de
847 501 1155 566 perpetrata
1199 492 1479 565 iniquitate
1519 499 1836 564 cognoscat.
1891 491 1959 545 Et
1987 485 2094 544 nisi

489 583 578 639 vel
633 599 696 639 ea
743 599 867 656 quas
912 585 982 638 ab
1025 583 1119 638 illo
1165 590 1290 638 sunt
1331 581 1476 637 male
1531 581 1713 636 ablata
1773 579 2089 644 restituerit,

489 671 578 727 vel
606 671 772 744 digna
813 671 1132 743 poenitentia
1179 670 1368 726 illicita
1413 677 1535 726 acta
1577 667 1885 732 deﬂeverit,
1937 682 1970 722 a
2001 683 2091 721 sa-

489 759 801 816 cratissimo
849 775 1080 832 corpore
1137 775 1203 816 ac
1261 758 1528 831 sanguine
1575 757 1676 812 Dei
1723 755 1940 812 Domini
1980 756 2090 811 Re-

487 848 789 920 demptoris
827 849 1000 904 nostri
1049 849 1176 904 Jesu
1223 847 1423 903 Christi
1469 847 1681 902 alienus
1711 843 1805 900 ﬁat
1843 851 2004 916 atque
2035 843 2092 898 in

487 945 692 994 interno
722 937 972 992 examine
999 936 1261 993 districtae
1303 935 1493 991 ultioni
1543 935 1839 1004 subjaceat.
1875 953 1898 984 ι
1933 934 2004 988 Ει
2032 933 2090 988 in

488 1025 593 1081 hac
613 1025 994 1081 constitutione
1024 1032 1206 1081 nostra
1237 1023 1454 1080 Domini
1481 1023 1640 1078 nobis
1671 1021 1914 1077 adfuisse
1943 1038 2089 1092 prae-

493 1113 722 1168 sentiam
779 1115 1069 1182 credimus,
1117 1113 1411 1169 secundum
1467 1111 1886 1183 promissionem
1935 1125 2088 1165 suam

494 1217 604 1274 qua
631 1201 760 1257 dicit
791 1219 806 1257 :
843 1203 938 1260 Ubi
964 1205 1204 1274 fuerunt
1249 1203 1569 1274 congregati
1595 1201 1704 1258 duo
1745 1205 1848 1256 aut
1879 1204 1993 1255 tres
2025 1201 2089 1255 in

496 1292 728 1346 nomine
755 1291 980 1356 mco,ibi
1008 1308 1136 1346 sum
1165 1291 1230 1346 in
1245 1290 1427 1346 medio
1439 1306 1633 1346 eorum
1661 1289 1882 1360 (Matth.
1910 1289 2083 1360 xvm).

494 1377 552 1433 Si
581 1394 716 1450 ergo
742 1379 936 1433 adesse
967 1379 1224 1451 dignatur
1238 1379 1331 1433 ubi
1348 1378 1546 1434 fuerint
1571 1379 1680 1433 duo
1709 1377 1794 1432 vel
1827 1384 1938 1431 tres
1959 1392 2090 1433 con-

491 1467 708 1539 gregati
750 1467 808 1520 in
851 1466 1072 1522 nomine
1117 1483 1236 1537 suo,
1287 1474 1492 1538 quanto
1538 1466 1716 1538 magis
1755 1481 1868 1521 non
1895 1465 2084 1535 deerit,

489 1555 582 1608 ubi
610 1555 796 1626 plures
826 1555 1200 1611 auctoritatem
1246 1556 1393 1610 illius
1441 1563 1734 1628 sequentes
1763 1555 2089 1610 conveniunt

493 1643 581 1698 vel
613 1643 957 1699 consentiunt
1003 1644 1366 1700 sacerdotes?
1413 1643 1518 1713 Qui
1564 1652 1744 1698 autem
1785 1660 1850 1698 ex
1880 1643 1964 1698 his
1996 1642 2090 1714 qui

487 1731 603 1800 jam
651 1731 722 1786 ad
765 1733 1058 1788 Dominum
1100 1740 1454 1804 perrexerunt
1509 1733 1565 1786 in
1622 1732 1842 1788 sedibus
1899 1749 2090 1788 eorum

495 1829 896 1888 successerunt,
933 1821 1074 1877 sicut
1103 1829 1322 1878 sanctus
1370 1821 1594 1878 Siricius
1623 1821 1679 1875 in
1720 1821 1952 1876 decretis
1981 1821 2096 1876 suis

496 1909 852 1979 demonstrat,
885 1910 942 1964 in
970 1925 1158 1966 eorum
1189 1910 1405 1966 labores
1432 1925 1698 1982 curasque
1743 1910 1943 1964 debent
1974 1925 2096 1965 suc-

495 1997 714 2067 cedere,
748 2005 802 2053 et
828 2014 951 2069 quae
980 2005 1354 2054 antecessores
1383 2015 1572 2054 eorum
1603 2005 1904 2054 statuerant
1933 2014 2095 2068 regu-

498 2085 702 2155 lariter,
753 2089 1042 2143 conamine
1089 2104 1302 2142 summo
1349 2087 1664 2144 defendere.
1715 2089 1876 2157 Nam,
1927 2087 2099 2158 inquit

497 2173 856 2245 Symmachus
876 2191 1036 2247 papa,
1081 2197 1101 2230 ι
1131 2177 1273 2230 Dum
1303 2177 1373 2232 ad
1394 2176 1663 2231 Trinitatis
1691 2175 1889 2246 instar,
1923 2176 2094 2244 cujus,

497 2277 606 2319 una
635 2271 716 2318 est
745 2271 904 2336 atque
933 2264 1210 2320 individua
1239 2273 1500 2335 potestas,
1524 2281 1689 2319 unum
1713 2265 1778 2318 sit
1798 2281 1898 2334 per
1918 2264 2100 2319 diver-

501 2367 594 2406 sos
649 2352 918 2408 antistites
965 2353 1364 2421 sacerdotium,
1411 2353 1868 2425 quemadmodum
1915 2353 2099 2423 priora

499 2446 692 2494 statuta
721 2455 753 2494 a
784 2441 1136 2512 sequentibus
1165 2442 1414 2498 convenit
1462 2442 1698 2498 violari?
1727 2443 1844 2497 Huc
1889 2441 2100 2496 accedit

499 2529 643 2600 quod
671 2529 789 2586 llth
819 2529 864 2584 si
895 2531 1106 2586 eveniat
1134 2530 1520 2586 sententiarum
1542 2531 1789 2594 varietas,
1823 2530 1891 2584 ad
1922 2530 2097 2601 ipsam

499 2625 897 2676 sacrosanctam
935 2619 1260 2674 catholicam
1305 2619 1628 2690 religionem
1660 2619 1935 2675 credimus
1963 2635 2097 2690 per-

497 2705 689 2772 tinere,
743 2707 896 2775 cujus
941 2707 1118 2762 omnis
1163 2715 1402 2779 potestas
1444 2707 1773 2780 infringitur,
1824 2707 1930 2762 nisi
1972 2707 2098 2762 uni-

499 2810 659 2849 versa
686 2809 807 2866 quae
843 2811 876 2849 a
921 2795 1137 2850 Domini
1181 2795 1558 2852 sacerdotibus
1591 2796 1758 2852 semel
1797 2803 2100 2850 statuuntur

502 2891 763 2954 perpetua
792 2883 916 2948 sint,
951 2885 1097 2954 quod
1123 2883 1260 2939 alias
1289 2884 1604 2954 contingam
1639 2885 1858 2955 poterit,
1895 2884 1939 2938 si
1971 2901 2098 2940 suc-

501 2985 692 3026 cessor
721 2972 1031 3028 decessoris
1051 2973 1262 3028 actibus
1283 2989 1392 3027 non
1423 2973 1670 3028 tribuerit
1699 2973 2026 3039 ﬁrmitatem,
2047 2981 2102 3028 et

501 3059 808 3116 roboranda
839 3077 960 3132 quae
989 3069 1147 3134 gesta
1176 3069 1300 3116 sunt
1327 3061 1488 3116 faciat
1518 3069 1631 3116 rata
1663 3078 1785 3117 esse
1815 3078 1936 3133 quae
1965 3079 2096 3132 ges-

2193 501 2354 558 quam
2381 492 2600 557 praestat
2646 483 2896 540 ﬁdelibus
2937 500 3126 540 veram
3171 493 3376 556 putant,
3428 483 3475 538 si
3519 483 3785 557 ligaturas

2194 575 2311 644 ejus
2340 573 2521 630 valere
2549 589 2657 629 non
2680 574 2967 630 aestimant.
2999 573 3200 629 Contra
3219 588 3356 645 quos
3377 572 3576 628 diutius
3593 571 3790 643 dispu-

2191 663 2416 718 tandum
2447 679 2554 718 non
2585 671 2685 729 est,
2719 662 2846 735 quia
2871 679 2968 734 per
2995 662 3176 718 omnia
3203 659 3541 732 despiciendi
3567 667 3621 716 et
3649 675 3785 716 ana-

2192 751 2572 807 thematizandi
2605 759 2748 820 sunt,
2783 758 2838 806 et
2865 752 3010 807 unde
3039 767 3098 806 se
3128 749 3318 806 fallere
3346 749 3629 806 veritatem
3657 765 3785 804 cre—

2191 839 2342 906 dunt,
2367 839 2494 896 inde
2515 841 2570 894 in
2589 841 2828 912 peccatis
2862 839 2976 894 suis
2997 839 3263 896 veraciter
3290 837 3545 911 ligantur,
3578 853 3788 909 eosque

2191 935 2246 984 et
2279 943 2402 1001 ego,
2437 937 2490 985 et
2536 945 2726 984 omnes
2756 928 3006 985 catholici
3036 927 3297 1000 episcopi,
3329 935 3492 999 atque
3533 925 3792 982 universa

2191 1017 2454 1084 Ecclesia,
2497 1018 3032 1086 anathematizamus,
3081 1017 3206 1088 quia
3251 1015 3464 1073 veritati
3492 1014 3788 1072 contraria:

2191 1107 2426 1162 sentiunt
2457 1113 2508 1161 et
2535 1107 2808 1162 contraria
2842 1107 3152 1178 loquuntur.
3193 1125 3215 1156 »

2262 1195 2402 1250 VIII.
2437 1194 2589 1250 Sacri
2617 1194 2852 1266 denique
2872 1194 3078 1251 Nicaani
3105 1209 3344 1250 canones
3373 1193 3694 1258 decernunt,
3718 1192 3792 1248 de

2191 1283 2276 1338 his
2298 1283 2391 1356 qui
2419 1283 2801 1340 communione
2831 1283 3128 1355 privantur,
3176 1299 3274 1338 seu
3320 1299 3386 1338 ex
3414 1282 3564 1338 clero
3591 1298 3692 1337 seu
3723 1297 3792 1337 ex

2189 1372 2328 1429 laico
2349 1373 2542 1428 ordine
2559 1373 2738 1444 (conc.
2765 1374 2882 1429 Nic.
2908 1390 3004 1428 an.
3028 1375 3151 1437 325,
3169 1388 3298 1427 can.
3319 1371 3408 1440 5):
3433 1393 3454 1420 α
3477 1371 3560 1425 Ab
3580 1371 3796 1442 episco—

2189 1462 2274 1532 pis
2303 1477 2404 1532 per
2434 1477 2874 1534 unamquamque
2931 1460 3268 1532 provinciam
3299 1460 3568 1514 sententia
3627 1475 3793 1529 regu-

2191 1551 2325 1606 laris
2355 1550 2614 1615 obtineat,
2648 1557 2706 1605 ut
2759 1549 2816 1604 hi
2845 1549 2937 1621 qui
2965 1547 3289 1618 abjiciuntur
3317 1549 3384 1602 ab
3413 1547 3534 1602 aliis
3564 1563 3676 1602 non
3703 1564 3794 1602 re-

2190 1640 2475 1710 cipiantur.
2501 1659 2523 1689 »
2549 1641 2629 1694 De
2647 1639 2802 1708 cujus
2821 1638 3006 1710 magni
3025 1637 3241 1694 concilii
3260 1637 3546 1708 privilegio
3565 1643 3794 1692 sanctus

2120 1753 2174 1812 Β
2194 1727 2432 1782 Hilarius
2475 1735 2528 1782 et
2577 1728 2768 1783 beatus
2798 1727 3120 1782 Ambrosius
3149 1726 3466 1782 mirabiliter
3502 1725 3750 1780 scribunt
3779 1745 3794 1794 ;

2195 1817 2292 1872 sed
2324 1824 2374 1872 et
2403 1833 2632 1890 magnus
2653 1817 2762 1872 Leo
2781 1832 2920 1887 papa
2940 1815 3066 1872 dicit
3087 1816 3274 1888 (epist.
3302 1819 3422 1883 106,
3442 1815 3515 1870 ad
3537 1815 3795 1882 Anatol.,

2195 1921 2245 1961 c.
2277 1910 2310 1961 2
2349 1913 2399 1960 et
2443 1905 2498 1976 4)
2535 1923 2546 1958 :
2585 1925 2606 1955 α
2641 1906 2828 1970 Tanto,
2885 1903 3156 1976 inquiens,
3203 1903 3459 1958 divinitus
3507 1902 3800 1976 privilegio

2193 1993 2418 2048 Nicsena
2447 2001 2528 2048 est
2558 1994 2799 2064 synodus
2829 1980 3172 2062 consecrata,
3205 2000 3262 2047 ut
3294 1991 3408 2047 sive
3439 2007 3538 2062 per
3567 1992 3800 2062 paucio-

2195 2098 2303 2147 res,
2339 2081 2452 2138 sive
2481 2098 2580 2152 per
2607 2082 2791 2152 plures
2811 2081 3181 2138 ecclesiastica
3201 2080 3406 2150 judicia
3423 2079 3796 2150 celebrentur,

2195 2171 2343 2226 omni
2392 2171 2606 2241 penitus
2655 2170 2974 2226 auctoritate
3023 2169 3093 2223 sit
3133 2185 3384 2237 vacuum,
3428 2168 3694 2240 quidquid
3724 2169 3800 2224 ah

2195 2259 2414 2314 illorum
2461 2259 2620 2314 fuerit
2673 2259 3051 2314 constitutione
3107 2257 3400 2312 diversum.
3457 2279 3480 2307 υ
3538 2257 3608 2311 Et
3665 2257 3800 2313 item

2197 2350 2384 2420 (epist.
2419 2347 2510 2419 53)
2545 2364 2558 2403 :
2597 2368 2618 2397 ιι
2655 2348 2838 2405 Sancti
2871 2348 2948 2402 illi
2996 2355 3046 2402 et
3076 2346 3415 2402 venerabiles
3459 2347 3670 2414 Patres,
3703 2347 3802 2418 qui

2195 2437 2249 2490 in
2280 2437 2415 2494 urbe
2440 2437 2680 2503 Nicaena,
2716 2436 2984 2508 sacrilego
3030 2435 3158 2491 Ario
3206 2451 3329 2490 eum
3378 2450 3477 2489 sua
3515 2435 3800 2506 impietate

2195 2526 2470 2591 damnato,
2523 2541 2812 2581 mansuras
2858 2541 3029 2596 usque
3071 2525 3126 2578 in
3183 2523 3348 2579 ﬁnem
3403 2523 3592 2578 mundi
3639 2525 3802 2597 leges

2196 2615 2688 2671 ecclesiasticorum
2742 2629 3012 2670 canonum
3088 2612 3506 2680 condiderunt,‘
3541 2620 3594 2668 et
3649 2615 3804 2684 apud

2197 2720 2296 2760 nos
2336 2705 2391 2759 in
2434 2713 2544 2759 toto
2589 2705 2720 2760 orbe
2767 2712 3028 2760 terrarum
3076 2703 3130 2756 in
3178 2703 3290 2757 suis
3320 2701 3801 2758 constitutionibus

2195 2795 2404 2860 vivunt,
2438 2801 2491 2848 et
2535 2793 2580 2847 si
2629 2793 2758 2864 quid
2787 2808 3019 2864 usquam
3065 2791 3222 2847 aliter
3249 2807 3412 2862 quam
3451 2790 3526 2844 illi
3557 2798 3803 2846 statuere

2195 2882 2552 2952 praesumitur,
2607 2881 2723 2936 sine
2773 2881 3114 2936 cunctatione
3159 2888 3426 2936 cassatur.
3464 2901 3486 2930 ι
3547 2880 3616 2934 Et
3666 2881 3802 2935 item

2197 2969 2342 3025 idem
2368 2971 2424 3024 in
2451 2969 2708 3026 decretali
2750 2986 2846 3024 sua
2894 2969 3118 3040 epistola
3166 2971 3348 3041 (epist.
3383 2973 3468 3037 t2,
3520 2968 3593 3024 ad-
3623 2971 3800 3040 episc.

2199 3060 2400 3130 Afric.,
2433 3077 2480 3115 c.
2516 3060 2571 3130 2)
2605 3077 2616 3112 :
2656 3080 2677 3109 α
2711 3057 2862 3114 Beati
2907 3057 3060 3113 Pauli
3107 3057 3337 3128 apostoli
3385 3073 3484 3127 per
3531 3057 3802 3127 Spiritum

499 3148 646 3205 serit.
681 3148 897 3218 Quanta
926 3150 1068 3204 enim
1100 3151 1318 3206 vicariis
1349 3151 1648 3206 beatissimi
1679 3151 1818 3206 Petri
1865 3152 2098 3222 apostoli
2129 3113 2178 3176 Ο
2201 3148 2298 3204 Dei
2330 3147 2527 3204 emissa
2557 3147 2852 3219 praeceptio
2893 3155 2992 3214 est,
3039 3164 3141 3218 qua
3171 3146 3226 3200 in
3254 3161 3490 3218 persona
3527 3146 3806 3202 Timothei

495 3237 824 3306 judicabitur
870 3257 992 3296 esse
1048 3241 1371 3310 reverentia,
1422 3241 1469 3295 si
1523 3259 1644 3312 quae
1684 3241 1739 3296 in
1796 3242 2098 3297 sacerdotio

501 3327 840 3397 praecipiunt,
875 3328 1070 3382 iisdem
1102 3329 1508 3383 transeuntibus
1539 3329 1942 3384 dissolvantur?
1976 3351 1998 3379 υ

573 3415 690 3470 VII.
724 3416 786 3469 In
812 3415 1099 3487 privilegio
1130 3417 1315 3471 domni
1348 3433 1504 3488 papae
1530 3417 1758 3480 Nicolai,
1791 3418 1936 3489 quod
1955 3426 2098 3473 tem-

501 3521 633 3576 pore
665 3504 874 3561 Odonis
903 3505 1146 3576 episcOpi
1194 3505 1442 3562 ecclesia":
1489 3505 1803 3561 Belvacensi
1850 3507 2095 3574 contulit,

503 3594 572 3649 ad
603 3594 782 3650 locum
812 3595 885 3649 ita
915 3595 1174 3666 scriptum
1204 3603 1285 3651 est
1317 3613 1331 3648 :
1371 3616 1392 3645 lc
1427 3595 1618 3650 Nullus
1666 3595 1846 3668 itaque
1886 3611 2095 3666 regum,

501 3683 680 3738 nullus
704 3683 967 3752 judicum,
999 3685 1176 3738 nullus
1207 3685 1576 3755 cujuscunque
1608 3685 1886 3740 saecularis
1916 3693 2102 3756 poten-

505 3771 592 3826 tiae
620 3771 886 3843 dignitate
916 3770 1098 3836 fultus,
1131 3771 1185 3824 in
1227 3772 1392 3826 rebus
1423 3773 1509 3827 vel
1538 3773 1678 3827 villis
1710 3773 1795 3828 vel
1835 3775 1985 3846 agris
2015 3774 2100 3828 vel

502 3859 806 3928 mancipiis,
851 3859 937 3913 vel
987 3859 1247 3931 quidquid
1295 3861 1363 3914 ad
1393 3861 1717 3915 monasteria
1767 3861 1968 3916 ibidem
2005 3863 2102 3916 de-

503 3947 703 4018 scripta
747 3947 1000 4003 collatum
1045 3947 1224 4015 fuerit,
1273 3955 1591 4018 potestatem
1639 3949 1835 4004 habeat
1885 3950 1970 4004 vel
1995 3951 2100 4005 (lo-

501 4035 745 4090 minandi
789 4036 876 4091 vel
923 4035 1244 4106 accipiendi,
1277 4037 1364 4092 vel
1407 4036 1723 4105 auferendi,
1757 4045 1953 4108 prmter
1981 4039 2100 4110 epi-

504 4140 730 4196 scopum
761 4125 1126 4192 Belvacensis,
1177 4127 1267 4198 qui
1314 4143 1411 4198 per
1454 4133 1667 4198 tempus
1715 4125 1873 4182 fuerit
1921 4127 2100 4182 eidem

501 4214 760 4284 praelatus
791 4214 1036 4270 ecclesiae
1071 4233 1082 4268 :
1117 4215 1216 4270 sed
1246 4215 1510 4288 quidquid
1553 4215 1608 4270 in
1636 4231 1768 4270 auro
1805 4216 1892 4271 vel
1922 4217 1976 4270 in
2005 4233 2099 4270 ar-

504 4311 688 4376 gento,
724 4303 810 4360 vel
856 4305 912 4357 in
960 4319 1280 4376 quacunque
1338 4304 1678 4376 supellectili,
1732 4305 1818 4361 vel
1863 4305 1917 4359 in
1955 4305 2099 4360 omni

505 4391 780 4448 facultatis
811 4393 1115 4447 substantia
1145 4393 1278 4464 ipsis
1308 4402 1390 4448 est
1433 4393 1780 4449 monasteriis
1806 4394 1968 4450 hodie
1999 4394 2099 4448 de-

2197 3237 2436 3294 omnium
2486 3238 2685 3292 Christi
2732 3237 3080 3292 sacerdotum
3124 3251 3384 3290 numerus
3431 3235 3696 3302 eruditur,
3749 3245 3806 3291 et

2197 3327 2425 3398 proinde
2459 3326 2749 3398 unicuique
2777 3333 3021 3380 nostrum
3069 3324 3264 3380 dicitur
3297 3341 3308 3376 :
3347 3325 3540 3380 Manus
3577 3325 3808 3380 nemini

2199 3419 2311 3472 cito
2341 3417 2698 3488 imposueris,
2722 3431 2901 3487 neque
2923 3415 3302 3470 communiccs
3321 3415 3568 3486 peccatis
3589 3414 3801 3469 alie-nis

2200 3507 2248 3576 (Ι
2281 3507 2418 3560 Tim.
2453 3504 2529 3574 v);
2562 3525 2583 3552 υ
2618 3511 2668 3558 et
2688 3503 2849 3573 paulo
2877 3511 3035 3572 post:
3065 3524 3086 3552 α
3114 3501 3256 3570 Quid
3287 3509 3368 3556 est
3398 3501 3801 3556 communicare

2199 3593 2440 3664 peccatis
2471 3591 2684 3659 alienis,
2713 3590 2820 3644 nisi
2849 3591 3012 3645 talem
3043 3589 3180 3646 eﬂici
3208 3589 3625 3656 ordinationem,
3657 3607 3801 3661 qua-

2199 3682 2266 3736 lis
2295 3681 2385 3736 ille
2417 3689 2500 3736 est
2530 3681 2621 3751 qui
2650 3696 2760 3734 non
2790 3680 2985 3734 meruit
3015 3679 3297 3734 ordinari?
3326 3678 3462 3734 sicut
3493 3679 3636 3733 enim
3666 3679 3802 3733 boni

2200 3771 2384 3841 Operis
2415 3769 2517 3824 sibi
2548 3777 2823 3840 comparat
2855 3767 3108 3838 fructum,
3158 3768 3250 3840 qui
3293 3776 3500 3823 rectum
3548 3775 3696 3822 tenet
3743 3769 3801 3822 in

2201 3859 2458 3930 eligendo
2501 3857 2784 3914 sacerdote
2822 3857 3104 3926 judicium,
3155 3857 3226 3910 ita
3273 3855 3432 3929 gravi
3471 3855 3802 3928 semetipum

2201 3947 2364 4002 aﬁicit
2391 3947 2612 4011 damno,
2646 3946 2737 4018 qui
2767 3945 2821 4000 in
2870 3963 3027 4000 suum
3059 3945 3353 4018 collegium
3394 3945 3621 4000 assumit
3650 3945 3800 4000 indi-

2198 4052 2386 4108 gnum.
2411 4037 2533 4090 Non
2553 4051 2688 4108 ergo
2709 4034 2762 4088 in
2784 4035 3099 4106 cujusquam
3131 4049 3369 4106 persona
3386 4034 3802 4104 praetermitten-

2199 4125 2329 4179 dum
2359 4131 2460 4191 est,
2493 4125 2640 4196 quod
2668 4123 2927 4178 institutis
2959 4123 3306 4196 generalibus
3335 4123 3661 4190 continetur,
3695 4138 3802 4178 nec

2198 4215 2467 4286 putandus
2495 4223 2576 4269 est
2606 4215 2780 4268 honor
2829 4213 2918 4267 ille
2962 4212 3256 4286 legitimus,
3289 4212 3382 4284 qui
3419 4211 3582 4267 fuerit
3613 4219 3802 4268 contra

2199 4303 2394 4358 divinze
2423 4303 2564 4375 legis
2583 4310 2857 4374 praecepta
2875 4302 3124 4358 collatus.
3164 4325 3184 4350 »
3209 4302 3277 4356 Et
3296 4301 3424 4356 item
3444 4300 3586 4356 idem
3609 4319 3622 4354 :
3653 4322 3671 4349 ρ
3698 4301 3802 4355 Su-

2197 4393 2406 4464 perﬂue
2437 4400 2590 4447 extra
2618 4391 2920 4447 Ecclesiam
2951 4391 3142 4462 positis
3181 4391 3504 4459 resistimus,
3539 4389 3585 4444 si
3613 4390 3685 4444 ab
3715 4389 3800 4444 his

504 4481 763 4552 legatum,
824 4481 910 4536 vel
958 4480 1148 4535 futuris
1203 4482 1537 4552 temporibus
1591 4482 1754 4538 fuerit
1806 4483 2098 4550 collatum,
2130 4475 2298 4554 uni
2345 4482 2490 4535 intus
2538 4489 2664 4535 sunt
2691 4479 2746 4534 in
2793 4480 2872 4534 eis
2910 4496 3048 4552 quos
3091 4479 3368 4550 decipiunt
3425 4479 3797 4535 vulneramur.

508 4570 750 4641 episcopi
783 4569 1125 4627 Belvacensis
1153 4570 1517 4626 distributioni
1565 4579 1618 4627 et
1647 4571 1972 4626 ordinationi
2015 4569 2104 4625 ﬁat

509 4661 829 4730 subjectum,
877 4675 979 4716 nec
1007 4659 1232 4714 alterius
1262 4661 1540 4730 potestatis
1564 4661 1654 4730 jus
1684 4661 1770 4715 vel
1809 4661 2104 4716 dominatio

509 4765 670 4818 super
699 4749 778 4804 eis
806 4757 1125 4820 potestatem
1171 4749 1428 4822 aliquam,
1463 4749 1568 4804 nisi
1617 4757 1876 4820 quantum
1921 4749 2106 4805 divina

510 4837 796 4892 auctoritas
829 4845 882 4892 et
909 4837 995 4892 lex
1027 4846 1078 4894 et
1108 4837 1316 4908 justitia
1343 4837 1619 4909 permittit,
1653 4837 2100 4894 obtineat.........

510 4925 681 4981 oculis
709 4925 780 4980 ad
807 4925 988 4996 ignem
1017 4937 1334 4998 perpetuum
1367 4927 1542 4984 vadat.
1577 4927 1730 4982 Unde
1779 4927 1882 4997 ipsi
1911 4935 1963 4982 et
1992 4927 2104 4982 suis

512 5013 866 5085 complicibus
930 5013 1250 5072 inculcanda
1294 5025 1376 5073 est
1432 5015 1702 5072 sententia
1757 5015 1899 5070 beati
1959 5016 2102 5072 Gre-

511 5103 673 5178 gorii,
707 5119 870 5175 quam
917 5103 971 5158 in
1001 5104 1227 5174 epistola
1274 5107 1591 5162 Grecorum
1637 5105 1877 5176 partibus
1917 5113 2104 5162 contra

511 5200 746 5265 quatuor
790 5193 930 5248 male
969 5193 1312 5248 sentientium
1340 5195 1570 5265 capitula
1619 5193 1814 5264 posuit,
1850 5194 1940 5267 qui
1972 5211 2104 5251 ana-

509 5281 834 5338 thematizati
867 5299 990 5338 cum
1036 5281 1156 5336 aliis
1204 5283 1524 5353 perniciosis
1570 5285 1971 5354 persuadebant
2001 5284 2105 5340 sibi

507 5371 868 5427 anathematis
899 5372 1114 5428 vinculo
1157 5387 1266 5426 non
1313 5372 1506 5427 teneri.
1543 5395 1564 5424 α
1601 5375 1728 5444 Ipsi,
1778 5373 1966 5446 inquit,
2002 5373 2106 5428 sibi

507 5468 676 5517 testes
706 5469 830 5517 sunt
859 5461 986 5534 quia
1032 5460 1318 5516 Christiani
1367 5477 1474 5516 non
1505 5471 1647 5530 sunt,
1683 5463 1774 5535 qui
1813 5463 2105 5536 ligamenta

509 5559 712 5611 sanctae
763 5549 1024 5608 Ecclesiae
1069 5551 1222 5608 vanis
1269 5567 1328 5607 se
1368 5551 1630 5609 aestimant
1674 5552 1954 5608 conatibus
1997 5552 2106 5607 sol-

2205 4569 2432 4640 Oportet
2462 4569 2660 4624 etenim
2708 4585 2808 4624 nos
2838 4569 3138 4642 evangelici
3167 4568 3483 4624 meminisse
3519 4567 3801 4639 praecepti,

2204 4659 2350 4731 quod
2381 4659 2450 4713 ab
2479 4658 2596 4729 ipsa
2623 4658 2846 4714 veritate
2892 4658 3222 4729 praecipitur,
3273 4666 3330 4712 ut
3361 4657 3404 4712 si
3435 4672 3536 4712 nos
3565 4657 3763 4712 oculus
3783 4700 3796 4721 ,

2203 4755 2293 4802 aut
2323 4764 2440 4819 pes,
2473 4757 2562 4802 aut
2589 4748 2813 4803 dextera
2851 4747 3291 4802 scandalizaverit
3329 4761 3544 4812 manus,
3579 4761 3612 4800 a
3641 4761 3799 4802 com-

2203 4853 2347 4910 page
2376 4837 2624 4908 corporis
2653 4836 2946 4903 auferatur,
2977 4837 3103 4908 quia
3120 4837 3315 4892 melius
3343 4836 3411 4890 sit
3438 4835 3523 4890 his
3552 4835 3606 4888 in
3631 4835 3812 4890 eccle.

2205 4927 2286 4982 sia
2314 4942 2504 4982 carere
2547 4927 2935 4992 membrorum,
2987 4941 3150 4998 quam
3199 4941 3321 4980 cum
3349 4924 3482 4996 ipsis
3513 4923 3567 4978 in
3595 4931 3802 4979 aeterna

2204 5015 2285 5070 ire
2315 5015 2600 5086 supplicia.
2638 5037 2660 5064 ι

2275 5105 2596 5174 Abjicienda
2638 5120 2864 5174 prorsus
2921 5103 3175 5176 pestifera
3222 5105 3340 5159 haec
3389 5118 3422 5157 a
3465 5101 3798 5158 sacerdotali

2203 5195 2396 5266 vigore
2426 5193 2688 5264 patientia
2731 5201 2830 5262 est,
2872 5209 2992 5264 quae
3037 5192 3251 5247 sibimet
3297 5190 3536 5262 peccatis
3567 5189 3802 5246 aliorum

2203 5283 2478 5354 parcendo
2509 5298 2617 5338 non
2644 5283 2835 5353 parcit,
2880 5282 3019 5338 sicut
3051 5281 3167 5336 Heli
3212 5281 3481 5353 quondam
3512 5280 3796 5348 sacerdos,

2205 5371 2440 5426 ﬁliorum
2469 5387 2693 5426 suorum
2722 5371 2920 5428 delicta
2950 5369 3248 5435 tolerando,
3283 5385 3404 5424 cum
3435 5367 3567 5440 ipsis
3597 5368 3799 5424 divinae

2199 5461 2420 5531 justitim
2450 5461 2770 5517 sententiam
2819 5459 3016 5516 meruit
3061 5458 3337 5530 expertiri,
3375 5458 3500 5529 quia
3529 5457 3686 5530 segni
3717 5457 3801 5512 in-

2205 5551 2482 5621 dulgentia
2528 5550 2886 5608 dissimulavit
2935 5549 3173 5622 plectere
3227 5555 3566 5626 peccatores.
3625 5547 3802 5626 Igitur
