4072 6324
285 289 390 346 S53

1787 283 2158 346 EPISI‘OLE.

3483 301 3592 356 255

287 413 443 483 juxta
470 418 814 484 praceptum
843 411 1085 480 Levitici,
1118 413 1176 469 in
1206 428 1314 487 quo
1360 413 1566 486 leprOsi
1607 414 1897 471 domorum
1915 413 1972 477 A
2001 412 2326 486 pracipiunt
2353 416 2578 490 regula.
2609 419 2974 477 Accusatores
2999 427 3178 479 autem
3215 439 3281 480 ac
3327 430 3498 480 testes
3523 425 3590 480 ad

294 502 508 574 lapides
537 519 569 557 a
601 503 884 558 sacerdote
911 502 1128 574 inspici,
1161 509 1215 558 et
1243 503 1336 576 qui
1383 521 1450 558 ex
1497 503 1578 559 eis
1623 502 1902 576 puriﬁcari

293 590 622 662 nequiverit,
651 591 769 661 jam
809 591 950 648 inter
994 591 1306 648 immundos
1349 593 1672 664 computari,
1720 607 1788 650 ac
1829 593 1900 648 de

296 680 490 736 ordine
519 680 856 736 mundorum
896 680 1140 751 lapidum
1187 681 1502 752 pracipitur
1544 681 1683 750 erui,
1731 689 1785 738 et
1829 683 1898 738 de

296 768 508 825 caelesti
565 767 802 825 adiﬁeio
824 813 838 834 ,
889 768 1144 826 videlicet
1189 777 1376 825 sancta
1420 771 1700 838 Ecclesia,
1750 771 1899 828 velut

293 857 558 929 indignus
585 857 770 926 abjici,
803 872 867 912 ac
894 857 1080 914 divino
1107 859 1358 914 examine
1387 859 1522 914 alius
1569 859 1662 931 qui
1698 860 1897 932 dignus

294 953 375 1002 est
401 945 461 1000 in
488 945 613 1001 loco
641 945 790 1000 illius
821 946 1091 1015 substitui,
1126 946 1252 1018 quia
1280 963 1426 1018 sape
1460 948 1600 1002 fatus
1647 948 1896 1016 Odacrus

293 1049 404 1090 non
457 1042 544 1090 est
590 1034 825 1090 clericus
872 1035 1198 1109 Rhemensis
1235 1044 1438 1107 nostra
1483 1037 1796 1107 provincia,
1843 1045 1896 1093 et

294 1130 481 1179 contra
527 1137 714 1179 sacras
767 1123 921 1196 leges
974 1131 1028 1179 et
1083 1123 1300 1195 regulas
1345 1133 1630 1181 vacantem
1674 1134 1895 1197 pastore

295 1212 704 1283 suffraganeam
734 1213 1051 1283 metropolis
1097 1220 1297 1268 nostra
1342 1213 1589 1270 ecclesia
1635 1213 1894 1270 invadere

295 1300 663 1372 prasumpsit,
693 1308 748 1356 et
775 1300 980 1356 reditus
1011 1301 1260 1356 ecclesiae
1286 1301 1538 1370 viduata,
1590 1318 1727 1374 quas
1772 1319 1894 1358 ma-

296 1405 463 1459 gnum
510 1388 957 1444 Chalcedonense
1004 1389 1294 1445 concilium
1335 1405 1506 1461 penes
1551 1405 1895 1447 oeconomum

296 1477 541 1547 ejusdem
573 1476 823 1533 ecclesia
851 1477 1063 1549 integre
1093 1479 1408 1535 conservari
1435 1479 1703 1550 pracipit,
1727 1479 1896 1536 sacri-

295 1566 418 1636 lege
446 1565 751 1636 usurpavit,
785 1581 910 1622 cum
937 1565 1162 1621 ditﬁnito
1185 1566 1390 1636 judicio
1435 1567 1609 1638 ipsius
1655 1569 1890 1635 concilii,

297 1663 350 1710 et
377 1654 940 1710 excommunicatione
988 1655 1370 1726 episcoporum
1409 1664 1638 1726 quatuor
1666 1657 1892 1728 provin-

1997 503 2360 560 accusandum
2391 505 2478 561 vel
2505 507 2574 562 ad
2602 506 2999 564 testiﬁcandum
3043 511 3182 566 tales
3223 512 3596 585 suscipiuntur

1998 593 2298 647 secundum
2325 593 2640 650 Africanum
2657 597 2969 666 concilium,
2989 599 3179 670 quales
3193 601 3424 672 publica
3437 602 3594 676 leges

1995 679 2054 734 in
2082 680 2250 736 mallo
2278 682 2366 737 vel
2397 684 2676 741 audientia
2704 686 2776 741 ad
2803 688 3174 743 accusandum
3223 697 3276 744 et
3302 691 3371 746 ad
3395 690 3593 746 testiﬁ—

1996 769 2230 824 candum
2265 770 2574 828 admittunt.
2608 773 2668 829 Si
2693 783 2872 830 autem
2902 776 3049 831 mala
3095 777 3237 832 fama
3283 794 3350 834 ex
3395 779 3591 835 simili-

1995 857 2182 914 tudine
2236 874 2338 930 per
2391 861 2708 932 parochiam
2767 863 2836 921 de
2891 864 3210 936 presbytero
3265 866 3484 935 exierit,
3540 876 3595 924 et

1995 954 2346 1003 accusatores
2380 956 2434 1004 et
2479 957 2644 1006 testes
2685 951 2896 1024 legales
2945 952 3236 1020 defuerint,
3286 971 3359 1011 ne
3403 963 3593 1012 contra

1993 1035 2316 1106 Apostolum
2344 1035 2684 1094 inﬁrmorum
2720 1041 2890 1096 corda
2917 1041 2988 1096 de
3015 1041 3158 1098 mala
3187 1041 3330 1099 fama
3358 1044 3593 1116 presby-

1995 1122 2096 1177 teri
2150 1124 2548 1194 percutiantur,
2611 1133 2662 1182 et
2718 1143 2788 1182 ne
2844 1129 3182 1201 vituperetur
3231 1132 3592 1189 ministerium

1993 1214 2236 1262 nostrum
2261 1251 2274 1275 ,
2335 1224 2514 1281 neque
2571 1211 2874 1268 securiores
2932 1215 3240 1286 presbyteri
3297 1217 3592 1274 existentes

1993 1295 2242 1352 licentius
2276 1297 2333 1352 iri
2375 1306 2660 1368 peccatum
2703 1299 2972 1368 labantur,
3023 1304 3325 1359 secundum
3368 1306 3592 1362 decreta

1992 1385 2272 1454 majorum,
2305 1401 2430 1442 cum
2461 1387 2826 1444 denominatis
2857 1390 2962 1444 sibi
2991 1391 3184 1448 vicinis
3227 1394 3586 1465 presbyteris,

1994 1489 2133 1545 quos
2163 1474 2366 1530 scimus
2395 1492 2454 1530 se
2482 1476 2630 1531 nolle
2658 1478 2939 1548 perjurare
2980 1489 3338 1549 sacramento,
3385 1481 3590 1539 famam

1993 1576 2149 1616 suam
2189 1571 2409 1636 purget.
2458 1564 2516 1620 Si
2562 1572 2741 1621 autem
2783 1566 3164 1623 denominatos
3203 1585 3238 1624 a
3278 1569 3437 1625 nobis
3487 1571 3591 1626 sibi

1992 1649 2344 1720 presbyteros
2374 1652 2444 1706 ad
2472 1650 2673 1708 famam
2705 1671 2856 1709 suam
2886 1657 3227 1728 purgandum
3255 1657 3460 1714 habere
3489 1676 3588 1715 ne-

297 1743 526 1808 ciarum,
558 1743 782 1813 insuper
809 1750 862 1798 et
900 1743 1086 1798 domni
1134 1759 1290 1815 papa
1328 1743 1541 1799 Nicolai
1583 1745 1894 1816 apostolica
1921 1770 1975 1830 Β
1996 1736 2128 1830 (lilii,
2163 1746 2217 1793 et
2245 1739 2380 1830 alios
2409 1741 2478 1795 ad
2508 1757 2693 1798 secum
2722 1743 3017 1812 iurandm
3059 1746 3394 1813 conduxerit,
3448 1763 3588 1819 quo-

297 1831 443 1887 sedis
498 1830 802 1902 pontificis,
856 1847 889 1886 a
936 1831 1094 1887 nobis
1140 1832 1456 1904 evangelica
1499 1842 1552 1888 et
1600 1835 1896 1904 apostolica

295 1927 456 1992 atque
485 1921 746 1976 canonica
788 1920 1102 2000 auctoritate
1151 1921 1220 1976 sit
1267 1922 1788 1990 excommunicatus,
1839 1931 1897 1978 ut

296 2025 570 2080 nunquam
597 2009 686 2064 vel
712 2025 982 2082 nusquam
1012 2009 1068 2064 in
1097 2010 1382 2081 provincia
1410 2012 1732 2082 metropolis
1759 2013 1896 2068 Rhe-

293 2113 513 2153 morum
540 2097 805 2154 Ecclesia
823 2098 888 2178 in
917 2099 1096 2172 gradu
1126 2099 1496 2156 ecclesiastico
1525 2099 1811 2168 ministret,
1844 2109 1898 2156 et

293 2186 339 2240 si
368 2186 423 2240 in
451 2186 752 2257 pertinacia
779 2203 892 2242 sua
927 2187 1271 2258 pervasionis
1319 2188 1386 2243 de
1432 2197 1628 2244 catero
1671 2204 1896 2245 manere

294 2274 728 2346 prasumpserit,
760 2291 1035 2347 nunquam
1062 2275 1151 2331 vel
1189 2291 1456 2348 nusquam
1501 2276 1556 2330 in
1599 2277 1894 2333 Rhemensi

297 2363 584 2434 provincia
612 2379 735 2418 cum
763 2363 946 2435 aliquo
975 2363 1279 2420 Christiano
1309 2365 1690 2432 communicet,
1714 2383 1894 2438 neque

296 2467 500 2523 corpus
527 2459 584 2507 et
610 2452 932 2526 sanguinem
963 2453 1180 2520 Christi,
1213 2454 1318 2508 nisi
1349 2453 1506 2520 forte,
1527 2455 1676 2524 juxta
1704 2456 1894 2526 mysti-

294 2557 415 2597 cam
445 2541 728 2597 Nicanam
759 2542 1028 2612 synodum
1057 2543 1208 2613 (can.
1239 2542 1348 2609 l3),
1401 2543 1457 2596 in
1493 2542 1638 2598 exitu
1682 2544 1893 2615 positus

293 2629 545 2686 viaticum
576 2645 773 2685 munus
803 2645 978 2685 sacra
1007 2629 1401 2686 communionis
1429 2631 1677 2702 accipiat.

773 2743 1114 2802 EPISTOLA
1150 2745 1408 2801 XXXIV.

481 2867 557 2907 AD
593 2866 853 2909 JOANNEM
889 2867 1199 2909 EPISCOPUM
1238 2867 1700 2910 CAMERACENSEM.

289 2961 364 3016 De
387 2959 648 3015 Hunoldo
678 2963 734 3014 et
765 2961 934 3015 mala:
962 2961 1134 3030 fama
1175 2961 1487 3032 presbyteri
1530 2961 1886 3033 purgatione.

368 3073 530 3130 (Apud
553 3073 826 3130 Sirmond.,
847 3084 908 3120 ex
943 3074 1117 3120 codice
1137 3075 1186 3120 S.
1207 3075 1456 3122 Laurentii
1481 3076 1810 3132 Leodiensis.)

358 3173 694 3228 HlNcuAnus
739 3173 1071 3228 Rhemorum
1127 3171 1416 3245 episcopus
1465 3189 1528 3230 ac
1561 3175 1740 3245 plebis
1787 3175 1887 3231 Dei

290 3261 524 3316 famulus
556 3305 570 3328 ,
639 3261 837 3318 dilecto
893 3261 1040 3316 fratri
1099 3271 1150 3316 et
1206 3263 1506 3318 venerabili
1565 3263 1889 3334 coepiscopo

287 3351 496 3405 10mm
527 3349 774 3405 salutem.

358 3441 469 3494 Iste
496 3439 804 3510 presbyter,
837 3439 1056 3494 nomine
1089 3439 1392 3508 Hunoldus,
1439 3439 1571 3494 dixit
1601 3439 1733 3494 mihi
1763 3439 1890 3512 quia

287 3529 642 3599 presbyteros
671 3528 880 3584 habens
910 3543 1032 3583 cum
1065 3529 1262 3599 quibus
1293 3528 1494 3582 famam
1517 3545 1670 3584 suam
1701 3545 1889 3585 sacra-

287 3625 472 3672 mento
502 3632 742 3690 purgare
771 3617 938 3672 voluit
967 3617 1036 3671 de
1063 3618 1298 3690 quadam
1317 3617 1536 3684 femina,
1558 3618 1888 3690 etquoniam

289 3705 706 3762 examinationis
726 3705 992 3774 judicium
1022 3706 1192 3761 noluit
1217 3705 1416 3772 facere,
1465 3714 1522 3761 ut
1551 3707 1629 3761 illi
1659 3707 1890 3780 presby-

288 3795 390 3850 teri
448 3811 574 3850 cum
624 3809 692 3850 eo
740 3795 984 3850 securius
1027 3795 1213 3863 jurare
1258 3802 1502 3866 possent,
1553 3796 1892 3851 sacerdotale

284 3883 657 3939 ministerium
699 3883 1044 3939 interdictum
1093 3892 1175 3940 est
1216 3883 1312 3938 illi.
1365 3885 1519 3941 Unde
1567 3885 1797 3956 qualiter
1835 3885 1890 3940 in

285 3981 476 4029 nostra
507 3971 774 4043 parochia
819 3989 885 4027 ex
931 3973 1254 4028 auctoritate
1302 3973 1571 4042 majorum
1621 3981 1887 4040 tenemus,

293 4071 397 4118 tua
425 4061 706 4118 dilectioni
735 4062 1078 4116 mandamus.
1131 4061 1278 4117 Sicut
1328 4063 1384 4118 S.
1435 4062 1738 4135 Gregorius
1789 4063 1890 4118 de-

288 4152 479 4222 crevit,
511 4168 616 4222 per
645 4151 874 4207 idoneos
903 4158 1068 4206 testes
1108 4158 1445 4206 sacramento
1493 4151 1778 4222 inquiritur
1823 4152 1892 4206 de

289 4241 448 4296 mala
475 4241 638 4296 fama
664 4240 1008 4313 presbytero,
1033 4247 1091 4294 ut
1120 4240 1246 4296 inde
1277 4239 1513 4296 scientes
1533 4256 1638 4295 nec
1659 4240 1890 4295 menda-

286 4331 428 4388 cium
467 4330 671 4396 dicant,
728 4345 832 4385 nec
878 4329 1167 4384 veritatem
1213 4329 1512 4395 reticeam;
1556 4337 1607 4384 et
1647 4329 1888 4400 exceptis

285 4419 718 4488 accusatoribus,
752 4427 805 4473 et
835 4435 931 4474 sex
963 4426 1129 4474 testes
1153 4419 1356 4489 jurent.
1376 4419 1445 4472 Et
1465 4424 1588 4488 post
1604 4419 1706 4474 hoc
1729 4418 1888 4486 jura-

282 4517 548 4574 mentum,
583 4523 695 4563 non
723 4507 1126 4580 interrogamus
1155 4508 1224 4562 de
1256 4503 1546 4562 concubitu
1583 4495 1960 4588 presbyteriD

284 4615 404 4654 cum
437 4613 760 4670 quacunque
790 4596 1007 4664 femina,
1041 4597 1170 4668 quia
1199 4612 1300 4652 nec
1337 4597 1440 4652 hoc
1491 4611 1728 4652 canones
1772 4596 1876 4650 ha-

283 4685 429 4753 bent,
468 4686 570 4742 sed
599 4686 668 4740 de
698 4701 922 4742 accessu
953 4693 1006 4741 et
1045 4685 1496 4758 frequentatione,
1547 4700 1612 4740 ac
1660 4685 1879 4740 cohabi-

283 4775 484 4832 talione
534 4791 658 4830 eum
715 4774 932 4830 feminis
983 4783 1170 4831 contra
1215 4774 1558 4830 interdictum
1599 4789 1880 4830 sacrorum

284 4880 574 4931 canonum,
609 4863 753 4920 unde
783 4864 928 4919 mala
957 4865 1194 4935 suspicio
1216 4870 1269 4918 et
1285 4863 1674 4920 inconveniens
1695 4878 1880 4920 sacer-

285 4955 398 5010 doti
426 4953 573 5010 fama
602 4953 786 5009 exivit.
837 4955 905 5008 Et
933 4960 1056 5024 post
1097 4953 1317 5008 illorum
1349 4951 1734 5018 testimonium,
1785 4969 1880 5008 se-

285 5044 483 5115 ptimus
512 5042 686 5111 testis,
720 5042 767 5096 si
794 5041 1034 5098 conditio
1062 5042 1148 5098 vel
1176 5041 1407 5113 qualitas
1449 5057 1701 5114 persona
1744 5057 1878 5112 per-

285 5132 460 5202 mittit,
496 5132 567 5187 ad
591 5130 852 5202 judicium
885 5131 1011 5199 exit,
1045 5131 1189 5202 quod
1206 5130 1283 5185 illi
1313 5147 1406 5186 sex
1436 5131 1724 5187 veritatem
1753 5130 1880 5186 inde

285 5238 382 5292 per
410 5227 816 5277 sacramentum
849 5220 1101 5275 dixerunt
1135 5237 1148 5274 :
1183 5219 1308 5292 quia
1337 5219 1490 5274 multi
1526 5221 1638 5289 jam
1675 5219 1876 5291 depre-

285 5311 440 5366 hensi
470 5309 618 5381 apud
648 5325 748 5364 nos
777 5309 1062 5376 habentur,
1113 5309 1368 5380 quoniam
1407 5307 1581 5379 pretio
1623 5308 1877 5364 conducti

286 5416 344 5455 se
374 5399 808 5471 perjuraverunt.
858 5399 927 5452 Et
965 5398 1011 5452 si
1041 5398 1146 5454 hoc
1195 5398 1358 5452 modo
1404 5396 1692 5467 presbyter
1739 5413 1877 5453 con-

284 5489 459 5545 victus
489 5486 653 5543 fuerit
681 5487 749 5542 de
787 5487 1188 5544 inconvenienti
1239 5483 1639 5542 cohabitatione
1688 5494 1875 5542 contra

280 5577 434 5650 leges
465 5586 520 5634 et
549 5593 791 5634 canones
821 5593 947 5635 cum
975 5575 1196 5644 femina,
1220 5574 1528 5648 deponitur,
1553 5573 1688 5630 sicut
1704 5589 1877 5632 sacra

1995 1826 2142 1882 niam
2162 1829 2371 1898 experti
2393 1846 2578 1885 sumus
2598 1833 2864 1902 quosdam
2885 1833 2956 1888 ad
2976 1832 3208 1889 invicem
3222 1835 3588 1907 conspirasse,

1995 1923 2052 1969 ut
2083 1917 2313 1986 reputati
2355 1925 2541 1974 mutuo
2587 1919 2642 1974 in
2692 1935 2792 1975 sua
2837 1921 3160 1994 purgatione
3199 1922 3402 1992 jurent,
3450 1926 3592 1982 sicut

1995 2010 2050 2059 et
2077 2005 2404 2076 presbyteri,
2437 2007 2586 2076 pleni
2616 2007 2800 2080 iniqua
2827 2009 3154 2080 cogitatione
3185 2011 3451 2068 adversus
3481 2013 3591 2070 Su-

1995 2107 2227 2148 sannam
2257 2095 2720 2166 conspiraverunt,
2746 2112 2932 2152 coram
2954 2098 3124 2154 misso
3139 2099 3298 2155 nobis
3317 2101 3584 2168 credibili,

1992 2181 2318 2252 presbyteri,
2353 2183 2446 2254 qui
2475 2183 2528 2238 in
2558 2185 2883 2258 purgatione
2913 2185 3156 2242 infamati
3201 2189 3500 2245 sacerdotis
3529 2206 3590 2244 se

1993 2285 2102 2324 una
2131 2285 2256 2325 cum
2285 2287 2351 2326 eo
2380 2273 2450 2326 ad
2466 2272 2846 2342 jusjurandum
2863 2273 3117 2342 offerunt,
3137 2276 3590 2332 examinationem

1985 2349 2186 2426 judicia
2214 2375 2315 2430 per
2345 2359 2664 2416 advocatum
2693 2361 2931 2417 infamati
2960 2363 3266 2434 presbyteri
3293 2365 3582 2436 recipiunt,

1991 2453 2051 2500 ut
2078 2447 2134 2502 in
2164 2457 2504 2504 sacramento
2530 2466 2590 2505 se
2617 2451 2734 2506 Deo
2761 2467 2872 2506 non
2892 2452 3139 2521 perdant,
3163 2451 3298 2508 sicut
3324 2454 3589 2525 quosdam

1992 2535 2120 2591 hinc
2171 2536 2286 2603 jam
2341 2537 2576 2594 revictos
2634 2538 3021 2609 comperimus.
3079 2541 3351 2598 Invocatio
3407 2550 3588 2597 autem

1992 2639 2154 2694 super
2183 2640 2306 2679 eum
2337 2625 2427 2697 qui
2457 2627 2526 2681 ad
2549 2626 2812 2696 judicium
2843 2627 2952 2682 exit
2980 2628 3104 2684 talis
3137 2629 3389 2698 habetur,
3442 2631 3590 2702 quod

1990 2711 2108 2782 ipse
2136 2713 2420 2785 presbyter
2461 2715 2625 2770 talem
2665 2731 2950 2772 accessum
3001 2724 3056 2772 et
3097 2717 3591 2788 frequentationem

1991 2808 2044 2856 et
2074 2801 2531 2858 cohabitationem
2577 2813 2763 2860 contra
2809 2821 2995 2860 sacros
3040 2821 3281 2862 canones
3325 2823 3452 2863 cum
3497 2808 3594 2864 illa

1991 2888 2190 2944 femina
2219 2907 2329 2946 non
2359 2892 2629 2962 habuerit,
2661 2893 2807 2949 unde
2838 2893 2980 2949 mala
3012 2894 3252 2966 suspicio
3295 2903 3349 2951 et
3393 2896 3592 2952 incon-

1989 2977 2215 3034 veniens
2245 2980 2510 3036 sacerdoti
2557 2980 2703 3037 fama
2746 2982 2944 3038 merito
2995 2991 3183 3054 posset
3225 2984 3389 3040 exire.
3443 2985 3591 3040 Sicut

1995 3066 2141 3122 enim
2171 3067 2348 3123 vitiosi
2382 3069 2711 3140 presbyteri,
2763 3071 3028 3126 suadente
3072 3071 3307 3138 diabolo,
3360 3072 3590 3129 adiuve-

1919 3129 1967 3192 Ο
1987 3155 2160 3221 niunt,
2193 3162 2252 3210 ut
2283 3155 2338 3209 in
2367 3157 2575 3211 mansis
2605 3157 2717 3212 suis
2746 3157 2814 3212 de
2843 3158 3024 3224 alode,
3070 3159 3159 3214 vel
3209 3160 3462 3227 naturali,
3503 3161 3592 3216 vel

1989 3251 2324 3314 comparato,
2369 3243 2597 3299 feminas
2645 3245 2900 3312 habeant,
2951 3263 3074 3318 qua
3115 3247 3336 3302 illorum
3377 3264 3592 3319 pannos

1987 3331 2190 3398 lavant,
2223 3341 2276 3386 et
2305 3333 2630 3388 vestimenta
2657 3333 2764 3388 illis
2794 3333 3014 3400 faciunt,
3045 3342 3098 3390 et
3127 3335 3402 3390 interdum
3431 3336 3592 3391 etiam

1988 3419 2169 3476 claves
2225 3419 2535 3476 facultatum
2583 3422 2797 3478 illorum
2842 3423 3199 3494 pravideant,
3235 3423 3422 3497 sicque
3467 3441 3592 3481 cum

1988 3508 2068 3564 eis
2121 3509 2568 3566 inconvenienter
2623 3511 2957 3576 cohabitent,
3020 3511 3110 3582 ita,
3177 3512 3315 3567 sicut
3373 3521 3591 3569 sanctus

1989 3599 2323 3668 Augustinus
2353 3598 2502 3669 dicit,
2537 3599 2683 3654 varia
2713 3600 3027 3654 morborum
3059 3616 3266 3673 genera
3285 3616 3424 3658 nova
3451 3619 3593 3673 qua-

1991 3703 2117 3742 rere
2151 3695 2354 3758 cogunt
2382 3687 2910 3744 medicamentorum
2940 3689 3330 3759 experimenta,
3377 3698 3437 3745 ut
3467 3689 3592 3762 quia

1989 3776 2280 3833 interdicto
2310 3791 2580 3832 canonum
2611 3784 2664 3832 et
2691 3777 2876 3850 legum
2921 3777 3181 3834 obaudire
3227 3795 3338 3835 non
3380 3787 3590 3846 curant,

1989 3879 2236 3920 censura
2267 3866 2556 3921 severitate
2583 3866 2650 3920 ab
2683 3866 2765 3922 eis
2791 3867 3074 3923 discedere
3093 3867 3332 3924 timeant.
3358 3868 3494 3924 Data
3511 3883 3590 3924 xv

1991 3954 2220 4009 Kalend.
2253 3955 2488 4026 Apriles,
2520 3943 2815 4011 indictione
2845 3971 2943 4010 vn.

2479 4095 2820 4150 EPISTOLA
2864 4096 3094 4152 XXXV.

2483 4223 2556 4262 AD
2595 4224 2782 4264 OMNES
2833 4223 3083 4264 FIDELES.

1993 4323 2258 4380 Eadbaldi
2283 4323 2598 4396 presbyteri
2648 4324 2715 4380 de
2757 4325 2978 4396 femina
3018 4325 3268 4382 convicti
3293 4324 3585 4398 depositio.

1989 4439 2146 4497 (Apud
2187 4439 2442 4495 eumdem,
2479 4450 2538 4487 ex
2576 4439 2950 4550 vettariielpsoigipe
2983 4441 3144 4489 sancti
3180 4439 3433 4489 Laurentii
3462 4443 3590 4488 Leo-

2059 4592 2392 4650 Hmcmnus
2423 4593 2712 4666 episcopus
2743 4611 2810 4652 ac
2837 4595 3013 4667 plebis
3042 4595 3144 4650 Dei
3177 4593 3428 4653 famulus.

2053 4683 2254 4738 Notum
2275 4683 2342 4738 sit
2357 4684 2610 4740 omnibus
2629 4692 2832 4742 sancta
2853 4685 2954 4740 Dei
2969 4683 3231 4740 Ecclesia
3257 4685 3584 4754 rectoribus,

1981 4770 2247 4826 ministris
2303 4789 2521 4844 quoque
2574 4789 2640 4829 ac
2686 4771 2831 4838 ﬁliis,
2879 4771 2946 4826 ad
2995 4786 3132 4842 quos
3177 4773 3296 4830 hac
3326 4783 3583 4846 poterunt

1980 4860 2289 4931 pervenire,
2324 4861 2453 4932 quia
2486 4861 2812 4917 Godbaldus
2842 4859 3115 4930 quondam
3132 4862 3590 4938 presbyterparo-

1979 4949 2117 5005 chia
2145 4958 2367 5019 nostra,
2403 4951 2471 5006 de
2503 4950 2737 5021 quadam
2767 4947 2970 5002 femina
2999 4949 3224 5006 nomine
3273 4953 3431 5010 Doda
3469 4955 3584 5011 cri-

1979 5038 2234 5105 minatus,
2267 5047 2321 5094 et
2348 5038 2560 5094 idoneis
2593 5036 2820 5092 testibus
2849 5039 3256 5109 comprobatus,
3297 5049 3351 5097 et
3379 5059 3582 5100 secun-

1978 5127 2108 5182 dum
2156 5145 2344 5184 sacros
2397 5142 2637 5183 canones
2693 5125 2764 5180 ad
2799 5125 3064 5195 judicium
3105 5139 3452 5204 provocatus,
3503 5135 3574 5190 de

1977 5206 2098 5288 ipso
2121 5218 2328 5287 judicio
2357 5214 2684 5272 conscientia
2710 5231 2806 5270 sua
2847 5215 3176 5291 redargutus
3215 5219 3344 5294 fuga
3389 5221 3575 5293 lapsus

1981 5315 2082 5362 est.
2139 5307 2433 5376 PrOpterea
2489 5303 2787 5359 secundum
2842 5321 3030 5362 sacros
3084 5322 3321 5364 canones
3367 5309 3574 5380 Spiritu

1978 5394 2079 5449 Dei
2109 5393 2376 5458 conditos,
2409 5399 2462 5448 et
2490 5392 2656 5448 totius
2671 5395 2859 5450 mundi
2879 5395 3183 5452 reverentia
3200 5405 3574 5465 consecratos,

1975 5481 2123 5538 omni
2152 5481 2476 5538 sacerdotali
2507 5481 2686 5539 officio
2715 5491 2798 5539 est
2829 5485 3088 5556 privatus,
3139 5485 3368 5542 docente
3416 5487 3574 5542 beato

1975 5569 2252 5629 Bonifacio
2282 5586 2424 5644 papa
2466 5571 2656 5645 (epist.
2693 5572 2782 5643 ll)
2817 5590 2831 5628 :
2869 5595 2892 5626 α
2926 5573 3085 5645 Quod
3134 5573 3179 5628 si
3225 5573 3422 5630 adesse
3469 5589 3574 5631 ue-
