4072 6300
499 269 606 328 255

1284 265 1628 322 HINCMARI
1657 262 2058 322 RHEMENSIS
2086 261 2619 322 ARCHIEPISCOPI

3698 270 3811 325 256

500 394 745 469 glexerit,
777 394 1089 449 dilationem
1120 392 1400 448 sententiae
1431 393 1498 448 de
1526 393 1772 448 absentia
1799 407 1908 448 non
1924 388 2172 450 lucre-A
2199 389 2274 459 gii
2303 390 2521 445 nomine
2551 391 2864 462 deputatur,
2896 390 2942 446 si
2973 406 3032 447 se
3062 391 3343 448 continere
3364 407 3474 450 non
3491 393 3796 464 potuerint,

501 494 604 541 tur.
636 484 776 538 Nam
805 482 1155 538 manifestum
1183 491 1269 538 est
1299 479 1542 538 conﬁteri
1576 499 1700 536 eum
1730 483 1799 537 de
1844 480 2093 550 crimine,

504 573 596 645 qui
625 572 837 628 indulto
886 579 939 628 et
985 571 1144 627 toties
1189 571 1440 644 delegato
1479 571 1687 640 judicio
1727 570 2006 641 purgandi
2053 585 2111 624 se

506 661 800 718 occasione
829 677 939 716 non
964 661 1148 716 utitur.
1179 660 1328 714 Nihil
1377 660 1522 714 enim
1567 659 1796 714 interest
1834 667 2013 714 utrum
2057 657 2112 712 in

505 750 766 822 praesenti
797 750 1046 804 examine
1073 748 1252 804 omnia
1283 765 1402 820 quae
1433 748 1577 803 dicta
1599 755 1728 802 sunt
1748 748 2110 818 comproben-

501 846 588 894 tur
616 882 628 906 ,
681 855 807 894 cum
850 839 965 909 ipsa
1020 854 1237 911 quoque
1287 853 1385 910 pro
1427 836 1773 892 confessione
1818 843 2112 907 procurata

503 927 664 982 toties
692 935 902 982 constet
929 927 1190 982 absentia.
1230 947 1252 976 υ
1301 927 1435 980 Data
1484 941 1550 980 ex
1597 925 1805 995 synodo
1849 925 1904 979 in
1949 925 2098 981 lihe-

503 1015 679 1071 mensi
705 1015 993 1088 metropoli
1021 1016 1204 1070 habita
1233 1029 1271 1069 x
1301 1014 1532 1070 Kalend.
1564 1014 1755 1084 Maias,
1781 1013 1970 1070 indict.
1997 1029 2110 1105 χιι.

997 1147 1336 1206 EPISTOLA
1372 1148 1628 1204 XXXVI.

1009 1270 1082 1310 AD
1133 1269 1318 1310 OMNES
1356 1269 1588 1310 FIDELES
1597 1296 1610 1309 .

519 1361 782 1419 Fulcheri
809 1367 864 1419 et
879 1361 1164 1420 llardoisa:
1183 1362 1246 1418 ob
1268 1364 1516 1418 incestas
1535 1361 1768 1434 nuptias
1789 1375 2109 1416 excommu-

531 1449 541 1459 ’
1183 1451 1396 1506 nicatio
1413 1491 1426 1504 .

511 1571 670 1629 (Apud
702 1572 956 1625 eumdem,
995 1581 1054 1616 ex
1093 1571 1461 1680 vetejqieggitisiqe
1493 1573 1650 1620 sancti
1686 1573 1940 1620 Laurentii
1981 1576 2104 1620 Leo-

577 1707 906 1763 HINCMARUS
936 1707 1228 1779 episcopus
1259 1723 1324 1764 ac
1351 1707 1528 1779 plebis
1557 1707 1657 1762 Dei
1682 1707 1934 1762 famulus.

575 1796 776 1851 Notum
805 1796 873 1850 sit
900 1795 1154 1851 omnibus
1185 1805 1384 1851 sancta:
1413 1795 1513 1850 Dei
1558 1795 1823 1851 Ecclesiae
1870 1794 2101 1851 rectori-

505 1884 627 1952 bus,
659 1883 920 1938 ministris
947 1900 1165 1956 quoque
1195 1899 1257 1939 ac
1287 1882 1432 1948 filiis,
1465 1885 1534 1939 ad
1563 1900 1699 1956 quos
1719 1885 1834 1940 haec
1859 1891 2105 1955 poterunt

506 1973 811 2044 pervenire,
862 1973 990 2044 quia
1019 1972 1320 2029 Fulcherus
1351 1981 1404 2028 et
1435 1973 1716 2040 Hardoisa,
1764 1989 1929 2029 carne
1971 1989 2103 2044 pro-

507 2060 717 2132 pinqui,
748 2067 936 2116 contra
971 2061 1112 2131 legis
1159 2070 1431 2132 praecepta
1473 2071 1526 2116 et
1577 2062 1896 2133 prophetica
1939 2062 2100 2130 dicta,

511 2156 808 2220 contraque
838 2149 1211 2221 evangelicam
1244 2158 1296 2205 et
1327 2150 1684 2221 apostolicam
1699 2159 1858 2222 atque
1881 2151 2103 2206 canoni-

509 2252 629 2292 cam
677 2237 941 2308 regulam,
994 2240 1092 2294 sed
1139 2246 1189 2294 et
1237 2247 1427 2294 contra
1468 2239 1620 2312 leges
1663 2241 1946 2307 humanas,
1995 2256 2103 2296 non

513 2325 769 2398 conjugio
800 2327 898 2382 sed
927 2326 1159 2398 incestu,
1193 2328 1397 2384 carnali
1428 2328 1804 2384 commistione
1833 2329 2104 2398 conjuncti

510 2421 652 2484 sunt,
689 2415 828 2470 sicut
857 2415 1070 2471 idoneis
1100 2425 1153 2472 et
1183 2417 1462 2472 veracibus
1492 2418 1740 2484 testibus,
1792 2426 2104 2489 computata

509 2503 792 2576 utriusque
848 2505 1175 2578 cognatione
1233 2506 1645 2576 comprobatum
1702 2513 1802 2561 est.
1851 2508 1920 2561 Et
1979 2507 2104 2578 quia

506 2591 736 2646 obedire
765 2592 964 2648 divinis
994 2601 1046 2648 et
1075 2594 1324 2648 humanis
1355 2593 1571 2668 legibus
1599 2595 1908 2663 noluerunt,
1955 2604 2014 2651 ut
2045 2611 2104 2651 se

504 2680 574 2735 ab
602 2679 722 2752 ipso
750 2681 962 2737 incestu
993 2682 1365 2754 disjungerent
1397 2685 1695 2740 secundum
1717 2700 1904 2740 sacros
1935 2700 2103 2741 cano-

504 2784 637 2838 nes,
697 2785 732 2824 a
789 2785 944 2826 sacra
1001 2772 1383 2828 communione
1437 2773 1686 2844 corporis
1727 2781 1779 2828 et
1821 2773 2104 2847 sanguinis

507 2852 728 2919 Christi,
763 2862 815 2908 et
844 2854 914 2908 ab
942 2855 1092 2910 omni
1120 2855 1552 2911 Christianorum
1601 2858 1860 2913 societate
1907 2857 2105 2926 abjecti

507 2949 650 3009 sunt,
684 2959 858 3014 usque
889 2943 1036 3010 dum,
1072 2945 1306 3002 Domino
1334 2945 1677 3017 respiciente,
1701 2962 1734 3001 a
1753 2946 1958 3018 laqueis
1978 2947 2101 3003 dia-

503 3029 634 3102 boli,
669 3047 703 3086 a
733 3049 841 3103 quo
871 3033 1012 3104 capti
1033 3041 1303 3104 tenentur,
1326 3052 1428 3106 per
1443 3035 1817 3106 pcnnitentiam
1837 3037 2095 3107 separati,

2123 1749 2176 1808 B

2211 485 2333 549 post
2362 479 2734 550 paenitentiam
2767 487 2820 535 et
2851 481 3367 551 reconciliationem,
3419 482 3616 554 quibus
3661 498 3808 538 con—

2205 565 2412 634 junctio
2441 565 2626 621 illicita
2660 567 3013 632 interdicitur,
3046 567 3325 622 habebunt
3353 567 3572 624 ineundi
3605 568 3808 624 melio-

2212 653 2288 708 ris
2319 654 2558 727 conjugii
2579 655 2907 710 libertatem.
2932 654 3182 724 Quandiu
3203 663 3382 716 autem
3399 655 3457 709 in
3477 657 3596 728 ipsa
3615 655 3808 711 illicita

2213 743 2594 812 conjunctione
2625 744 3045 815 permanserint,
3077 744 3260 799 nullus
3289 745 3628 800 Christianus
3659 761 3806 816 quo-

2213 847 2428 905 cunque
2484 833 2650 888 modo
2711 834 2791 888 eis
2837 833 3217 899 communicet,
3269 833 3393 904 quia
3434 849 3558 889 cum
3604 833 3808 888 talibus

2211 921 2514 992 cuicunque
2545 921 2848 977 Christiano
2878 938 2980 978 nec
3009 938 3352 978 communem
3382 923 3560 978 cibum
3584 939 3806 978 sumere

2210 1009 2355 1064 licet.
2389 1011 2701 1081 Propterea,
2731 1009 2922 1066 fratres
2951 1026 3016 1066 ac
3045 1009 3158 1077 filii,
3191 1026 3381 1066 omnes
3412 1010 3620 1066 scilicet
3651 1011 3807 1066 Chri-

2211 1097 2390 1164 stiani,
2424 1107 2674 1170 separate
2707 1115 2806 1156 vos
2851 1099 2919 1154 ab
2966 1099 3277 1155 omnimoda
3325 1113 3511 1154 eorum
3557 1115 3806 1155 commu-

2211 1187 2394 1254 nione,
2425 1204 2512 1254 ne,
2555 1188 2700 1260 quod
2727 1188 2887 1255 absit,
2937 1188 3396 1244 communicantes
3444 1188 3552 1244 illis
3593 1189 3806 1260 pariter

2208 1275 2469 1347 pereatis.
2529 1278 2646 1332 Nec
2687 1277 2886 1332 mirum
2931 1277 2978 1331 si
3019 1277 3161 1332 inter
3201 1277 3450 1332 homines
3493 1278 3611 1334 haec
3661 1277 3805 1334 ratio

2208 1365 2530 1434 custoditur,
2571 1382 2695 1422 cum
2723 1373 2776 1420 et
2804 1365 2946 1420 inter
2981 1367 3228 1436 jumenta
3269 1367 3372 1422 hoc
3423 1365 3541 1421 fieri
3587 1365 3800 1436 sciatis,

2207 1462 2266 1508 ut
2293 1469 2359 1510 ea
2389 1471 2509 1526 quae
2553 1455 2790 1511 scabiem
2833 1455 3038 1510 habere
3085 1454 3356 1522 videntur,
3403 1463 3726 1526 separentur
3770 1471 3806 1510 a

2207 1543 2393 1612 sanis,
2453 1560 2522 1599 ne
2576 1544 2793 1599 illorum
2852 1544 3043 1600 morbo
3101 1551 3294 1600 caetera
3352 1543 3676 1598 damnentur
3713 1545 3806 1600 vel

2205 1640 2445 1704 pereant.
2471 1634 2538 1688 Et
2567 1633 2781 1688 dicente
2810 1632 3042 1688 Domino
3076 1649 3089 1686 :
3123 1634 3256 1689 Nolo
3286 1637 3526 1689 mortem
3551 1639 3809 1706 peccato-

2206 1721 2306 1787 ris,
2332 1722 2428 1777 sed
2445 1725 2512 1778 ut
2526 1727 2892 1778 convertatur
2912 1726 2967 1778 et
2989 1723 3142 1778 vivat
3159 1721 3378 1793 (Ezech.
3398 1737 3606 1789 xxxm,
3621 1727 3680 1779 2i
3696 1722 3736 1793 ),
3759 1723 3808 1777 si

2207 1817 2495 1881 antequam
2555 1827 2613 1865 se
2659 1811 2728 1864 ab
2777 1811 2880 1866 hoc
2927 1811 3139 1866 incestu
3189 1819 3459 1880 separent,
3511 1810 3807 1882 quisquam

2204 1897 2259 1952 in
2289 1897 2656 1954 infirmitatem
2687 1899 2970 1968 deciderit,
3005 1907 3058 1954 et
3087 1899 3175 1954 vel
3205 1899 3285 1955 sic
3305 1898 3416 1968 jam
3447 1898 3502 1954 in
3532 1899 3808 1970 despera-

2203 1987 2406 2043 tionem
2436 1988 2504 2043 de
2535 1987 2647 2043 vita
2677 1988 2959 2060 temporali
3013 1989 3314 2053 devenerit,
3367 1987 3413 2042 si
3465 1987 3553 2042 vel
3582 1995 3714 2043 tunc
3739 2005 3806 2044 ex

2205 2076 2370 2132 corde
2400 2077 2731 2147 pcenitucrit,
2765 2086 2817 2132 et
2845 2093 3033 2132 coram
3059 2078 3175 2132 Deo
3205 2085 3256 2132 et
3273 2077 3557 2132 sacerdote
3577 2091 3643 2133 ac
3665 2075 3805 2132 fide—

2203 2164 2343 2219 libus
2375 2165 2682 2222 liominibus
2711 2165 2994 2222 confessus
3026 2165 3206 2230 fuerit,
3237 2173 3289 2220 et
3319 2163 3668 2234 fidejussores
3697 2167 3804 2222 de-

2203 2253 2364 2322 derit,
2396 2262 2454 2309 ut
2483 2255 2528 2310 si
2564 2255 2633 2310 de
2681 2255 2798 2326 ipsa
2841 2253 3152 2310 infirmitate
3198 2254 3531 2310 convaluerit
3574 2255 3807 2310 ulterius

2205 2344 2276 2398 ad
2305 2344 2452 2399 illam
2481 2344 2746 2400 incestam
2793 2344 3228 2414 conjunctionem
3277 2359 3385 2398 non
3432 2343 3622 2410 rediet,
3677 2361 3805 2400 cum

2203 2432 2324 2488 aliis
2350 2433 2587 2504 peccatis
2616 2434 2730 2488 suis
2759 2433 2827 2488 de
2857 2435 2962 2489 hoc
2992 2433 3203 2489 incestu
3251 2447 3444 2504 puram
3491 2431 3807 2489 confessio-

2203 2537 2332 2576 nem
2359 2521 2540 2594 faciat,
2589 2531 2642 2576 et
2679 2523 3015 2578 asacerdote
3060 2521 3465 2589 reconcilietur,
3513 2529 3564 2576 et
3612 2531 3808 2578 sancto

2205 2610 2326 2665 oleo
2366 2619 2622 2684 ungatur,
2668 2619 2721 2666 et
2771 2611 3083 2668 communio
3130 2611 3380 2682 corporis
3421 2618 3474 2665 et
3517 2611 3808 2682 sanguinis

2205 2699 2404 2754 Christi
2433 2700 2483 2754 ei
2512 2699 2794 2773 largiatur.
2831 2701 2887 2756 Si
2919 2716 3047 2756 vero
3076 2700 3130 2754 in
3161 2700 3264 2755 hac
3293 2699 3590 2770 pertinacia
3627 2716 3808 2772 usque

2205 2789 2272 2842 ad
2301 2797 2527 2844 mortem
2572 2789 2958 2860 permanserit,
3008 2797 3059 2844 et
3107 2787 3223 2843 sine
3266 2788 3706 2844 reconciliatione
3753 2798 3812 2845 et

2205 2879 2584 2933 communione
2616 2879 2864 2950 corporis
2893 2886 2946 2933 et
2976 2877 3256 2951 sanguinis
3287 2876 3487 2932 Christi
3507 2877 3804 2950 quisquam

2205 2981 2396 3021 eorum
2425 2975 2669 3022 mortuus
2701 2966 2881 3037 fuerit,
2915 2967 3031 3021 sine
3061 2967 3285 3038 psalmis
3306 2975 3359 3020 et
3386 2966 3602 3037 hymnis
3631 2975 3803 3039 atque

2205 3055 2560 3126 orationibus,
2595 3063 2648 3111 et
2677 3072 2788 3112 non
2817 3072 2941 3112 cum
2971 3055 3096 3111 aliis
3119 3054 3436 3110 Christianis
3458 3055 3761 3126 sepeliatur
3787 3075 3800 3111 :

505 3119 576 3174 ab
604 3119 725 3192 ipso
750 3121 958 3178 incestu
989 3124 1332 3196 resipiscam,
1365 3113 1695 3182 decernente
1731 3127 1790 3181 B.
1825 3126 2096 3200 Gregorio

2202 3145 2323 3216 quia
2355 3145 2494 3201 sicut
2522 3108 2713 3202 sancto
2746 3145 2951 3216 Spiritu
2996 3143 3293 3216 inspirante
3339 3108 3605 3214 scriptum
3653 3143 3804 3218 legi-

505 3207 625 3278 (Gr.
655 3210 882 3279 junior.,
915 3229 1044 3268 can.
1081 3219 1111 3268 8
1133 3218 1189 3270 et
1218 3215 1273 3286 9)
1310 3232 1322 3270 :
1361 3235 1384 3265 ‹‹
1423 3214 1478 3270 Si
1509 3215 1652 3287 quis,
1684 3216 1878 3288 inquit,
1910 3233 2101 3273 conso-

505 3297 718 3353 brinam
749 3315 908 3354 suam
949 3300 1168 3356 duxerit
1225 3303 1280 3356 in
1325 3304 1604 3374 conjugio,
1653 3305 1945 3360 anathema
1992 3307 2096 3373 sit;

507 3393 561 3440 et
589 3388 994 3458 responderunt
1025 3405 1222 3446 omnes
1265 3391 1421 3447 tertio
1453 3409 1465 3445 :
1499 3393 1802 3447 Anathema
1833 3393 1920 3448 sit.
1957 3415 1978 3444 ν
2031 3396 2100 3448 Et

507 3473 640 3530 item
673 3494 687 3530 :
723 3499 746 3524 ‹‹
779 3477 836 3532 Si
865 3478 988 3550 quis
1018 3479 1086 3533 de
1128 3480 1354 3551 propria
1403 3480 1750 3553 cognatione,
1803 3481 1889 3536 vel
1937 3497 2098 3552 quam

504 3574 772 3638 cognatus
803 3567 1010 3635 habuit,
1045 3569 1262 3624 duxerit
1289 3585 1534 3636 uxorem,
1577 3571 1870 3625 anathema
1899 3569 2001 3637 sit;
2046 3579 2100 3626 et

501 3655 908 3724 responderunt
933 3673 1126 3713 omnes
1177 3658 1333 3714 tertio
1366 3675 1380 3712 :
1413 3660 1713 3712 Anathema
1761 3657 1846 3712 sit.
1889 3682 1910 3707 υ
1963 3660 2093 3727 Vos,

499 3739 699 3797 fratres
741 3757 808 3798 ac
848 3743 967 3811 ﬁlii,
1021 3746 1115 3816 qui
1159 3747 1366 3802 litteras
1412 3764 1521 3802 non
1569 3747 1852 3817 didicistis,
1905 3749 2098 3806 scitote

504 3829 633 3903 quid
662 3838 821 3886 sonat
849 3831 903 3887 in
935 3842 1126 3888 nostra
1157 3835 1346 3908 lingua
1376 3837 1683 3903 anathema,
1734 3837 1787 3890 id
1831 3845 1912 3891 est
1951 3839 2095 3894 alie-

499 3921 680 3986 natio,
713 3927 772 3974 ut
801 3937 832 3974 a
863 3921 1100 3989 Christo,
1136 3938 1169 3978 a
1199 3939 1307 3994 quo
1328 3925 1679 3980 nominantur
1699 3925 2012 3994 Christiani,
2046 3935 2097 3983 et

500 4022 536 4062 a
583 4007 1011 4064 Christianorum
1053 4012 1313 4068 societate
1357 4021 1520 4084 atque
1562 4016 1944 4071 communione
1993 4015 2098 4070 sint

501 4097 638 4152 tales
668 4097 854 4164 alieni,
887 4099 1065 4156 donec
1113 4101 1182 4156 ab
1234 4101 1327 4156 illa
1373 4102 1563 4160 illicita
1609 4104 1986 4170 coniunctione
2037 4121 2096 4160 se

501 4194 776 4258 separent,
811 4195 864 4242 et
891 4205 992 4260 per
1015 4190 1388 4260 paenitentiam
1419 4200 1473 4248 et
1492 4195 1832 4250 sacerdotale
1851 4194 2096 4250 ministe-

496 4274 639 4330 rium
670 4275 884 4332 Christo
915 4285 968 4332 et
999 4286 1201 4334 sanctae
1229 4281 1514 4351 Ecclesiae,
1551 4283 1604 4338 id
1637 4292 1737 4351 est,
1771 4283 2094 4339 Christianis

497 4365 938 4422 reconcilientur.
972 4368 1292 4440 Progeniem
1323 4387 1454 4426 vero
1492 4389 1645 4426 suam
1693 4372 1893 4428 divinae
1940 4373 2092 4446 leges

502 4471 942 4528 unumquemque
971 4456 1332 4512 Christianum
1371 4477 1544 4531 usque
1573 4461 1640 4515 ad
1671 4461 1955 4532 septimam
1986 4479 2088 4533 ge-
2119 4465 2175 4528 D
2195 4476 2438 4524 mentum
2484 4469 2672 4536 jurare
2716 4468 2943 4524 fecisses

501 4545 860 4613 nerationem,
897 4554 949 4602 et
973 4547 1210 4618 quandiu
1241 4564 1300 4602 se
1331 4557 1668 4620 cognoscunt
1689 4550 1945 4606 afﬁnitate
1962 4567 2092 4623 pro-

499 4632 752 4705 pinquos,
788 4635 1084 4692 observare
1114 4637 1434 4707 decernunt,
1486 4645 1542 4693 ut
1584 4654 1744 4694 nemo
1772 4655 1839 4694 ex
1867 4641 2093 4712 propria

498 4725 968 4796 consanguinitate
1003 4725 1294 4800 conjugem
1325 4727 1536 4794 habeat,
1567 4729 1652 4783 vel
1687 4745 1850 4799 quam
1873 4746 1937 4784 ex
1956 4745 2090 4801 pro-

499 4809 622 4880 pria
667 4815 1137 4887 consanguinitate
1183 4815 1382 4888 aliquis
1429 4818 1716 4888 conjugem
1763 4819 1949 4874 habuit
2002 4821 2091 4876 vel

497 4897 676 4970 aliqua
704 4899 890 4956 illicita
919 4904 1214 4973 pollutione
1243 4905 1558 4972 maculavit,
1592 4906 1713 4978 quia
1745 4907 2090 4964 incestuosus

496 4995 579 5043 est
607 4988 732 5045 talis
758 4990 930 5046 coitus
957 5001 1011 5047 et
1041 4994 1421 5050 abominabilis
1450 4997 1566 5052 Deo
1597 5004 1648 5050 et
1677 4998 1885 5053 cunctis
1914 4999 2089 5054 homi-

495 5077 674 5132 nibus.
708 5080 777 5134 Et
804 5079 1143 5137 inccstuosos
1187 5099 1221 5138 a
1258 5085 1537 5140 liminibus
1581 5093 1781 5142 sanctae
1821 5087 2090 5144 Ecclesiae

494 5169 816 5240 praecipiunt
859 5173 1123 5242 separari,
1169 5175 1471 5246 usquedum
1519 5191 1620 5246 per
1663 5175 2087 5234 satisfactionem

494 5258 748 5329 precibus
778 5261 1144 5330 sacerdotum,
1178 5261 1378 5330 eidem,
1405 5271 1461 5318 ut
1479 5263 1859 5336 praemisimus,
1885 5275 2088 5324 sanctae

495 5347 760 5404 Ecclesiae
791 5349 1053 5406 canonice
1084 5351 1531 5409 reconcilientur.
1587 5355 1644 5410 Si
1675 5364 1854 5410 autem
1885 5357 1952 5410 ab
1983 5357 2088 5414 hoc

492 5435 724 5505 incestu,
759 5438 814 5492 in
843 5455 950 5510 quo
977 5439 1174 5511 perditi
1195 5441 1401 5510 jacent,
1422 5459 1676 5516 separare
1697 5462 1756 5500 se
1786 5445 2086 5518 voluerint,

493 5535 618 5614 quia
646 5537 784 5593 sicut
813 5553 987 5595 sacrae
1015 5537 1168 5611 leges
1199 5539 1403 5608 dicunt,
1437 5542 1678 5600 incestus
1708 5544 1863 5602 nullo
1892 5547 2086 5616 conju-

2195 3251 2337 3304 mus,
2367 3234 2570 3306 quibus
2598 3235 2910 3291 viventibus
2941 3251 3050 3290 non
3084 3232 3626 3301 communicavimus,
3657 3251 3810 3291 mor-

2197 3323 2303 3377 tuis
2331 3324 2733 3380 communicare
2763 3341 2873 3379 non
2908 3339 3220 3395 possumus.
3255 3322 3385 3376 Data
3419 3338 3484 3376 ex
3515 3324 3727 3394 synodo
3748 3323 3804 3379 in

2197 3412 2491 3468 Rhemensi
2520 3415 2812 3484 metr0poli
2838 3412 3042 3480 habita,
3065 3411 3278 3468 decimo
3310 3410 3583 3466 Kalendas
3603 3413 3800 3479 Maias,

2197 3498 2492 3557 indictione
2521 3503 2863 3559 duodecima.

2659 3644 3000 3701 EPISTOLA
3048 3645 3328 3702 XXXVII.

2464 3776 2537 3816 AD
2575 3777 2955 3818 ENGILGAIIIUM
2995 3778 3170 3818 V'IIIUM
3209 3777 3534 3818 lLLUSTREM.

2195 3879 2366 3934 Illum
2395 3880 2588 3950 arguit
2615 3879 2758 3951 quod
2789 3879 3074 3936 hominem
3112 3897 3284 3936 suum
3324 3880 3802 3937 inconvenienter

2729 3971 2934 4040 jurarc
2963 3973 3238 4042 coegerat.

2347 4092 2504 4148 (Apud
2526 4091 2775 4138 eumdem.
2803 4103 2864 4138 ex
2889 4093 3168 4148 Flodoardi,
3205 4093 3297 4140 lib.
3321 4103 3394 4151 In,
3425 4102 3534 4150 cap.
3554 4095 3644 4144 26.)

2265 4201 2592 4256 IIINCMARUS
2623 4201 2912 4272 episcopus
2939 4203 3288 4256 ENGILGARIO
3327 4201 3576 4258 salutem.

2265 4289 2519 4346 Pervenit
2545 4290 2614 4345 ad
2639 4305 2738 4344 nos
2769 4290 2892 4362 quia
2920 4290 3197 4346 hominem
3227 4298 3376 4346 tuum
3431 4291 3792 4346 Ratramnum

2195 4378 2635 4434 irrationabiliter
2663 4387 2717 4434 et
2745 4379 3191 4435 inconvenientcr
3212 4379 3581 4450 periculosum
3605 4395 3799 4435 sacra-

2194 4557 2410 4626 debeat,
2445 4567 2618 4613 tamen
2651 4557 2750 4612 sub
2780 4564 2969 4613 nostra
2989 4573 3118 4614 cura
3149 4566 3201 4612 et
3232 4565 3286 4612 tu
3318 4566 3371 4612 et
3400 4557 3490 4612 ille
3520 4557 3589 4612 de
3620 4558 3795 4613 salute

2192 4656 2374 4704 vestra
2404 4664 2525 4702 esse
2557 4647 2787 4702 debetis.
2823 4648 3117 4718 PrOpterea
3145 4648 3346 4702 mando
3369 4646 3465 4701 tibi
3487 4646 3614 4718 quia
3631 4647 3792 4702 valde

2190 4737 2364 4792 miror
2413 4745 2464 4792 te
2509 4752 2619 4791 non
2665 4735 3000 4791 intellexisse
3047 4735 3271 4808 gravius
3318 4753 3442 4791 esse
3482 4735 3791 4807 periculum

2191 4844 2313 4884 cum
2344 4826 2618 4883 hominem
2645 4834 2734 4880 aut
2762 4827 3042 4882 suadendo
3072 4835 3163 4881 aut
3194 4827 3450 4882 terrendo
3496 4825 3554 4879 in
3596 4827 3790 4898 perju-

2191 4916 2328 4971 rium
2359 4917 2558 4986 mittas,
2594 4931 2755 4987 quam
2787 4915 2831 4972 si
2865 4924 2915 4971 te
2957 4915 3105 4972 solus
3152 4917 3483 4986 perjurares,
3530 4917 3790 4986 quoniam

2189 5005 2244 5061 in
2275 5014 2327 5060 te
2360 5023 2528 5060 unum
2555 5004 2866 5076 perjurium,
2900 5005 3008 5060 imo
3036 5021 3138 5076 pro
3167 5005 3404 5076 perjurio
3435 5005 3786 5063 homicidium

2188 5104 2537 5168 pcrpctrares
2567 5115 2584 5150 :
2612 5111 2736 5150 cum
2767 5103 2944 5150 autem
2992 5095 3156 5150 alium
3205 5095 3484 5166 perjurare
3535 5095 3690 5161 facis,
3739 5104 3791 5151 et

2191 5192 2242 5240 te
2273 5193 2325 5239 et
2354 5184 2506 5239 illum
2536 5183 2738 5256 perdis.
2758 5186 2826 5240 Et
2852 5185 2976 5240 ideo
3006 5185 3324 5239 mandamus
3355 5193 3412 5239 ut
3440 5184 3485 5239 si
3518 5185 3588 5239 ita
3619 5200 3787 5241 causa

2187 5275 2416 5329 habetur
2445 5273 2584 5330 sicut
2614 5275 2684 5329 ad
2713 5291 2814 5330 nos
2845 5273 3110 5346 pervenit,
3143 5274 3210 5328 ab
3239 5274 3471 5330 ecclesia
3503 5282 3556 5328 et
3593 5274 3786 5330 altario

2187 5367 2241 5418 te
2267 5363 2540 5418 abstineas
2569 5363 2744 5420 donec
2773 5364 2841 5420 ad
2871 5379 2970 5418 nos
3001 5363 3207 5430 venias,
3228 5371 3280 5418 et
3300 5363 3368 5419 de
3389 5363 3482 5418 tali
3511 5362 3784 5420 incautela

2189 5460 2282 5508 aut
2311 5452 2528 5524 dignam
2559 5452 2959 5510 excusationem
2990 5451 3175 5521 facias,
3227 5461 3318 5508 aut
3357 5452 3576 5524 dignam
3606 5453 3782 5526 pinni-

2187 5541 2408 5597 tentiam
2437 5542 2693 5616 accipias.

2985 4486 2996 4523 :
3037 4469 3128 4540 qui
3181 4469 3308 4524 licet
3367 4469 3460 4523 tibi
3509 4468 3796 4524 servitium
3887 4499 3892 4502 -
