4072 6298
276 219 392 276 25⁵7

747 340 1090 398 EPISTOLA
1127 341 1433 399 XXXVIII.

703 455 775 495 AD
815 455 1167 496 ANASTASIUM
1204 455 1462 496 ABBA'I'EM
1469 483 1480 494 .

293 539 530 594 Romam
576 538 752 593 missa
808 553 938 593 cum
993 539 1406 664 increpattorias
1457 553 1619 610 papae
1667 535 1891 592 litteras

932 624 1212 664 accepisse
1248 650 1260 662 .

932 624 1260 682 accepisset.

411 705 580 762 (Apud
602 705 852 761 eumdem,
881 715 942 752 ex
961 704 1134 752 codice
1159 704 1385 752 ecclesias
1406 704 1766 757 Laudinensis.)

359 785 693 842 HINcuAaus
739 786 1071 842 Rhemorum
1117 787 1408 858 episcopus
1456 785 1800 842 sanctissimo
1842 791 1895 840 et

289 873 562 931 ﬁdissimo
589 874 744 930 fratri
771 877 1090 930 Amsrasro
1118 875 1378 948 religioso
1407 874 1591 931 abbati
1604 874 1892 946 plurimam

289 963 346 1018 in
375 963 663 1020 Salvatore
692 963 939 1019 salutem.

359 1051 547 1107 Multis
579 1049 978 1106 inﬁrmitatibus
1008 1059 1060 1107 et
1089 1053 1448 1108 anxietatibus
1477 1070 1698 1125 pressus
1721 1069 1894 1125 pauca

291 1140 478 1197 scribo
509 1139 599 1196 cui
627 1139 796 1195 multa
827 1141 1022 1206 debeo,
1047 1149 1278 1212 etquem
1295 1141 1523 1196 multum
1545 1141 1712 1215 diligo
1737 1157 1801 1198 ac
1823 1142 1892 1197 de

295 1245 402 1301 quo
427 1228 662 1284 multum
691 1226 926 1285 conﬁdo.
960 1229 1233 1284 Caeterum
1265 1229 1509 1300 epistolae
1537 1229 1723 1285 domni
1753 1246 1892 1302 apo-

292 1317 490 1384 stolici,
521 1334 626 1390 per
665 1317 954 1391 Egilonem
1003 1318 1370 1374 venerabilem
1421 1319 1894 1390 archiepiscOpum

290 1406 453 1462 nobis
502 1406 741 1471 directae,
791 1407 861 1462 ad
902 1415 1088 1462 nostra
1137 1407 1340 1480 scripta
1387 1409 1799 1480 respondentes,
1839 1409 1894 1462 in

290 1495 622 1568 quibusdam
655 1495 813 1550 aliter
841 1503 1160 1563 sonuerunt,
1185 1512 1345 1568 quam
1376 1513 1478 1552 nos
1497 1513 1608 1552 suae
1626 1497 1895 1552 sanctitati

290 1592 343 1640 et
373 1584 678 1640 auctoritati
707 1585 1111 1656 scripserimus.
1146 1585 1255 1640 Sed
1283 1594 1464 1642 certus
1482 1602 1601 1640 sum
1631 1586 1756 1658 quia
1783 1601 1895 1641 non

292 1673 452 1728 aliter
494 1672 613 1745 ipse
657 1673 816 1729 nobis
863 1673 1166 1746 rescripsit,
1217 1673 1323 1729 nisi
1365 1682 1424 1730 ut
1465 1674 1522 1729 in
1568 1674 1785 1746 scriptis
1827 1691 1892 1730 ex
1921 1713 1974 1773 B

292 1770 486 1820 nostra
515 1769 672 1833 parte
704 1762 810 1817 sibi
835 1763 1098 1834 porrectis
1126 1762 1349 1820 invenit.
1383 1763 1498 1818 Nos
1525 1770 1729 1829 tamen,
1760 1779 1893 1818 vera

295 1851 625 1922 exemplaria
657 1851 974 1907 eorumdem
1005 1851 1329 1924 scriptorum
1358 1867 1390 1906 a
1420 1851 1579 1906 nobis
1599 1851 1896 1906 missorum

291 1939 578 2006 habentes,
613 1939 682 1996 de
713 1940 1037 2012 quibusdam
1085 1940 1265 1996 causis
1295 1956 1405 1996 non
1435 1941 1509 1995 ita
1554 1940 1892 2011 scripsimus,

293 2028 431 2085 sicut
462 2028 668 2084 habere
715 2027 932 2100 scriptis
973 2029 1088 2099 ejus
1134 2029 1446 2102 relegimus.
1498 2028 1652 2084 Unde
1682 2029 1728 2082 si
1761 2035 1814 2084 et
1842 2027 1898 2084 in

291 2117 379 2172 his
435 2116 678 2189 scriptis,
737 2117 805 2173 de
863 2118 1072 2190 synodo
1114 2119 1258 2189 apud
1315 2119 1514 2174 Trecas
1560 2117 1660 2172 sub
1703 2116 1897 2188 sigillis

296 2206 539 2278 quinque
570 2205 974 2278 episcoporum,
1023 2223 1294 2263 consensu
1333 2207 1573 2262 omnium
1605 2205 1696 2277 qui
1725 2205 1897 2261 inter-

293 2295 510 2351 fuerunt
537 2295 784 2362 directis,
819 2295 994 2366 aliter,
1029 2296 1173 2368 quod
1201 2295 1438 2351 futurum
1469 2311 1579 2350 non
1603 2294 1895 2360 credimus,

297 2401 328 2440 a
355 2399 685 2458 quocunque
715 2383 878 2440 fuerit
907 2385 1158 2452 missum,
1190 2385 1278 2440 vel
1309 2392 1500 2440 contra
1529 2400 1594 2439 ea
1622 2383 1902 2439 transmis-

303 2490 445 2540 sum,
497 2473 588 2530 hic
633 2473 962 2530 venerabilis
1006 2472 1171 2529 frater
1217 2481 1270 2529 et
1310 2472 1668 2545 coepiscopus
1714 2480 1901 2528 noster

299 2562 570 2619 Actardus
602 2577 736 2619 vera
769 2562 1101 2634 exemplaria
1130 2562 1452 2634 scriptorum
1475 2561 1719 2632 ejusdem
1739 2575 1902 2633 syno-

298 2650 354 2705 di
413 2667 482 2706 ex
525 2650 850 2706 authenticis
893 2651 1121 2722 accepit,
1184 2667 1306 2722 quae
1350 2651 1552 2706 domno
1603 2649 1902 2721 apostolico

300 2748 614 2795 monstrare
643 2739 691 2794 si
717 2739 877 2796 fuerit
905 2755 1130 2795 necesse
1179 2739 1402 2795 valebit.
1438 2738 1572 2808 Quae
1614 2739 1753 2794 forte
1782 2736 1901 2794 col-

299 2827 409 2884 lata
441 2828 547 2899 his,
583 2845 704 2900 quae
735 2827 902 2885 Leoni
931 2844 1088 2900 papae
1115 2827 1185 2884 ab
1217 2827 1487 2900 episcopis
1505 2827 1903 2900 provinciarum

303 2916 724 2989 Cisalpinarum,
774 2925 826 2973 et
871 2934 902 2972 a
943 2917 1194 2973 Lothario
1241 2918 1590 2990 imperatore,
1637 2917 1734 2971 sed
1777 2924 1830 2972 et
1873 2932 1905 2970 a

301 3023 434 3080 rege
466 3007 663 3063 Carolo
694 3006 902 3062 directa
929 3005 1162 3074 fuerunt,
1192 3007 1260 3063 de
1290 3022 1521 3078 quorum
1538 3005 1904 3076 exemplario—

300 3112 423 3152 rum
453 3111 620 3152 sensu
649 3095 766 3151 haec
796 3096 964 3150 missa
1000 3095 1242 3167 episcopi
1273 3096 1632 3170 collegerunt,
1661 3101 1718 3149 ut
1742 3101 1900 3148 autu-

301 3200 407 3254 mo,
477 3200 589 3240 non
634 3184 951 3242 discordare
993 3185 1265 3241 intellectu
1311 3185 1672 3250 invenientur,
1723 3199 1899 3255 quan-

307 3288 471 3345 quam
513 3273 696 3328 mitius
753 3273 1002 3345 quaedam
1060 3274 1380 3346 scripserint
1427 3273 1520 3346 qui
1571 3271 1760 3343 gestis-
1791 3287 1902 3327 non

307 3361 688 3430 interfuerunt,
723 3378 883 3434 quam
911 3362 988 3417 illi
1017 3363 1110 3435 qui
1139 3379 1202 3418 ea
1232 3380 1352 3435 quae
1373 3369 1684 3436 gesserunt,
1709 3360 1900 3432 Sergio

299 3468 454 3523 papae
507 3451 773 3507 mittenda
803 3458 857 3508 et
902 3451 1071 3507 Leoni
1116 3451 1286 3508 missa
1329 3453 1680 3524 scripserunt.
1733 3457 1804 3511 Et
1832 3451 1900 3510 de

299 3540 636 3596 restitutione
665 3540 874 3596 Ebonis
903 3557 1004 3612 per
1037 3542 1272 3596 edictum
1304 3542 1538 3598 Lotharii
1559 3544 1900 3616 imperatoris

303 3629 359 3684 in
401 3629 618 3700 scriptis
667 3629 780 3684 suis
827 3629 953 3686 ideo
999 3647 1109 3686 non
1163 3631 1446 3698 miserunt,
1495 3635 1751 3706 quoniam
1798 3635 1902 3707 ipsi

304 3717 568 3790 episcOpi,
603 3735 835 3790 quorum
863 3718 1066 3775 ibidem
1095 3720 1316 3775 nomina
1362 3721 1478 3776 sine
1523 3723 1734 3779 illorum
1767 3724 1900 3779 sub-

304 3807 689 3878 scriptionibus
746 3815 870 3863 sunt
941 3809 1213 3876 adnotata,
1293 3809 1469 3866 eidem
1541 3813 1901 3886 qualicunque

301 3895 628 3951 restitutioni
687 3912 748 3952 se
799 3913 910 3952 non
966 3897 1274 3954 interfuisse
1331 3899 1598 3969 dixerunt,
1659 3902 1796 3958 sicut
1850 3910 1903 3957 et

304 3985 583 4040 Balhadus
629 3986 794 4040 modo
833 3986 889 4040 in
917 3987 1128 4057 synodo
1175 3987 1316 4059 apud
1359 3989 1556 4044 Trecas
1604 3990 1754 4046 dixit.
1803 3991 1903 4046 Est

304 4073 483 4141 etiam,
519 4074 775 4146 quoniam
807 4083 860 4130 et
889 4091 921 4130 a
951 4075 1146 4148 Sergio
1174 4084 1298 4147 post
1327 4079 1578 4134 eamdem
1607 4080 1902 4134 restitutio-

303 4178 428 4218 nem
505 4163 865 4220 damnationis
939 4165 1262 4220 sententiam
1333 4167 1387 4221 in
1461 4184 1582 4222 eum
1633 4167 1902 4239 prolatam

305 4251 578 4325 legerunt,
627 4252 763 4308 sicut
811 4253 983 4310 codex
1029 4253 1376 4326 episcopalis,
1413 4263 1464 4311 et
1494 4255 1686 4312 littera:
1716 4257 1903 4312 domni

303 4341 592 4412 apostolici
621 4358 722 4412 per
749 4341 1036 4413 Egilonem
1065 4343 1224 4398 nobis
1273 4343 1456 4399 missae
1503 4345 1898 4400 demonstrant.

308 4431 414 4486 Sed
435 4439 490 4486 et
513 4430 582 4486 de
605 4430 795 4486 charta
808 4431 1298 4506 transmigrationis
1310 4433 1378 4488 ad
1392 4432 1553 4488 aliam
1565 4433 1900 4504 parochiam,
1931 4433 1984 4494 D

305 4533 336 4574 a
367 4519 641 4592 Gregorio
669 4535 813 4592 papa
840 4521 1065 4592 praefato
1086 4522 1265 4578 Eboni
1310 4521 1468 4593 facta,
1500 4522 1632 4578 nihil
1661 4523 1716 4578 in
1759 4540 1902 4597 prae-

303 4608 459 4664 dictis
517 4624 709 4665 eorum
767 4610 982 4682 scriptis
1039 4611 1286 4680 habetur,
1364 4612 1620 4684 quoniam
1676 4613 1728 4668 in
1788 4613 1904 4668 istis

304 4697 506 4755 nostris
554 4698 868 4771 regionibus
910 4707 1070 4757 antea
1111 4700 1226 4756 visa
1270 4717 1380 4757 non
1425 4700 1541 4772 fuit,
1585 4701 1689 4758 nisi
1718 4703 1900 4768 modo,

305 4802 430 4843 cnm
461 4787 694 4844 dilectus
725 4787 892 4844 frater
921 4797 1106 4846 noster
1125 4789 1388 4845 Vulfadus
1410 4791 1554 4862 apud
1569 4791 1766 4848 Trecas
1787 4808 1906 4848 eam

302 4876 461 4932 nobis
491 4877 729 4932 ostendit
755 4893 766 4932 :
791 4895 914 4948 quae
943 4887 1122 4934 utrum
1153 4893 1186 4934 a
1215 4879 1506 4953 Gregorio,
1539 4880 1625 4937 cui
1642 4881 1905 4937 successit

302 4963 550 5039 Sergius,
582 4965 710 5021 data
739 4965 900 5022 fuerit
925 4983 994 5022 an
1025 4984 1155 5034 non,
1190 4985 1254 5024 ex
1287 4969 1484 5025 scrinio
1527 4978 1728 5027 sanctae
1759 4970 1905 5026 sedis

303 5053 566 5112 Romana:
577 5063 636 5110 ut
651 5056 924 5112 credimus
941 5057 1068 5113 sciri
1081 5057 1298 5114 valebit.
1319 5057 1672 5115 Ordinatores
1691 5077 1905 5133 quoque

301 5143 408 5198 mei
437 5143 764 5200 Rhemensis
792 5145 1084 5216 provinciae
1111 5145 1446 5221 suﬁ'raganei
1477 5149 1737 5222 episcOpi,
1759 5167 1904 5222 saepe

303 5233 531 5302 passim,
549 5233 648 5289 sed
669 5241 720 5289 et
742 5233 794 5288 in
809 5234 1020 5306 synodo
1038 5235 1273 5308 professi
1290 5236 1692 5295 fuerunteidem
1706 5239 1902 5307 Eboni,

305 5336 412 5378 non
443 5321 878 5380 communicasse
906 5323 962 5379 in
990 5324 1075 5379 his
1103 5326 1248 5380 unde
1277 5324 1450 5381 fuerat
1479 5328 1906 5385 excommunica-
1977 5335 1981 5339 '

305 5415 409 5479 tus,
440 5410 548 5466 nisi
597 5411 760 5468 modo
805 5411 975 5468 frater
1021 5413 1316 5483 Rothadus,
1350 5421 1405 5469 ut
1437 5414 1655 5486 quidam
1691 5424 1900 5488 putant,

305 5521 469 5566 causa
499 5525 634 5582 erga
662 5526 751 5568 me
779 5509 900 5580 zeli,
933 5510 1027 5582 qui
1055 5512 1308 5570 eumdem
1336 5512 1582 5568 Ebonem
1605 5512 1898 5585 damnavit,

1712 216 2090 274 EPISTOLIE.

1918 347 1976 407 Α
1995 350 2048 399 et
2073 359 2162 399 me
2192 342 2376 417 elegit,
2411 359 2476 400 ac
2505 359 2631 400 cum
2659 345 2868 400 caeteris
2897 344 3168 418 episcopis
3211 346 3504 416 ordinavit,
3538 357 3592 404 et

3481 226 3588 282 258

1993 431 2086 504 qui
2111 422 2306 489 dicitur
2331 432 2513 489 dicere
2542 433 2688 506 quod
2717 433 2938 506 quidam
2969 435 3208 508 episcopi
3228 451 3262 492 a
3291 437 3586 508 saepedicto

1991 519 2184 575 Ebone
2213 520 2444 576 annulos
2473 529 2526 576 et
2555 521 2779 576 baculos
2822 521 3151 593 acceperint,
3182 539 3308 579 cum
3339 523 3586 596 quadam

1993 609 2235 680 synodus
2282 609 2562 666 Gallicana
2619 627 2739 682 quas
2783 610 3037 666 Toletana
3093 619 3318 668 vocatur
3371 613 3519 670 dicat
3572 631 3585 668 :

1991 697 2316 768 Episc0pus,
2357 699 2660 770 presbyter,
2692 706 2782 755 aut
2831 699 3110 769 diaconus,
3144 699 3191 754 si
3220 715 3253 754 a
3283 701 3459 772 gradu
3489 717 3588 758 suo

1991 785 2190 856 injuste
2217 785 2462 856 dejectus
2490 787 2546 842 in
2575 787 2818 844 secunda
2834 789 3046 859 synodo
3065 789 3327 845 innocens
3349 789 3593 861 reperia-

1993 881 2098 940 tur,
2128 890 2236 931 non
2267 883 2444 948 potest
2464 892 2586 932 esse
2608 877 2755 948 quod
2775 877 2967 947 fuerat,
2990 877 3095 932 nisi
3124 877 3326 948 gradus
3357 879 3594 934 amissos

1993 962 2238 1036 recipiat,
2273 965 2524 1036 quoniam
2555 981 2742 1020 coram
2773 965 2963 1021 altario
2993 966 3062 1021 de
3092 982 3257 1022 manu
3297 966 3589 1038 episcopo-

1993 1069 2133 1119 rum,
2165 1052 2212 1108 si
2244 1053 2532 1126 episcopus
2561 1061 2662 1123 est,
2687 1054 2942 1121 orarium,
2965 1055 3222 1110 annulum
3245 1064 3298 1110 et
3315 1055 3590 1123 baculum,

1995 1148 2048 1196 et
2077 1141 2156 1198 sic
2183 1141 2402 1196 demum
2423 1141 2492 1196 de
2513 1141 2740 1214 reliquis
2759 1142 3108 1214 persequitur
3127 1143 3412 1217 gradibus.
3437 1143 3592 1201 Unde

1994 1238 2206 1286 constat
2251 1231 2378 1302 quia
2423 1231 2598 1288 isdem
2644 1231 2764 1286 Ebo
2811 1232 3074 1302 dejectus,
3127 1233 3425 1288 secundum
3455 1233 3592 1289 hanc

1993 1318 2452 1386 constitutionem,
2517 1320 2587 1375 ab
2630 1320 2900 1392 episcopis
2941 1321 3200 1376 annulum
3245 1329 3297 1377 et
3339 1321 3593 1378 baculum

1993 1407 2260 1479 accipere,
2307 1415 2358 1462 et
2399 1424 2510 1463 non
2552 1407 2822 1479 episcopis
2869 1409 2996 1464 dare
3045 1409 3328 1464 debuerat.
3370 1411 3438 1464 Et
3467 1409 3594 1482 quia

1995 1496 2274 1567 Scriptura
2294 1495 2422 1552 dicit
2447 1514 2460 1550 :
2484 1497 2524 1551 A
2546 1498 2682 1565 ﬁliis
2704 1499 2818 1553 tuis
2834 1513 2986 1563 cave,
3007 1501 3065 1552 et
3081 1516 3112 1554 a
3133 1498 3454 1555 domesticis
3477 1499 3599 1555 tuis

1993 1585 2224 1640 attende
2245 1585 2440 1657 (Eccli.
2462 1599 2648 1652 xxxu,
2671 1585 2782 1657 28),
2807 1594 2859 1641 et
2875 1586 3248 1658 unusquisque
3270 1603 3330 1642 se
3359 1602 3389 1640 a
3408 1586 3596 1658 proxi-

1995 1689 2084 1728 mo
2117 1689 2216 1728 suo
2257 1673 2543 1740 custodiat,
2576 1681 2630 1729 et
2657 1674 2711 1728 in
2739 1674 2886 1729 omni
2915 1673 3080 1730 fratre
3118 1691 3218 1730 suo
3257 1691 3368 1730 non
3395 1675 3596 1730 habeat

1995 1760 2280 1828 ﬁduciam;
2313 1769 2365 1816 et
2399 1763 2624 1818 inimici
2653 1762 2896 1818 hominis
2935 1762 3226 1818 domestici
3251 1765 3373 1834 ejus
3405 1763 3592 1834 (Mich.

1998 1865 2096 1920 vn,
2129 1849 2204 1921 6),
2237 1866 2342 1922 ego
2368 1867 2466 1922 per
2492 1850 2720 1906 missum
2761 1867 2938 1906 meum
2985 1851 3318 1922 exemplaria
3357 1852 3592 1923 scripto-

1995 1956 2118 1994 rum
2147 1956 2322 2011 nuper
2350 1939 2406 1993 in
2437 1939 2646 2012 synodo
2693 1940 2838 2011 apud
2867 1939 3069 1996 Trecas
3118 1939 3378 1996 factorum
3407 1939 3592 1996 mitte-

1997 2044 2136 2098 rem,
2168 2045 2236 2084 ne
2267 2027 2404 2083 forte
2435 2028 2506 2083 ab
2533 2027 2722 2083 amicis
2750 2029 2907 2095 meis,
2939 2045 3168 2100 quorum
3197 2027 3594 2086 infestationem

1997 2117 2192 2189 patior,
2227 2117 2405 2190 aliqua
2444 2116 2689 2173 fortassis
2737 2133 2870 2189 erga
2897 2133 2985 2172 me
3014 2118 3069 2172 in
3103 2117 3183 2172 eis
3213 2118 3594 2190 compilentur,

1997 2205 2044 2260 si
2073 2206 2264 2272 solide,
2317 2214 2540 2278 pr0pter
2587 2206 2946 2278 quorumdam
2992 2207 3297 2279 principum
3345 2223 3481 2282 erga
3507 2223 3597 2262 me

2000 2294 2437 2363 commotionem,
2465 2294 2662 2366 quibus
2683 2295 2755 2351 ad
2771 2310 2871 2350 sua
2889 2303 3014 2350 vota
3028 2295 3249 2366 placere
3271 2311 3379 2350 non
3395 2296 3592 2363 audeo,

2001 2383 2137 2440 sicut
2164 2383 2253 2439 hic
2283 2383 2537 2455 praefatus
2567 2383 2899 2440 venerabilis
2931 2392 2984 2439 et
3013 2383 3382 2440 consacerdos
3411 2392 3598 2439 noster

2000 2472 2155 2528 vobis
2185 2472 2308 2529 viva
2335 2487 2470 2528 voce
2501 2471 2683 2528 dicere
2709 2480 2907 2542 potest,
2941 2471 3196 2528 valerem.
3230 2472 3311 2528 De
3341 2488 3448 2544 quo
3467 2475 3598 2528 cha-

2000 2560 2218 2616 rissimo
2250 2567 2302 2616 et
2330 2559 2594 2616 ﬁdissimo
2621 2559 2810 2616 fratre.
2845 2568 2896 2616 et
2924 2559 3216 2616 venerabili
3246 2576 3312 2618 ac
3341 2559 3597 2632 prudenti

2003 2649 2283 2721 episcopo,
2296 2657 2530 2706 vcstram
2545 2658 2672 2722 peto
2683 2648 2958 2704 indubiam
2975 2650 3308 2716 charitatem,
3325 2657 3382 2705 ut
3393 2651 3596 2706 domno

2001 2739 2320 2810 apostolico,
2354 2747 2408 2794 et
2435 2738 2578 2811 patri
2609 2747 2798 2794 nostro
2827 2739 3076 2805 Arsenio,
3111 2746 3164 2794 et
3191 2739 3400 2796 caeteris
3433 2738 3596 2794 fami-

2003 2827 2229 2883 liaribus
2258 2828 2452 2883 vestris
2481 2844 2605 2884 eum
2635 2827 3045 2897 commendetis,
3080 2835 3134 2884 et
3158 2828 3273 2898 ejus
3303 2827 3598 2884 necessita-

2003 2916 2148 2972 tibus
2191 2925 2354 2988 atque
2401 2917 2809 2972 rationabilibus
2862 2916 3212 2989 petitionibus
3253 2933 3352 2988 pro
3394 2916 3598 2974 viribus

2007 3006 2365 3062 concurratis.
2397 3007 2466 3061 Et
2495 3007 2770 3078 quoniam,
2815 3006 3029 3078 quando
3052 3005 3122 3060 ad
3151 3006 3417 3078 synodum
3449 3007 3596 3077 apud

1931 3074 2198 3150 CTrecas
2230 3093 2374 3160 veni,
2407 3074 2529 3148 non
2546 3093 2730 3164 putavi
2759 3074 2882 3148 eum
2912 3110 3032 3148 cum
3057 3074 3327 3166 legatione
3349 3074 3597 3166 synodali

2001 3199 2066 3237 ex
2097 3182 2216 3254 ipsa
2244 3181 2453 3254 synodo
2472 3183 2700 3238 Romam
2719 3182 2940 3251 iturum,
2975 3182 3104 3236 talia
3124 3182 3212 3238 vel
3230 3182 3306 3238 ita
3326 3181 3599 3256 condigna

2001 3271 2192 3326 exenia
2229 3287 2444 3327 mecum
2492 3286 2601 3328 non
2632 3269 2804 3338 attuli,
2851 3278 2910 3326 ut
2955 3271 3156 3326 domno
3194 3270 3511 3343 apostolico,
3546 3281 3604 3328 et

2001 3359 2284 3416 carissimo
2312 3359 2460 3415 Patri
2490 3368 2680 3416 nostro
2726 3359 2978 3428 Arsenio,
3012 3375 3076 3416 ac
3124 3359 3276 3416 vobis
3325 3359 3598 3433 condigne

2000 3448 2212 3504 mittere
2265 3464 2523 3520 possem;
2585 3457 2636 3504 et
2690 3457 2814 3520 post
2871 3449 3140 3521 synodum
3194 3449 3263 3504 ad
3321 3449 3598 3506 civitatem

2000 3546 2244 3594 nostram
2297 3536 2544 3593 inﬁrmus
2602 3553 2893 3594 remanens
2937 3536 2991 3592 in
3048 3537 3278 3610 quadam
3335 3537 3602 3594 Ecclesiae

2001 3634 2201 3682 nostrae
2231 3625 2436 3693 villula,
2469 3625 2648 3682 redire
2695 3634 2818 3681 ante
2861 3625 3253 3698 profectionem
3297 3625 3442 3681 illius
3490 3635 3599 3682 non

2000 3714 2170 3786 potui,
2217 3731 2287 3770 ne
2337 3715 2392 3770 in
2437 3722 2607 3770 totum
2661 3730 2759 3772 vos
2814 3714 3293 3787 quantulacunque
3367 3715 3598 3772 benedi-

2003 3803 2276 3860 ctiuncula
2303 3803 2520 3859 visitare
2550 3803 2899 3872 dimitterem,
2931 3820 3033 3876 pro
3064 3811 3266 3860 nostrae
3291 3804 3602 3876 exiguitatis

2001 3892 2264 3948 memoria
2301 3893 2454 3948 mitto
2483 3892 2637 3949 vobis
2679 3909 2780 3964 per
2819 3910 2943 3950 eum
2991 3909 3246 3950 crusnam
3273 3893 3342 3949 de
3369 3893 3602 3965 pellibus

2002 3981 2186 4047 variis,
2238 3997 2363 4038 cum
2409 3997 2588 4053 panno
2636 3982 2914 4038 coloribus
2957 3983 3126 4051 vario,
3171 3999 3343 4054 qua...
3383 3983 3595 4039 Cretera

2003 4087 2286 4142 perpauca
2315 4071 2539 4126 desunt.

2480 4211 2820 4268 EPISTOLA
2857 4213 3118 4270 XXXIX.

2191 4325 2263 4366 AD
2302 4326 2520 4368 CLBBUM
2557 4326 2627 4366 ΕΤ
2664 4326 2880 4369 ΡῙιΕΒΕΙ
2917 4325 3412 4372 ΒΕιιΑνΑοΕΝεΕΜ.

2456 4421 2565 4477 Pro
2603 4418 2844 4493 episcopi
2873 4421 3140 4478 elatione.

2421 4534 2509 4591 (Ex
2527 4536 2648 4590 Act,
2679 4546 2821 4594 prop.
2843 4537 2965 4584 eccl.
2995 4537 3185 4594 Rheni.)

2076 4631 2404 4688 Hmcuxnus
2426 4642 2625 4691 sanctae
2645 4636 2963 4708 metropolis
2984 4634 3249 4692 Ecclesiae
3268 4635 3601 4692 Rhemorum

2004 4719 2314 4792 episc0pus,
2348 4738 2414 4778 ac
2451 4723 2626 4794 plebis
2669 4725 2767 4780 Dei
2814 4723 3066 4793 famulus,
3111 4724 3257 4779 clero
3287 4733 3340 4780 et
3369 4725 3518 4796 plebi
3546 4727 3601 4782 in

2001 4809 2268 4882 parochia
2297 4811 2615 4869 Belvacensi
2646 4811 2980 4868 consistenti.

2077 4898 2215 4966 Quia
2244 4899 2501 4957 defuncto
2529 4900 2746 4965 dilecto,
2780 4899 2868 4954 vel
2900 4899 3218 4969 venerabili,
3241 4903 3512 4960 confratre
3539 4919 3605 4960 ac

2005 4988 2292 5044 sacerdote
2323 4998 2531 5054 nostro,
2572 4997 2721 5059 patre
2750 4986 3002 5043 videlicet
3045 5005 3110 5046 ac
3153 5000 3371 5062 pastore
3421 5001 3603 5049 vestro

2005 5076 2219 5145 Odone,
2267 5078 2530 5134 electione
2579 5075 2838 5132 canonica
2877 5092 2908 5132 a
2953 5078 3173 5137 domino
3226 5089 3412 5138 nostro
3471 5098 3604 5156 rege

2003 5165 2162 5222 vobis
2192 5166 2352 5222 solita.
2381 5165 2714 5238 benignitate
2744 5181 3026 5238 concessa,
3057 5185 3288 5227 necesse
3316 5170 3420 5227 erit
3449 5179 3508 5228 ut
3535 5171 3606 5226 de

2005 5255 2260 5328 eligendo
2291 5265 2452 5327 atque
2482 5253 2858 5313 constituendo
2900 5258 3056 5314 vobis
3099 5267 3334 5331 pastore,
3380 5261 3470 5317 vel
3497 5260 3602 5316 do-

2006 5352 2154 5400 ctore
2169 5353 2330 5415 atque
2350 5351 2579 5412 rectore,
2607 5346 2909 5402 secundum
2931 5347 3332 5406 ecclesiasticas
3356 5348 3603 5422 regulas,

2003 5431 2142 5487 votis
2173 5431 2375 5487 nostris
2405 5431 2460 5486 in
2488 5449 2656 5488 unum
2692 5435 2923 5492 Domino
2952 5437 3225 5493 mediante
3275 5437 3603 5494 convenien-

2003 5519 2166 5589 tibus,
2199 5519 2499 5593 praemissis
2521 5521 2740 5593 jejuniis
2769 5533 2823 5583 et
2850 5525 3160 5584 litaniarum
3202 5525 3602 5584 obsecrationi-
