  <div class='ocr_page' id='page_1' title='image "/cluster/home/n/w/nwhite01/storage/ocr_20150623/126/umn.31951002477419r/163.png"; bbox 0 0 4072 6302; ppageno 0'>
   <div class='ocr_carea' id='block_1_1' title="bbox 507 202 614 258">
    <p class='ocr_par' dir='ltr' id='par_1_1' title="bbox 507 202 614 258">
     <span class='ocr_line' id='line_1_1' title="bbox 507 202 614 258; baseline -0.019 0"><span class='ocrx_word' id='word_1_1' title='bbox 507 202 614 258; x_wconf 74' lang='lat'>259</span> 
     </span>
    </p>
   </div>
   <div class='ocr_carea' id='block_1_2' title="bbox 1572 193 2938 253">
    <p class='ocr_par' dir='ltr' id='par_1_2' title="bbox 1572 193 2938 253">
     <span class='ocr_line' id='line_1_2' title="bbox 1572 193 2938 253; baseline 0 -1"><span class='ocrx_word' id='word_1_2' title='bbox 1572 193 1914 252; x_wconf 84' lang='lat' dir='ltr'>HINCMARI</span> <span class='ocrx_word' id='word_1_3' title='bbox 1949 193 2350 251; x_wconf 72' lang='lat' dir='ltr'><strong>RHEMENSIS</strong></span> <span class='ocrx_word' id='word_1_4' title='bbox 2387 193 2938 253; x_wconf 73' lang='lat' dir='ltr'>ARCHIEPISCOPI.</span> 
     </span>
    </p>
   </div>
   <div class='ocr_carea' id='block_1_3' title="bbox 3701 198 3816 252">
    <p class='ocr_par' dir='ltr' id='par_1_3' title="bbox 3701 198 3816 252">
     <span class='ocr_line' id='line_1_3' title="bbox 3701 198 3816 252; baseline -0.017 0"><span class='ocrx_word' id='word_1_5' title='bbox 3701 198 3816 252; x_wconf 78' lang='lat'>260</span> 
     </span>
    </p>
   </div>
   <div class='ocr_carea' id='block_1_4' title="bbox 509 317 3818 393">
    <p class='ocr_par' dir='ltr' id='par_1_4' title="bbox 509 317 3818 393">
     <span class='ocr_line' id='line_1_4' title="bbox 509 317 3818 393; baseline -0.001 -17"><span class='ocrx_word' id='word_1_6' title='bbox 509 321 636 390; x_wconf 89' lang='lat' dir='ltr'>bus,</span> <span class='ocrx_word' id='word_1_7' title='bbox 669 329 906 378; x_wconf 90' lang='lat' dir='ltr'>tractare</span> <span class='ocrx_word' id='word_1_8' title='bbox 935 320 1256 393; x_wconf 78' lang='lat' dir='ltr'>quantocius</span> <span class='ocrx_word' id='word_1_9' title='bbox 1281 319 1568 376; x_wconf 80' lang='lat' dir='ltr'>maturatis</span> <span class='ocrx_word' id='word_1_10' title='bbox 1601 336 1612 375; x_wconf 95' lang='lat'>:</span> <span class='ocrx_word' id='word_1_11' title='bbox 1645 327 1700 375; x_wconf 91' lang='lat' dir='ltr'>et</span> <span class='ocrx_word' id='word_1_12' title='bbox 1727 327 1952 376; x_wconf 87' lang='lat' dir='ltr'>exorato</span> <span class='ocrx_word' id='word_1_13' title='bbox 1980 335 2048 374; x_wconf 93' lang='lat' dir='ltr'>eo</span> <span class='ocrx_word' id='word_1_14' title='bbox 2076 335 2108 373; x_wconf 87' lang='lat' dir='ltr'>a</span> <span class='ocrx_word' id='word_1_15' title='bbox 2134 318 2192 380; x_wconf 89' lang='lat' dir='ltr'><strong>A</strong></span> <span class='ocrx_word' id='word_1_16' title='bbox 2213 335 2322 374; x_wconf 90' lang='lat' dir='ltr'>non</span> <span class='ocrx_word' id='word_1_17' title='bbox 2349 319 2418 375; x_wconf 92' lang='lat' dir='ltr'>de</span> <span class='ocrx_word' id='word_1_18' title='bbox 2447 319 2699 376; x_wconf 89' lang='lat' dir='ltr'>omnibus</span> <span class='ocrx_word' id='word_1_19' title='bbox 2747 319 2818 376; x_wconf 97' lang='lat' dir='ltr'>sit</span> <span class='ocrx_word' id='word_1_20' title='bbox 2843 317 3002 376; x_wconf 82' lang='lat' dir='ltr'>laicis</span> <span class='ocrx_word' id='word_1_21' title='bbox 3030 317 3398 375; x_wconf 90' lang='lat' dir='ltr'>constitutum.</span> <span class='ocrx_word' id='word_1_22' title='bbox 3443 318 3636 390; x_wconf 87' lang='lat' dir='ltr'>Neque</span> <span class='ocrx_word' id='word_1_23' title='bbox 3663 317 3818 374; x_wconf 90' lang='lat' dir='ltr'>enim</span> 
     </span>
    </p>
   </div>
   <div class='ocr_carea' id='block_1_5' title="bbox 513 408 2112 482">
    <p class='ocr_par' dir='ltr' id='par_1_5' title="bbox 513 408 2112 482">
     <span class='ocr_line' id='line_1_5' title="bbox 513 408 2112 482; baseline -0.002 -18"><span class='ocrx_word' id='word_1_24' title='bbox 513 425 621 482; x_wconf 92' lang='lat' dir='ltr'>quo</span> <span class='ocrx_word' id='word_1_25' title='bbox 651 417 736 465; x_wconf 92' lang='lat' dir='ltr'>est</span> <span class='ocrx_word' id='word_1_26' title='bbox 763 425 924 466; x_wconf 90' lang='lat' dir='ltr'>omne</span> <span class='ocrx_word' id='word_1_27' title='bbox 953 410 1142 465; x_wconf 90' lang='lat' dir='ltr'>datum</span> <span class='ocrx_word' id='word_1_28' title='bbox 1173 409 1464 480; x_wconf 91' lang='lat' dir='ltr'>optimum,</span> <span class='ocrx_word' id='word_1_29' title='bbox 1490 417 1544 464; x_wconf 89' lang='lat' dir='ltr'>et</span> <span class='ocrx_word' id='word_1_30' title='bbox 1574 424 1736 464; x_wconf 92' lang='lat' dir='ltr'>omne</span> <span class='ocrx_word' id='word_1_31' title='bbox 1763 408 1970 464; x_wconf 88' lang='lat' dir='ltr'>donum</span> <span class='ocrx_word' id='word_1_32' title='bbox 1990 424 2112 478; x_wconf 91' lang='lat' dir='ltr'>per-</span> 
     </span>
    </p>
   </div>
   <div class='ocr_carea' id='block_1_6' title="bbox 509 497 2110 571">
    <p class='ocr_par' dir='ltr' id='par_1_6' title="bbox 509 497 2110 571">
     <span class='ocr_line' id='line_1_6' title="bbox 509 497 2110 571; baseline -0.002 -17"><span class='ocrx_word' id='word_1_33' title='bbox 509 497 728 568; x_wconf 90' lang='lat' dir='ltr'>fectum,</span> <span class='ocrx_word' id='word_1_34' title='bbox 763 498 966 571; x_wconf 87' lang='lat' dir='ltr'>quique</span> <span class='ocrx_word' id='word_1_35' title='bbox 995 498 1124 554; x_wconf 83' lang='lat' dir='ltr'>facit</span> <span class='ocrx_word' id='word_1_36' title='bbox 1150 498 1436 554; x_wconf 85' lang='lat' dir='ltr'>unanimes</span> <span class='ocrx_word' id='word_1_37' title='bbox 1471 498 1714 553; x_wconf 90' lang='lat' dir='ltr'>habitare</span> <span class='ocrx_word' id='word_1_38' title='bbox 1745 497 1799 551; x_wconf 92' lang='lat' dir='ltr'>in</span> <span class='ocrx_word' id='word_1_39' title='bbox 1820 497 2005 563; x_wconf 93' lang='lat' dir='ltr'>domo,</span> <span class='ocrx_word' id='word_1_40' title='bbox 2037 497 2110 550; x_wconf 88' lang='lat' dir='ltr'>ita</span> 
     </span>
    </p>
   </div>
   <div class='ocr_carea' id='block_1_7' title="bbox 510 585 2110 657">
    <p class='ocr_par' dir='ltr' id='par_1_7' title="bbox 510 585 2110 657">
     <span class='ocr_line' id='line_1_7' title="bbox 510 585 2110 657; baseline -0.002 -15"><span class='ocrx_word' id='word_1_41' title='bbox 510 603 610 643; x_wconf 91' lang='lat' dir='ltr'>vos</span> <span class='ocrx_word' id='word_1_42' title='bbox 639 603 762 644; x_wconf 92' lang='lat' dir='ltr'>cum</span> <span class='ocrx_word' id='word_1_43' title='bbox 793 588 985 642; x_wconf 89' lang='lat' dir='ltr'>studiis</span> <span class='ocrx_word' id='word_1_44' title='bbox 1031 588 1194 657; x_wconf 85' lang='lat' dir='ltr'>hujus</span> <span class='ocrx_word' id='word_1_45' title='bbox 1234 587 1532 643; x_wconf 83' lang='lat' dir='ltr'>venerandi</span> <span class='ocrx_word' id='word_1_46' title='bbox 1579 586 1792 656; x_wconf 52' lang='lat' dir='ltr'>fratrisk</span> <span class='ocrx_word' id='word_1_47' title='bbox 1809 601 1875 642; x_wconf 91' lang='lat' dir='ltr'>ac</span> <span class='ocrx_word' id='word_1_48' title='bbox 1920 585 2110 656; x_wconf 91' lang='lat' dir='ltr'>coepi-</span> 
     </span>
    </p>
   </div>
   <div class='ocr_carea' id='block_1_8' title="bbox 511 673 2108 748">
    <p class='ocr_par' dir='ltr' id='par_1_8' title="bbox 511 673 2108 748">
     <span class='ocr_line' id='line_1_8' title="bbox 511 673 2108 748; baseline -0.003 -16"><span class='ocrx_word' id='word_1_49' title='bbox 511 675 665 748; x_wconf 80' lang='lat' dir='ltr'>sc&#39;opi</span> <span class='ocrx_word' id='word_1_50' title='bbox 692 676 866 731; x_wconf 93' lang='lat' dir='ltr'>nostri</span> <span class='ocrx_word' id='word_1_51' title='bbox 897 685 942 743; x_wconf 70' lang='grc'>⁸,</span> <span class='ocrx_word' id='word_1_52' title='bbox 989 677 1078 732; x_wconf 93' lang='lat' dir='ltr'>cui</span> <span class='ocrx_word' id='word_1_53' title='bbox 1109 677 1410 732; x_wconf 90' lang='lat' dir='ltr'>secundum</span> <span class='ocrx_word' id='word_1_54' title='bbox 1457 675 1850 730; x_wconf 80' lang='lat' dir='ltr'>institutionem</span> <span class='ocrx_word' id='word_1_55' title='bbox 1879 673 2108 730; x_wconf 89' lang='lat' dir='ltr'>canoni-</span> 
     </span>
    </p>
   </div>
   <div class='ocr_carea' id='block_1_9' title="bbox 511 759 2110 833">
    <p class='ocr_par' dir='ltr' id='par_1_9' title="bbox 511 759 2110 833">
     <span class='ocr_line' id='line_1_9' title="bbox 511 759 2110 833; baseline -0.004 -13"><span class='ocrx_word' id='word_1_56' title='bbox 511 779 636 820; x_wconf 86' lang='lat' dir='ltr'>cam</span> <span class='ocrx_word' id='word_1_57' title='bbox 661 765 958 821; x_wconf 89' lang='lat' dir='ltr'>visitatoris</span> <span class='ocrx_word' id='word_1_58' title='bbox 986 765 1220 820; x_wconf 77' lang='lat' dir='ltr'>oﬁicium</span> <span class='ocrx_word' id='word_1_59' title='bbox 1249 765 1306 819; x_wconf 93' lang='lat' dir='ltr'>in</span> <span class='ocrx_word' id='word_1_60' title='bbox 1333 763 1602 831; x_wconf 85' lang='lat' dir='ltr'>Ecclesia,</span> <span class='ocrx_word' id='word_1_61' title='bbox 1635 763 1790 833; x_wconf 87' lang='lat' dir='ltr'>cujus</span> <span class='ocrx_word' id='word_1_62' title='bbox 1811 778 2000 819; x_wconf 89' lang='lat' dir='ltr'>amore</span> <span class='ocrx_word' id='word_1_63' title='bbox 2021 759 2110 816; x_wconf 87' lang='lat' dir='ltr'>vel</span> 
     </span>
    </p>
   </div>
   <div class='ocr_carea' id='block_1_10' title="bbox 511 849 2112 926">
    <p class='ocr_par' dir='ltr' id='par_1_10' title="bbox 511 849 2112 926">
     <span class='ocr_line' id='line_1_10' title="bbox 511 849 2112 926; baseline -0.004 -17"><span class='ocrx_word' id='word_1_64' title='bbox 511 853 704 926; x_wconf 84' lang='lat' dir='ltr'>vigore</span> <span class='ocrx_word' id='word_1_65' title='bbox 733 852 1011 920; x_wconf 89' lang='lat' dir='ltr'>fovemini,</span> <span class='ocrx_word' id='word_1_66' title='bbox 1044 853 1442 926; x_wconf 90' lang='lat' dir='ltr'>delegavimus,</span> <span class='ocrx_word' id='word_1_67' title='bbox 1475 853 1530 906; x_wconf 92' lang='lat' dir='ltr'>in</span> <span class='ocrx_word' id='word_1_68' title='bbox 1559 851 1824 908; x_wconf 88' lang='lat' dir='ltr'>electione</span> <span class='ocrx_word' id='word_1_69' title='bbox 1869 849 2112 922; x_wconf 80' lang='lat' dir='ltr'>regulari</span> 
     </span>
    </p>
   </div>
   <div class='ocr_carea' id='block_1_11' title="bbox 513 939 2113 1013">
    <p class='ocr_par' dir='ltr' id='par_1_11' title="bbox 513 939 2113 1013">
     <span class='ocr_line' id='line_1_11' title="bbox 513 939 2113 1013; baseline -0.004 -15"><span class='ocrx_word' id='word_1_70' title='bbox 513 943 901 1010; x_wconf 86' lang='lat' dir='ltr'>concorditer;</span> <span class='ocrx_word' id='word_1_71' title='bbox 933 950 989 998; x_wconf 89' lang='lat' dir='ltr'>ut</span> <span class='ocrx_word' id='word_1_72' title='bbox 1025 950 1248 1013; x_wconf 86' lang='lat' dir='ltr'>pastore</span> <span class='ocrx_word' id='word_1_73' title='bbox 1295 956 1393 996; x_wconf 88' lang='lat' dir='ltr'>vos</span> <span class='ocrx_word' id='word_1_74' title='bbox 1437 940 1640 995; x_wconf 84' lang='lat' dir='ltr'>diutius</span> <span class='ocrx_word' id='word_1_75' title='bbox 1687 939 1974 994; x_wconf 89' lang='lat' dir='ltr'>destitutos</span> <span class='ocrx_word' id='word_1_76' title='bbox 2002 953 2113 992; x_wconf 91' lang='lat' dir='ltr'>non</span> 
     </span>
    </p>
   </div>
   <div class='ocr_carea' id='block_1_12' title="bbox 513 1026 2111 1100">
    <p class='ocr_par' dir='ltr' id='par_1_12' title="bbox 513 1026 2111 1100">
     <span class='ocr_line' id='line_1_12' title="bbox 513 1026 2111 1100; baseline -0.004 -14"><span class='ocrx_word' id='word_1_77' title='bbox 513 1029 765 1086; x_wconf 91' lang='lat' dir='ltr'>doleatis.</span> <span class='ocrx_word' id='word_1_78' title='bbox 801 1033 881 1087; x_wconf 91' lang='lat' dir='ltr'>De</span> <span class='ocrx_word' id='word_1_79' title='bbox 910 1031 1066 1100; x_wconf 86' lang='lat' dir='ltr'>cujus</span> <span class='ocrx_word' id='word_1_80' title='bbox 1095 1029 1348 1088; x_wconf 86' lang='lat' dir='ltr'>videlicet</span> <span class='ocrx_word' id='word_1_81' title='bbox 1373 1046 1402 1084; x_wconf 90' lang='lat' dir='ltr'>a</span> <span class='ocrx_word' id='word_1_82' title='bbox 1422 1029 1579 1084; x_wconf 90' lang='lat' dir='ltr'>nobis</span> <span class='ocrx_word' id='word_1_83' title='bbox 1609 1027 1971 1084; x_wconf 91' lang='lat' dir='ltr'>consecrandi</span> <span class='ocrx_word' id='word_1_84' title='bbox 1991 1026 2111 1097; x_wconf 88' lang='lat' dir='ltr'>epi-</span> 
     </span>
    </p>
   </div>
   <div class='ocr_carea' id='block_1_13' title="bbox 515 1116 2114 1191">
    <p class='ocr_par' dir='ltr' id='par_1_13' title="bbox 515 1116 2114 1191">
     <span class='ocr_line' id='line_1_13' title="bbox 515 1116 2114 1191; baseline -0.003 -17"><span class='ocrx_word' id='word_1_85' title='bbox 515 1120 668 1190; x_wconf 90' lang='lat' dir='ltr'>scopi</span> <span class='ocrx_word' id='word_1_86' title='bbox 713 1119 998 1187; x_wconf 91' lang='lat' dir='ltr'>electione,</span> <span class='ocrx_word' id='word_1_87' title='bbox 1044 1135 1147 1191; x_wconf 88' lang='lat' dir='ltr'>pro</span> <span class='ocrx_word' id='word_1_88' title='bbox 1192 1118 1446 1189; x_wconf 88' lang='lat' dir='ltr'>imposito</span> <span class='ocrx_word' id='word_1_89' title='bbox 1493 1117 1652 1172; x_wconf 92' lang='lat' dir='ltr'>nobis</span> <span class='ocrx_word' id='word_1_90' title='bbox 1701 1116 2017 1182; x_wconf 91' lang='lat' dir='ltr'>ministerio,</span> <span class='ocrx_word' id='word_1_91' title='bbox 2060 1122 2114 1170; x_wconf 91' lang='lat' dir='ltr'>et</span> 
     </span>
    </p>
   </div>
   <div class='ocr_carea' id='block_1_14' title="bbox 513 1205 2113 1279">
    <p class='ocr_par' dir='ltr' id='par_1_14' title="bbox 513 1205 2113 1279">
     <span class='ocr_line' id='line_1_14' title="bbox 513 1205 2113 1279; baseline -0.003 -16"><span class='ocrx_word' id='word_1_92' title='bbox 513 1223 648 1264; x_wconf 92' lang='lat' dir='ltr'>cura</span> <span class='ocrx_word' id='word_1_93' title='bbox 689 1208 851 1263; x_wconf 89' lang='lat' dir='ltr'>totius</span> <span class='ocrx_word' id='word_1_94' title='bbox 899 1207 1193 1279; x_wconf 82' lang='lat' dir='ltr'>provinciae</span> <span class='ocrx_word' id='word_1_95' title='bbox 1245 1206 1546 1262; x_wconf 91' lang='lat' dir='ltr'>secundum</span> <span class='ocrx_word' id='word_1_96' title='bbox 1592 1205 1838 1278; x_wconf 67' lang='lat' dir='ltr'>mysticae</span> <span class='ocrx_word' id='word_1_97' title='bbox 1876 1205 2113 1260; x_wconf 71' lang='lat' dir='ltr'>Nicaena:</span> 
     </span>
    </p>
   </div>
   <div class='ocr_carea' id='block_1_15' title="bbox 511 1294 2112 1368">
    <p class='ocr_par' dir='ltr' id='par_1_15' title="bbox 511 1294 2112 1368">
     <span class='ocr_line' id='line_1_15' title="bbox 511 1294 2112 1368; baseline -0.004 -16"><span class='ocrx_word' id='word_1_98' title='bbox 511 1296 706 1368; x_wconf 89' lang='lat' dir='ltr'>synodi</span> <span class='ocrx_word' id='word_1_99' title='bbox 735 1312 972 1352; x_wconf 88' lang='lat' dir='ltr'>canones</span> <span class='ocrx_word' id='word_1_100' title='bbox 1001 1295 1275 1366; x_wconf 84' lang='lat' dir='ltr'>delegata,</span> <span class='ocrx_word' id='word_1_101' title='bbox 1308 1294 1634 1350; x_wconf 83' lang='lat' dir='ltr'>fraternitati</span> <span class='ocrx_word' id='word_1_102' title='bbox 1683 1301 1878 1348; x_wconf 66' lang='lat' dir='ltr'>vestrae</span> <span class='ocrx_word' id='word_1_103' title='bbox 1922 1300 2112 1347; x_wconf 88' lang='lat' dir='ltr'>aucto-</span> 
     </span>
    </p>
   </div>
   <div class='ocr_carea' id='block_1_16' title="bbox 511 1380 2110 1456">
    <p class='ocr_par' dir='ltr' id='par_1_16' title="bbox 511 1380 2110 1456">
     <span class='ocr_line' id='line_1_16' title="bbox 511 1380 2110 1456; baseline -0.003 -17"><span class='ocrx_word' id='word_1_104' title='bbox 511 1385 728 1440; x_wconf 89' lang='lat' dir='ltr'>ritatem</span> <span class='ocrx_word' id='word_1_105' title='bbox 757 1383 1013 1440; x_wconf 91' lang='lat' dir='ltr'>divinitus</span> <span class='ocrx_word' id='word_1_106' title='bbox 1057 1383 1457 1456; x_wconf 77' lang='lat' dir='ltr'>promulgatam</span> <span class='ocrx_word' id='word_1_107' title='bbox 1507 1383 1757 1438; x_wconf 90' lang='lat' dir='ltr'>intimare</span> <span class='ocrx_word' id='word_1_108' title='bbox 1787 1380 2110 1453; x_wconf 87' lang='lat' dir='ltr'>satagimus,</span> 
     </span>
    </p>
   </div>
   <div class='ocr_carea' id='block_1_17' title="bbox 513 1470 2114 1540">
    <p class='ocr_par' dir='ltr' id='par_1_17' title="bbox 513 1470 2114 1540">
     <span class='ocr_line' id='line_1_17' title="bbox 513 1470 2114 1540; baseline -0.003 -12"><span class='ocrx_word' id='word_1_109' title='bbox 513 1473 696 1528; x_wconf 90' lang='lat' dir='ltr'>Primo</span> <span class='ocrx_word' id='word_1_110' title='bbox 726 1473 948 1539; x_wconf 88' lang='lat' dir='ltr'>scilicet,</span> <span class='ocrx_word' id='word_1_111' title='bbox 983 1481 1041 1527; x_wconf 92' lang='lat' dir='ltr'>ut</span> <span class='ocrx_word' id='word_1_112' title='bbox 1070 1473 1351 1528; x_wconf 89' lang='lat' dir='ltr'>decretum</span> <span class='ocrx_word' id='word_1_113' title='bbox 1381 1472 1498 1527; x_wconf 89' lang='lat' dir='ltr'>sine</span> <span class='ocrx_word' id='word_1_114' title='bbox 1530 1470 1828 1527; x_wconf 89' lang='lat' dir='ltr'>visitatoris</span> <span class='ocrx_word' id='word_1_115' title='bbox 1865 1486 2114 1540; x_wconf 84' lang='lat' dir='ltr'>praesen-</span> 
     </span>
    </p>
   </div>
   <div class='ocr_carea' id='block_1_18' title="bbox 511 1559 2117 1630">
    <p class='ocr_par' dir='ltr' id='par_1_18' title="bbox 511 1559 2117 1630">
     <span class='ocr_line' id='line_1_18' title="bbox 511 1559 2117 1630; baseline -0.002 -14"><span class='ocrx_word' id='word_1_116' title='bbox 511 1561 584 1616; x_wconf 89' lang='lat' dir='ltr'>tia</span> <span class='ocrx_word' id='word_1_117' title='bbox 612 1577 773 1616; x_wconf 90' lang='lat' dir='ltr'>nemo</span> <span class='ocrx_word' id='word_1_118' title='bbox 811 1559 1082 1627; x_wconf 80' lang='lat' dir='ltr'>conficiat,</span> <span class='ocrx_word' id='word_1_119' title='bbox 1134 1561 1286 1630; x_wconf 85' lang='lat' dir='ltr'>cujus</span> <span class='ocrx_word' id='word_1_120' title='bbox 1329 1559 1642 1615; x_wconf 89' lang='lat' dir='ltr'>testimonio</span> <span class='ocrx_word' id='word_1_121' title='bbox 1693 1559 2019 1615; x_wconf 90' lang='lat' dir='ltr'>clericorum</span> <span class='ocrx_word' id='word_1_122' title='bbox 2051 1573 2117 1613; x_wconf 89' lang='lat' dir='ltr'>ac</span> 
     </span>
    </p>
   </div>
   <div class='ocr_carea' id='block_1_19' title="bbox 2209 405 3817 480">
    <p class='ocr_par' dir='ltr' id='par_1_19' title="bbox 2209 405 3817 480">
     <span class='ocr_line' id='line_1_19' title="bbox 2209 405 3817 480; baseline -0.001 -17"><span class='ocrx_word' id='word_1_123' title='bbox 2209 407 2396 464; x_wconf 88' lang='lat' dir='ltr'>clerici</span> <span class='ocrx_word' id='word_1_124' title='bbox 2436 409 2614 474; x_wconf 91' lang='lat' dir='ltr'>nasci,</span> <span class='ocrx_word' id='word_1_125' title='bbox 2660 416 2713 464; x_wconf 91' lang='lat' dir='ltr'>et</span> <span class='ocrx_word' id='word_1_126' title='bbox 2755 424 2866 463; x_wconf 91' lang='lat' dir='ltr'>non</span> <span class='ocrx_word' id='word_1_127' title='bbox 2907 405 3028 463; x_wconf 83' lang='lat' dir='ltr'>ﬁeri</span> <span class='ocrx_word' id='word_1_128' title='bbox 3071 413 3336 478; x_wconf 90' lang='lat' dir='ltr'>possunt;</span> <span class='ocrx_word' id='word_1_129' title='bbox 3379 407 3477 462; x_wconf 88' lang='lat' dir='ltr'>sed</span> <span class='ocrx_word' id='word_1_130' title='bbox 3517 407 3817 480; x_wconf 83' lang='lat' dir='ltr'>designata</span> 
     </span>
    </p>
   </div>
   <div class='ocr_carea' id='block_1_20' title="bbox 2209 495 3816 570">
    <p class='ocr_par' dir='ltr' id='par_1_20' title="bbox 2209 495 3816 570">
     <span class='ocr_line' id='line_1_20' title="bbox 2209 495 3816 570; baseline -0.001 -20"><span class='ocrx_word' id='word_1_131' title='bbox 2209 505 2332 551; x_wconf 90' lang='lat' dir='ltr'>sunt</span> <span class='ocrx_word' id='word_1_132' title='bbox 2363 513 2592 570; x_wconf 89' lang='lat' dir='ltr'>genera,</span> <span class='ocrx_word' id='word_1_133' title='bbox 2625 498 2694 552; x_wconf 92' lang='lat' dir='ltr'>de</span> <span class='ocrx_word' id='word_1_134' title='bbox 2725 497 2922 568; x_wconf 88' lang='lat' dir='ltr'>quibus</span> <span class='ocrx_word' id='word_1_135' title='bbox 2950 497 3022 552; x_wconf 93' lang='lat' dir='ltr'>ad</span> <span class='ocrx_word' id='word_1_136' title='bbox 3049 495 3368 552; x_wconf 87' lang='lat' dir='ltr'>clericatum</span> <span class='ocrx_word' id='word_1_137' title='bbox 3384 495 3675 566; x_wconf 82' lang='lat' dir='ltr'>pervenire</span> <span class='ocrx_word' id='word_1_138' title='bbox 3697 510 3816 550; x_wconf 89' lang='lat' dir='ltr'>non</span> 
     </span>
    </p>
   </div>
   <div class='ocr_carea' id='block_1_21' title="bbox 2209 583 3816 657">
    <p class='ocr_par' dir='ltr' id='par_1_21' title="bbox 2209 583 3816 657">
     <span class='ocr_line' id='line_1_21' title="bbox 2209 583 3816 657; baseline -0.001 -17"><span class='ocrx_word' id='word_1_139' title='bbox 2209 593 2438 656; x_wconf 91' lang='lat' dir='ltr'>possunt</span> <span class='ocrx_word' id='word_1_140' title='bbox 2470 603 2483 638; x_wconf 94' lang='lat'><strong>:</strong></span> <span class='ocrx_word' id='word_1_141' title='bbox 2517 585 2571 640; x_wconf 91' lang='lat' dir='ltr'>id</span> <span class='ocrx_word' id='word_1_142' title='bbox 2619 593 2701 641; x_wconf 91' lang='lat' dir='ltr'>est</span> <span class='ocrx_word' id='word_1_143' title='bbox 2744 585 2791 639; x_wconf 91' lang='lat' dir='ltr'>si</span> <span class='ocrx_word' id='word_1_144' title='bbox 2839 585 2961 657; x_wconf 92' lang='lat' dir='ltr'>quis</span> <span class='ocrx_word' id='word_1_145' title='bbox 2999 583 3176 640; x_wconf 85' lang='lat' dir='ltr'>ﬁdelis</span> <span class='ocrx_word' id='word_1_146' title='bbox 3221 583 3568 651; x_wconf 82' lang='lat' dir='ltr'>militaverit;</span> <span class='ocrx_word' id='word_1_147' title='bbox 3596 583 3644 638; x_wconf 90' lang='lat' dir='ltr'>si</span> <span class='ocrx_word' id='word_1_148' title='bbox 3685 583 3816 655; x_wconf 90' lang='lat' dir='ltr'>quis</span> 
     </span>
    </p>
   </div>
   <div class='ocr_carea' id='block_1_22' title="bbox 2209 671 3816 747">
    <p class='ocr_par' dir='ltr' id='par_1_22' title="bbox 2209 671 3816 747">
     <span class='ocr_line' id='line_1_22' title="bbox 2209 671 3816 747; baseline -0.001 -19"><span class='ocrx_word' id='word_1_149' title='bbox 2209 673 2387 729; x_wconf 83' lang='lat' dir='ltr'>fidelis</span> <span class='ocrx_word' id='word_1_150' title='bbox 2410 689 2606 730; x_wconf 88' lang='lat' dir='ltr'>causas</span> <span class='ocrx_word' id='word_1_151' title='bbox 2657 673 2852 747; x_wconf 88' lang='lat' dir='ltr'>egerit,</span> <span class='ocrx_word' id='word_1_152' title='bbox 2886 675 2992 730; x_wconf 92' lang='lat' dir='ltr'>hoc</span> <span class='ocrx_word' id='word_1_153' title='bbox 3020 681 3123 743; x_wconf 91' lang='lat' dir='ltr'>est,</span> <span class='ocrx_word' id='word_1_154' title='bbox 3169 672 3563 744; x_wconf 86' lang='lat' dir='ltr'>postulaverit;</span> <span class='ocrx_word' id='word_1_155' title='bbox 3595 671 3644 728; x_wconf 89' lang='lat' dir='ltr'>si</span> <span class='ocrx_word' id='word_1_156' title='bbox 3685 672 3816 744; x_wconf 88' lang='lat' dir='ltr'>quis</span> 
     </span>
    </p>
   </div>
   <div class='ocr_carea' id='block_1_23' title="bbox 2210 761 3816 834">
    <p class='ocr_par' dir='ltr' id='par_1_23' title="bbox 2210 761 3816 834">
     <span class='ocr_line' id='line_1_23' title="bbox 2210 761 3816 834; baseline -0.001 -16"><span class='ocrx_word' id='word_1_157' title='bbox 2210 761 2389 818; x_wconf 80' lang='lat' dir='ltr'>fidelis</span> <span class='ocrx_word' id='word_1_158' title='bbox 2417 763 2912 829; x_wconf 88' lang='lat' dir='ltr'>administraverit;</span> <span class='ocrx_word' id='word_1_159' title='bbox 2949 762 2996 816; x_wconf 89' lang='lat' dir='ltr'>si</span> <span class='ocrx_word' id='word_1_160' title='bbox 3024 763 3146 834; x_wconf 93' lang='lat' dir='ltr'>quis</span> <span class='ocrx_word' id='word_1_161' title='bbox 3185 761 3266 819; x_wconf 91' lang='lat' dir='ltr'>vir</span> <span class='ocrx_word' id='word_1_162' title='bbox 3294 770 3420 817; x_wconf 92' lang='lat' dir='ltr'>ante</span> <span class='ocrx_word' id='word_1_163' title='bbox 3468 761 3732 827; x_wconf 89' lang='lat' dir='ltr'>servivit;</span> <span class='ocrx_word' id='word_1_164' title='bbox 3763 761 3816 816; x_wconf 88' lang='lat' dir='ltr'>si</span> 
     </span>
    </p>
   </div>
   <div class='ocr_carea' id='block_1_24' title="bbox 2211 849 3812 924">
    <p class='ocr_par' dir='ltr' id='par_1_24' title="bbox 2211 849 3812 924">
     <span class='ocr_line' id='line_1_24' title="bbox 2211 849 3812 924; baseline -0.001 -18"><span class='ocrx_word' id='word_1_165' title='bbox 2211 852 2333 924; x_wconf 92' lang='lat' dir='ltr'>quis</span> <span class='ocrx_word' id='word_1_166' title='bbox 2361 852 2634 922; x_wconf 89' lang='lat' dir='ltr'>publicam</span> <span class='ocrx_word' id='word_1_167' title='bbox 2662 851 3038 924; x_wconf 82' lang='lat' dir='ltr'>paenitentiam</span> <span class='ocrx_word' id='word_1_168' title='bbox 3066 867 3168 922; x_wconf 91' lang='lat' dir='ltr'>pro</span> <span class='ocrx_word' id='word_1_169' title='bbox 3214 851 3390 922; x_wconf 91' lang='lat' dir='ltr'>culpis</span> <span class='ocrx_word' id='word_1_170' title='bbox 3432 849 3812 906; x_wconf 88' lang='lat' dir='ltr'>criminalibus</span> 
     </span>
    </p>
   </div>
   <div class='ocr_carea' id='block_1_25' title="bbox 2210 937 3818 1014">
    <p class='ocr_par' dir='ltr' id='par_1_25' title="bbox 2210 937 3818 1014">
     <span class='ocr_line' id='line_1_25' title="bbox 2210 937 3818 1014; baseline -0.001 -20"><span class='ocrx_word' id='word_1_171' title='bbox 2210 941 2324 1013; x_wconf 89' lang='lat' dir='ltr'>egit</span> <span class='ocrx_word' id='word_1_172' title='bbox 2346 959 2360 1007; x_wconf 91' lang='lat'>;</span> <span class='ocrx_word' id='word_1_173' title='bbox 2381 941 2426 994; x_wconf 91' lang='lat' dir='ltr'>si</span> <span class='ocrx_word' id='word_1_174' title='bbox 2455 941 2578 1012; x_wconf 92' lang='lat' dir='ltr'>quis</span> <span class='ocrx_word' id='word_1_175' title='bbox 2608 941 2884 1014; x_wconf 89' lang='lat' dir='ltr'>bigamus,</span> <span class='ocrx_word' id='word_1_176' title='bbox 2917 941 3004 996; x_wconf 87' lang='lat' dir='ltr'>vel</span> <span class='ocrx_word' id='word_1_177' title='bbox 3032 940 3258 995; x_wconf 91' lang='lat' dir='ltr'>maritus</span> <span class='ocrx_word' id='word_1_178' title='bbox 3287 939 3464 995; x_wconf 66' lang='lat' dir='ltr'>viduae</span> <span class='ocrx_word' id='word_1_179' title='bbox 3492 938 3611 1006; x_wconf 90' lang='lat' dir='ltr'>fuit,</span> <span class='ocrx_word' id='word_1_180' title='bbox 3645 937 3736 994; x_wconf 92' lang='lat' dir='ltr'>vel</span> <span class='ocrx_word' id='word_1_181' title='bbox 3768 937 3818 993; x_wconf 90' lang='lat' dir='ltr'>si</span> 
     </span>
    </p>
   </div>
   <div class='ocr_carea' id='block_1_26' title="bbox 2211 1027 3816 1100">
    <p class='ocr_par' dir='ltr' id='par_1_26' title="bbox 2211 1027 3816 1100">
     <span class='ocr_line' id='line_1_26' title="bbox 2211 1027 3816 1100; baseline -0.002 -16"><span class='ocrx_word' id='word_1_182' title='bbox 2211 1029 2588 1094; x_wconf 90' lang='lat' dir='ltr'>concubinam,</span> <span class='ocrx_word' id='word_1_183' title='bbox 2619 1029 2708 1086; x_wconf 86' lang='lat' dir='ltr'>vel</span> <span class='ocrx_word' id='word_1_184' title='bbox 2735 1029 2988 1100; x_wconf 90' lang='lat' dir='ltr'>pellicem</span> <span class='ocrx_word' id='word_1_185' title='bbox 3017 1029 3184 1084; x_wconf 90' lang='lat' dir='ltr'>novit.</span> <span class='ocrx_word' id='word_1_186' title='bbox 3219 1029 3421 1084; x_wconf 86' lang='lat' dir='ltr'>Cavete</span> <span class='ocrx_word' id='word_1_187' title='bbox 3457 1027 3816 1083; x_wconf 87' lang='lat' dir='ltr'>nihilominus</span> 
     </span>
    </p>
   </div>
   <div class='ocr_carea' id='block_1_27' title="bbox 2210 1118 3815 1188">
    <p class='ocr_par' dir='ltr' id='par_1_27' title="bbox 2210 1118 3815 1188">
     <span class='ocr_line' id='line_1_27' title="bbox 2210 1118 3815 1188; baseline -0.001 -16"><span class='ocrx_word' id='word_1_188' title='bbox 2210 1135 2278 1172; x_wconf 91' lang='lat' dir='ltr'>ne</span> <span class='ocrx_word' id='word_1_189' title='bbox 2308 1119 2664 1184; x_wconf 89' lang='lat' dir='ltr'>illitteratum,</span> <span class='ocrx_word' id='word_1_190' title='bbox 2715 1119 2801 1173; x_wconf 85' lang='lat' dir='ltr'>vel</span> <span class='ocrx_word' id='word_1_191' title='bbox 2829 1118 3058 1187; x_wconf 89' lang='lat' dir='ltr'>alicujus</span> <span class='ocrx_word' id='word_1_192' title='bbox 3107 1119 3380 1173; x_wconf 65' lang='lat' dir='ltr'>haereseos</span> <span class='ocrx_word' id='word_1_193' title='bbox 3425 1125 3579 1188; x_wconf 88' lang='lat' dir='ltr'>peste</span> <span class='ocrx_word' id='word_1_194' title='bbox 3610 1132 3815 1173; x_wconf 90' lang='lat' dir='ltr'>corru-</span> 
     </span>
    </p>
   </div>
   <div class='ocr_carea' id='block_1_28' title="bbox 2210 1207 3816 1278">
    <p class='ocr_par' dir='ltr' id='par_1_28' title="bbox 2210 1207 3816 1278">
     <span class='ocr_line' id='line_1_28' title="bbox 2210 1207 3816 1278; baseline -0.001 -18"><span class='ocrx_word' id='word_1_195' title='bbox 2210 1215 2381 1278; x_wconf 87' lang='lat' dir='ltr'>ptum,</span> <span class='ocrx_word' id='word_1_196' title='bbox 2405 1223 2471 1263; x_wconf 91' lang='lat' dir='ltr'>ac</span> <span class='ocrx_word' id='word_1_197' title='bbox 2497 1207 2806 1278; x_wconf 91' lang='lat' dir='ltr'>aliquorum</span> <span class='ocrx_word' id='word_1_198' title='bbox 2827 1207 3201 1262; x_wconf 90' lang='lat' dir='ltr'>membrorum</span> <span class='ocrx_word' id='word_1_199' title='bbox 3229 1207 3428 1260; x_wconf 91' lang='lat' dir='ltr'>damna</span> <span class='ocrx_word' id='word_1_200' title='bbox 3442 1221 3772 1278; x_wconf 90' lang='lat' dir='ltr'>perpessum</span> <span class='ocrx_word' id='word_1_201' title='bbox 3798 1223 3816 1273; x_wconf 92' lang='lat'>;</span> 
     </span>
    </p>
   </div>
   <div class='ocr_carea' id='block_1_29' title="bbox 2211 1293 3817 1368">
    <p class='ocr_par' dir='ltr' id='par_1_29' title="bbox 2211 1293 3817 1368">
     <span class='ocr_line' id='line_1_29' title="bbox 2211 1293 3817 1368; baseline -0.002 -16"><span class='ocrx_word' id='word_1_202' title='bbox 2211 1312 2323 1352; x_wconf 89' lang='lat' dir='ltr'>non</span> <span class='ocrx_word' id='word_1_203' title='bbox 2350 1296 2762 1368; x_wconf 88' lang='lat' dir='ltr'>negociatorem</span> <span class='ocrx_word' id='word_1_204' title='bbox 2789 1296 3068 1361; x_wconf 89' lang='lat' dir='ltr'>clericum,</span> <span class='ocrx_word' id='word_1_205' title='bbox 3103 1303 3196 1350; x_wconf 90' lang='lat' dir='ltr'>aut</span> <span class='ocrx_word' id='word_1_206' title='bbox 3224 1295 3524 1350; x_wconf 91' lang='lat' dir='ltr'>inhonestis</span> <span class='ocrx_word' id='word_1_207' title='bbox 3553 1302 3606 1350; x_wconf 90' lang='lat' dir='ltr'>et</span> <span class='ocrx_word' id='word_1_208' title='bbox 3637 1293 3817 1364; x_wconf 86' lang='lat' dir='ltr'>turpi-</span> 
     </span>
    </p>
   </div>
   <div class='ocr_carea' id='block_1_30' title="bbox 2213 1383 3817 1454">
    <p class='ocr_par' dir='ltr' id='par_1_30' title="bbox 2213 1383 3817 1454">
     <span class='ocr_line' id='line_1_30' title="bbox 2213 1383 3817 1454; baseline -0.001 -15"><span class='ocrx_word' id='word_1_209' title='bbox 2213 1384 2314 1439; x_wconf 90' lang='lat' dir='ltr'>bus</span> <span class='ocrx_word' id='word_1_210' title='bbox 2368 1385 2536 1440; x_wconf 89' lang='lat' dir='ltr'>lucris</span> <span class='ocrx_word' id='word_1_211' title='bbox 2580 1385 2950 1452; x_wconf 89' lang='lat' dir='ltr'>incubantem,</span> <span class='ocrx_word' id='word_1_212' title='bbox 3009 1391 3100 1438; x_wconf 89' lang='lat' dir='ltr'>aut</span> <span class='ocrx_word' id='word_1_213' title='bbox 3139 1383 3430 1438; x_wconf 89' lang='lat' dir='ltr'>horrendis</span> <span class='ocrx_word' id='word_1_214' title='bbox 3483 1383 3817 1454; x_wconf 87' lang='lat' dir='ltr'>quibusdam</span> 
     </span>
    </p>
   </div>
   <div class='ocr_carea' id='block_1_31' title="bbox 2214 1471 3816 1544">
    <p class='ocr_par' dir='ltr' id='par_1_31' title="bbox 2214 1471 3816 1544">
     <span class='ocr_line' id='line_1_31' title="bbox 2214 1471 3816 1544; baseline -0.001 -16"><span class='ocrx_word' id='word_1_215' title='bbox 2214 1472 2534 1529; x_wconf 87' lang='lat' dir='ltr'>criminibus</span> <span class='ocrx_word' id='word_1_216' title='bbox 2563 1473 2898 1544; x_wconf 92' lang='lat' dir='ltr'>implicatum</span> <span class='ocrx_word' id='word_1_217' title='bbox 2928 1472 3014 1528; x_wconf 91' lang='lat' dir='ltr'>vel</span> <span class='ocrx_word' id='word_1_218' title='bbox 3045 1471 3400 1540; x_wconf 75' lang='lat' dir='ltr'>diffamatum,</span> <span class='ocrx_word' id='word_1_219' title='bbox 3422 1471 3509 1526; x_wconf 92' lang='lat' dir='ltr'>vel</span> <span class='ocrx_word' id='word_1_220' title='bbox 3527 1471 3816 1527; x_wconf 71' lang='lat' dir='ltr'>daemoniis</span> 
     </span>
    </p>
   </div>
   <div class='ocr_carea' id='block_1_32' title="bbox 2215 1560 3814 1634">
    <p class='ocr_par' dir='ltr' id='par_1_32' title="bbox 2215 1560 3814 1634">
     <span class='ocr_line' id='line_1_32' title="bbox 2215 1560 3814 1634; baseline 0 -18"><span class='ocrx_word' id='word_1_221' title='bbox 2215 1562 2589 1633; x_wconf 88' lang='lat' dir='ltr'>similibusque</span> <span class='ocrx_word' id='word_1_222' title='bbox 2619 1562 2966 1633; x_wconf 90' lang='lat' dir='ltr'>passionibus</span> <span class='ocrx_word' id='word_1_223' title='bbox 2995 1561 3286 1629; x_wconf 87' lang='lat' dir='ltr'>irretitum,</span> <span class='ocrx_word' id='word_1_224' title='bbox 3331 1560 3540 1634; x_wconf 85' lang='lat' dir='ltr'>eligere</span> <span class='ocrx_word' id='word_1_225' title='bbox 3581 1568 3814 1616; x_wconf 87' lang='lat' dir='ltr'>attente-</span> 
     </span>
    </p>
   </div>
   <div class='ocr_carea' id='block_1_33' title="bbox 511 1646 3818 1738">
    <p class='ocr_par' dir='ltr' id='par_1_33' title="bbox 511 1646 3818 1738">
     <span class='ocr_line' id='line_1_33' title="bbox 511 1646 3818 1738; baseline -0.001 -32"><span class='ocrx_word' id='word_1_226' title='bbox 511 1649 712 1706; x_wconf 89' lang='lat' dir='ltr'>civium</span> <span class='ocrx_word' id='word_1_227' title='bbox 757 1649 930 1720; x_wconf 88' lang='lat' dir='ltr'>possit</span> <span class='ocrx_word' id='word_1_228' title='bbox 977 1649 1308 1704; x_wconf 87' lang='lat' dir='ltr'>unanimitas</span> <span class='ocrx_word' id='word_1_229' title='bbox 1356 1648 1645 1704; x_wconf 88' lang='lat' dir='ltr'>declarari.</span> <span class='ocrx_word' id='word_1_230' title='bbox 1691 1647 1922 1714; x_wconf 89' lang='lat' dir='ltr'>Deinde,</span> <span class='ocrx_word' id='word_1_231' title='bbox 1955 1654 2014 1700; x_wconf 92' lang='lat' dir='ltr'>ut</span> <span class='ocrx_word' id='word_1_232' title='bbox 2043 1646 2112 1701; x_wconf 91' lang='lat' dir='ltr'>de</span> <span class='ocrx_word' id='word_1_233' title='bbox 2133 1679 2186 1738; x_wconf 83' lang='grc' dir='ltr'><strong>Β</strong></span> <span class='ocrx_word' id='word_1_234' title='bbox 2216 1651 2284 1706; x_wconf 88' lang='lat' dir='ltr'>tis</span> <span class='ocrx_word' id='word_1_235' title='bbox 2316 1669 2330 1706; x_wconf 91' lang='lat'><strong>:</strong></span> <span class='ocrx_word' id='word_1_236' title='bbox 2364 1652 2461 1706; x_wconf 91' lang='lat' dir='ltr'>sed</span> <span class='ocrx_word' id='word_1_237' title='bbox 2491 1651 2676 1705; x_wconf 90' lang='lat' dir='ltr'>domui</span> <span class='ocrx_word' id='word_1_238' title='bbox 2699 1651 2800 1706; x_wconf 92' lang='lat' dir='ltr'>Dei</span> <span class='ocrx_word' id='word_1_239' title='bbox 2827 1651 3076 1723; x_wconf 90' lang='lat' dir='ltr'>dignum,</span> <span class='ocrx_word' id='word_1_240' title='bbox 3110 1649 3326 1704; x_wconf 83' lang='lat' dir='ltr'>ﬁdelem</span> <span class='ocrx_word' id='word_1_241' title='bbox 3374 1657 3535 1720; x_wconf 89' lang='lat' dir='ltr'>atque</span> <span class='ocrx_word' id='word_1_242' title='bbox 3573 1649 3818 1720; x_wconf 89' lang='lat' dir='ltr'>pruden-</span> 
     </span>
    </p>
   </div>
   <div class='ocr_carea' id='block_1_34' title="bbox 511 1735 2113 1806">
    <p class='ocr_par' dir='ltr' id='par_1_34' title="bbox 511 1735 2113 1806">
     <span class='ocr_line' id='line_1_34' title="bbox 511 1735 2113 1806; baseline -0.002 -13"><span class='ocrx_word' id='word_1_243' title='bbox 511 1737 742 1794; x_wconf 90' lang='lat' dir='ltr'>ecclesia</span> <span class='ocrx_word' id='word_1_244' title='bbox 785 1745 988 1806; x_wconf 89' lang='lat' dir='ltr'>vestra,</span> <span class='ocrx_word' id='word_1_245' title='bbox 1041 1737 1155 1794; x_wconf 89' lang='lat' dir='ltr'>sive</span> <span class='ocrx_word' id='word_1_246' title='bbox 1205 1737 1275 1792; x_wconf 91' lang='lat' dir='ltr'>sit</span> <span class='ocrx_word' id='word_1_247' title='bbox 1305 1737 1363 1792; x_wconf 93' lang='lat' dir='ltr'>in</span> <span class='ocrx_word' id='word_1_248' title='bbox 1411 1736 1648 1802; x_wconf 90' lang='lat' dir='ltr'>civitate,</span> <span class='ocrx_word' id='word_1_249' title='bbox 1693 1735 1806 1792; x_wconf 89' lang='lat' dir='ltr'>sive</span> <span class='ocrx_word' id='word_1_250' title='bbox 1833 1735 1888 1790; x_wconf 92' lang='lat' dir='ltr'>in</span> <span class='ocrx_word' id='word_1_251' title='bbox 1917 1750 2113 1790; x_wconf 91' lang='lat' dir='ltr'>mona-</span> 
     </span>
    </p>
   </div>
   <div class='ocr_carea' id='block_1_35' title="bbox 513 1823 2116 1896">
    <p class='ocr_par' dir='ltr' id='par_1_35' title="bbox 513 1823 2116 1896">
     <span class='ocr_line' id='line_1_35' title="bbox 513 1823 2116 1896; baseline -0.002 -15"><span class='ocrx_word' id='word_1_252' title='bbox 513 1826 712 1893; x_wconf 88' lang='lat' dir='ltr'>steriis,</span> <span class='ocrx_word' id='word_1_253' title='bbox 758 1826 845 1882; x_wconf 89' lang='lat' dir='ltr'>his</span> <span class='ocrx_word' id='word_1_254' title='bbox 893 1825 1194 1896; x_wconf 90' lang='lat' dir='ltr'>disciplinis</span> <span class='ocrx_word' id='word_1_255' title='bbox 1238 1825 1563 1895; x_wconf 91' lang='lat' dir='ltr'>institutum,</span> <span class='ocrx_word' id='word_1_256' title='bbox 1598 1833 1650 1880; x_wconf 90' lang='lat' dir='ltr'>et</span> <span class='ocrx_word' id='word_1_257' title='bbox 1683 1825 1757 1879; x_wconf 88' lang='lat' dir='ltr'>ita</span> <span class='ocrx_word' id='word_1_258' title='bbox 1799 1823 2116 1894; x_wconf 67' lang='lat' dir='ltr'>apostolicae</span> 
     </span>
    </p>
   </div>
   <div class='ocr_carea' id='block_1_36' title="bbox 512 1911 2116 1984">
    <p class='ocr_par' dir='ltr' id='par_1_36' title="bbox 512 1911 2116 1984">
     <span class='ocr_line' id='line_1_36' title="bbox 512 1911 2116 1984; baseline -0.002 -15"><span class='ocrx_word' id='word_1_259' title='bbox 512 1914 707 1971; x_wconf 68' lang='lat' dir='ltr'>forma:</span> <span class='ocrx_word' id='word_1_260' title='bbox 733 1913 1170 1981; x_wconf 89' lang='lat' dir='ltr'>convenientem,</span> <span class='ocrx_word' id='word_1_261' title='bbox 1203 1914 1272 1968; x_wconf 93' lang='lat' dir='ltr'>de</span> <span class='ocrx_word' id='word_1_262' title='bbox 1301 1913 1624 1968; x_wconf 88' lang='lat' dir='ltr'>diaconibus</span> <span class='ocrx_word' id='word_1_263' title='bbox 1663 1912 1750 1968; x_wconf 87' lang='lat' dir='ltr'>vel</span> <span class='ocrx_word' id='word_1_264' title='bbox 1779 1911 2116 1984; x_wconf 83' lang='lat' dir='ltr'>presbyteris</span> 
     </span>
    </p>
   </div>
   <div class='ocr_carea' id='block_1_37' title="bbox 514 2000 2115 2076">
    <p class='ocr_par' dir='ltr' id='par_1_37' title="bbox 514 2000 2115 2076">
     <span class='ocr_line' id='line_1_37' title="bbox 514 2000 2115 2076; baseline -0.001 -18"><span class='ocrx_word' id='word_1_265' title='bbox 514 2003 732 2076; x_wconf 84' lang='lat' dir='ltr'>eligatis</span> <span class='ocrx_word' id='word_1_266' title='bbox 779 2003 956 2068; x_wconf 92' lang='lat' dir='ltr'>vobis,</span> <span class='ocrx_word' id='word_1_267' title='bbox 1006 2010 1228 2058; x_wconf 83' lang='lat' dir='ltr'>auctore</span> <span class='ocrx_word' id='word_1_268' title='bbox 1259 2009 1311 2057; x_wconf 89' lang='lat' dir='ltr'>et</span> <span class='ocrx_word' id='word_1_269' title='bbox 1342 2000 1556 2058; x_wconf 85' lang='lat' dir='ltr'>fautore</span> <span class='ocrx_word' id='word_1_270' title='bbox 1605 2001 1857 2070; x_wconf 92' lang='lat' dir='ltr'>Domino,</span> <span class='ocrx_word' id='word_1_271' title='bbox 1915 2017 2115 2056; x_wconf 92' lang='lat' dir='ltr'>conse-</span> 
     </span>
    </p>
   </div>
   <div class='ocr_carea' id='block_1_38' title="bbox 512 2089 2116 2162">
    <p class='ocr_par' dir='ltr' id='par_1_38' title="bbox 512 2089 2116 2162">
     <span class='ocr_line' id='line_1_38' title="bbox 512 2089 2116 2162; baseline -0.002 -16"><span class='ocrx_word' id='word_1_272' title='bbox 512 2091 773 2146; x_wconf 90' lang='lat' dir='ltr'>crandum</span> <span class='ocrx_word' id='word_1_273' title='bbox 815 2091 1155 2162; x_wconf 90' lang='lat' dir='ltr'>episcopum,</span> <span class='ocrx_word' id='word_1_274' title='bbox 1202 2091 1337 2146; x_wconf 90' lang='lat' dir='ltr'>sicut</span> <span class='ocrx_word' id='word_1_275' title='bbox 1388 2107 1508 2146; x_wconf 90' lang='lat' dir='ltr'>cum</span> <span class='ocrx_word' id='word_1_276' title='bbox 1537 2091 1607 2145; x_wconf 89' lang='lat' dir='ltr'>de</span> <span class='ocrx_word' id='word_1_277' title='bbox 1656 2089 1912 2162; x_wconf 86' lang='lat' dir='ltr'>eligendo</span> <span class='ocrx_word' id='word_1_278' title='bbox 1952 2097 2116 2160; x_wconf 91' lang='lat' dir='ltr'>atque</span> 
     </span>
    </p>
   </div>
   <div class='ocr_carea' id='block_1_39' title="bbox 513 2178 2120 2252">
    <p class='ocr_par' dir='ltr' id='par_1_39' title="bbox 513 2178 2120 2252">
     <span class='ocr_line' id='line_1_39' title="bbox 513 2178 2120 2252; baseline -0.002 -16"><span class='ocrx_word' id='word_1_279' title='bbox 513 2179 894 2236; x_wconf 91' lang='lat' dir='ltr'>constituendo</span> <span class='ocrx_word' id='word_1_280' title='bbox 924 2179 1182 2250; x_wconf 89' lang='lat' dir='ltr'>episcopo</span> <span class='ocrx_word' id='word_1_281' title='bbox 1207 2187 1414 2252; x_wconf 87' lang='lat' dir='ltr'>ageret,</span> <span class='ocrx_word' id='word_1_282' title='bbox 1449 2179 1567 2233; x_wconf 92' lang='lat' dir='ltr'>Tito</span> <span class='ocrx_word' id='word_1_283' title='bbox 1589 2187 1642 2233; x_wconf 92' lang='lat' dir='ltr'>et</span> <span class='ocrx_word' id='word_1_284' title='bbox 1673 2179 1956 2234; x_wconf 89' lang='lat' dir='ltr'>Timotheo</span> <span class='ocrx_word' id='word_1_285' title='bbox 1981 2178 2120 2232; x_wconf 91' lang='lat' dir='ltr'>Pau-</span> 
     </span>
    </p>
   </div>
   <div class='ocr_carea' id='block_1_40' title="bbox 513 2265 2116 2340">
    <p class='ocr_par' dir='ltr' id='par_1_40' title="bbox 513 2265 2116 2340">
     <span class='ocr_line' id='line_1_40' title="bbox 513 2265 2116 2340; baseline -0.002 -18"><span class='ocrx_word' id='word_1_286' title='bbox 513 2267 601 2323; x_wconf 90' lang='lat' dir='ltr'>lus</span> <span class='ocrx_word' id='word_1_287' title='bbox 629 2267 874 2340; x_wconf 84' lang='lat' dir='ltr'>depingit</span> <span class='ocrx_word' id='word_1_288' title='bbox 904 2267 1204 2338; x_wconf 90' lang='lat' dir='ltr'>apostolus.</span> <span class='ocrx_word' id='word_1_289' title='bbox 1240 2267 1392 2334; x_wconf 87' lang='lat' dir='ltr'>Etsi,</span> <span class='ocrx_word' id='word_1_290' title='bbox 1417 2267 1563 2339; x_wconf 91' lang='lat' dir='ltr'>quod</span> <span class='ocrx_word' id='word_1_291' title='bbox 1593 2266 1753 2334; x_wconf 90' lang='lat' dir='ltr'>absit,</span> <span class='ocrx_word' id='word_1_292' title='bbox 1787 2267 1856 2321; x_wconf 90' lang='lat' dir='ltr'>de</span> <span class='ocrx_word' id='word_1_293' title='bbox 1886 2265 2116 2322; x_wconf 89' lang='lat' dir='ltr'>civitatis</span> 
     </span>
    </p>
   </div>
   <div class='ocr_carea' id='block_1_41' title="bbox 513 2353 2117 2427">
    <p class='ocr_par' dir='ltr' id='par_1_41' title="bbox 513 2353 2117 2427">
     <span class='ocr_line' id='line_1_41' title="bbox 513 2353 2117 2427; baseline -0.002 -16"><span class='ocrx_word' id='word_1_294' title='bbox 513 2372 578 2412; x_wconf 90' lang='lat' dir='ltr'>ac</span> <span class='ocrx_word' id='word_1_295' title='bbox 607 2355 858 2427; x_wconf 68' lang='lat' dir='ltr'>parmciaa</span> <span class='ocrx_word' id='word_1_296' title='bbox 905 2365 1103 2411; x_wconf 71' lang='lat' dir='ltr'>vestrae</span> <span class='ocrx_word' id='word_1_297' title='bbox 1150 2355 1386 2422; x_wconf 91' lang='lat' dir='ltr'>clericis,</span> <span class='ocrx_word' id='word_1_298' title='bbox 1444 2354 1778 2411; x_wconf 89' lang='lat' dir='ltr'>ordinandus</span> <span class='ocrx_word' id='word_1_299' title='bbox 1827 2353 2117 2426; x_wconf 88' lang='lat' dir='ltr'>episcopus</span> 
     </span>
    </p>
   </div>
   <div class='ocr_carea' id='block_1_42' title="bbox 515 2443 2118 2518">
    <p class='ocr_par' dir='ltr' id='par_1_42' title="bbox 515 2443 2118 2518">
     <span class='ocr_line' id='line_1_42' title="bbox 515 2443 2118 2518; baseline -0.001 -20"><span class='ocrx_word' id='word_1_300' title='bbox 515 2444 696 2499; x_wconf 92' lang='lat' dir='ltr'>nullus</span> <span class='ocrx_word' id='word_1_301' title='bbox 727 2444 946 2518; x_wconf 88' lang='lat' dir='ltr'>dignus,</span> <span class='ocrx_word' id='word_1_302' title='bbox 979 2443 1066 2500; x_wconf 91' lang='lat' dir='ltr'>vel</span> <span class='ocrx_word' id='word_1_303' title='bbox 1093 2443 1321 2500; x_wconf 92' lang='lat' dir='ltr'>idoneus</span> <span class='ocrx_word' id='word_1_304' title='bbox 1353 2460 1564 2498; x_wconf 89' lang='lat' dir='ltr'>summo</span> <span class='ocrx_word' id='word_1_305' title='bbox 1615 2443 1940 2509; x_wconf 89' lang='lat' dir='ltr'>sacerdotio,</span> <span class='ocrx_word' id='word_1_306' title='bbox 1972 2443 2118 2515; x_wconf 86' lang='lat' dir='ltr'>quod</span> 
     </span>
    </p>
   </div>
   <div class='ocr_carea' id='block_1_43' title="bbox 515 2531 2117 2605">
    <p class='ocr_par' dir='ltr' id='par_1_43' title="bbox 515 2531 2117 2605">
     <span class='ocr_line' id='line_1_43' title="bbox 515 2531 2117 2605; baseline -0.002 -15"><span class='ocrx_word' id='word_1_307' title='bbox 515 2533 735 2590; x_wconf 88' lang='lat' dir='ltr'>evenire</span> <span class='ocrx_word' id='word_1_308' title='bbox 766 2550 878 2588; x_wconf 90' lang='lat' dir='ltr'>non</span> <span class='ocrx_word' id='word_1_309' title='bbox 925 2533 1220 2600; x_wconf 89' lang='lat' dir='ltr'>credimus,</span> <span class='ocrx_word' id='word_1_310' title='bbox 1269 2533 1464 2605; x_wconf 86' lang='lat' dir='ltr'>poterit</span> <span class='ocrx_word' id='word_1_311' title='bbox 1509 2532 1742 2588; x_wconf 90' lang='lat' dir='ltr'>inveniri</span> <span class='ocrx_word' id='word_1_312' title='bbox 1775 2548 1788 2586; x_wconf 90' lang='lat'><strong>:</strong></span> <span class='ocrx_word' id='word_1_313' title='bbox 1821 2539 1950 2588; x_wconf 91' lang='lat' dir='ltr'>tunc</span> <span class='ocrx_word' id='word_1_314' title='bbox 1978 2531 2117 2586; x_wconf 89' lang='lat' dir='ltr'>alte-</span> 
     </span>
    </p>
   </div>
   <div class='ocr_carea' id='block_1_44' title="bbox 515 2620 2116 2688">
    <p class='ocr_par' dir='ltr' id='par_1_44' title="bbox 515 2620 2116 2688">
     <span class='ocr_line' id='line_1_44' title="bbox 515 2620 2116 2688; baseline -0.001 -11"><span class='ocrx_word' id='word_1_315' title='bbox 515 2639 638 2678; x_wconf 90' lang='lat' dir='ltr'>rum</span> <span class='ocrx_word' id='word_1_316' title='bbox 665 2623 735 2678; x_wconf 91' lang='lat' dir='ltr'>de</span> <span class='ocrx_word' id='word_1_317' title='bbox 765 2622 938 2678; x_wconf 86' lang='lat' dir='ltr'>altera</span> <span class='ocrx_word' id='word_1_318' title='bbox 965 2622 1271 2679; x_wconf 73' lang='lat' dir='ltr'>diteceseos</span> <span class='ocrx_word' id='word_1_319' title='bbox 1301 2630 1504 2677; x_wconf 72' lang='lat' dir='ltr'>nostrae</span> <span class='ocrx_word' id='word_1_320' title='bbox 1547 2620 1802 2688; x_wconf 88' lang='lat' dir='ltr'>ecclesia,</span> <span class='ocrx_word' id='word_1_321' title='bbox 1838 2621 1982 2675; x_wconf 90' lang='lat' dir='ltr'>unde</span> <span class='ocrx_word' id='word_1_322' title='bbox 2012 2635 2116 2676; x_wconf 91' lang='lat' dir='ltr'>no—</span> 
     </span>
    </p>
   </div>
   <div class='ocr_carea' id='block_1_45' title="bbox 516 2708 2119 2781">
    <p class='ocr_par' dir='ltr' id='par_1_45' title="bbox 516 2708 2119 2781">
     <span class='ocr_line' id='line_1_45' title="bbox 516 2708 2119 2781; baseline -0.001 -15"><span class='ocrx_word' id='word_1_323' title='bbox 516 2711 601 2766; x_wconf 90' lang='lat' dir='ltr'>bis</span> <span class='ocrx_word' id='word_1_324' title='bbox 632 2711 934 2766; x_wconf 90' lang='lat' dir='ltr'>secundum</span> <span class='ocrx_word' id='word_1_325' title='bbox 978 2710 1296 2767; x_wconf 83' lang='lat' dir='ltr'>Africanum</span> <span class='ocrx_word' id='word_1_326' title='bbox 1339 2710 1630 2767; x_wconf 89' lang='lat' dir='ltr'>concilium</span> <span class='ocrx_word' id='word_1_327' title='bbox 1668 2712 1821 2781; x_wconf 83' lang='lat' dir='ltr'>(can.</span> <span class='ocrx_word' id='word_1_328' title='bbox 1855 2711 1966 2780; x_wconf 76' lang='lat'>22),</span> <span class='ocrx_word' id='word_1_329' title='bbox 2001 2708 2119 2764; x_wconf 89' lang='lat' dir='ltr'>sine</span> 
     </span>
    </p>
   </div>
   <div class='ocr_carea' id='block_1_46' title="bbox 517 2798 2118 2871">
    <p class='ocr_par' dir='ltr' id='par_1_46' title="bbox 517 2798 2118 2871">
     <span class='ocr_line' id='line_1_46' title="bbox 517 2798 2118 2871; baseline -0.002 -15"><span class='ocrx_word' id='word_1_330' title='bbox 517 2799 840 2871; x_wconf 89' lang='lat' dir='ltr'>cujusquam</span> <span class='ocrx_word' id='word_1_331' title='bbox 867 2799 1310 2866; x_wconf 88' lang='lat' dir='ltr'>contradictione,</span> <span class='ocrx_word' id='word_1_332' title='bbox 1346 2798 1635 2854; x_wconf 91' lang='lat' dir='ltr'>ordinandi</span> <span class='ocrx_word' id='word_1_333' title='bbox 1666 2815 1994 2870; x_wconf 87' lang='lat' dir='ltr'>quemquam</span> <span class='ocrx_word' id='word_1_334' title='bbox 2022 2814 2118 2854; x_wconf 92' lang='lat' dir='ltr'>ca-</span> 
     </span>
    </p>
   </div>
   <div class='ocr_carea' id='block_1_47' title="bbox 517 2885 2117 2959">
    <p class='ocr_par' dir='ltr' id='par_1_47' title="bbox 517 2885 2117 2959">
     <span class='ocr_line' id='line_1_47' title="bbox 517 2885 2117 2959; baseline -0.001 -16"><span class='ocrx_word' id='word_1_335' title='bbox 517 2888 712 2945; x_wconf 92' lang='lat' dir='ltr'>nonice</span> <span class='ocrx_word' id='word_1_336' title='bbox 769 2889 1004 2945; x_wconf 89' lang='lat' dir='ltr'>electum</span> <span class='ocrx_word' id='word_1_337' title='bbox 1051 2897 1104 2944; x_wconf 92' lang='lat' dir='ltr'>et</span> <span class='ocrx_word' id='word_1_338' title='bbox 1145 2888 1371 2959; x_wconf 91' lang='lat' dir='ltr'>petitum</span> <span class='ocrx_word' id='word_1_339' title='bbox 1431 2895 1513 2942; x_wconf 89' lang='lat' dir='ltr'>est</span> <span class='ocrx_word' id='word_1_340' title='bbox 1567 2887 1823 2942; x_wconf 89' lang='lat' dir='ltr'>attributa</span> <span class='ocrx_word' id='word_1_341' title='bbox 1877 2885 2117 2952; x_wconf 90' lang='lat' dir='ltr'>licentia,</span> 
     </span>
    </p>
   </div>
   <div class='ocr_carea' id='block_1_48' title="bbox 519 2975 2118 3050">
    <p class='ocr_par' dir='ltr' id='par_1_48' title="bbox 519 2975 2118 3050">
     <span class='ocr_line' id='line_1_48' title="bbox 519 2975 2118 3050; baseline -0.001 -18"><span class='ocrx_word' id='word_1_342' title='bbox 519 2977 746 3050; x_wconf 87' lang='lat' dir='ltr'>eligere,</span> <span class='ocrx_word' id='word_1_343' title='bbox 778 2985 1104 3049; x_wconf 86' lang='lat' dir='ltr'>procurate;</span> <span class='ocrx_word' id='word_1_344' title='bbox 1139 2977 1231 3049; x_wconf 91' lang='lat' dir='ltr'>qui</span> <span class='ocrx_word' id='word_1_345' title='bbox 1263 2977 1458 3032; x_wconf 90' lang='lat' dir='ltr'>merito</span> <span class='ocrx_word' id='word_1_346' title='bbox 1509 2975 1632 3033; x_wconf 59' lang='lat' dir='ltr'>vitae</span> <span class='ocrx_word' id='word_1_347' title='bbox 1663 2983 1715 3031; x_wconf 91' lang='lat' dir='ltr'>et</span> <span class='ocrx_word' id='word_1_348' title='bbox 1745 2975 1985 3032; x_wconf 73' lang='lat' dir='ltr'>scientiae</span> <span class='ocrx_word' id='word_1_349' title='bbox 2013 2975 2118 3030; x_wconf 90' lang='lat' dir='ltr'>do-</span> 
     </span>
    </p>
   </div>
   <div class='ocr_carea' id='block_1_49' title="bbox 519 3063 2119 3139">
    <p class='ocr_par' dir='ltr' id='par_1_49' title="bbox 519 3063 2119 3139">
     <span class='ocr_line' id='line_1_49' title="bbox 519 3063 2119 3139; baseline -0.003 -17"><span class='ocrx_word' id='word_1_350' title='bbox 519 3066 690 3122; x_wconf 91' lang='lat' dir='ltr'>ctrina</span> <span class='ocrx_word' id='word_1_351' title='bbox 733 3066 890 3122; x_wconf 90' lang='lat' dir='ltr'>vobis</span> <span class='ocrx_word' id='word_1_352' title='bbox 937 3082 1178 3139; x_wconf 70' lang='lat' dir='ltr'>praaesse</span> <span class='ocrx_word' id='word_1_353' title='bbox 1223 3065 1420 3137; x_wconf 83' lang='lat' dir='ltr'>valeat,</span> <span class='ocrx_word' id='word_1_354' title='bbox 1475 3072 1527 3121; x_wconf 90' lang='lat' dir='ltr'>et</span> <span class='ocrx_word' id='word_1_355' title='bbox 1574 3065 1838 3137; x_wconf 88' lang='lat' dir='ltr'>prodesse</span> <span class='ocrx_word' id='word_1_356' title='bbox 1875 3081 1886 3119; x_wconf 95' lang='lat'>:</span> <span class='ocrx_word' id='word_1_357' title='bbox 1922 3063 2119 3136; x_wconf 93' lang='lat' dir='ltr'>quique</span> 
     </span>
    </p>
   </div>
   <div class='ocr_carea' id='block_1_50' title="bbox 519 3153 2120 3227">
    <p class='ocr_par' dir='ltr' id='par_1_50' title="bbox 519 3153 2120 3227">
     <span class='ocr_line' id='line_1_50' title="bbox 519 3153 2120 3227; baseline -0.002 -17"><span class='ocrx_word' id='word_1_358' title='bbox 519 3155 692 3212; x_wconf 90' lang='lat' dir='ltr'>sacris</span> <span class='ocrx_word' id='word_1_359' title='bbox 720 3154 1020 3211; x_wconf 90' lang='lat' dir='ltr'>canonibus</span> <span class='ocrx_word' id='word_1_360' title='bbox 1067 3154 1342 3227; x_wconf 73' lang='lat' dir='ltr'>praecipue</span> <span class='ocrx_word' id='word_1_361' title='bbox 1385 3153 1620 3226; x_wconf 89' lang='lat' dir='ltr'>capitulo</span> <span class='ocrx_word' id='word_1_362' title='bbox 1673 3153 2120 3226; x_wconf 87' lang='lat' dir='ltr'>Carthaginensis</span> 
     </span>
    </p>
   </div>
   <div class='ocr_carea' id='block_1_51' title="bbox 518 3241 2120 3316">
    <p class='ocr_par' dir='ltr' id='par_1_51' title="bbox 518 3241 2120 3316">
     <span class='ocr_line' id='line_1_51' title="bbox 518 3241 2120 3316; baseline -0.001 -17"><span class='ocrx_word' id='word_1_363' title='bbox 518 3242 736 3300; x_wconf 90' lang='lat' dir='ltr'>concilii</span> <span class='ocrx_word' id='word_1_364' title='bbox 784 3243 968 3316; x_wconf 79' lang='lat' dir='ltr'>(conc.</span> <span class='ocrx_word' id='word_1_365' title='bbox 1006 3243 1199 3300; x_wconf 84' lang='lat' dir='ltr'>Carlh.</span> <span class='ocrx_word' id='word_1_366' title='bbox 1235 3260 1312 3298; x_wconf 88' lang='lat' dir='ltr'>an</span> <span class='ocrx_word' id='word_1_367' title='bbox 1341 3247 1465 3309; x_wconf 89' lang='lat'>398,</span> <span class='ocrx_word' id='word_1_368' title='bbox 1499 3260 1626 3299; x_wconf 80' lang='lat' dir='ltr'>can.</span> <span class='ocrx_word' id='word_1_369' title='bbox 1663 3245 1716 3314; x_wconf 85' lang='lat' dir='ltr'>l)</span> <span class='ocrx_word' id='word_1_370' title='bbox 1750 3258 1762 3297; x_wconf 91' lang='lat'>:</span> <span class='ocrx_word' id='word_1_371' title='bbox 1797 3241 1988 3311; x_wconf 84' lang='lat' dir='ltr'>Qualis</span> <span class='ocrx_word' id='word_1_372' title='bbox 2015 3241 2120 3297; x_wconf 88' lang='lat' dir='ltr'>de-</span> 
     </span>
    </p>
   </div>
   <div class='ocr_carea' id='block_1_52' title="bbox 517 3329 2122 3402">
    <p class='ocr_par' dir='ltr' id='par_1_52' title="bbox 517 3329 2122 3402">
     <span class='ocr_line' id='line_1_52' title="bbox 517 3329 2122 3402; baseline 0 -18"><span class='ocrx_word' id='word_1_373' title='bbox 517 3330 646 3386; x_wconf 91' lang='lat' dir='ltr'>beat</span> <span class='ocrx_word' id='word_1_374' title='bbox 675 3331 920 3386; x_wconf 87' lang='lat' dir='ltr'>ordinari</span> <span class='ocrx_word' id='word_1_375' title='bbox 949 3331 1260 3402; x_wconf 89' lang='lat' dir='ltr'>episcopus,</span> <span class='ocrx_word' id='word_1_376' title='bbox 1310 3347 1421 3386; x_wconf 91' lang='lat' dir='ltr'>non</span> <span class='ocrx_word' id='word_1_377' title='bbox 1469 3331 1668 3385; x_wconf 90' lang='lat' dir='ltr'>debeat</span> <span class='ocrx_word' id='word_1_378' title='bbox 1711 3329 1974 3396; x_wconf 86' lang='lat' dir='ltr'>obviare;</span> <span class='ocrx_word' id='word_1_379' title='bbox 2006 3337 2061 3385; x_wconf 92' lang='lat' dir='ltr'>et</span> <span class='ocrx_word' id='word_1_380' title='bbox 2088 3345 2122 3384; x_wconf 90' lang='lat' dir='ltr'>a</span> 
     </span>
    </p>
   </div>
   <div class='ocr_carea' id='block_1_53' title="bbox 518 3417 2118 3486">
    <p class='ocr_par' dir='ltr' id='par_1_53' title="bbox 518 3417 2118 3486">
     <span class='ocr_line' id='line_1_53' title="bbox 518 3417 2118 3486; baseline -0.001 -12"><span class='ocrx_word' id='word_1_381' title='bbox 518 3419 755 3475; x_wconf 90' lang='lat' dir='ltr'>decretis</span> <span class='ocrx_word' id='word_1_382' title='bbox 783 3420 1024 3486; x_wconf 85' lang='lat' dir='ltr'>Patrum,</span> <span class='ocrx_word' id='word_1_383' title='bbox 1058 3419 1236 3475; x_wconf 90' lang='lat' dir='ltr'>Siricii</span> <span class='ocrx_word' id='word_1_384' title='bbox 1260 3418 1534 3486; x_wconf 91' lang='lat' dir='ltr'>videlicet,</span> <span class='ocrx_word' id='word_1_385' title='bbox 1581 3418 1902 3484; x_wconf 87' lang='lat' dir='ltr'>Innocentii,</span> <span class='ocrx_word' id='word_1_386' title='bbox 1936 3417 2118 3473; x_wconf 86' lang='lat' dir='ltr'>Coele-</span> 
     </span>
    </p>
   </div>
   <div class='ocr_carea' id='block_1_54' title="bbox 514 3507 2119 3581">
    <p class='ocr_par' dir='ltr' id='par_1_54' title="bbox 514 3507 2119 3581">
     <span class='ocr_line' id='line_1_54' title="bbox 514 3507 2119 3581; baseline -0.001 -20"><span class='ocrx_word' id='word_1_387' title='bbox 514 3507 661 3574; x_wconf 90' lang='lat' dir='ltr'>stini,</span> <span class='ocrx_word' id='word_1_388' title='bbox 694 3508 911 3578; x_wconf 89' lang='lat' dir='ltr'>Leonis,</span> <span class='ocrx_word' id='word_1_389' title='bbox 945 3507 1167 3575; x_wconf 88' lang='lat' dir='ltr'>Gelasii,</span> <span class='ocrx_word' id='word_1_390' title='bbox 1199 3517 1360 3581; x_wconf 89' lang='lat' dir='ltr'>atque</span> <span class='ocrx_word' id='word_1_391' title='bbox 1394 3507 1674 3580; x_wconf 86' lang='lat' dir='ltr'>Gregorii,</span> <span class='ocrx_word' id='word_1_392' title='bbox 1729 3514 1992 3578; x_wconf 89' lang='lat' dir='ltr'>quantum</span> <span class='ocrx_word' id='word_1_393' title='bbox 2021 3520 2119 3577; x_wconf 90' lang='lat' dir='ltr'>pa-</span> 
     </span>
    </p>
   </div>
   <div class='ocr_carea' id='block_1_55' title="bbox 513 3595 2121 3672">
    <p class='ocr_par' dir='ltr' id='par_1_55' title="bbox 513 3595 2121 3672">
     <span class='ocr_line' id='line_1_55' title="bbox 513 3595 2121 3672; baseline -0.002 -21"><span class='ocrx_word' id='word_1_394' title='bbox 513 3597 643 3652; x_wconf 89' lang='lat' dir='ltr'>titur</span> <span class='ocrx_word' id='word_1_395' title='bbox 669 3599 910 3654; x_wconf 86' lang='lat' dir='ltr'>humana</span> <span class='ocrx_word' id='word_1_396' title='bbox 939 3597 1226 3672; x_wconf 85' lang='lat' dir='ltr'>fragilitas,</span> <span class='ocrx_word' id='word_1_397' title='bbox 1263 3606 1316 3653; x_wconf 91' lang='lat' dir='ltr'>et</span> <span class='ocrx_word' id='word_1_398' title='bbox 1345 3597 1594 3669; x_wconf 88' lang='lat' dir='ltr'>poteritis</span> <span class='ocrx_word' id='word_1_399' title='bbox 1635 3595 1976 3666; x_wconf 81' lang='lat' dir='ltr'>conSpicere,</span> <span class='ocrx_word' id='word_1_400' title='bbox 2009 3611 2121 3650; x_wconf 92' lang='lat' dir='ltr'>non</span> 
     </span>
    </p>
   </div>
   <div class='ocr_carea' id='block_1_56' title="bbox 515 3683 2120 3759">
    <p class='ocr_par' dir='ltr' id='par_1_56' title="bbox 515 3683 2120 3759">
     <span class='ocr_line' id='line_1_56' title="bbox 515 3683 2120 3759; baseline -0.001 -19"><span class='ocrx_word' id='word_1_401' title='bbox 515 3686 691 3741; x_wconf 87' lang='lat' dir='ltr'>valeat</span> <span class='ocrx_word' id='word_1_402' title='bbox 720 3687 1107 3759; x_wconf 90' lang='lat' dir='ltr'>quoquomodo</span> <span class='ocrx_word' id='word_1_403' title='bbox 1146 3686 1484 3757; x_wconf 90' lang='lat' dir='ltr'>discrepare.</span> <span class='ocrx_word' id='word_1_404' title='bbox 1516 3686 1572 3741; x_wconf 92' lang='lat' dir='ltr'>Si</span> <span class='ocrx_word' id='word_1_405' title='bbox 1602 3685 1770 3740; x_wconf 88' lang='lat' dir='ltr'>etiam</span> <span class='ocrx_word' id='word_1_406' title='bbox 1799 3684 1869 3739; x_wconf 93' lang='lat' dir='ltr'>de</span> <span class='ocrx_word' id='word_1_407' title='bbox 1895 3683 2120 3738; x_wconf 91' lang='lat' dir='ltr'>alterius</span> 
     </span>
    </p>
   </div>
   <div class='ocr_carea' id='block_1_57' title="bbox 513 3772 2118 3846">
    <p class='ocr_par' dir='ltr' id='par_1_57' title="bbox 513 3772 2118 3846">
     <span class='ocr_line' id='line_1_57' title="bbox 513 3772 2118 3846; baseline -0.001 -17"><span class='ocrx_word' id='word_1_408' title='bbox 513 3773 740 3830; x_wconf 85' lang='lat' dir='ltr'>dioecesi</span> <span class='ocrx_word' id='word_1_409' title='bbox 768 3775 1184 3846; x_wconf 83' lang='lat' dir='ltr'>archiepiscOpi,</span> <span class='ocrx_word' id='word_1_410' title='bbox 1217 3774 1305 3830; x_wconf 86' lang='lat' dir='ltr'>vel</span> <span class='ocrx_word' id='word_1_411' title='bbox 1333 3775 1574 3846; x_wconf 76' lang='lat' dir='ltr'>parmcia</span> <span class='ocrx_word' id='word_1_412' title='bbox 1621 3772 1888 3844; x_wconf 78' lang='lat' dir='ltr'>episcopi,</span> <span class='ocrx_word' id='word_1_413' title='bbox 1923 3788 2118 3845; x_wconf 90' lang='lat' dir='ltr'>quem-</span> 
     </span>
    </p>
   </div>
   <div class='ocr_carea' id='block_1_58' title="bbox 511 3861 2118 3934">
    <p class='ocr_par' dir='ltr' id='par_1_58' title="bbox 511 3861 2118 3934">
     <span class='ocr_line' id='line_1_58' title="bbox 511 3861 2118 3934; baseline 0 -18"><span class='ocrx_word' id='word_1_414' title='bbox 511 3862 661 3934; x_wconf 88' lang='lat' dir='ltr'>piam</span> <span class='ocrx_word' id='word_1_415' title='bbox 684 3862 839 3919; x_wconf 92' lang='lat' dir='ltr'>vobis</span> <span class='ocrx_word' id='word_1_416' title='bbox 869 3871 1055 3919; x_wconf 90' lang='lat' dir='ltr'>notum</span> <span class='ocrx_word' id='word_1_417' title='bbox 1088 3861 1393 3934; x_wconf 77' lang='lat' dir='ltr'>proficuum</span> <span class='ocrx_word' id='word_1_418' title='bbox 1422 3871 1475 3917; x_wconf 92' lang='lat' dir='ltr'>et</span> <span class='ocrx_word' id='word_1_419' title='bbox 1506 3861 1695 3916; x_wconf 89' lang='lat' dir='ltr'>utilem</span> <span class='ocrx_word' id='word_1_420' title='bbox 1744 3861 1954 3934; x_wconf 88' lang='lat' dir='ltr'>eligere</span> <span class='ocrx_word' id='word_1_421' title='bbox 1996 3877 2118 3916; x_wconf 88' lang='lat' dir='ltr'>ma-</span> 
     </span>
    </p>
   </div>
   <div class='ocr_carea' id='block_1_59' title="bbox 511 3949 2120 4020">
    <p class='ocr_par' dir='ltr' id='par_1_59' title="bbox 511 3949 2120 4020">
     <span class='ocr_line' id='line_1_59' title="bbox 511 3949 2120 4020; baseline -0.001 -14"><span class='ocrx_word' id='word_1_422' title='bbox 511 3949 720 4007; x_wconf 91' lang='lat' dir='ltr'>lueritis</span> <span class='ocrx_word' id='word_1_423' title='bbox 752 3967 1020 4008; x_wconf 90' lang='lat' dir='ltr'>:necesse</span> <span class='ocrx_word' id='word_1_424' title='bbox 1050 3950 1205 4006; x_wconf 91' lang='lat' dir='ltr'>vobis</span> <span class='ocrx_word' id='word_1_425' title='bbox 1249 3950 1368 4017; x_wconf 90' lang='lat' dir='ltr'>erit,</span> <span class='ocrx_word' id='word_1_426' title='bbox 1416 3966 1542 4006; x_wconf 92' lang='lat' dir='ltr'>cum</span> <span class='ocrx_word' id='word_1_427' title='bbox 1592 3949 1936 4020; x_wconf 92' lang='lat' dir='ltr'>beneplacito</span> <span class='ocrx_word' id='word_1_428' title='bbox 1973 3949 2120 4004; x_wconf 91' lang='lat' dir='ltr'>illius</span> 
     </span>
    </p>
   </div>
   <div class='ocr_carea' id='block_1_60' title="bbox 517 4038 2115 4112">
    <p class='ocr_par' dir='ltr' id='par_1_60' title="bbox 517 4038 2115 4112">
     <span class='ocr_line' id='line_1_60' title="bbox 517 4038 2115 4112; baseline -0.002 -16"><span class='ocrx_word' id='word_1_429' title='bbox 517 4039 778 4112; x_wconf 90' lang='lat' dir='ltr'>episcopi,</span> <span class='ocrx_word' id='word_1_430' title='bbox 811 4040 966 4110; x_wconf 92' lang='lat' dir='ltr'>cujus</span> <span class='ocrx_word' id='word_1_431' title='bbox 995 4039 1262 4107; x_wconf 87' lang='lat' dir='ltr'>intererit,</span> <span class='ocrx_word' id='word_1_432' title='bbox 1289 4047 1342 4094; x_wconf 91' lang='lat' dir='ltr'>et</span> <span class='ocrx_word' id='word_1_433' title='bbox 1363 4038 1556 4094; x_wconf 90' lang='lat' dir='ltr'>litteris</span> <span class='ocrx_word' id='word_1_434' title='bbox 1587 4038 1862 4096; x_wconf 88' lang='lat' dir='ltr'>canonicis</span> <span class='ocrx_word' id='word_1_435' title='bbox 1890 4039 2115 4110; x_wconf 91' lang='lat' dir='ltr'>petitum</span> 
     </span>
    </p>
   </div>
   <div class='ocr_carea' id='block_1_61' title="bbox 519 4127 2118 4196">
    <p class='ocr_par' dir='ltr' id='par_1_61' title="bbox 519 4127 2118 4196">
     <span class='ocr_line' id='line_1_61' title="bbox 519 4127 2118 4196; baseline -0.001 -12"><span class='ocrx_word' id='word_1_436' title='bbox 519 4129 786 4196; x_wconf 89' lang='lat' dir='ltr'>obtinere,</span> <span class='ocrx_word' id='word_1_437' title='bbox 821 4137 876 4185; x_wconf 92' lang='lat' dir='ltr'>et</span> <span class='ocrx_word' id='word_1_438' title='bbox 903 4128 975 4185; x_wconf 92' lang='lat' dir='ltr'>ad</span> <span class='ocrx_word' id='word_1_439' title='bbox 1003 4144 1104 4184; x_wconf 92' lang='lat' dir='ltr'>nos</span> <span class='ocrx_word' id='word_1_440' title='bbox 1132 4127 1286 4184; x_wconf 91' lang='lat' dir='ltr'>illum</span> <span class='ocrx_word' id='word_1_441' title='bbox 1315 4127 1590 4184; x_wconf 89' lang='lat' dir='ltr'>mediante</span> <span class='ocrx_word' id='word_1_442' title='bbox 1621 4127 1903 4185; x_wconf 88' lang='lat' dir='ltr'>visitatore</span> <span class='ocrx_word' id='word_1_443' title='bbox 1932 4135 2118 4184; x_wconf 88' lang='lat' dir='ltr'>vestro</span> 
     </span>
    </p>
   </div>
   <div class='ocr_carea' id='block_1_62' title="bbox 519 4217 2118 4298">
    <p class='ocr_par' dir='ltr' id='par_1_62' title="bbox 519 4217 2118 4298">
     <span class='ocr_line' id='line_1_62' title="bbox 519 4217 2118 4298; baseline -0.003 -22"><span class='ocrx_word' id='word_1_444' title='bbox 519 4219 940 4298; x_wconf 87' lang='lat' dir='ltr'>examinandum</span> <span class='ocrx_word' id='word_1_445' title='bbox 979 4217 1288 4286; x_wconf 90' lang='lat' dir='ltr'>adducere;</span> <span class='ocrx_word' id='word_1_446' title='bbox 1321 4226 1608 4290; x_wconf 87' lang='lat' dir='ltr'>quatenus,</span> <span class='ocrx_word' id='word_1_447' title='bbox 1641 4217 1688 4272; x_wconf 92' lang='lat' dir='ltr'>si</span> <span class='ocrx_word' id='word_1_448' title='bbox 1716 4233 1996 4292; x_wconf 81' lang='lat' dir='ltr'>congruas</span> <span class='ocrx_word' id='word_1_449' title='bbox 2025 4233 2118 4272; x_wconf 90' lang='lat' dir='ltr'>sa-</span> 
     </span>
    </p>
   </div>
   <div class='ocr_carea' id='block_1_63' title="bbox 517 4305 2117 4378">
    <p class='ocr_par' dir='ltr' id='par_1_63' title="bbox 517 4305 2117 4378">
     <span class='ocr_line' id='line_1_63' title="bbox 517 4305 2117 4378; baseline -0.004 -12"><span class='ocrx_word' id='word_1_450' title='bbox 517 4309 628 4366; x_wconf 91' lang='lat' dir='ltr'>cris</span> <span class='ocrx_word' id='word_1_451' title='bbox 657 4308 958 4365; x_wconf 90' lang='lat' dir='ltr'>canonibus</span> <span class='ocrx_word' id='word_1_452' title='bbox 987 4307 1238 4364; x_wconf 89' lang='lat' dir='ltr'>inventus</span> <span class='ocrx_word' id='word_1_453' title='bbox 1267 4306 1448 4374; x_wconf 89' lang='lat' dir='ltr'>fuerit,</span> <span class='ocrx_word' id='word_1_454' title='bbox 1501 4307 1657 4363; x_wconf 92' lang='lat' dir='ltr'>vobis</span> <span class='ocrx_word' id='word_1_455' title='bbox 1687 4307 1967 4363; x_wconf 90' lang='lat' dir='ltr'>ordinetur</span> <span class='ocrx_word' id='word_1_456' title='bbox 1995 4305 2117 4378; x_wconf 82' lang='lat' dir='ltr'>epi-</span> 
     </span>
    </p>
   </div>
   <div class='ocr_carea' id='block_1_64' title="bbox 2149 3037 2198 3100">
    <p class='ocr_par' dir='ltr' id='par_1_64' title="bbox 2149 3037 2198 3100">
     <span class='ocr_line' id='line_1_64' title="bbox 2149 3037 2198 3100; baseline 0 0"><span class='ocrx_word' id='word_1_457' title='bbox 2149 3037 2198 3100; x_wconf 90' lang='lat' dir='ltr'>C</span> 
     </span>
    </p>
   </div>
   <div class='ocr_carea' id='block_1_65' title="bbox 2217 1737 3815 1812">
    <p class='ocr_par' dir='ltr' id='par_1_65' title="bbox 2217 1737 3815 1812">
     <span class='ocr_line' id='line_1_65' title="bbox 2217 1737 3815 1812; baseline -0.002 -18"><span class='ocrx_word' id='word_1_458' title='bbox 2217 1748 2324 1795; x_wconf 92' lang='lat' dir='ltr'>tem</span> <span class='ocrx_word' id='word_1_459' title='bbox 2353 1739 2659 1794; x_wconf 90' lang='lat' dir='ltr'>ministrum</span> <span class='ocrx_word' id='word_1_460' title='bbox 2689 1739 3120 1810; x_wconf 88' lang='lat' dir='ltr'>dispensatorem</span> <span class='ocrx_word' id='word_1_461' title='bbox 3169 1739 3376 1812; x_wconf 89' lang='lat' dir='ltr'>eligite.</span> <span class='ocrx_word' id='word_1_462' title='bbox 3411 1738 3695 1807; x_wconf 87' lang='lat' dir='ltr'>Quatenus</span> <span class='ocrx_word' id='word_1_463' title='bbox 3722 1737 3815 1792; x_wconf 86' lang='lat' dir='ltr'>in—</span> 
     </span>
    </p>
   </div>
   <div class='ocr_carea' id='block_1_66' title="bbox 2215 1825 3816 1900">
    <p class='ocr_par' dir='ltr' id='par_1_66' title="bbox 2215 1825 3816 1900">
     <span class='ocr_line' id='line_1_66' title="bbox 2215 1825 3816 1900; baseline -0.002 -16"><span class='ocrx_word' id='word_1_464' title='bbox 2215 1829 2386 1884; x_wconf 89' lang='lat' dir='ltr'>terius</span> <span class='ocrx_word' id='word_1_465' title='bbox 2441 1828 2786 1900; x_wconf 86' lang='lat' dir='ltr'>exteriusque</span> <span class='ocrx_word' id='word_1_466' title='bbox 2833 1829 3092 1884; x_wconf 84' lang='lat' dir='ltr'>decenter</span> <span class='ocrx_word' id='word_1_467' title='bbox 3139 1835 3384 1894; x_wconf 90' lang='lat' dir='ltr'>ornatus,</span> <span class='ocrx_word' id='word_1_468' title='bbox 3433 1825 3669 1882; x_wconf 89' lang='lat' dir='ltr'>formam</span> <span class='ocrx_word' id='word_1_469' title='bbox 3723 1825 3816 1880; x_wconf 90' lang='lat' dir='ltr'>vi-</span> 
     </span>
    </p>
   </div>
   <div class='ocr_carea' id='block_1_67' title="bbox 2215 1916 3818 1990">
    <p class='ocr_par' dir='ltr' id='par_1_67' title="bbox 2215 1916 3818 1990">
     <span class='ocr_line' id='line_1_67' title="bbox 2215 1916 3818 1990; baseline -0.003 -17"><span class='ocrx_word' id='word_1_470' title='bbox 2215 1918 2377 1974; x_wconf 90' lang='lat' dir='ltr'>vendi</span> <span class='ocrx_word' id='word_1_471' title='bbox 2409 1918 2563 1973; x_wconf 90' lang='lat' dir='ltr'>vobis</span> <span class='ocrx_word' id='word_1_472' title='bbox 2601 1916 2861 1990; x_wconf 88' lang='lat' dir='ltr'>religiosa</span> <span class='ocrx_word' id='word_1_473' title='bbox 2907 1916 3322 1973; x_wconf 91' lang='lat' dir='ltr'>conversatione</span> <span class='ocrx_word' id='word_1_474' title='bbox 3368 1917 3729 1982; x_wconf 87' lang='lat' dir='ltr'>demonstret,</span> <span class='ocrx_word' id='word_1_475' title='bbox 3764 1923 3818 1970; x_wconf 92' lang='lat' dir='ltr'>et</span> 
     </span>
    </p>
   </div>
   <div class='ocr_carea' id='block_1_68' title="bbox 2215 2003 3816 2076">
    <p class='ocr_par' dir='ltr' id='par_1_68' title="bbox 2215 2003 3816 2076">
     <span class='ocr_line' id='line_1_68' title="bbox 2215 2003 3816 2076; baseline -0.002 -14"><span class='ocrx_word' id='word_1_476' title='bbox 2215 2023 2350 2062; x_wconf 87' lang='lat' dir='ltr'>sana</span> <span class='ocrx_word' id='word_1_477' title='bbox 2391 2006 2660 2073; x_wconf 87' lang='lat' dir='ltr'>doctrina,</span> <span class='ocrx_word' id='word_1_478' title='bbox 2704 2005 2846 2061; x_wconf 90' lang='lat' dir='ltr'>inter</span> <span class='ocrx_word' id='word_1_479' title='bbox 2891 2006 3050 2076; x_wconf 92' lang='lat' dir='ltr'>hujus</span> <span class='ocrx_word' id='word_1_480' title='bbox 3097 2005 3285 2060; x_wconf 90' lang='lat' dir='ltr'>mundi</span> <span class='ocrx_word' id='word_1_481' title='bbox 3311 2021 3374 2060; x_wconf 89' lang='lat' dir='ltr'>ac</span> <span class='ocrx_word' id='word_1_482' title='bbox 3401 2003 3816 2060; x_wconf 87' lang='lat' dir='ltr'>tribulationum</span> 
     </span>
    </p>
   </div>
   <div class='ocr_carea' id='block_1_69' title="bbox 2215 2093 3819 2167">
    <p class='ocr_par' dir='ltr' id='par_1_69' title="bbox 2215 2093 3819 2167">
     <span class='ocr_line' id='line_1_69' title="bbox 2215 2093 3819 2167; baseline -0.001 -19"><span class='ocrx_word' id='word_1_483' title='bbox 2215 2095 2492 2162; x_wconf 90' lang='lat' dir='ltr'>tenebras,</span> <span class='ocrx_word' id='word_1_484' title='bbox 2540 2102 2690 2151; x_wconf 92' lang='lat' dir='ltr'>recto</span> <span class='ocrx_word' id='word_1_485' title='bbox 2742 2095 2880 2151; x_wconf 92' lang='lat' dir='ltr'>calle</span> <span class='ocrx_word' id='word_1_486' title='bbox 2927 2094 3215 2167; x_wconf 88' lang='lat' dir='ltr'>gradiendi</span> <span class='ocrx_word' id='word_1_487' title='bbox 3261 2094 3378 2149; x_wconf 90' lang='lat' dir='ltr'>sine</span> <span class='ocrx_word' id='word_1_488' title='bbox 3415 2093 3718 2149; x_wconf 69' lang='lat' dir='ltr'>offensione</span> <span class='ocrx_word' id='word_1_489' title='bbox 3745 2093 3819 2148; x_wconf 94' lang='lat' dir='ltr'>ad</span> 
     </span>
    </p>
   </div>
   <div class='ocr_carea' id='block_1_70' title="bbox 2214 2182 3814 2256">
    <p class='ocr_par' dir='ltr' id='par_1_70' title="bbox 2214 2182 3814 2256">
     <span class='ocr_line' id='line_1_70' title="bbox 2214 2182 3814 2256; baseline -0.003 -16"><span class='ocrx_word' id='word_1_490' title='bbox 2214 2193 2432 2256; x_wconf 89' lang='lat' dir='ltr'>portum</span> <span class='ocrx_word' id='word_1_491' title='bbox 2463 2183 2652 2240; x_wconf 91' lang='lat' dir='ltr'>salutis</span> <span class='ocrx_word' id='word_1_492' title='bbox 2680 2192 2899 2240; x_wconf 62' lang='lat' dir='ltr'>aeternae</span> <span class='ocrx_word' id='word_1_493' title='bbox 2918 2184 3105 2239; x_wconf 85' lang='lat' dir='ltr'>lumen</span> <span class='ocrx_word' id='word_1_494' title='bbox 3125 2184 3474 2238; x_wconf 85' lang='lat' dir='ltr'>manifestare</span> <span class='ocrx_word' id='word_1_495' title='bbox 3489 2182 3814 2254; x_wconf 63' lang='lat' dir='ltr'>praevaleat;</span> 
     </span>
    </p>
   </div>
   <div class='ocr_carea' id='block_1_71' title="bbox 2215 2270 3816 2344">
    <p class='ocr_par' dir='ltr' id='par_1_71' title="bbox 2215 2270 3816 2344">
     <span class='ocr_line' id='line_1_71' title="bbox 2215 2270 3816 2344; baseline -0.002 -16"><span class='ocrx_word' id='word_1_496' title='bbox 2215 2281 2269 2328; x_wconf 91' lang='lat' dir='ltr'>et</span> <span class='ocrx_word' id='word_1_497' title='bbox 2298 2282 2486 2329; x_wconf 91' lang='lat' dir='ltr'>contra</span> <span class='ocrx_word' id='word_1_498' title='bbox 2531 2273 2876 2328; x_wconf 89' lang='lat' dir='ltr'>barbaricam</span> <span class='ocrx_word' id='word_1_499' title='bbox 2920 2273 3338 2338; x_wconf 84' lang='lat' dir='ltr'>infestationem,</span> <span class='ocrx_word' id='word_1_500' title='bbox 3373 2271 3420 2326; x_wconf 92' lang='lat' dir='ltr'>si</span> <span class='ocrx_word' id='word_1_501' title='bbox 3457 2271 3603 2344; x_wconf 93' lang='lat' dir='ltr'>quod</span> <span class='ocrx_word' id='word_1_502' title='bbox 3651 2270 3816 2339; x_wconf 84' lang='lat' dir='ltr'>absit,</span> 
     </span>
    </p>
   </div>
   <div class='ocr_carea' id='block_1_72' title="bbox 2215 2359 3823 2433">
    <p class='ocr_par' dir='ltr' id='par_1_72' title="bbox 2215 2359 3823 2433">
     <span class='ocr_line' id='line_1_72' title="bbox 2215 2359 3823 2433; baseline -0.001 -17"><span class='ocrx_word' id='word_1_503' title='bbox 2215 2363 2492 2433; x_wconf 89' lang='lat' dir='ltr'>acciderit,</span> <span class='ocrx_word' id='word_1_504' title='bbox 2526 2362 2682 2419; x_wconf 90' lang='lat' dir='ltr'>vobis</span> <span class='ocrx_word' id='word_1_505' title='bbox 2713 2362 2859 2417; x_wconf 87' lang='lat' dir='ltr'>ferre</span> <span class='ocrx_word' id='word_1_506' title='bbox 2887 2362 3148 2417; x_wconf 85' lang='lat' dir='ltr'>auxilium</span> <span class='ocrx_word' id='word_1_507' title='bbox 3189 2360 3471 2432; x_wconf 88' lang='lat' dir='ltr'>prudentia</span> <span class='ocrx_word' id='word_1_508' title='bbox 3502 2360 3656 2428; x_wconf 87' lang='lat' dir='ltr'>sciat,</span> <span class='ocrx_word' id='word_1_509' title='bbox 3690 2359 3823 2416; x_wconf 87' lang='lat' dir='ltr'>viri-</span> 
     </span>
    </p>
   </div>
   <div class='ocr_carea' id='block_1_73' title="bbox 2215 2448 3821 2524">
    <p class='ocr_par' dir='ltr' id='par_1_73' title="bbox 2215 2448 3821 2524">
     <span class='ocr_line' id='line_1_73' title="bbox 2215 2448 3821 2524; baseline -0.001 -18"><span class='ocrx_word' id='word_1_510' title='bbox 2215 2451 2366 2508; x_wconf 87' lang='lat' dir='ltr'>litate</span> <span class='ocrx_word' id='word_1_511' title='bbox 2393 2452 2594 2519; x_wconf 88' lang='lat' dir='ltr'>valeat,</span> <span class='ocrx_word' id='word_1_512' title='bbox 2627 2453 2986 2524; x_wconf 91' lang='lat' dir='ltr'>temperantia</span> <span class='ocrx_word' id='word_1_513' title='bbox 3015 2451 3265 2506; x_wconf 90' lang='lat' dir='ltr'>consulat</span> <span class='ocrx_word' id='word_1_514' title='bbox 3295 2468 3308 2505; x_wconf 90' lang='lat'>:</span> <span class='ocrx_word' id='word_1_515' title='bbox 3341 2459 3394 2505; x_wconf 91' lang='lat' dir='ltr'>et</span> <span class='ocrx_word' id='word_1_516' title='bbox 3423 2450 3502 2505; x_wconf 92' lang='lat' dir='ltr'>sic</span> <span class='ocrx_word' id='word_1_517' title='bbox 3537 2448 3821 2505; x_wconf 83' lang='lat' dir='ltr'>exteriora</span> 
     </span>
    </p>
   </div>
   <div class='ocr_carea' id='block_1_74' title="bbox 2217 2537 3818 2608">
    <p class='ocr_par' dir='ltr' id='par_1_74' title="bbox 2217 2537 3818 2608">
     <span class='ocr_line' id='line_1_74' title="bbox 2217 2537 3818 2608; baseline -0.002 -14"><span class='ocrx_word' id='word_1_518' title='bbox 2217 2540 2578 2608; x_wconf 78' lang='lat' dir='ltr'>administrat,</span> <span class='ocrx_word' id='word_1_519' title='bbox 2611 2549 2668 2596; x_wconf 91' lang='lat' dir='ltr'>ut</span> <span class='ocrx_word' id='word_1_520' title='bbox 2695 2541 2957 2596; x_wconf 90' lang='lat' dir='ltr'>interiora</span> <span class='ocrx_word' id='word_1_521' title='bbox 2999 2556 3110 2596; x_wconf 92' lang='lat' dir='ltr'>non</span> <span class='ocrx_word' id='word_1_522' title='bbox 3137 2541 3385 2606; x_wconf 86' lang='lat' dir='ltr'>deserat;</span> <span class='ocrx_word' id='word_1_523' title='bbox 3419 2539 3496 2594; x_wconf 92' lang='lat' dir='ltr'>sic</span> <span class='ocrx_word' id='word_1_524' title='bbox 3536 2537 3818 2594; x_wconf 86' lang='lat' dir='ltr'>interiori-</span> 
     </span>
    </p>
   </div>
   <div class='ocr_carea' id='block_1_75' title="bbox 2218 2626 3824 2699">
    <p class='ocr_par' dir='ltr' id='par_1_75' title="bbox 2218 2626 3824 2699">
     <span class='ocr_line' id='line_1_75' title="bbox 2218 2626 3824 2699; baseline -0.001 -15"><span class='ocrx_word' id='word_1_525' title='bbox 2218 2630 2319 2684; x_wconf 90' lang='lat' dir='ltr'>bus</span> <span class='ocrx_word' id='word_1_526' title='bbox 2348 2629 2567 2696; x_wconf 87' lang='lat' dir='ltr'>serviat,</span> <span class='ocrx_word' id='word_1_527' title='bbox 2601 2637 2658 2684; x_wconf 90' lang='lat' dir='ltr'>ut</span> <span class='ocrx_word' id='word_1_528' title='bbox 2697 2629 2963 2684; x_wconf 88' lang='lat' dir='ltr'>exteriora</span> <span class='ocrx_word' id='word_1_529' title='bbox 3007 2629 3225 2699; x_wconf 90' lang='lat' dir='ltr'>penitus</span> <span class='ocrx_word' id='word_1_530' title='bbox 3266 2643 3377 2683; x_wconf 91' lang='lat' dir='ltr'>non</span> <span class='ocrx_word' id='word_1_531' title='bbox 3422 2626 3730 2698; x_wconf 89' lang='lat' dir='ltr'>relinquat;</span> <span class='ocrx_word' id='word_1_532' title='bbox 3765 2634 3824 2682; x_wconf 87' lang='lat' dir='ltr'>et</span> 
     </span>
    </p>
   </div>
   <div class='ocr_carea' id='block_1_76' title="bbox 2218 2715 3820 2790">
    <p class='ocr_par' dir='ltr' id='par_1_76' title="bbox 2218 2715 3820 2790">
     <span class='ocr_line' id='line_1_76' title="bbox 2218 2715 3820 2790; baseline -0.001 -17"><span class='ocrx_word' id='word_1_533' title='bbox 2218 2719 2575 2786; x_wconf 87' lang='lat' dir='ltr'>ambidextcr,</span> <span class='ocrx_word' id='word_1_534' title='bbox 2638 2717 3079 2790; x_wconf 90' lang='lat' dir='ltr'>contemplationi</span> <span class='ocrx_word' id='word_1_535' title='bbox 3140 2725 3322 2772; x_wconf 90' lang='lat' dir='ltr'>mente</span> <span class='ocrx_word' id='word_1_536' title='bbox 3375 2715 3637 2772; x_wconf 90' lang='lat' dir='ltr'>inserviat</span> <span class='ocrx_word' id='word_1_537' title='bbox 3690 2715 3820 2772; x_wconf 61' lang='lat' dir='ltr'>vita</span> 
     </span>
    </p>
   </div>
   <div class='ocr_carea' id='block_1_77' title="bbox 2217 2804 3819 2876">
    <p class='ocr_par' dir='ltr' id='par_1_77' title="bbox 2217 2804 3819 2876">
     <span class='ocr_line' id='line_1_77' title="bbox 2217 2804 3819 2876; baseline -0.001 -15"><span class='ocrx_word' id='word_1_538' title='bbox 2217 2807 2405 2862; x_wconf 79' lang='lat' dir='ltr'>activae</span> <span class='ocrx_word' id='word_1_539' title='bbox 2437 2807 2674 2864; x_wconf 92' lang='lat' dir='ltr'>servitiis</span> <span class='ocrx_word' id='word_1_540' title='bbox 2715 2807 2970 2873; x_wconf 90' lang='lat' dir='ltr'>intentus,</span> <span class='ocrx_word' id='word_1_541' title='bbox 3017 2814 3075 2861; x_wconf 92' lang='lat' dir='ltr'>ut</span> <span class='ocrx_word' id='word_1_542' title='bbox 3119 2804 3297 2861; x_wconf 85' lang='lat' dir='ltr'>ﬁdelis</span> <span class='ocrx_word' id='word_1_543' title='bbox 3336 2821 3529 2862; x_wconf 87' lang='lat' dir='ltr'>servus</span> <span class='ocrx_word' id='word_1_544' title='bbox 3577 2811 3630 2860; x_wconf 92' lang='lat' dir='ltr'>et</span> <span class='ocrx_word' id='word_1_545' title='bbox 3676 2820 3819 2876; x_wconf 91' lang='lat' dir='ltr'>pru-</span> 
     </span>
    </p>
   </div>
   <div class='ocr_carea' id='block_1_78' title="bbox 2219 2893 3824 2967">
    <p class='ocr_par' dir='ltr' id='par_1_78' title="bbox 2219 2893 3824 2967">
     <span class='ocr_line' id='line_1_78' title="bbox 2219 2893 3824 2967; baseline -0.001 -17"><span class='ocrx_word' id='word_1_546' title='bbox 2219 2896 2375 2963; x_wconf 90' lang='lat' dir='ltr'>dens,</span> <span class='ocrx_word' id='word_1_547' title='bbox 2408 2897 2692 2952; x_wconf 89' lang='lat' dir='ltr'>conservis</span> <span class='ocrx_word' id='word_1_548' title='bbox 2720 2896 2776 2950; x_wconf 93' lang='lat' dir='ltr'>in</span> <span class='ocrx_word' id='word_1_549' title='bbox 2805 2905 3051 2967; x_wconf 90' lang='lat' dir='ltr'>tempore</span> <span class='ocrx_word' id='word_1_550' title='bbox 3081 2895 3240 2950; x_wconf 91' lang='lat' dir='ltr'>tritici</span> <span class='ocrx_word' id='word_1_551' title='bbox 3282 2909 3614 2960; x_wconf 85' lang='lat' dir='ltr'>mensuram,</span> <span class='ocrx_word' id='word_1_552' title='bbox 3644 2893 3704 2948; x_wconf 90' lang='lat' dir='ltr'>id</span> <span class='ocrx_word' id='word_1_553' title='bbox 3733 2901 3824 2948; x_wconf 91' lang='lat' dir='ltr'>est</span> 
     </span>
    </p>
   </div>
   <div class='ocr_carea' id='block_1_79' title="bbox 2217 2982 3826 3056">
    <p class='ocr_par' dir='ltr' id='par_1_79' title="bbox 2217 2982 3826 3056">
     <span class='ocr_line' id='line_1_79' title="bbox 2217 2982 3826 3056; baseline -0.001 -18"><span class='ocrx_word' id='word_1_554' title='bbox 2217 2985 2438 3040; x_wconf 91' lang='lat' dir='ltr'>modum</span> <span class='ocrx_word' id='word_1_555' title='bbox 2469 2985 2622 3040; x_wconf 89' lang='lat' dir='ltr'>verbi</span> <span class='ocrx_word' id='word_1_556' title='bbox 2651 2983 2796 3051; x_wconf 81' lang='lat' dir='ltr'>fidei,</span> <span class='ocrx_word' id='word_1_557' title='bbox 2829 2985 3054 3056; x_wconf 90' lang='lat' dir='ltr'>probate</span> <span class='ocrx_word' id='word_1_558' title='bbox 3083 2984 3381 3054; x_wconf 88' lang='lat' dir='ltr'>dispenset.</span> <span class='ocrx_word' id='word_1_559' title='bbox 3412 2984 3535 3038; x_wconf 91' lang='lat' dir='ltr'>Non</span> <span class='ocrx_word' id='word_1_560' title='bbox 3561 2982 3744 3038; x_wconf 90' lang='lat' dir='ltr'>solum</span> <span class='ocrx_word' id='word_1_561' title='bbox 3765 2982 3826 3037; x_wconf 90' lang='lat' dir='ltr'>in</span> 
     </span>
    </p>
   </div>
   <div class='ocr_carea' id='block_1_80' title="bbox 2219 3070 3820 3145">
    <p class='ocr_par' dir='ltr' id='par_1_80' title="bbox 2219 3070 3820 3145">
     <span class='ocr_line' id='line_1_80' title="bbox 2219 3070 3820 3145; baseline -0.001 -17"><span class='ocrx_word' id='word_1_562' title='bbox 2219 3072 2618 3145; x_wconf 79' lang='lat' dir='ltr'>praedicationis</span> <span class='ocrx_word' id='word_1_563' title='bbox 2657 3089 2931 3140; x_wconf 88' lang='lat' dir='ltr'>sermone,</span> <span class='ocrx_word' id='word_1_564' title='bbox 2964 3089 3030 3129; x_wconf 92' lang='lat' dir='ltr'>ac</span> <span class='ocrx_word' id='word_1_565' title='bbox 3074 3071 3500 3130; x_wconf 90' lang='lat' dir='ltr'>conversationis</span> <span class='ocrx_word' id='word_1_566' title='bbox 3541 3070 3820 3143; x_wconf 84' lang='lat' dir='ltr'>exemplo,</span> 
     </span>
    </p>
   </div>
   <div class='ocr_carea' id='block_1_81' title="bbox 2220 3161 3822 3220">
    <p class='ocr_par' dir='ltr' id='par_1_81' title="bbox 2220 3161 3822 3220">
     <span class='ocr_line' id='line_1_81' title="bbox 2220 3161 3822 3220; baseline -0.001 -2"><span class='ocrx_word' id='word_1_567' title='bbox 2220 3179 2411 3218; x_wconf 91' lang='lat' dir='ltr'>verum</span> <span class='ocrx_word' id='word_1_568' title='bbox 2437 3162 2493 3217; x_wconf 90' lang='lat' dir='ltr'>in</span> <span class='ocrx_word' id='word_1_569' title='bbox 2521 3162 2728 3220; x_wconf 92' lang='lat' dir='ltr'>cunctis</span> <span class='ocrx_word' id='word_1_570' title='bbox 2755 3162 2914 3217; x_wconf 89' lang='lat' dir='ltr'>saluti</span> <span class='ocrx_word' id='word_1_571' title='bbox 2943 3177 3008 3218; x_wconf 91' lang='lat' dir='ltr'>ac</span> <span class='ocrx_word' id='word_1_572' title='bbox 3037 3161 3160 3218; x_wconf 80' lang='lat' dir='ltr'>vitae</span> <span class='ocrx_word' id='word_1_573' title='bbox 3189 3161 3517 3219; x_wconf 89' lang='lat' dir='ltr'>necessariis</span> <span class='ocrx_word' id='word_1_574' title='bbox 3551 3177 3822 3218; x_wconf 88' lang='lat' dir='ltr'>necessa-</span> 
     </span>
    </p>
   </div>
   <div class='ocr_carea' id='block_1_82' title="bbox 2219 3251 3064 3324">
    <p class='ocr_par' dir='ltr' id='par_1_82' title="bbox 2219 3251 3064 3324">
     <span class='ocr_line' id='line_1_82' title="bbox 2219 3251 3064 3324; baseline -0.001 -16"><span class='ocrx_word' id='word_1_575' title='bbox 2219 3252 2300 3308; x_wconf 87' lang='lat' dir='ltr'>ria</span> <span class='ocrx_word' id='word_1_576' title='bbox 2331 3260 2385 3307; x_wconf 92' lang='lat' dir='ltr'>et</span> <span class='ocrx_word' id='word_1_577' title='bbox 2415 3260 2720 3324; x_wconf 91' lang='lat' dir='ltr'>opportuna</span> <span class='ocrx_word' id='word_1_578' title='bbox 2749 3251 3064 3324; x_wconf 62' lang='lat' dir='ltr'>praevideat.</span> 
     </span>
    </p>
   </div>
   <div class='ocr_carea' id='block_1_83' title="bbox 2291 3337 3815 3412">
    <p class='ocr_par' dir='ltr' id='par_1_83' title="bbox 2291 3337 3815 3412">
     <span class='ocr_line' id='line_1_83' title="bbox 2291 3337 3815 3412; baseline -0.002 -16"><span class='ocrx_word' id='word_1_579' title='bbox 2291 3341 2614 3410; x_wconf 84' lang='lat' dir='ltr'>Hujusmodi</span> <span class='ocrx_word' id='word_1_580' title='bbox 2676 3348 2875 3409; x_wconf 90' lang='lat' dir='ltr'>autem,</span> <span class='ocrx_word' id='word_1_581' title='bbox 2947 3348 3208 3412; x_wconf 89' lang='lat' dir='ltr'>quantum</span> <span class='ocrx_word' id='word_1_582' title='bbox 3261 3339 3526 3396; x_wconf 91' lang='lat' dir='ltr'>Dominus</span> <span class='ocrx_word' id='word_1_583' title='bbox 3581 3337 3815 3406; x_wconf 87' lang='lat' dir='ltr'>dederit,</span> 
     </span>
    </p>
   </div>
   <div class='ocr_carea' id='block_1_84' title="bbox 2219 3429 3822 3502">
    <p class='ocr_par' dir='ltr' id='par_1_84' title="bbox 2219 3429 3822 3502">
     <span class='ocr_line' id='line_1_84' title="bbox 2219 3429 3822 3502; baseline 0.001 -18"><span class='ocrx_word' id='word_1_584' title='bbox 2219 3429 2340 3502; x_wconf 90' lang='lat' dir='ltr'>ipso</span> <span class='ocrx_word' id='word_1_585' title='bbox 2368 3437 2698 3501; x_wconf 91' lang='lat' dir='ltr'>cooperante</span> <span class='ocrx_word' id='word_1_586' title='bbox 2729 3430 2959 3485; x_wconf 91' lang='lat' dir='ltr'>electum</span> <span class='ocrx_word' id='word_1_587' title='bbox 2989 3446 3111 3486; x_wconf 92' lang='lat' dir='ltr'>cum</span> <span class='ocrx_word' id='word_1_588' title='bbox 3147 3429 3421 3486; x_wconf 89' lang='lat' dir='ltr'>visitatore</span> <span class='ocrx_word' id='word_1_589' title='bbox 3452 3437 3655 3495; x_wconf 89' lang='lat' dir='ltr'>vestro,</span> <span class='ocrx_word' id='word_1_590' title='bbox 3681 3446 3822 3500; x_wconf 60' lang='lat' dir='ltr'>pra;-</span> 
     </span>
    </p>
   </div>
   <div class='ocr_carea' id='block_1_85' title="bbox 2221 3518 3819 3590">
    <p class='ocr_par' dir='ltr' id='par_1_85' title="bbox 2221 3518 3819 3590">
     <span class='ocr_line' id='line_1_85' title="bbox 2221 3518 3819 3590; baseline 0.001 -17"><span class='ocrx_word' id='word_1_591' title='bbox 2221 3526 2374 3575; x_wconf 92' lang='lat' dir='ltr'>sente</span> <span class='ocrx_word' id='word_1_592' title='bbox 2405 3519 2611 3574; x_wconf 90' lang='lat' dir='ltr'>scilicet</span> <span class='ocrx_word' id='word_1_593' title='bbox 2658 3518 2933 3574; x_wconf 86' lang='lat' dir='ltr'>confratre</span> <span class='ocrx_word' id='word_1_594' title='bbox 2976 3527 3186 3590; x_wconf 89' lang='lat' dir='ltr'>nostro,</span> <span class='ocrx_word' id='word_1_595' title='bbox 3220 3528 3272 3574; x_wconf 92' lang='lat' dir='ltr'>et</span> <span class='ocrx_word' id='word_1_596' title='bbox 3299 3535 3422 3574; x_wconf 91' lang='lat' dir='ltr'>cum</span> <span class='ocrx_word' id='word_1_597' title='bbox 3459 3519 3688 3574; x_wconf 86' lang='lat' dir='ltr'>decreto</span> <span class='ocrx_word' id='word_1_598' title='bbox 3717 3533 3819 3574; x_wconf 90' lang='lat' dir='ltr'>ca-</span> 
     </span>
    </p>
   </div>
   <div class='ocr_carea' id='block_1_86' title="bbox 2219 3607 3819 3674">
    <p class='ocr_par' dir='ltr' id='par_1_86' title="bbox 2219 3607 3819 3674">
     <span class='ocr_line' id='line_1_86' title="bbox 2219 3607 3819 3674; baseline 0 -12"><span class='ocrx_word' id='word_1_599' title='bbox 2219 3607 2438 3674; x_wconf 91' lang='lat' dir='ltr'>nonico,</span> <span class='ocrx_word' id='word_1_600' title='bbox 2471 3608 2542 3663; x_wconf 89' lang='lat' dir='ltr'>ad</span> <span class='ocrx_word' id='word_1_601' title='bbox 2569 3607 2884 3663; x_wconf 89' lang='lat' dir='ltr'>humilitatis</span> <span class='ocrx_word' id='word_1_602' title='bbox 2910 3616 3110 3664; x_wconf 71' lang='lat' dir='ltr'>nostrae</span> <span class='ocrx_word' id='word_1_603' title='bbox 3157 3607 3576 3664; x_wconf 88' lang='lat' dir='ltr'>sollicitudinem</span> <span class='ocrx_word' id='word_1_604' title='bbox 3603 3607 3819 3664; x_wconf 85' lang='lat' dir='ltr'>exami-</span> 
     </span>
    </p>
   </div>
   <div class='ocr_carea' id='block_1_87' title="bbox 2219 3696 3819 3770">
    <p class='ocr_par' dir='ltr' id='par_1_87' title="bbox 2219 3696 3819 3770">
     <span class='ocr_line' id='line_1_87' title="bbox 2219 3696 3819 3770; baseline -0.001 -18"><span class='ocrx_word' id='word_1_605' title='bbox 2219 3697 2457 3752; x_wconf 88' lang='lat' dir='ltr'>nandum</span> <span class='ocrx_word' id='word_1_606' title='bbox 2505 3696 2754 3752; x_wconf 89' lang='lat' dir='ltr'>adducite</span> <span class='ocrx_word' id='word_1_607' title='bbox 2787 3713 2800 3752; x_wconf 91' lang='lat'><strong>:</strong></span> <span class='ocrx_word' id='word_1_608' title='bbox 2835 3697 2979 3770; x_wconf 92' lang='lat' dir='ltr'>quia,</span> <span class='ocrx_word' id='word_1_609' title='bbox 3011 3706 3068 3752; x_wconf 93' lang='lat' dir='ltr'>ut</span> <span class='ocrx_word' id='word_1_610' title='bbox 3093 3697 3256 3768; x_wconf 87' lang='lat' dir='ltr'>longe</span> <span class='ocrx_word' id='word_1_611' title='bbox 3299 3705 3422 3753; x_wconf 89' lang='lat' dir='ltr'>ante</span> <span class='ocrx_word' id='word_1_612' title='bbox 3465 3713 3567 3752; x_wconf 91' lang='lat' dir='ltr'>nos</span> <span class='ocrx_word' id='word_1_613' title='bbox 3613 3696 3819 3752; x_wconf 88' lang='lat' dir='ltr'>dictum</span> 
     </span>
    </p>
   </div>
   <div class='ocr_carea' id='block_1_88' title="bbox 2220 3785 3821 3857">
    <p class='ocr_par' dir='ltr' id='par_1_88' title="bbox 2220 3785 3821 3857">
     <span class='ocr_line' id='line_1_88' title="bbox 2220 3785 3821 3857; baseline -0.001 -16"><span class='ocrx_word' id='word_1_614' title='bbox 2220 3793 2322 3853; x_wconf 89' lang='lat' dir='ltr'>est,</span> <span class='ocrx_word' id='word_1_615' title='bbox 2371 3801 2480 3842; x_wconf 92' lang='lat' dir='ltr'>non</span> <span class='ocrx_word' id='word_1_616' title='bbox 2529 3794 2613 3840; x_wconf 92' lang='lat' dir='ltr'>est</span> <span class='ocrx_word' id='word_1_617' title='bbox 2657 3785 2812 3841; x_wconf 89' lang='lat' dir='ltr'>facile</span> <span class='ocrx_word' id='word_1_618' title='bbox 2859 3786 3229 3857; x_wconf 90' lang='lat' dir='ltr'>dimittendus,</span> <span class='ocrx_word' id='word_1_619' title='bbox 3279 3786 3366 3842; x_wconf 93' lang='lat' dir='ltr'>cui</span> <span class='ocrx_word' id='word_1_620' title='bbox 3408 3793 3492 3840; x_wconf 91' lang='lat' dir='ltr'>est</span> <span class='ocrx_word' id='word_1_621' title='bbox 3531 3785 3821 3856; x_wconf 84' lang='lat' dir='ltr'>proximus</span> 
     </span>
    </p>
   </div>
   <div class='ocr_carea' id='block_1_89' title="bbox 2219 3873 3821 3946">
    <p class='ocr_par' dir='ltr' id='par_1_89' title="bbox 2219 3873 3821 3946">
     <span class='ocr_line' id='line_1_89' title="bbox 2219 3873 3821 3946; baseline -0.002 -15"><span class='ocrx_word' id='word_1_622' title='bbox 2219 3875 2658 3931; x_wconf 84' lang='lat' dir='ltr'>committendus.</span> <span class='ocrx_word' id='word_1_623' title='bbox 2691 3876 3040 3932; x_wconf 71' lang='lat' dir='ltr'>Praenoscere</span> <span class='ocrx_word' id='word_1_624' title='bbox 3067 3891 3167 3932; x_wconf 92' lang='lat' dir='ltr'>vos</span> <span class='ocrx_word' id='word_1_625' title='bbox 3193 3875 3428 3946; x_wconf 91' lang='lat' dir='ltr'>denique</span> <span class='ocrx_word' id='word_1_626' title='bbox 3448 3874 3593 3943; x_wconf 80' lang='lat' dir='ltr'>volo,</span> <span class='ocrx_word' id='word_1_627' title='bbox 3625 3874 3756 3946; x_wconf 89' lang='lat' dir='ltr'>quia</span> <span class='ocrx_word' id='word_1_628' title='bbox 3772 3873 3821 3928; x_wconf 92' lang='lat' dir='ltr'>si</span> 
     </span>
    </p>
   </div>
   <div class='ocr_carea' id='block_1_90' title="bbox 2217 3962 3820 4035">
    <p class='ocr_par' dir='ltr' id='par_1_90' title="bbox 2217 3962 3820 4035">
     <span class='ocr_line' id='line_1_90' title="bbox 2217 3962 3820 4035; baseline -0.001 -16"><span class='ocrx_word' id='word_1_629' title='bbox 2217 3979 2513 4035; x_wconf 90' lang='lat' dir='ltr'>personam</span> <span class='ocrx_word' id='word_1_630' title='bbox 2538 3981 2569 4019; x_wconf 91' lang='lat' dir='ltr'>a</span> <span class='ocrx_word' id='word_1_631' title='bbox 2599 3964 2771 4020; x_wconf 91' lang='lat' dir='ltr'>sacris</span> <span class='ocrx_word' id='word_1_632' title='bbox 2799 3965 3098 4020; x_wconf 91' lang='lat' dir='ltr'>canonibus</span> <span class='ocrx_word' id='word_1_633' title='bbox 3122 3964 3339 4020; x_wconf 91' lang='lat' dir='ltr'>deviam</span> <span class='ocrx_word' id='word_1_634' title='bbox 3385 3963 3620 4018; x_wconf 89' lang='lat' dir='ltr'>scienter</span> <span class='ocrx_word' id='word_1_635' title='bbox 3655 3962 3820 4018; x_wconf 90' lang='lat' dir='ltr'>nobis</span> 
     </span>
    </p>
   </div>
   <div class='ocr_carea' id='block_1_91' title="bbox 2219 4052 3818 4124">
    <p class='ocr_par' dir='ltr' id='par_1_91' title="bbox 2219 4052 3818 4124">
     <span class='ocr_line' id='line_1_91' title="bbox 2219 4052 3818 4124; baseline -0.001 -16"><span class='ocrx_word' id='word_1_636' title='bbox 2219 4053 2571 4122; x_wconf 87' lang='lat' dir='ltr'>adduxeritis,</span> <span class='ocrx_word' id='word_1_637' title='bbox 2604 4070 2713 4109; x_wconf 90' lang='lat' dir='ltr'>non</span> <span class='ocrx_word' id='word_1_638' title='bbox 2745 4055 2923 4110; x_wconf 91' lang='lat' dir='ltr'>solum</span> <span class='ocrx_word' id='word_1_639' title='bbox 2953 4071 3019 4110; x_wconf 83' lang='lat' dir='ltr'>ex</span> <span class='ocrx_word' id='word_1_640' title='bbox 3047 4069 3114 4110; x_wconf 92' lang='lat' dir='ltr'>ea</span> <span class='ocrx_word' id='word_1_641' title='bbox 3141 4052 3454 4124; x_wconf 86' lang='lat' dir='ltr'>pontiﬁcem</span> <span class='ocrx_word' id='word_1_642' title='bbox 3499 4067 3612 4107; x_wconf 90' lang='lat' dir='ltr'>non</span> <span class='ocrx_word' id='word_1_643' title='bbox 3640 4052 3818 4107; x_wconf 91' lang='lat' dir='ltr'>habe-</span> 
     </span>
    </p>
   </div>
   <div class='ocr_carea' id='block_1_92' title="bbox 2217 4142 3819 4214">
    <p class='ocr_par' dir='ltr' id='par_1_92' title="bbox 2217 4142 3819 4214">
     <span class='ocr_line' id='line_1_92' title="bbox 2217 4142 3819 4214; baseline -0.001 -17"><span class='ocrx_word' id='word_1_644' title='bbox 2217 4142 2366 4210; x_wconf 76' lang='lat' dir='ltr'>bilis,</span> <span class='ocrx_word' id='word_1_645' title='bbox 2397 4159 2588 4199; x_wconf 89' lang='lat' dir='ltr'>verum</span> <span class='ocrx_word' id='word_1_646' title='bbox 2617 4143 2777 4198; x_wconf 91' lang='lat' dir='ltr'>etiam</span> <span class='ocrx_word' id='word_1_647' title='bbox 2804 4159 2907 4214; x_wconf 91' lang='lat' dir='ltr'>pro</span> <span class='ocrx_word' id='word_1_648' title='bbox 2936 4143 3120 4199; x_wconf 90' lang='lat' dir='ltr'>illicita</span> <span class='ocrx_word' id='word_1_649' title='bbox 3159 4142 3444 4208; x_wconf 89' lang='lat' dir='ltr'>electione,</span> <span class='ocrx_word' id='word_1_650' title='bbox 3474 4149 3536 4196; x_wconf 85' lang='lat' dir='ltr'>ut.</span> <span class='ocrx_word' id='word_1_651' title='bbox 3565 4148 3819 4198; x_wconf 89' lang='lat' dir='ltr'>contem-</span> 
     </span>
    </p>
   </div>
   <div class='ocr_carea' id='block_1_93' title="bbox 2217 4231 3819 4304">
    <p class='ocr_par' dir='ltr' id='par_1_93' title="bbox 2217 4231 3819 4304">
     <span class='ocr_line' id='line_1_93' title="bbox 2217 4231 3819 4304; baseline 0 -18"><span class='ocrx_word' id='word_1_652' title='bbox 2217 4240 2402 4304; x_wconf 91' lang='lat' dir='ltr'>ptores</span> <span class='ocrx_word' id='word_1_653' title='bbox 2429 4248 2715 4298; x_wconf 89' lang='lat' dir='ltr'>canonum,</span> <span class='ocrx_word' id='word_1_654' title='bbox 2743 4231 3011 4302; x_wconf 90' lang='lat' dir='ltr'>judicium</span> <span class='ocrx_word' id='word_1_655' title='bbox 3052 4231 3359 4288; x_wconf 90' lang='lat' dir='ltr'>incurretis.</span> <span class='ocrx_word' id='word_1_656' title='bbox 3407 4231 3516 4286; x_wconf 91' lang='lat' dir='ltr'>Sed</span> <span class='ocrx_word' id='word_1_657' title='bbox 3545 4237 3600 4286; x_wconf 90' lang='lat' dir='ltr'>et</span> <span class='ocrx_word' id='word_1_658' title='bbox 3628 4239 3819 4286; x_wconf 87' lang='lat' dir='ltr'>nostro</span> 
     </span>
    </p>
   </div>
   <div class='ocr_carea' id='block_1_94' title="bbox 2217 4319 3819 4394">
    <p class='ocr_par' dir='ltr' id='par_1_94' title="bbox 2217 4319 3819 4394">
     <span class='ocr_line' id='line_1_94' title="bbox 2217 4319 3819 4394; baseline -0.001 -18"><span class='ocrx_word' id='word_1_659' title='bbox 2217 4335 2282 4378; x_wconf 90' lang='lat' dir='ltr'>ac</span> <span class='ocrx_word' id='word_1_660' title='bbox 2311 4321 2761 4394; x_wconf 90' lang='lat' dir='ltr'>coepiscoporum</span> <span class='ocrx_word' id='word_1_661' title='bbox 2790 4329 3101 4377; x_wconf 90' lang='lat' dir='ltr'>nostrorum</span> <span class='ocrx_word' id='word_1_662' title='bbox 3139 4321 3342 4390; x_wconf 90' lang='lat' dir='ltr'>judicio</span> <span class='ocrx_word' id='word_1_663' title='bbox 3383 4319 3615 4376; x_wconf 89' lang='lat' dir='ltr'>refutate</span> <span class='ocrx_word' id='word_1_664' title='bbox 3643 4319 3819 4375; x_wconf 90' lang='lat' dir='ltr'>ratio-</span> 
     </span>
    </p>
   </div>
   <div class='ocr_carea' id='block_1_95' title="bbox 518 4394 3819 4482">
    <p class='ocr_par' dir='ltr' id='par_1_95' title="bbox 518 4394 3819 4482">
     <span class='ocr_line' id='line_1_95' title="bbox 518 4394 3819 4482; baseline -0.002 -28"><span class='ocrx_word' id='word_1_665' title='bbox 518 4415 737 4470; x_wconf 89' lang='lat' dir='ltr'>scopus.</span> <span class='ocrx_word' id='word_1_666' title='bbox 770 4399 909 4454; x_wconf 79' lang='lat' dir='ltr'>Ante</span> <span class='ocrx_word' id='word_1_667' title='bbox 939 4397 1118 4452; x_wconf 90' lang='lat' dir='ltr'>omnia</span> <span class='ocrx_word' id='word_1_668' title='bbox 1146 4404 1326 4452; x_wconf 91' lang='lat' dir='ltr'>autem</span> <span class='ocrx_word' id='word_1_669' title='bbox 1357 4404 1546 4454; x_wconf 88' lang='lat' dir='ltr'>cavete</span> <span class='ocrx_word' id='word_1_670' title='bbox 1576 4396 1633 4451; x_wconf 92' lang='lat' dir='ltr'>in</span> <span class='ocrx_word' id='word_1_671' title='bbox 1648 4395 1915 4452; x_wconf 90' lang='lat' dir='ltr'>electione</span> <span class='ocrx_word' id='word_1_672' title='bbox 1937 4394 2116 4466; x_wconf 90' lang='lat' dir='ltr'>ponti-</span> <span class='ocrx_word' id='word_1_673' title='bbox 2143 4397 2198 4458; x_wconf 93' lang='lat' dir='ltr'>D</span> <span class='ocrx_word' id='word_1_674' title='bbox 2219 4410 2472 4467; x_wconf 65' lang='grc' dir='ltr'>ηεδῃίιθι.</span> <span class='ocrx_word' id='word_1_675' title='bbox 2501 4411 2766 4468; x_wconf 58' lang='lat' dir='ltr'>electione</span> <span class='ocrx_word' id='word_1_676' title='bbox 2785 4419 2967 4468; x_wconf 58' lang='lat' dir='ltr'>vestra</span> <span class='ocrx_word' id='word_1_677' title='bbox 2985 4411 3308 4482; x_wconf 48' lang='lat' dir='ltr'>incongrua.</span> <span class='ocrx_word' id='word_1_678' title='bbox 3333 4409 3492 4464; x_wconf 57' lang='lat' dir='ltr'>talem</span> <span class='ocrx_word' id='word_1_679' title='bbox 3513 4409 3819 4465; x_wconf 73' lang='lat' dir='ltr'>secundum</span> 
     </span>
    </p>
   </div>
   <div class='ocr_carea' id='block_1_96' title="bbox 515 4483 2116 4556">
    <p class='ocr_par' dir='ltr' id='par_1_96' title="bbox 515 4483 2116 4556">
     <span class='ocr_line' id='line_1_96' title="bbox 515 4483 2116 4556; baseline -0.002 -14"><span class='ocrx_word' id='word_1_680' title='bbox 515 4486 636 4544; x_wconf 82' lang='lat' dir='ltr'>ﬁcis</span> <span class='ocrx_word' id='word_1_681' title='bbox 664 4487 866 4542; x_wconf 89' lang='lat' dir='ltr'>malum</span> <span class='ocrx_word' id='word_1_682' title='bbox 894 4485 1209 4544; x_wconf 68' lang='lat' dir='ltr'>simoniacae</span> <span class='ocrx_word' id='word_1_683' title='bbox 1229 4487 1522 4555; x_wconf 66' lang='lat' dir='ltr'>haereseos,</span> <span class='ocrx_word' id='word_1_684' title='bbox 1545 4502 1614 4541; x_wconf 93' lang='lat' dir='ltr'>ne</span> <span class='ocrx_word' id='word_1_685' title='bbox 1635 4500 1736 4556; x_wconf 91' lang='lat' dir='ltr'>pro</span> <span class='ocrx_word' id='word_1_686' title='bbox 1757 4484 1886 4540; x_wconf 89' lang='lat' dir='ltr'>dato</span> <span class='ocrx_word' id='word_1_687' title='bbox 1909 4483 2116 4555; x_wconf 88' lang='lat' dir='ltr'>aliquo,</span> 
     </span>
    </p>
   </div>
   <div class='ocr_carea' id='block_1_97' title="bbox 513 4571 2118 4648">
    <p class='ocr_par' dir='ltr' id='par_1_97' title="bbox 513 4571 2118 4648">
     <span class='ocr_line' id='line_1_97' title="bbox 513 4571 2118 4648; baseline -0.004 -16"><span class='ocrx_word' id='word_1_688' title='bbox 513 4575 602 4632; x_wconf 92' lang='lat' dir='ltr'>vel</span> <span class='ocrx_word' id='word_1_689' title='bbox 633 4575 996 4648; x_wconf 90' lang='lat' dir='ltr'>promissione</span> <span class='ocrx_word' id='word_1_690' title='bbox 1026 4572 1232 4643; x_wconf 88' lang='lat' dir='ltr'>illicita,</span> <span class='ocrx_word' id='word_1_691' title='bbox 1266 4590 1446 4646; x_wconf 91' lang='lat' dir='ltr'>neque</span> <span class='ocrx_word' id='word_1_692' title='bbox 1475 4590 1576 4646; x_wconf 93' lang='lat' dir='ltr'>pro</span> <span class='ocrx_word' id='word_1_693' title='bbox 1607 4572 1792 4646; x_wconf 90' lang='lat' dir='ltr'>gratia</span> <span class='ocrx_word' id='word_1_694' title='bbox 1819 4571 2118 4642; x_wconf 91' lang='lat' dir='ltr'>cujuscun-</span> 
     </span>
    </p>
   </div>
   <div class='ocr_carea' id='block_1_98' title="bbox 519 4659 2114 4737">
    <p class='ocr_par' dir='ltr' id='par_1_98' title="bbox 519 4659 2114 4737">
     <span class='ocr_line' id='line_1_98' title="bbox 519 4659 2114 4737; baseline -0.003 -17"><span class='ocrx_word' id='word_1_695' title='bbox 519 4681 624 4737; x_wconf 90' lang='lat' dir='ltr'>que</span> <span class='ocrx_word' id='word_1_696' title='bbox 680 4665 767 4722; x_wconf 92' lang='lat' dir='ltr'>vel</span> <span class='ocrx_word' id='word_1_697' title='bbox 828 4663 1192 4722; x_wconf 87' lang='lat' dir='ltr'>familiaritate</span> <span class='ocrx_word' id='word_1_698' title='bbox 1251 4671 1342 4719; x_wconf 91' lang='lat' dir='ltr'>aut</span> <span class='ocrx_word' id='word_1_699' title='bbox 1400 4661 1802 4735; x_wconf 88' lang='lat' dir='ltr'>propinquitate</span> <span class='ocrx_word' id='word_1_700' title='bbox 1867 4659 2114 4730; x_wconf 91' lang='lat' dir='ltr'>alicujus,</span> 
     </span>
    </p>
   </div>
   <div class='ocr_carea' id='block_1_99' title="bbox 518 4747 2121 4826">
    <p class='ocr_par' dir='ltr' id='par_1_99' title="bbox 518 4747 2121 4826">
     <span class='ocr_line' id='line_1_99' title="bbox 518 4747 2121 4826; baseline -0.002 -19"><span class='ocrx_word' id='word_1_701' title='bbox 518 4753 830 4825; x_wconf 90' lang='lat' dir='ltr'>quempiam</span> <span class='ocrx_word' id='word_1_702' title='bbox 878 4753 1150 4810; x_wconf 90' lang='lat' dir='ltr'>attentetis</span> <span class='ocrx_word' id='word_1_703' title='bbox 1199 4752 1426 4826; x_wconf 86' lang='lat' dir='ltr'>eligere.</span> <span class='ocrx_word' id='word_1_704' title='bbox 1476 4752 1600 4806; x_wconf 90' lang='lat' dir='ltr'>Non</span> <span class='ocrx_word' id='word_1_705' title='bbox 1643 4766 1787 4817; x_wconf 92' lang='lat' dir='ltr'>eum,</span> <span class='ocrx_word' id='word_1_706' title='bbox 1842 4747 1930 4806; x_wconf 92' lang='lat' dir='ltr'>cui</span> <span class='ocrx_word' id='word_1_707' title='bbox 1969 4747 2121 4804; x_wconf 92' lang='lat' dir='ltr'>nulla</span> 
     </span>
    </p>
   </div>
   <div class='ocr_carea' id='block_1_100' title="bbox 517 4837 2120 4916">
    <p class='ocr_par' dir='ltr' id='par_1_100' title="bbox 517 4837 2120 4916">
     <span class='ocr_line' id='line_1_100' title="bbox 517 4837 2120 4916; baseline -0.003 -19"><span class='ocrx_word' id='word_1_708' title='bbox 517 4841 794 4908; x_wconf 89' lang='lat' dir='ltr'>natalium,</span> <span class='ocrx_word' id='word_1_709' title='bbox 828 4842 978 4898; x_wconf 89' lang='lat' dir='ltr'>nulla</span> <span class='ocrx_word' id='word_1_710' title='bbox 1004 4859 1222 4900; x_wconf 92' lang='lat' dir='ltr'>morum</span> <span class='ocrx_word' id='word_1_711' title='bbox 1243 4841 1484 4916; x_wconf 89' lang='lat' dir='ltr'>dignitas</span> <span class='ocrx_word' id='word_1_712' title='bbox 1515 4838 1847 4913; x_wconf 74' lang='lat' dir='ltr'>suffragetur</span> <span class='ocrx_word' id='word_1_713' title='bbox 1870 4855 1883 4894; x_wconf 96' lang='lat'>:</span> <span class='ocrx_word' id='word_1_714' title='bbox 1909 4837 1996 4894; x_wconf 91' lang='lat' dir='ltr'>vel</span> <span class='ocrx_word' id='word_1_715' title='bbox 2025 4837 2120 4910; x_wconf 95' lang='lat' dir='ltr'>qui</span> 
     </span>
    </p>
   </div>
   <div class='ocr_carea' id='block_1_101' title="bbox 518 4925 2114 5002">
    <p class='ocr_par' dir='ltr' id='par_1_101' title="bbox 518 4925 2114 5002">
     <span class='ocr_line' id='line_1_101' title="bbox 518 4925 2114 5002; baseline -0.003 -16"><span class='ocrx_word' id='word_1_716' title='bbox 518 4929 794 5002; x_wconf 90' lang='lat' dir='ltr'>originali,</span> <span class='ocrx_word' id='word_1_717' title='bbox 828 4938 921 4986; x_wconf 92' lang='lat' dir='ltr'>aut</span> <span class='ocrx_word' id='word_1_718' title='bbox 949 4931 1110 4988; x_wconf 92' lang='lat' dir='ltr'>alicui</span> <span class='ocrx_word' id='word_1_719' title='bbox 1137 4930 1433 4988; x_wconf 91' lang='lat' dir='ltr'>conditioni</span> <span class='ocrx_word' id='word_1_720' title='bbox 1479 4929 1753 5000; x_wconf 85' lang='lat' dir='ltr'>obligatus</span> <span class='ocrx_word' id='word_1_721' title='bbox 1791 4925 2114 4983; x_wconf 89' lang='lat' dir='ltr'>detineatur.</span> 
     </span>
    </p>
   </div>
   <div class='ocr_carea' id='block_1_102' title="bbox 517 5016 2118 5092">
    <p class='ocr_par' dir='ltr' id='par_1_102' title="bbox 517 5016 2118 5092">
     <span class='ocr_line' id='line_1_102' title="bbox 517 5016 2118 5092; baseline -0.001 -18"><span class='ocrx_word' id='word_1_722' title='bbox 517 5019 805 5075; x_wconf 89' lang='lat' dir='ltr'>Neminem</span> <span class='ocrx_word' id='word_1_723' title='bbox 836 5035 902 5075; x_wconf 87' lang='lat' dir='ltr'>ex</span> <span class='ocrx_word' id='word_1_724' title='bbox 933 5019 1085 5075; x_wconf 92' lang='lat' dir='ltr'>laicis</span> <span class='ocrx_word' id='word_1_725' title='bbox 1115 5023 1471 5092; x_wconf 88' lang='lat' dir='ltr'>neophytum,</span> <span class='ocrx_word' id='word_1_726' title='bbox 1504 5018 1560 5072; x_wconf 92' lang='lat' dir='ltr'>id</span> <span class='ocrx_word' id='word_1_727' title='bbox 1588 5025 1672 5072; x_wconf 90' lang='lat' dir='ltr'>est</span> <span class='ocrx_word' id='word_1_728' title='bbox 1698 5016 1912 5074; x_wconf 88' lang='lat' dir='ltr'>noviter</span> <span class='ocrx_word' id='word_1_729' title='bbox 1941 5023 2118 5072; x_wconf 87' lang='lat' dir='ltr'>atton-</span> 
     </span>
    </p>
   </div>
   <div class='ocr_carea' id='block_1_103' title="bbox 517 5105 2118 5180">
    <p class='ocr_par' dir='ltr' id='par_1_103' title="bbox 517 5105 2118 5180">
     <span class='ocr_line' id='line_1_103' title="bbox 517 5105 2118 5180; baseline -0.002 -18"><span class='ocrx_word' id='word_1_730' title='bbox 517 5124 660 5175; x_wconf 91' lang='lat' dir='ltr'>sum,</span> <span class='ocrx_word' id='word_1_731' title='bbox 693 5116 745 5164; x_wconf 93' lang='lat' dir='ltr'>et</span> <span class='ocrx_word' id='word_1_732' title='bbox 773 5107 888 5164; x_wconf 88' lang='lat' dir='ltr'>sine</span> <span class='ocrx_word' id='word_1_733' title='bbox 918 5107 1224 5180; x_wconf 89' lang='lat' dir='ltr'>disciplina,</span> <span class='ocrx_word' id='word_1_734' title='bbox 1256 5108 1346 5165; x_wconf 92' lang='lat' dir='ltr'>vel</span> <span class='ocrx_word' id='word_1_735' title='bbox 1374 5122 1485 5164; x_wconf 90' lang='lat' dir='ltr'>non</span> <span class='ocrx_word' id='word_1_736' title='bbox 1513 5122 1611 5178; x_wconf 90' lang='lat' dir='ltr'>per</span> <span class='ocrx_word' id='word_1_737' title='bbox 1638 5113 1888 5178; x_wconf 87' lang='lat' dir='ltr'>tempora</span> <span class='ocrx_word' id='word_1_738' title='bbox 1917 5105 2118 5162; x_wconf 90' lang='lat' dir='ltr'>consti-</span> 
     </span>
    </p>
   </div>
   <div class='ocr_carea' id='block_1_104' title="bbox 517 5193 2118 5270">
    <p class='ocr_par' dir='ltr' id='par_1_104' title="bbox 517 5193 2118 5270">
     <span class='ocr_line' id='line_1_104' title="bbox 517 5193 2118 5270; baseline -0.001 -19"><span class='ocrx_word' id='word_1_739' title='bbox 517 5203 631 5252; x_wconf 90' lang='lat' dir='ltr'>tuta</span> <span class='ocrx_word' id='word_1_740' title='bbox 659 5196 728 5252; x_wconf 90' lang='lat' dir='ltr'>ad</span> <span class='ocrx_word' id='word_1_741' title='bbox 757 5196 1159 5253; x_wconf 89' lang='lat' dir='ltr'>ecclesiasticos</span> <span class='ocrx_word' id='word_1_742' title='bbox 1189 5197 1392 5270; x_wconf 88' lang='lat' dir='ltr'>gradus</span> <span class='ocrx_word' id='word_1_743' title='bbox 1429 5202 1767 5268; x_wconf 90' lang='lat' dir='ltr'>provectum.</span> <span class='ocrx_word' id='word_1_744' title='bbox 1802 5193 1964 5264; x_wconf 86' lang='lat' dir='ltr'>Quod</span> <span class='ocrx_word' id='word_1_745' title='bbox 1991 5193 2118 5250; x_wconf 91' lang='lat' dir='ltr'>ideo</span> 
     </span>
    </p>
   </div>
   <div class='ocr_carea' id='block_1_105' title="bbox 521 5282 2114 5359">
    <p class='ocr_par' dir='ltr' id='par_1_105' title="bbox 521 5282 2114 5359">
     <span class='ocr_line' id='line_1_105' title="bbox 521 5282 2114 5359; baseline -0.003 -19"><span class='ocrx_word' id='word_1_746' title='bbox 521 5285 833 5358; x_wconf 90' lang='lat' dir='ltr'>specialiter</span> <span class='ocrx_word' id='word_1_747' title='bbox 859 5284 1230 5359; x_wconf 89' lang='lat' dir='ltr'>designamus,</span> <span class='ocrx_word' id='word_1_748' title='bbox 1280 5285 1405 5357; x_wconf 88' lang='lat' dir='ltr'>quia</span> <span class='ocrx_word' id='word_1_749' title='bbox 1433 5301 1558 5342; x_wconf 89' lang='lat' dir='ltr'>cum</span> <span class='ocrx_word' id='word_1_750' title='bbox 1605 5299 1844 5342; x_wconf 89' lang='lat' dir='ltr'>canones</span> <span class='ocrx_word' id='word_1_751' title='bbox 1886 5282 2070 5340; x_wconf 88' lang='lat' dir='ltr'>dicant</span> <span class='ocrx_word' id='word_1_752' title='bbox 2099 5300 2114 5336; x_wconf 88' lang='lat'><strong>:</strong></span> 
     </span>
    </p>
   </div>
   <div class='ocr_carea' id='block_1_106' title="bbox 521 5382 2118 5456">
    <p class='ocr_par' dir='ltr' id='par_1_106' title="bbox 521 5382 2118 5456">
     <span class='ocr_line' id='line_1_106' title="bbox 521 5382 2118 5456; baseline 0.003 -22"><span class='ocrx_word' id='word_1_753' title='bbox 521 5403 546 5434; x_wconf 74' lang='grc' dir='ltr'><strong>σ</strong></span> <span class='ocrx_word' id='word_1_754' title='bbox 588 5383 785 5440; x_wconf 90' lang='lat' dir='ltr'>Nullus</span> <span class='ocrx_word' id='word_1_755' title='bbox 833 5398 895 5440; x_wconf 80' lang='lat' dir='ltr'>ex</span> <span class='ocrx_word' id='word_1_756' title='bbox 940 5382 1091 5439; x_wconf 90' lang='lat' dir='ltr'>laicis</span> <span class='ocrx_word' id='word_1_757' title='bbox 1132 5383 1451 5454; x_wconf 91' lang='lat' dir='ltr'>ordinetur;</span> <span class='ocrx_word' id='word_1_758' title='bbox 1487 5404 1510 5436; x_wconf 72' lang='grc' dir='ltr'><strong>ι</strong></span> <span class='ocrx_word' id='word_1_759' title='bbox 1546 5383 1923 5441; x_wconf 88' lang='lat' dir='ltr'>demonstrant</span> <span class='ocrx_word' id='word_1_760' title='bbox 1971 5382 2118 5456; x_wconf 88' lang='lat' dir='ltr'>quod</span> 
     </span>
    </p>
   </div>
   <div class='ocr_carea' id='block_1_107' title="bbox 598 5561 1561 5633">
    <p class='ocr_par' dir='ltr' id='par_1_107' title="bbox 598 5561 1561 5633">
     <span class='ocr_line' id='line_1_107' title="bbox 598 5561 1561 5633; baseline 0.002 -17"><span class='ocrx_word' id='word_1_761' title='bbox 598 5574 616 5601; x_wconf 78' lang='grc' dir='ltr'>ι</span> <span class='ocrx_word' id='word_1_762' title='bbox 631 5561 890 5618; x_wconf 82' lang='lat' dir='ltr'>Hadeberti</span> <span class='ocrx_word' id='word_1_763' title='bbox 913 5563 1304 5630; x_wconf 84' lang='lat' dir='ltr'>Sylvanectensis</span> <span class='ocrx_word' id='word_1_764' title='bbox 1327 5564 1561 5633; x_wconf 85' lang='lat' dir='ltr'>episcopi.</span> 
     </span>
    </p>
   </div>
   <div class='ocr_carea' id='block_1_108' title="bbox 2217 4497 3821 4571">
    <p class='ocr_par' dir='ltr' id='par_1_108' title="bbox 2217 4497 3821 4571">
     <span class='ocr_line' id='line_1_108' title="bbox 2217 4497 3821 4571; baseline -0.002 -15"><span class='ocrx_word' id='word_1_765' title='bbox 2217 4499 2582 4557; x_wconf 89' lang='lat' dir='ltr'>Laodicenses</span> <span class='ocrx_word' id='word_1_766' title='bbox 2611 4515 2850 4556; x_wconf 89' lang='lat' dir='ltr'>canones</span> <span class='ocrx_word' id='word_1_767' title='bbox 2879 4499 3214 4556; x_wconf 90' lang='lat' dir='ltr'>studebimus</span> <span class='ocrx_word' id='word_1_768' title='bbox 3242 4499 3466 4571; x_wconf 89' lang='lat' dir='ltr'>eligere,</span> <span class='ocrx_word' id='word_1_769' title='bbox 3493 4497 3586 4570; x_wconf 90' lang='lat' dir='ltr'>qui</span> <span class='ocrx_word' id='word_1_770' title='bbox 3617 4498 3821 4554; x_wconf 89' lang='lat' dir='ltr'>vestris</span> 
     </span>
    </p>
   </div>
   <div class='ocr_carea' id='block_1_109' title="bbox 2217 4586 3817 4657">
    <p class='ocr_par' dir='ltr' id='par_1_109' title="bbox 2217 4586 3817 4657">
     <span class='ocr_line' id='line_1_109' title="bbox 2217 4586 3817 4657; baseline -0.001 -13"><span class='ocrx_word' id='word_1_771' title='bbox 2217 4588 2428 4645; x_wconf 89' lang='lat' dir='ltr'>vitiosis</span> <span class='ocrx_word' id='word_1_772' title='bbox 2457 4589 2820 4646; x_wconf 89' lang='lat' dir='ltr'>voluntatibus</span> <span class='ocrx_word' id='word_1_773' title='bbox 2849 4605 2957 4646; x_wconf 91' lang='lat' dir='ltr'>non</span> <span class='ocrx_word' id='word_1_774' title='bbox 2987 4589 3162 4647; x_wconf 90' lang='lat' dir='ltr'>valeat</span> <span class='ocrx_word' id='word_1_775' title='bbox 3207 4588 3532 4646; x_wconf 91' lang='lat' dir='ltr'>consentire.</span> <span class='ocrx_word' id='word_1_776' title='bbox 3564 4586 3706 4657; x_wconf 91' lang='lat' dir='ltr'>Quia</span> <span class='ocrx_word' id='word_1_777' title='bbox 3737 4587 3817 4642; x_wconf 86' lang='lat' dir='ltr'>si-</span> 
     </span>
    </p>
   </div>
   <div class='ocr_carea' id='block_1_110' title="bbox 2217 4677 3818 4750">
    <p class='ocr_par' dir='ltr' id='par_1_110' title="bbox 2217 4677 3818 4750">
     <span class='ocr_line' id='line_1_110' title="bbox 2217 4677 3818 4750; baseline -0.002 -15"><span class='ocrx_word' id='word_1_778' title='bbox 2217 4685 2310 4735; x_wconf 90' lang='lat' dir='ltr'>cut</span> <span class='ocrx_word' id='word_1_779' title='bbox 2338 4679 2480 4734; x_wconf 88' lang='lat' dir='ltr'>bene</span> <span class='ocrx_word' id='word_1_780' title='bbox 2508 4679 2815 4750; x_wconf 90' lang='lat' dir='ltr'>petentibus</span> <span class='ocrx_word' id='word_1_781' title='bbox 2845 4679 2974 4734; x_wconf 91' lang='lat' dir='ltr'>dicit</span> <span class='ocrx_word' id='word_1_782' title='bbox 3002 4678 3266 4736; x_wconf 87' lang='lat' dir='ltr'>Dominus</span> <span class='ocrx_word' id='word_1_783' title='bbox 3298 4696 3312 4734; x_wconf 90' lang='lat'><strong>:</strong></span> <span class='ocrx_word' id='word_1_784' title='bbox 3341 4679 3544 4743; x_wconf 71' lang='lat' dir='ltr'>Petita,</span> <span class='ocrx_word' id='word_1_785' title='bbox 3573 4681 3631 4732; x_wconf 83' lang='lat' dir='ltr'>et</span> <span class='ocrx_word' id='word_1_786' title='bbox 3659 4677 3818 4733; x_wconf 80' lang='lat' dir='ltr'>acci-</span> 
     </span>
    </p>
   </div>
   <div class='ocr_carea' id='block_1_111' title="bbox 2215 4765 3818 4840">
    <p class='ocr_par' dir='ltr' id='par_1_111' title="bbox 2215 4765 3818 4840">
     <span class='ocr_line' id='line_1_111' title="bbox 2215 4765 3818 4840; baseline -0.001 -18"><span class='ocrx_word' id='word_1_787' title='bbox 2215 4768 2387 4840; x_wconf 72' lang='lat' dir='ltr'>pietis</span> <span class='ocrx_word' id='word_1_788' title='bbox 2417 4769 2641 4840; x_wconf 84' lang='lat' dir='ltr'>(Matth.</span> <span class='ocrx_word' id='word_1_789' title='bbox 2669 4768 2788 4839; x_wconf 82' lang='lat' dir='ltr'>vn),</span> <span class='ocrx_word' id='word_1_790' title='bbox 2819 4767 2895 4824; x_wconf 87' lang='lat' dir='ltr'>ita</span> <span class='ocrx_word' id='word_1_791' title='bbox 2925 4776 2978 4824; x_wconf 89' lang='lat' dir='ltr'>et</span> <span class='ocrx_word' id='word_1_792' title='bbox 3006 4784 3104 4840; x_wconf 90' lang='lat' dir='ltr'>per</span> <span class='ocrx_word' id='word_1_793' title='bbox 3131 4767 3436 4839; x_wconf 90' lang='lat' dir='ltr'>apostolum</span> <span class='ocrx_word' id='word_1_794' title='bbox 3453 4765 3596 4821; x_wconf 90' lang='lat' dir='ltr'>male</span> <span class='ocrx_word' id='word_1_795' title='bbox 3625 4773 3818 4836; x_wconf 88' lang='lat' dir='ltr'>peten-</span> 
     </span>
    </p>
   </div>
   <div class='ocr_carea' id='block_1_112' title="bbox 2218 4857 3817 4929">
    <p class='ocr_par' dir='ltr' id='par_1_112' title="bbox 2218 4857 3817 4929">
     <span class='ocr_line' id='line_1_112' title="bbox 2218 4857 3817 4929; baseline -0.001 -17"><span class='ocrx_word' id='word_1_796' title='bbox 2218 4864 2301 4913; x_wconf 87' lang='lat' dir='ltr'>tes</span> <span class='ocrx_word' id='word_1_797' title='bbox 2330 4857 2630 4929; x_wconf 87' lang='lat' dir='ltr'>redarguit,</span> <span class='ocrx_word' id='word_1_798' title='bbox 2657 4857 2845 4914; x_wconf 90' lang='lat' dir='ltr'>dicens</span> <span class='ocrx_word' id='word_1_799' title='bbox 2879 4873 2892 4912; x_wconf 94' lang='lat'>:</span> <span class='ocrx_word' id='word_1_800' title='bbox 2925 4859 3150 4924; x_wconf 77' lang='lat' dir='ltr'>Petitt‘s,</span> <span class='ocrx_word' id='word_1_801' title='bbox 3183 4861 3241 4913; x_wconf 85' lang='lat' dir='ltr'>et</span> <span class='ocrx_word' id='word_1_802' title='bbox 3281 4873 3396 4913; x_wconf 81' lang='lat' dir='ltr'>non</span> <span class='ocrx_word' id='word_1_803' title='bbox 3439 4857 3721 4928; x_wconf 74' lang='lat' dir='ltr'>accipitis,</span> <span class='ocrx_word' id='word_1_804' title='bbox 3753 4870 3817 4910; x_wconf 80' lang='lat' dir='ltr'>eo</span> 
     </span>
    </p>
   </div>
   <div class='ocr_carea' id='block_1_113' title="bbox 2216 4943 3812 5020">
    <p class='ocr_par' dir='ltr' id='par_1_113' title="bbox 2216 4943 3812 5020">
     <span class='ocr_line' id='line_1_113' title="bbox 2216 4943 3812 5020; baseline -0.003 -18"><span class='ocrx_word' id='word_1_805' title='bbox 2216 4947 2359 5020; x_wconf 82' lang='lat' dir='ltr'>quod</span> <span class='ocrx_word' id='word_1_806' title='bbox 2388 4948 2540 5003; x_wconf 84' lang='lat' dir='ltr'>male</span> <span class='ocrx_word' id='word_1_807' title='bbox 2565 4947 2774 5018; x_wconf 81' lang='lat' dir='ltr'>petatis</span> <span class='ocrx_word' id='word_1_808' title='bbox 2802 4947 2942 5019; x_wconf 80' lang='lat' dir='ltr'>(lac.</span> <span class='ocrx_word' id='word_1_809' title='bbox 2976 4951 3078 5018; x_wconf 86' lang='lat' dir='ltr'>IV).</span> <span class='ocrx_word' id='word_1_810' title='bbox 3124 4947 3314 5013; x_wconf 88' lang='lat' dir='ltr'>Petite,</span> <span class='ocrx_word' id='word_1_811' title='bbox 3362 4943 3576 5011; x_wconf 88' lang='lat' dir='ltr'>fratres,</span> <span class='ocrx_word' id='word_1_812' title='bbox 3609 4959 3646 4998; x_wconf 92' lang='lat' dir='ltr'>a</span> <span class='ocrx_word' id='word_1_813' title='bbox 3671 4945 3812 5010; x_wconf 90' lang='lat' dir='ltr'>Deo,</span> 
     </span>
    </p>
   </div>
   <div class='ocr_carea' id='block_1_114' title="bbox 2216 5033 3818 5107">
    <p class='ocr_par' dir='ltr' id='par_1_114' title="bbox 2216 5033 3818 5107">
     <span class='ocr_line' id='line_1_114' title="bbox 2216 5033 3818 5107; baseline -0.004 -15"><span class='ocrx_word' id='word_1_814' title='bbox 2216 5043 2276 5092; x_wconf 89' lang='lat' dir='ltr'>ut</span> <span class='ocrx_word' id='word_1_815' title='bbox 2319 5035 2475 5092; x_wconf 91' lang='lat' dir='ltr'>vobis</span> <span class='ocrx_word' id='word_1_816' title='bbox 2523 5043 2798 5107; x_wconf 89' lang='lat' dir='ltr'>pastorem</span> <span class='ocrx_word' id='word_1_817' title='bbox 2840 5036 3138 5093; x_wconf 91' lang='lat' dir='ltr'>secundum</span> <span class='ocrx_word' id='word_1_818' title='bbox 3168 5050 3262 5092; x_wconf 91' lang='lat' dir='ltr'>cor</span> <span class='ocrx_word' id='word_1_819' title='bbox 3299 5051 3456 5089; x_wconf 90' lang='lat' dir='ltr'>suum</span> <span class='ocrx_word' id='word_1_820' title='bbox 3504 5033 3722 5088; x_wconf 89' lang='lat' dir='ltr'>tribuat.</span> <span class='ocrx_word' id='word_1_821' title='bbox 3756 5033 3818 5088; x_wconf 90' lang='lat' dir='ltr'>In</span> 
     </span>
    </p>
   </div>
   <div class='ocr_carea' id='block_1_115' title="bbox 2219 5121 3815 5197">
    <p class='ocr_par' dir='ltr' id='par_1_115' title="bbox 2219 5121 3815 5197">
     <span class='ocr_line' id='line_1_115' title="bbox 2219 5121 3815 5197; baseline -0.004 -15"><span class='ocrx_word' id='word_1_822' title='bbox 2219 5124 2374 5195; x_wconf 92' lang='lat' dir='ltr'>cujus</span> <span class='ocrx_word' id='word_1_823' title='bbox 2419 5125 2685 5182; x_wconf 90' lang='lat' dir='ltr'>electione</span> <span class='ocrx_word' id='word_1_824' title='bbox 2718 5125 2764 5180; x_wconf 92' lang='lat' dir='ltr'>si</span> <span class='ocrx_word' id='word_1_825' title='bbox 2793 5141 2902 5181; x_wconf 92' lang='lat' dir='ltr'>non</span> <span class='ocrx_word' id='word_1_826' title='bbox 2929 5125 3052 5197; x_wconf 91' lang='lat' dir='ltr'>plus</span> <span class='ocrx_word' id='word_1_827' title='bbox 3099 5123 3416 5196; x_wconf 90' lang='lat' dir='ltr'>temporalia</span> <span class='ocrx_word' id='word_1_828' title='bbox 3449 5137 3615 5194; x_wconf 89' lang='lat' dir='ltr'>quam</span> <span class='ocrx_word' id='word_1_829' title='bbox 3645 5121 3815 5193; x_wconf 87' lang='lat' dir='ltr'>spiri-</span> 
     </span>
    </p>
   </div>
   <div class='ocr_carea' id='block_1_116' title="bbox 2217 5211 3817 5285">
    <p class='ocr_par' dir='ltr' id='par_1_116' title="bbox 2217 5211 3817 5285">
     <span class='ocr_line' id='line_1_116' title="bbox 2217 5211 3817 5285; baseline -0.003 -15"><span class='ocrx_word' id='word_1_830' title='bbox 2217 5213 2380 5270; x_wconf 87' lang='lat' dir='ltr'>tualia</span> <span class='ocrx_word' id='word_1_831' title='bbox 2423 5214 2707 5270; x_wconf 89' lang='lat' dir='ltr'>commoda</span> <span class='ocrx_word' id='word_1_832' title='bbox 2751 5214 3064 5270; x_wconf 90' lang='lat' dir='ltr'>studueritis</span> <span class='ocrx_word' id='word_1_833' title='bbox 3111 5213 3408 5279; x_wconf 89' lang='lat' dir='ltr'>attendere,</span> <span class='ocrx_word' id='word_1_834' title='bbox 3440 5211 3673 5285; x_wconf 87' lang='lat' dir='ltr'>gratiam</span> <span class='ocrx_word' id='word_1_835' title='bbox 3702 5227 3817 5266; x_wconf 80' lang='lat' dir='ltr'>suae</span> 
     </span>
    </p>
   </div>
   <div class='ocr_carea' id='block_1_117' title="bbox 2217 5299 3818 5373">
    <p class='ocr_par' dir='ltr' id='par_1_117' title="bbox 2217 5299 3818 5373">
     <span class='ocr_line' id='line_1_117' title="bbox 2217 5299 3818 5373; baseline -0.002 -14"><span class='ocrx_word' id='word_1_836' title='bbox 2217 5303 2500 5360; x_wconf 89' lang='lat' dir='ltr'>electionis</span> <span class='ocrx_word' id='word_1_837' title='bbox 2529 5304 2780 5360; x_wconf 91' lang='lat' dir='ltr'>elcctioni</span> <span class='ocrx_word' id='word_1_838' title='bbox 2811 5312 3028 5371; x_wconf 69' lang='lat' dir='ltr'>vestrae,</span> <span class='ocrx_word' id='word_1_839' title='bbox 3058 5304 3328 5359; x_wconf 90' lang='lat' dir='ltr'>bonorum</span> <span class='ocrx_word' id='word_1_840' title='bbox 3355 5317 3584 5373; x_wconf 91' lang='lat' dir='ltr'>operum</span> <span class='ocrx_word' id='word_1_841' title='bbox 3612 5307 3667 5356; x_wconf 92' lang='lat' dir='ltr'>et</span> <span class='ocrx_word' id='word_1_842' title='bbox 3695 5299 3818 5372; x_wconf 90' lang='lat' dir='ltr'>pio-</span> 
     </span>
    </p>
   </div>
   <div class='ocr_carea' id='block_1_118' title="bbox 2217 5389 3815 5465">
    <p class='ocr_par' dir='ltr' id='par_1_118' title="bbox 2217 5389 3815 5465">
     <span class='ocr_line' id='line_1_118' title="bbox 2217 5389 3815 5465; baseline -0.003 -15"><span class='ocrx_word' id='word_1_843' title='bbox 2217 5409 2339 5450; x_wconf 88' lang='lat' dir='ltr'>rum</span> <span class='ocrx_word' id='word_1_844' title='bbox 2388 5393 2691 5451; x_wconf 88' lang='lat' dir='ltr'>studiorum</span> <span class='ocrx_word' id='word_1_845' title='bbox 2736 5401 2924 5452; x_wconf 91' lang='lat' dir='ltr'>auctor</span> <span class='ocrx_word' id='word_1_846' title='bbox 2969 5401 3024 5450; x_wconf 87' lang='lat' dir='ltr'>et</span> <span class='ocrx_word' id='word_1_847' title='bbox 3061 5400 3386 5465; x_wconf 89' lang='lat' dir='ltr'>cooperator</span> <span class='ocrx_word' id='word_1_848' title='bbox 3432 5389 3671 5446; x_wconf 90' lang='lat' dir='ltr'>studebit</span> <span class='ocrx_word' id='word_1_849' title='bbox 3715 5403 3815 5446; x_wconf 87' lang='lat' dir='ltr'>ac-</span> 
     </span>
    </p>
   </div>
  </div>
