4072 6294
231 219 336 272 261

1787 208 2159 265 EPISTOLzE.

3442 210 3548 265 262

238 337 625 401 commodare,
661 335 751 408 qui
781 351 892 390 non
947 335 1086 390 sicut
1131 336 1295 390 homo
1342 342 1546 388 tantum
1591 334 1645 388 in
1688 333 1841 396 faeie,
1875 320 2300 403 Aproﬁtendo:
2356 332 2630 401 Quantum
2679 331 2857 386 sciero
2905 341 2958 386 et
3005 339 3254 402 potuero,
3314 332 3549 386 Domino

247 429 350 483 sed
379 426 729 498 singulorum
757 425 920 479 corda
950 432 1239 491 scrutatur,
1289 432 1337 478 et
1389 440 1569 478 renes.
1623 422 1719 477 Cui
1765 430 1847 475 est

249 519 430 571 honor
471 523 524 569 et
568 513 761 586 gloria,
809 521 1054 584 potestas
1097 521 1149 568 et
1186 511 1494 583 imperium,
1544 512 1598 565 in
1648 511 1848 566 srecula

254 604 606 668 saeculorum,
659 606 852 668 Amen,

787 739 1127 796 EPISTOLA
1194 740 1307 794 XL.

848 829 1252 901 Fragmentum.

610 951 684 990 AD
715 951 970 990 (ξΑιιοιωει
1012 951 1232 990 CALVUM
1283 950 1490 989 REGI-3M.

258 1043 691 1114 Qualesjudices
713 1045 1060 1098 constituere
1079 1043 1273 1097 debeat
1293 1042 1363 1096 ad
1375 1057 1575 1096 causis
1595 1042 1748 1096 inter
1772 1056 1853 1096 ec-

465 1133 809 1188 clesiasticos
840 1135 901 1186 et
926 1133 1226 1186 saeculares
1257 1130 1625 1185 diri-mendas.

819 1229 979 1285 (Apud
1025 1227 1293 1281 Sirmond.)

321 1320 498 1391 Regia
529 1319 696 1391 igitur
741 1319 1068 1383 sollicitudo,
1104 1334 1135 1371 a
1158 1319 1304 1388 Rege
1328 1333 1517 1387 regum
1559 1325 1611 1370 et
1652 1316 1855 1386 aequis—

252 1411 390 1464 simo
415 1408 599 1478 judice
649 1409 763 1463 Deo
810 1416 866 1461 ut
915 1408 969 1460 in
1022 1407 1316 1461 directione
1373 1406 1554 1460 cordis
1595 1405 1856 1473 judicium

250 1499 457 1568 judicet
492 1497 799 1560 constituta,
832 1496 1059 1566 provide
1105 1495 1441 1566 solliciteque
1491 1495 1705 1547 studere
1755 1493 1856 1547 de-

259 1589 366 1650 bet,
401 1595 456 1640 ut
489 1586 628 1640 tales
651 1586 862 1653 judices
894 1602 1017 1639 cum
1048 1584 1322 1654 episcopis
1349 1583 1418 1636 ad
1459 1598 1677 1638 causam
1726 1582 1862 1635 inter

1946 421 2256 489 adjuvante,
2292 421 2499 492 absque
2543 420 2654 474 ulla
2699 419 3010 487 dolositate,
3069 428 3161 474 aut
3207 419 3545 485 seductione,

1946 518 2000 564 et
2031 510 2258 565 consilio
2279 517 2332 564 et
2367 509 2591 575 auxilio,
2617 509 2913 563 secundum
2949 524 3130 563 meum
3163 508 3547 574 ministerium,

1947 607 2002 652 et
2027 599 2329 655 secundum
2359 614 2538 652 meam
2571 613 2862 668 personam
2910 595 3087 652 ﬁdelis
3130 597 3284 652 vobis
3334 597 3551 665 adiutor

1949 703 2064 754 ero,
2097 695 2155 742 ut
2181 687 2330 742 illam
2359 694 2704 757 potestatem,
2739 701 2903 757 quam
2934 685 2990 739 in
3032 685 3186 755 regio
3232 686 3450 741 nomine
3498 692 3552 740 et

1949 791 2123 848 regno
2152 775 2306 831 vobis
2351 776 2498 830 Deus
2546 775 2816 830 concessit
2855 774 2925 829 ad
2971 773 3144 844 ipsius
3191 772 3548 838 voluntatem,

1952 872 2002 918 et
2027 865 2096 918 ad
2146 873 2384 918 vestram
2424 879 2488 917 ac
2532 862 2774 917 ﬁdelium
2820 871 3130 918 vestrorum
3179 860 3550 923 salvationem,

1952 967 2075 1008 cum
2113 952 2296 1008 debito
2345 954 2549 1008 honore
2598 960 2651 1006 et
2690 951 2878 1024 vigore
2911 959 3098 1006 tenere
3146 958 3198 1005 et
3245 950 3557 1020 gubernare

1951 1041 2192 1112 possitis.

2477 1129 2819 1188 EPISTOLA
2876 1129 3014 1184 XLI.

2541 1218 2952 1289 Fragmentum.

2255 1322 2326 1362 AD
2353 1322 2674 1362 LUDOVICUM
2710 1322 2897 1360 REGE.“
2940 1321 3264 1360 GERMANUE.

2137 1400 2244 1452 Pro
2276 1396 2528 1466 Bertulfo
2582 1397 2893 1450 Trevirensi
2939 1394 3374 1466 archiepiscopo.

2095 1501 2250 1558 (Apud
2273 1502 2520 1554 eumdem,
2548 1510 2608 1546 ex
2633 1501 2916 1553 Flodoardi,
2942 1499 3027 1546 lib.
3069 1510 3140 1549 ut.
3172 1510 3284 1555 cap.
3320 1504 3388 1544 95.
3411 1501 3425 1553 )

2032 1591 2264 1645 Proinde
2295 1592 2433 1646 sicut
2461 1607 2571 1645 non
2617 1591 2736 1645 leve
2757 1590 3049 1645 discrimen
3070 1589 3332 1644 incumbit
3377 1588 3562 1658 ponti-

258 1675 660 1730 ecclesiasticos
715 1683 768 1728 et
818 1674 1110 1729 saeculares
1158 1672 1510 1727 dirimendam
1576 1672 1740 1741 eligat
1805 1679 1929 1746 e113
1962 1680 2150 1736 ﬁcibus
2181 1680 2396 1734 siluisse
2425 1695 2522 1750 pro
2553 1679 2858 1734 Divinitatis
2899 1679 3044 1734 cultu
3088 1679 3236 1750 quod
3290 1677 3559 1749 congruit,

261 1764 570 1832 constituat,
604 1763 696 1834 qui
744 1762 984 1832 religiosi
1029 1762 1136 1815 sint
1185 1769 1236 1816 et
1285 1762 1454 1815 Deum
1500 1761 1739 1824 timeant,
1799 1768 1849 1812 et

258 1870 365 1908 non
396 1852 644 1906 muneris
675 1851 919 1922 praemio,
956 1867 1065 1905 non
1096 1850 1295 1904 favoris
1329 1850 1412 1904 vel
1435 1848 1862 1918 propinquitatis

262 1950 351 1996 aut
383 1941 639 1996 amicitiae
667 1940 858 2010 gratia,
894 1956 1002 1993 non
1033 1939 1288 1992 indebita:
1320 1937 1673 2006 subjectionis
1707 1937 1866 1991 obse-

262 2031 407 2101 quio,
442 2045 552 2084 non
583 2029 804 2083 alterius
838 2029 1006 2098 partis
1054 2028 1200 2090 odio,
1251 2042 1548 2096 personam
1594 2025 1868 2096 accipiant

262 2120 314 2173 in
339 2119 568 2187 judicio,
603 2118 700 2172 sed
731 2117 939 2187 absque
989 2117 1332 2172 contentione
1381 2131 1442 2169 ac
1488 2115 1681 2178 livore,
1732 2114 1869 2168 sicut

263 2209 382 2278 ipsa
413 2208 625 2262 Veritas
656 2207 806 2272 dicit,
839 2223 947 2261 non
971 2206 1271 2260 secundum
1305 2204 1524 2268 faciem,
1557 2203 1867 2271 sedjustum

259 2297 525 2365 judicium
569 2295 858 2363 judicent:
919 2302 968 2349 et
1029 2298 1128 2349 hoc
1185 2309 1292 2347 non
1341 2293 1395 2346 in
1443 2292 1659 2362 publico
1682 2291 1872 2360 judicii

269 2385 409 2450 loco,
440 2385 538 2438 sed
569 2384 624 2438 in
653 2384 879 2454 privato,
915 2383 1042 2454 quia
1073 2382 1332 2452 episcopi,
1366 2396 1472 2434 non
1505 2381 1558 2433 in
1607 2379 1870 2434 consisto-

272 2475 351 2527 rio
382 2489 602 2545 regum,
635 2488 745 2527 non
788 2472 844 2525 in
886 2471 1140 2541 praetorio
1192 2470 1452 2539 judicum,
1496 2484 1597 2523 nec
1653 2467 1758 2522 nisi
1804 2468 1870 2521 ab

271 2561 571 2632 episcopis,
605 2568 694 2614 aut
724 2560 776 2614 in
810 2560 1039 2630 synodo,
1075 2567 1163 2612 aut
1193 2560 1248 2611 in
1275 2558 1486 2628 privato
1515 2557 1657 2625 loco,
1704 2572 1735 2610 a
1757 2556 1871 2626 pri-

268 2651 501 2704 matibus
541 2649 919 2719 deputatorum
967 2656 1054 2701 aut
1101 2665 1130 2701 a
1177 2664 1245 2723 se
1278 2647 1574 2701 electorum
1632 2645 1871 2713 judicum

264 2738 470 2807 judicio
500 2737 700 2792 debent
730 2745 818 2791 aut
848 2745 1076 2807 possunt
1118 2735 1448 2806 regulariter
1502 2733 1753 2802 judicari.
1805 2733 1875 2786 Et

270 2835 568 2897 prastaxato
619 2826 783 2881 modo
829 2825 1164 2896 supradictas
1207 2825 1381 2892 leges,
1456 2832 1563 2876 tam
1604 2823 1875 2893 publicast

273 2933 429 2987 quam
465 2915 884 2979 ecclesiasticas,
910 2915 964 2968 in
995 2914 1107 2968 suis
1137 2912 1474 2983 temporibus
1525 2911 1731 2966 servari
1771 2912 1874 2966 de-

275 3005 521 3060 crevisse
553 3004 844 3059 didicimus
873 3003 1121 3074 antiquos
1159 3003 1516 3072 imperatores
1557 3009 1609 3054 et
1655 3000 1873 3071 praede-

275 3109 528 3148 cessores
557 3109 620 3146 ac
649 3093 1022 3165 progenitores
1069 3099 1278 3146 vestros
1324 3090 1593 3160 episcopis
1643 3097 1695 3142 et
1743 3088 1871 3144 viris

275 3176 698 3244 ecclesiasticis,
735 3185 787 3230 et
815 3176 975 3230 nobis
1004 3183 1183 3231 vestra
1214 3173 1570 3230 dilectissime
1614 3181 1666 3226 et
1714 3172 1871 3226 beni-

275 3267 545 3338 gnissima
586 3264 888 3320 dominatio
946 3273 1286 3320 servaturam
1343 3280 1403 3317 se
1462 3270 1514 3316 et
1584 3261 1749 3316 verbo
1820 3269 1872 3314 et

277 3354 678 3426 subscriptione
708 3354 956 3424 promisit
976 3354 1030 3408 in
1059 3352 1355 3418 Carisiaco,
1389 3351 1481 3404 ubi
1524 3351 1625 3404 hoc
1668 3349 1875 3420 capitu-

277 3445 386 3499 lum
419 3443 677 3500 consultu
719 3459 781 3498 ac
827 3442 1054 3498 consilio
1104 3440 1344 3495 ﬁdelium
1389 3447 1720 3503 vestrorum,
1768 3445 1874 3492 tam

277 3534 661 3603 episcoporum
705 3547 864 3602 quam
907 3539 960 3585 et
1007 3531 1267 3585 laicorum
1316 3527 1656 3593 condidistis,
1708 3536 1761 3582 et
1827 3526 1877 3580 ei

277 3621 682 3692 subscripsistis
710 3621 953 3676 dicentes
988 3637 1002 3673 :
1036 3618 1312 3686 Quantum
1352 3617 1529 3672 sciero
1575 3625 1627 3670 et
1672 3615 1879 3669 ratione

281 3711 461 3766 biliter
490 3718 735 3780 potuero,
799 3708 1030 3764 Domino
1079 3709 1388 3776 adjuvante,
1441 3720 1880 3775 unumquemque

280 3808 541 3865 vestrum,
591 3798 888 3853 secundum
937 3813 1095 3852 suum
1157 3795 1408 3851 ordinem
1476 3802 1526 3849 et
1568 3808 1878 3864 personam,

282 3889 566 3944 honorabo
624 3896 677 3943 et
725 3886 968 3953 salvabo,
1022 3895 1076 3940 et
1114 3887 1438 3940 honoratum
1487 3898 1552 3937 ac
1616 3882 1884 3938 salvatum

283 3978 491 4049 absque
523 3976 634 4031 ullo
665 3976 790 4031 dolo
820 3983 872 4030 et
900 3974 1247 4030 damnatione
1277 3972 1364 4028 vel
1393 3971 1714 4041 deceptione
1755 3985 1884 4026 con-

284 4067 532 4122 servabo.
567 4067 634 4120 Et
662 4065 948 4136 unicuique
977 4069 1375 4134 competentem
1401 4062 1581 4133 legem
1629 4068 1680 4113 et
1721 4059 1886 4128 justi-

287 4157 414 4210 tiam
457 4154 819 4210 conservabo.
867 4153 936 4207 Et
979 4153 1072 4224 qui
1117 4151 1266 4206 illam
1344 4165 1571 4205 necesse
1616 4147 1884 4211 habuerit,

289 4254 338 4300 et
395 4243 786 4298 rationabiliter
841 4241 1074 4313 petierit,
1135 4239 1509 4294 rationabilem
1577 4236 1887 4291 misericor-

287 4333 429 4389 diam
489 4331 780 4396 exhibebo,
830 4333 963 4386 sicut
1015 4329 1192 4385 ﬁdelis
1231 4345 1328 4383 rex
1375 4343 1505 4382 suos
1553 4324 1742 4380 ﬁdeles
1790 4340 1890 4395 per

1967 1770 2040 1824 ita
2069 1769 2236 1840 regia}
2266 1768 2535 1839 potestati,
2566 1769 2710 1839 quod
2741 1767 2897 1833 absit,
2933 1784 3043 1822 non
3081 1767 3357 1822 mediocre
3413 1766 3560 1836 peri-

1969 1858 2148 1914 culum
2181 1866 2282 1923 est,
2314 1857 2358 1911 si
2390 1873 2512 1912 cum
2541 1856 2738 1912 debeat
2792 1871 2988 1927 parere
3019 1855 3196 1928 refugi
3227 1855 3370 1926 quod
3399 1855 3449 1909 ei
3498 1870 3564 1909 ex

1968 1946 2151 2001 divina
2181 1961 2315 2000 voce
2349 1961 2380 2000 a
2423 1945 2802 2000 sacerdotibus
2852 1945 3144 2010 nuntiatur,
3197 1943 3429 1999 Domino
3472 1942 3562 1996 di-

1969 2043 2124 2090 cente
2155 2035 2208 2089 in
2241 2033 2576 2106 Evangelio:
2612 2035 2715 2102 Qui
2740 2038 2822 2088 est
2843 2051 2916 2088 ea:
2929 2036 3054 2098 Deo,
3081 2034 3242 2088 verba
3263 2034 3358 2088 Dei
3378 2032 3560 2087 audit.

1971 2124 2027 2178 Si
2075 2132 2253 2178 autem
2299 2123 2454 2177 vobis
2502 2123 2697 2194 aliquis
2759 2122 2938 2176 minus
2998 2123 3226 2178 devotus
3268 2120 3562 2192 suggessit,

1971 2213 2111 2284 quod
2142 2213 2195 2266 in
2228 2212 2422 2266 eadem
2452 2211 2758 2281 metropoli,
2792 2211 2846 2264 in
2877 2219 3185 2281 contemptu
3215 2220 3418 2277 vestro,
3476 2209 3562 2264 vel

1971 2308 2162 2357 contra
2205 2299 2515 2355 ﬁdelitatem
2561 2308 2817 2364 vestram,
2867 2299 3339 2369 metropolitanum
3384 2297 3566 2369 ponti-

1971 2389 2128 2445 ﬁcem
2158 2388 2400 2444 ordinari
2433 2388 2659 2444 fecimus
2694 2406 2708 2441 :
2741 2387 2870 2458 quin
2898 2388 3076 2458 potius
3107 2403 3378 2443 consensu
3425 2401 3566 2442 una-

1971 2473 2229 2532 nimitatis
2259 2484 2461 2532 nostra:
2489 2476 2593 2547 ipsi
2627 2476 2927 2532 secundum
2957 2491 3143 2531 sacros
3161 2491 3399 2531 canones
3419 2475 3567 2529 ordi-

1973 2567 2240 2632 navimus,
2277 2565 2421 2636 quia,
2451 2571 2506 2618 ut
2539 2565 2800 2635 scripturn
2832 2573 2932 2630 est,
2967 2565 3105 2619 sicut
3127 2566 3272 2620 Deus
3314 2565 3420 2620 loci
3463 2579 3566 2618 an-

1973 2655 2150 2725 gustia
2181 2669 2290 2708 non
2328 2653 2652 2721 continetur,
2715 2653 2788 2708 ita
2854 2653 3080 2708 verbum
3140 2655 3258 2722 ejus
3315 2669 3424 2708 non
3488 2661 3572 2706 est

1973 2744 2270 2815 alligatum,
2343 2741 2683 2796 collaudante
2737 2742 3102 2812 Redemptore
3171 2758 3235 2797 ac
3292 2741 3573 2797 Salvatore

1975 2840 2183 2900 nostro,
2220 2831 2363 2902 quod
2395 2830 2640 2886 centurio
2671 2831 2725 2884 in
2775 2831 2879 2885 hoc
2928 2846 3090 2885 sensu
3164 2830 3420 2884 dixerat:
3469 2831 3567 2884 Dic

1975 2921 2153 2989 verbo,
2189 2924 2243 2974 et
2273 2920 2570 2975 sanabitur
2585 2935 2726 2991 puer
2746 2920 3126 2989 meus(Matth.
3167 2933 3285 2984 vm,
3313 2920 3388 2989 8),
3411 2917 3572 2973 vide—

1978 3009 2102 3064 licet
2134 3007 2278 3080 quod
2309 3008 2394 3062 hic
2443 3008 2667 3075 dixeris,
2717 3008 2826 3063 illic
2875 3007 2983 3061 ﬁet.
3040 3007 3144 3074 Qui
3192 3007 3246 3060 in
3293 3005 3572 3076 discipulis

1971 3093 2084 3148 suis
2115 3093 2384 3162 hodieque
2411 3091 2588 3156 nobis,
2624 3091 2747 3146 licet
2777 3091 3036 3161 indignis,
3068 3090 3302 3162 loquitur
3338 3107 3350 3144 :
3398 3090 3570 3160 Spiri-

1973 3190 2056 3236 tus
2085 3181 2266 3234 Patris
2290 3179 2451 3234 vestri
2512 3179 2748 3250 loquitur
2772 3179 2827 3233 in
2856 3179 3032 3244 vobis,
3062 3179 3152 3250 qui
3182 3179 3356 3249 replet
3381 3179 3573 3233 orbem

1975 3278 2266 3325 terrarum.
2302 3268 2484 3323 Nolite
2527 3267 2776 3332 credere,
2825 3283 3155 3339 quasumus,
3208 3283 3381 3338 prava
3439 3283 3572 3322 sua-

1974 3358 2144 3424 denti,
2168 3357 2296 3429 quia
2327 3372 2428 3427 pro
2461 3364 2608 3411 certo
2623 3356 2807 3412 sciatis
2829 3373 2937 3411 non
2959 3357 3011 3411 in
3030 3365 3340 3428 contemptu
3366 3363 3570 3424 vestro,

1976 3463 2156 3520 neque
2185 3454 2370 3501 contra
2401 3444 2710 3500 ﬁdelitatem
2741 3453 2998 3513 vestram,
3032 3446 3088 3500 in
3136 3446 3329 3501 eadem
3374 3457 3575 3500 metro-

1976 3536 2087 3607 poli
2115 3535 2244 3590 sede
2261 3533 2571 3605 pontiﬁcem
2593 3533 2967 3589 ordinavimus
2991 3554 3005 3600 ;
3029 3534 3126 3588 sed
3147 3535 3570 3604 perpendentes,

1978 3625 2124 3696 quod
2157 3632 2209 3678 et
2248 3640 2345 3678 vas
2395 3622 2590 3676 melius
2641 3623 2824 3687 sectis,
2888 3631 3090 3694 quanta
3141 3631 3192 3678 et
3229 3638 3330 3695 per
3376 3630 3574 3695 quanta

1981 3721 2230 3784 tempora
2292 3711 2414 3784 ipsa
2472 3711 2724 3768 Ecclesia
2786 3711 3028 3768 desolata
3093 3719 3145 3769 et
3175 3712 3434 3768 destituta
3484 3712 3569 3777 sit,

1983 3805 2034 3852 et
2081 3805 2279 3868 quanta
2327 3803 2514 3852 contra
2562 3796 2660 3851 Dei
2707 3795 3057 3862 voluntatem,
3106 3813 3215 3852 non
3283 3797 3460 3852 solum
3523 3797 3577 3851 in

1984 3887 2176 3942 eadem
2204 3886 2486 3957 parochia,
2530 3886 2628 3941 sed
2673 3893 2726 3940 et
2767 3886 2820 3939 in
2864 3894 2971 3941 tota
3017 3885 3302 3958 provincia
3344 3886 3414 3942 ad
3456 3901 3578 3941 eam

1983 3976 2310 4047 pertinente,
2345 3974 2691 4040 increverint,
2726 3989 2848 4030 cum
2877 3974 3010 4029 nihil
3041 3975 3300 4030 canonice
3328 3975 3445 4030 sine
3462 3975 3577 4045 pri—

1986 4072 2129 4119 mate
2161 4061 2488 4135 suffraganei
2510 4063 2750 4132 episcopi
2772 4079 2936 4134 agere
2956 4064 3189 4130 valeant,
3212 4063 3315 4118 nisi
3338 4064 3482 4134 quod
3506 4064 3577 4118 ad

1987 4152 2233 4223 proprias
2259 4151 2550 4220 parochias
2590 4151 2836 4220 pertinet,
2889 4151 3093 4205 ibidem
3143 4152 3578 4206 commoditatem

1988 4239 2296 4311 regularem
2324 4239 2663 4293 invenientes
2692 4239 2956 4294 canonice
3002 4237 3310 4308 pontificem
3359 4239 3578 4294 ordina-

1991 4329 2168 4384 vimus
2200 4345 2213 4382 :
2248 4327 2394 4398 quod
2423 4335 2476 4382 et
2505 4326 2800 4383 secundum
2832 4326 3043 4382 divinas
3074 4327 3228 4400 leges
3255 4343 3418 4400 agere
3451 4341 3578 4398 pos-

286 4432 494 4479 rectum
524 4423 793 4478 honorare
823 4429 873 4475 et
905 4419 1132 4487 salvere,
1166 4426 1217 4472 et
1246 4417 1534 4487 unicuique
1566 4421 1882 4484 competen-
1911 4405 1962 4465 D
1987 4425 2107 4474 sent
2136 4425 2296 4488 atque
2327 4417 2589 4472 deberent
2616 4417 2788 4488 ipsius
2819 4417 3135 4489 metropolis
3165 4415 3511 4489 suﬁ'raganei,
3534 4417 3586 4471 si

290 4519 394 4566 tem
425 4512 608 4584 legem
638 4518 690 4564 et
713 4509 980 4578 justitiam
1012 4509 1068 4562 in
1114 4521 1442 4577 unoquoque
1485 4504 1676 4559 ordine
1745 4518 1880 4558 con—

293 4616 535 4665 servare,
571 4607 625 4656 et
654 4598 1025 4669 indigentibus
1053 4605 1104 4651 et
1143 4594 1534 4650 rationabiliter
1579 4591 1885 4664 petentibus

294 4688 670 4744 rationabilem
700 4686 1129 4742 misericordiam
1158 4685 1318 4739 debet
1340 4683 1676 4753 impendere.
1701 4682 1767 4736 Et
1787 4697 1886 4751 pro

294 4779 444 4834 nullo
472 4777 694 4833 homine
726 4776 792 4830 ad
823 4775 944 4840 hoc,
982 4781 1240 4845 quantum
1271 4773 1489 4826 dimittit
1519 4774 1751 4825 humana
1775 4770 1882 4823 fra-

296 4868 495 4939 gilitas,
527 4883 629 4938 per
660 4865 894 4920 studium
925 4872 1015 4918 aut
1043 4862 1484 4927 malivolentiam,
1534 4861 1614 4916 vel
1663 4859 1890 4927 alicujus

297 4957 598 5012 indebitum
646 4955 1042 5010 hortamentum
1112 4951 1364 5018 deviabo,
1430 4958 1687 5022 quantum
1760 4947 1890 5002 mihi

297 5047 444 5101 Deus
472 5044 808 5100 intellectum
839 5051 892 5098 et
919 5041 1334 5113 possibilitatem
1375 5039 1679 5094 donaverit.
1732 5039 1798 5091 Et
1847 5037 1893 5090 si

299 5152 396 5206 per
424 5134 778 5206 fragilitatem
824 5139 1009 5187 contra
1055 5131 1157 5186 hoc
1201 5129 1331 5183 mihi
1373 5130 1686 5200 subreptum
1717 5125 1888 5190 fuerit,

297 5239 422 5279 cum
480 5225 584 5278 hoc
632 5236 1026 5294 recognovero,
1074 5219 1374 5275 voluntarie
1417 5217 1546 5272 illud
1605 5216 1895 5271 emendare

300 5314 520 5369 curabo.
555 5313 669 5368 Nos
694 5319 874 5366 autem
905 5308 1096 5365 ﬁdeles
1128 5308 1311 5374 vestri,
1348 5306 1590 5378 episcopi
1622 5313 1674 5361 et
1714 5304 1897 5361 caeteri

302 5403 508 5460 laicalis
538 5401 747 5457 ordinis
778 5401 870 5472 qui
899 5399 1206 5464 adfuerunt,
1240 5399 1342 5452 hoc
1371 5395 1681 5465 capitulum,
1715 5404 1767 5450 et
1796 5410 1897 5450 vo-

303 5501 514 5558 biscum
545 5498 906 5571 condidimus,
939 5505 992 5555 et
1013 5497 1062 5554 ei
1084 5491 1506 5565 subscripsimus
1527 5491 1900 5561 unusquisque

1984 4507 2117 4562 tanti
2144 4506 2353 4561 numeri
2380 4505 2574 4574 forent,
2609 4515 2669 4562 ut
2714 4523 2811 4578 per
2869 4524 2930 4563 se
2987 4507 3312 4580 regulariter
3358 4514 3583 4576 possent

1988 4597 2239 4652 ordinare
2270 4595 2602 4668 pontiﬁcem,
2639 4597 2728 4666 qui
2756 4613 2865 4652 non
2894 4597 3072 4651 minus
3112 4610 3274 4666 quam
3323 4605 3365 4649 a'
3412 4594 3581 4650 tribus

1988 4685 2245 4757 praevalet
2273 4686 2593 4758 regulariter
2607 4685 2866 4741 ordinari.
2891 4684 3253 4754 Prosequitur
3267 4684 3462 4752 etiam,
3489 4685 3582 4740 de-

1992 4792 2253 4848 promens
2289 4777 2658 4832 auctoritates
2697 4779 3026 4829 sanctorum
3073 4774 3333 4839 Patrum,
3384 4775 3581 4847 quibus

1995 4866 2254 4936 fultihoc
2278 4869 2542 4936 egerant;
2561 4869 2616 4919 et
2640 4862 2906 4918 subinde:
2944 4861 3010 4914 Et
3049 4860 3175 4931 quia
3211 4869 3290 4918 tot
3309 4862 3364 4918 in
3384 4865 3576 4919 eadem

1993 4955 2275 5024 provincia
2305 4951 2633 5025 suffraganei
2664 4966 2769 5004 non
2788 4956 2941 5004 erant
2958 4949 3218 5022 episcopi,
3239 4960 3297 5006 ut
3314 4961 3580 5023 metropo-

1995 5043 2218 5098 litanum
2276 5042 2597 5114 regulariter
2669 5037 2920 5093 ordinare
2992 5040 3255 5110 valerent,
3327 5042 3585 5112 quoniam

1994 5132 2256 5188 Ecclesia
2289 5130 2608 5187 Rhemensis
2639 5135 2690 5182 et
2719 5127 3056 5184 Trevirensis
3102 5131 3591 5202 comprovinciales

1997 5230 2157 5293 atque
2190 5235 2429 5286 sorores,
2463 5227 2514 5272 et
2545 5234 2610 5272 ex
2638 5218 2953 5274 auctoritate
2992 5227 3046 5273 et
3075 5235 3141 5275 ex
3191 5220 3408 5292 antiqua
3451 5236 3588 5275 con-

1999 5310 2282 5366 suetudine
2311 5307 2595 5373 habentur,
2630 5322 2692 5363 ea
2723 5308 3050 5373 conditione,
3085 5315 3142 5362 ut
3185 5309 3278 5379 qui
3313 5309 3466 5380 prior
3508 5325 3596 5364 eos

1999 5415 2116 5454 rum
2150 5396 2309 5451 fuerit
2337 5395 2626 5468 episcopus
2656 5397 2958 5462 ordinatus,
2980 5397 3130 5469 prior
3147 5398 3308 5453 etiam
3328 5398 3594 5455 habeatur

1998 5488 2054 5544 in
2085 5485 2316 5558 synodo,
2349 5491 2402 5542 et
2430 5484 2534 5541 sibi
2566 5494 2754 5547 mutuo
2784 5486 3012 5546 consilio
3041 5495 3094 5546 et
3126 5487 3324 5546 auxilio
3371 5487 3594 5546 fovean-
