4072 6336
518 235 622 293 263
707 259 748 283 ο

1369 227 1712 286 HINCMARI
1746 225 2149 284 RHEMENSIS
2175 225 2725 285 ARCHIEPISCOPI.

3709 232 3823 289 εει

527 366 634 427 tur,
667 365 827 428 atque
857 354 1166 420 fulciantur,
1197 352 1536 410 Trevirensis
1563 352 1857 425 provinciae
1876 349 2118 424 episcopi
2146 347 2202 410 A
2223 349 2291 406 de
2321 351 2628 420 hujusmodi
2655 352 3033 418 decreverunt,
3067 359 3120 408 et
3149 353 3218 408 de
3239 353 3380 409 coelo
3400 370 3567 426 super
3589 371 3718 412 eum
3737 354 3828 409 in-

527 464 560 502 a
587 447 820 518 primate
845 442 1142 516 provinciae
1172 435 1504 499 Rhemorum
1533 441 1789 498 solatium
1815 457 1930 496 sum
1978 439 2124 496 ordi-

527 534 759 592 nationis
775 533 1080 590 secundum
1119 547 1303 588 sacras
1334 531 1549 603 regulas
1580 531 1930 603 quaesierunt,
1983 529 2124 585 sicut

528 624 702 682 sancti
731 623 1090 680 Sardicenses
1117 636 1355 678 canones
1383 620 1571 676 dicunt
1599 625 1744 692 (cap.
1797 619 1873 691 5),
1916 617 2123 674 scilicet

559 737 583 765 α
617 723 676 770 ut
705 712 753 768 si
781 710 1073 783 contigerit
1099 710 1158 765 in
1181 725 1292 765 una
1317 707 1621 780 provincia,
1653 709 1707 763 in
1757 724 1862 780 qua
1903 705 2122 778 plurimi

527 803 747 858 fuerunt
777 799 1019 873 episcopi
1051 841 1064 868 ,
1097 815 1265 856 unum
1294 797 1431 854 forte
1461 812 1742 853 remanere
1777 795 2115 868 episcopum,

526 899 580 947 et
598 890 786 962 populi
827 888 1201 954 convenerint,
1235 887 1528 958 episcopos
1570 884 1764 941 vicinae
1825 882 2120 955 provinciae

525 979 728 1036 debere
754 978 907 1034 illum
933 975 1084 1048 prius
1120 975 1414 1032 convenire
1471 973 1808 1046 episcopum,
1842 971 1936 1044 qui
1984 972 2040 1027 in
2057 987 2120 1027 ea

526 1069 806 1142 provincia
832 1073 1095 1132 moratur,
1129 1073 1180 1121 et
1207 1063 1498 1120 ostendere
1529 1061 1676 1134 quod
1702 1061 1890 1132 populi
1934 1067 2121 1132 petant

529 1157 632 1214 sibi
658 1164 946 1223 rectorem,
979 1162 1032 1210 et
1061 1154 1164 1210 hoc
1189 1153 1394 1222 justum
1425 1167 1569 1222 esse,
1601 1157 1659 1207 ut
1687 1158 1740 1206 et
1768 1151 1874 1220 ipsi
1903 1149 2121 1206 veniant

528 1254 584 1303 et
611 1261 736 1302 cum
761 1246 882 1317 ipso
915 1243 1168 1299 ordinent
1193 1241 1531 1312 episcopum.
1565 1237 1725 1307 Quod
1756 1238 1801 1294 si
1821 1245 2120 1294 conventus

528 1335 726 1391 litteris
775 1331 1000 1390 tacuerit
1044 1339 1098 1388 et
1139 1328 1580 1397 dissimulaverit,
1628 1327 1870 1400 nihilque
1917 1326 2119 1383 rescri-

523 1425 715 1497 pserit,
762 1419 1202 1478 satisfaciendum
1248 1435 1372 1475 esse
1414 1416 1650 1489 pepulis,
1703 1424 1763 1472 ut
1812 1415 2031 1472 veniant
2051 1431 2120 1470 ex

525 1513 705 1570 vicina
727 1508 1007 1583 provincia
1037 1507 1302 1579 episcopi,
1335 1514 1388 1562 et
1427 1505 1678 1562 ordinent
1727 1504 2062 1576 episcOpum.
2091 1524 2114 1554 ι

523 1603 608 1658 Ex
649 1600 848 1673 quibus
887 1598 987 1654 rite
1034 1597 1302 1670 colligitur
1343 1595 1468 1667 quia
1505 1594 1551 1649 si
1598 1593 1885 1665 provincia
1923 1592 2117 1649 Trevi-

521 1689 700 1748 rensis
728 1704 838 1744 non
865 1687 972 1744 nisi
997 1702 1168 1742 unum
1193 1684 1281 1742 vel
1309 1684 1517 1740 nullum
1533 1683 1759 1740 haberet
1778 1681 2110 1754 episcopum,
2141 1711 2197 1770 B

519 1778 762 1852 episc0pi
788 1775 1116 1834 Rhemensis
1143 1773 1440 1846 provincia:
1467 1771 1671 1844 petenti
1705 1771 1854 1827 clero
1902 1779 1954 1826 et
2008 1787 2113 1842 po-

517 1868 648 1941 pulo
675 1865 1038 1924 Trevirensis.
1071 1861 1333 1918 Ecclesiae
1352 1861 1612 1917 deberent
1627 1859 1879 1916 ordinare
1896 1859 2113 1930 episco-

518 1973 671 2029 pum.
719 1955 816 2011 Cui
855 1951 1118 2009 Ecclesiae
1164 1966 1355 2007 omnes
1411 1966 1532 2016 nos,
1601 1965 1828 2021 quorum
1893 1948 2112 2004 nomina

521 2043 842 2118 praiscripta
886 2041 942 2097 in
985 2039 1160 2112 capite
1197 2039 1358 2109 hujus
1428 2037 1672 2110 epistola
1729 2036 1862 2110 legit
1933 2036 2114 2110 gloria

519 2141 724 2202 vestra,
776 2129 1017 2188 unanimi
1062 2137 1186 2186 voto
1227 2136 1388 2200 atque
1429 2143 1722 2193 consensu,
1771 2125 1996 2182 fratrem
2059 2133 2112 2182 et

521 2219 973 2280 consacerdotem
999 2225 1244 2274 nostrum
1299 2215 1615 2282 Bertulfum,
1647 2223 1705 2271 ut
1724 2214 2107 2286 praemisimus,

521 2309 842 2384 regulariter
868 2305 1180 2380 pontificem
1208 2305 1597 2374 ordinavimus,
1646 2304 1784 2360 sicut
1825 2320 1892 2360 ex
1937 2303 2110 2359 sacris

520 2399 729 2474 regulis
757 2405 813 2454 et
839 2395 1197 2454 ordinationis
1225 2395 1344 2464 ejus
1373 2393 1543 2466 gestis
1571 2392 1862 2449 ostendere
1907 2407 2109 2464 possu-

519 2505 662 2559 mus,
696 2495 750 2544 et
777 2487 824 2543 si
849 2501 1095 2542 mecesse
1124 2483 1304 2553 fuerit,
1339 2483 1708 2540 ostendemus.
1764 2481 2110 2552 QuaprOpter

521 2577 692 2650 ipsius
717 2575 1136 2641 ordinationem,
1170 2580 1224 2628 et
1254 2571 1662 2644 dispositionem
1694 2587 1880 2626 rerum
1927 2585 1992 2624 ac
2027 2569 2110 2625 fa-

519 2667 777 2724 cultatum
829 2662 1351 2729 ecclesiasticarum,
1413 2661 1548 2717 sicut
1609 2659 1748 2716 sacri
1821 2657 2110 2732 praeﬁgunt

521 2770 781 2822 canones,
812 2754 888 2809 ita
917 2751 1278 2816 defendimus,
1329 2757 1382 2805 et
1421 2757 1684 2822 perpetuo
1727 2747 2105 2817 defendemus,

521 2845 662 2901 sicut
690 2850 744 2898 et
772 2840 1023 2898 ordinem
1053 2847 1318 2906 nostrum,
1349 2838 1478 2910 quia
1504 2837 1551 2893 si
1581 2837 1698 2909 ipse
1725 2852 1834 2892 non
1860 2843 1945 2892 est
1993 2835 2108 2907 epi-

519 2947 738 3004 sc0pus,
769 2947 871 2986 nec
897 2945 998 2986 nos
1019 2929 1286 2984 debemus
1330 2926 1602 2983 nominari
1642 2925 1904 2998 episcopi.
1950 2925 2018 2980 Et
2063 2923 2112 2979 si

517 3021 638 3094 quis
665 3019 890 3078 voluerit
920 3026 1109 3076 contra
1136 3017 1531 3073 ordinationem
1561 3015 1678 3084 ejus
1708 3013 1913 3069 sinistri
1942 3013 2105 3086 quip-

514 3111 660 3184 piam
687 3109 888 3180 dicere,
949 3115 1104 3164 exeat
1155 3114 1210 3162 et
1265 3105 1428 3172 dicat,
1486 3112 1863 3162 verumtamen
1899 3118 2110 3158 memor

512 3197 910 3256 communionis
940 3213 1083 3264 suae;
1117 3195 1245 3268 quia
1270 3203 1360 3250 aut
1390 3193 1508 3266 ipse
1537 3209 1646 3250 non
1686 3191 2108 3250 communicabit

509 3287 882 3346 ecclesiastico
914 3295 970 3342 et
995 3283 1296 3356 episcopali
1330 3283 1532 3350 ordini,
1565 3291 1659 3340 aut
1687 3299 1788 3340 nos
1815 3298 1928 3340 non
1956 3299 2105 3340 com-

512 3376 913 3434 municabimus
940 3373 1242 3430 ministerio
1291 3372 1603 3444 episcopali.

566 3467 722 3523 Unde
742 3464 921 3522 verbis
971 3463 1112 3518 beati
1132 3461 1330 3518 Leonis
1372 3460 1737 3516 Theodosium
1799 3462 2104 3533 Augustum

513 3555 785 3627 quondam
814 3551 1182 3626 alloquentis:
1233 3551 1360 3616 Vos,
1413 3549 1869 3605 Christianissime
1911 3556 1962 3604 et
2009 3565 2103 3604 ve-

509 3644 773 3700 nerabilis
802 3642 1068 3714 nobisque
1095 3639 1418 3698 charissime
1445 3655 1562 3710 rex,
1595 3655 1719 3694 cum
1748 3637 2104 3693 consacerdo-

507 3732 654 3787 tibus
717 3731 917 3786 nostris
990 3729 1356 3802 alloquimur;
1407 3727 1694 3799 implentes
1739 3725 2102 3787 reverentiam

508 3818 808 3875 clementiae
835 3825 1035 3874 vestrae
1059 3817 1261 3874 sinceri
1303 3815 1503 3871 amoris
1546 3814 1740 3881 oﬁicio,
1797 3813 2101 3886 cupientes-

511 3924 617 3980 que
644 3923 744 3965 vos
771 3906 988 3978 placere
1005 3923 1106 3978 per
1122 3905 1304 3962 omnia
1324 3906 1461 3975 Deo,
1486 3903 1572 3961 cui
1591 3919 1687 3974 pro
1709 3903 1868 3959 vobis
1893 3919 1926 3959 a
1941 3903 2100 3960 nobis

511 4004 566 4052 et
609 3997 678 4051 ab
727 3994 990 4052 Ecclesiis
1043 3995 1202 4050 nobis
1256 3993 1566 4050 commissis
1626 3991 1982 4064 supplicatur,
2030 4008 2098 4047 ne

510 4093 633 4141 ante
660 4083 900 4140 tribunal
926 4083 1142 4140 Domini
1161 4083 1242 4139 rei
1270 4083 1339 4138 de
1360 4081 1574 4138 silentio
1614 4081 1942 4152 judicemur,
1994 4081 2098 4137 ob-

511 4190 792 4232 secramus
820 4189 1002 4230 coram
1031 4171 1190 4229 unius
1205 4171 1422 4228 deitatis
1441 4170 1798 4244 inseparabili
1818 4170 2096 4240 Trinitate,

509 4281 631 4338 quae
658 4263 751 4320 tali
778 4262 921 4320 facto
947 4262 1178 4332 laeditur,
1212 4277 1338 4320 cum
1367 4261 1488 4334 ipsa
1515 4259 1684 4318 vestri
1713 4259 1782 4315 sit
1810 4267 1997 4317 custos
2045 4267 2100 4315 et

507 4362 692 4411 auctor
719 4352 896 4424 regni,
930 4359 982 4406 et
1010 4366 1194 4408 coram
1225 4351 1426 4408 sanctis
1453 4349 1666 4423 angelis
1697 4349 1917 4416 Christi,
1949 4357 2005 4404 ut
2041 4348 2098 4403 in

507 4459 573 4499 eo
604 4449 742 4498 statu
766 4449 819 4496 et
841 4440 1175 4496 immunitate
1205 4456 1301 4496 seu
1325 4438 1613 4511 privilegio
1644 4454 1768 4495 cum
1798 4453 1898 4494 suo
1927 4433 2167 4508 ponti-D

502 4530 606 4590 fice
634 4530 1010 4589 Trevirensem
1041 4529 1344 4587 Ecclesiam
1355 4544 1478 4586 esse
1492 4527 1750 4598 jubeatis,
1775 4535 1938 4599 atque
1966 4543 2096 4583 eon-

506 4621 756 4689 servetis,
793 4637 900 4694 quo
919 4619 1086 4677 vestri
1104 4619 1486 4692 progenitores
1517 4624 1681 4690 atque
1716 4615 2095 4688 praedecesso-

508 4725 614 4781 res,
649 4711 746 4768 sed
768 4719 821 4768 et
847 4710 906 4766 in
937 4726 1044 4784 quo
1064 4709 1234 4766 frater
1261 4724 1326 4766 ac
1346 4723 1520 4780 nepos
1569 4713 1750 4762 vester
1789 4704 2094 4773 Lotharius,

504 4805 660 4870 pater
705 4798 912 4858 scilicet
949 4816 1016 4858 ac
1054 4799 1214 4866 ﬁlius,
1265 4797 1523 4855 canonice
1587 4803 2091 4853 conservaverunt:

505 4895 768 4960 quatenus
799 4897 852 4945 et
879 4906 976 4946 vos
1007 4889 1258 4947 meritum
1284 4887 1410 4943 inde
1440 4884 1586 4958 apud
1615 4886 1812 4951 Deum,
1863 4891 1916 4940 et
1960 4883 2094 4940 bea-

505 4983 620 5032 tum
649 4978 1018 5048 apostolorum
1043 4979 1346 5050 principem
1375 4978 1608 5043 Petrum,
1639 4973 1696 5031 in
1715 4974 1870 5044 cujus
1883 4974 2093 5030 honore

506 5065 738 5129 eccleSia
764 5068 882 5140 ipsa
913 5076 995 5124 est
1035 5076 1372 5138 consecrata,
1421 5063 1683 5140 habeatis,
1734 5071 1788 5120 et
1835 5079 1935 5119 nos
1972 5079 2093 5118 am-

503 5163 646 5234 plius
675 5139 946 5217 debitores
973 5157 1031 5212 in
1059 5157 1389 5214 orationibus
1419 5163 1473 5210 et
1501 5139 1713 5210 caeteris
1757 5151 1952 5209 debitis
1994 5154 2093 5210 ob-

502 5251 706 5324 sequiis
737 5247 1066 5322 acquiratis;
1107 5246 1234 5318 quia
1273 5245 1380 5300 nisi
1421 5259 1519 5317 pro
1571 5250 1748 5301 vestra
1787 5243 2095 5300 reverentia

501 5344 608 5399 hoc
634 5339 992 5404 diﬁ'erremus,
1019 5338 1132 5408 jam
1161 5336 1218 5392 in
1244 5350 1594 5407 pervasorem
1623 5332 1794 5405 ipsius
1833 5331 2093 5389 Ecclesiae

493 5430 756 5504 judicium
783 5430 839 5485 in
868 5428 1025 5485 terris
1055 5434 1298 5484 exertam
1317 5425 1662 5490 haberemus,
1683 5421 1832 5496 quod
1853 5419 2094 5478 sexcenti

501 5528 554 5579 et
582 5519 802 5592 triginta
829 5517 1072 5592 episcopi
1099 5517 1156 5574 in
1183 5531 1383 5588 magna
1411 5511 1840 5572 Chalcedonensi
1879 5509 2090 5587 synodo

2223 447 2446 508 tentant,
2479 449 2533 496 et
2551 442 2607 496 in
2619 440 2825 510 judicio
2845 440 3031 498 divino
3051 441 3122 497 ad
3134 449 3397 499 aeternam
3413 443 3826 500 damnationem

2221 537 2462 597 exerent,
2494 530 2602 586 nisi
2630 530 2850 602 dignam
2879 530 3251 601 paenitentiam
3280 533 3476 606 egerit.
3509 535 3580 590 Et
3609 539 3826 590 caetera

2204 618 2286 674 .de
2307 620 2739 676 auctoritatibus
2760 636 3050 676 sacrorum
3071 637 3375 677 canonum.
3397 625 3531 680 Post
3553 640 3676 694 quae
3696 623 3828 680 sub-

2211 707 2482 778 jungitur
2515 725 2529 761 :
2553 708 2707 764 Unde
2737 715 2924 764 vestra
2953 707 3215 781 religiosa
3243 717 3296 764 et
3315 709 3475 766 nobis
3495 711 3828 766 charissima

2219 795 2514 851 dominatio
2544 796 2843 852 certissime
2874 796 3029 864 sciat,
3063 797 3157 868 qui
3213 797 3449 870 quandiu
3492 799 3595 855 iste
3644 798 3826 855 frater

2219 891 2406 940 noster
2431 884 2704 941 Bertulfus
2730 902 2764 942 a
2787 886 2950 944 nobis
2979 885 3035 940 in
3062 885 3374 942 Trevirensi
3393 887 3640 944 Ecclesia
3659 889 3820 944 ordi-

2217 980 2373 1028 natus
2401 973 2692 1044 episcopus
2720 973 2776 1028 in
2800 975 2902 1030 hoc
2925 974 3141 1030 mortali
3169 989 3402 1047 corpore
3431 975 3645 1045 vixerit,
3679 977 3824 1034 alter

2217 1061 2274 1116 in
2302 1062 2490 1118 eadem
2537 1063 2786 1119 Ecclesia
2827 1063 3108 1118 ordinatus
3160 1063 3449 1135 episcopus
3489 1081 3600 1122 non
3665 1065 3770 1121 erit
3804 1083 3818 1122 :

2217 1150 2324 1205 nisi
2345 1149 2484 1206 forte
2509 1151 2648 1223 ipse,
2700 1151 2845 1224 quod
2887 1152 3046 1221 absit,
3093 1152 3265 1208 sacris
3309 1153 3514 1226 regulis
3560 1154 3815 1224 obvians,

2216 1255 2318 1310 per
2364 1240 2588 1296 easdem
2630 1255 2816 1296 sacras
2863 1239 3086 1313 regulas
3135 1241 3486 1312 deponatur:
3534 1251 3588 1298 et
3629 1242 3814 1300 isdem

2215 1337 2575 1399 praesumptor
2601 1337 2655 1384 et
2683 1335 2930 1400 apostata
2955 1329 3255 1385 monachus
3290 1329 3472 1387 Walto
3499 1330 3570 1386 de
3616 1348 3820 1388 mona-

2217 1415 2381 1472 sterio
2410 1416 2752 1474 Trevirensis
2776 1417 3068 1488 parochias,
3120 1435 3420 1491 nunquam,
3447 1420 3565 1489 jam
3601 1420 3816 1490 judicio

2217 1505 2449 1576 Spiritus
2491 1507 2664 1562 sancti
2705 1523 2871 1577 super
2918 1523 3044 1562 eum
3096 1507 3332 1578 prolato,
3380 1508 3436 1563 in
3503 1509 3819 1566 Trevirensi

2214 1594 2482 1662 Ecclesia,
2515 1612 2675 1667 quam
2704 1595 3050 1652 exitiabiliter
3076 1597 3356 1668 usurpavit
3401 1604 3456 1652 et
3499 1597 3658 1669 laesit,
3707 1615 3818 1670 po-

2217 1683 2340 1738 terit
2369 1699 2491 1739 esse
2521 1683 2829 1754 episcopus.
2859 1685 2930 1739 Et
2957 1683 3023 1750 si,
3073 1692 3130 1740 ut
3173 1685 3428 1752 diximus,
3474 1702 3574 1757 pro
3621 1694 3818 1746 vestra

2217 1773 2520 1828 reverentia
2549 1773 2654 1829 hoc
2681 1789 2791 1828 non
2819 1772 3179 1840 diﬂerremus,
3211 1789 3320 1830 non
3353 1775 3530 1830 solum
3557 1791 3660 1846 per
3713 1793 3809 1832 sa-

2213 1877 2340 1916 eros
2369 1877 2610 1918 canones
2657 1861 3098 1930 decerneremus,
3149 1870 3209 1917 ut
3252 1879 3531 1935 nunquam
3578 1872 3634 1920 et
3681 1881 3818 1920 nus-

2215 1965 2379 2020 quam
2409 1951 2478 2006 ad
2507 1951 2712 2024 gradus
2730 1949 3127 2006 ecclesiasticos
3150 1960 3505 2023 praesumeret
3523 1953 3815 2022 accedere,

2213 2054 2404 2094 verum
2450 2039 2552 2094 sub
2599 2040 2940 2095 anathemate
2983 2056 3108 2096 eum
3148 2048 3432 2112 ponentes,
3484 2043 3694 2099 retrudi
3756 2043 3814 2098 in

2212 2127 2485 2200 ergastulo
2514 2129 2812 2185 secundum
2845 2145 3034 2185 sacras
3069 2129 3287 2202 regulas
3334 2131 3807 2188 decerneremus:

2211 2224 2265 2272 et
2294 2216 2338 2271 si
2369 2217 2425 2271 in
2451 2217 2844 2274 contummacia
2872 2235 2968 2273 sua
2995 2218 3307 2289 perstiterit,
3341 2219 3460 2276 sine
3488 2219 3599 2275 ulla
3629 2229 3814 2277 retra-

2209 2305 2442 2362 ctatione
2451 2305 2629 2362 modis
2649 2306 2903 2364 omnibus
2919 2307 3271 2363 decernamus
3283 2307 3820 2379 .Apraefactisautem

2209 2393 2656 2451 intentationibus
2699 2411 2983 2452 sacrorum
3025 2412 3296 2453 canonum
3341 2413 3440 2453 vos
3507 2398 3816 2456 immunem

2208 2490 2370 2556 atque
2399 2491 2642 2540 exortem
2670 2500 2704 2540 a
2732 2485 2984 2552 Domino,
3015 2502 3112 2556 per
3137 2502 3301 2557 quem
3329 2502 3494 2560 reges
3545 2497 3810 2561 regnant,

2210 2581 2263 2630 et
2291 2589 2357 2628 ex
2386 2589 2494 2646 quo
2521 2580 2576 2629 et
2605 2590 2704 2646 per
2734 2591 2896 2647 quem
2912 2573 3196 2630 exordium
3225 2590 3384 2632 sacer
3399 2575 3564 2646 etrapit
3583 2577 3811 2648 episco-

2207 2669 2385 2733 patus,
2419 2661 2538 2718 ﬁeri
2567 2662 2694 2718 totis
2722 2662 2932 2718 nisibus
2959 2679 3268 2734 exoramus,
3292 2663 3436 2718 illius
3457 2663 3814 2722 clementiam

2207 2751 2561 2822 deprecantes
2589 2759 2646 2807 ut
2677 2751 2768 2806 det
2797 2751 2954 2808 vobis
2983 2752 3123 2808 velle
3153 2759 3207 2808 et
3233 2751 3497 2824 perficere
3525 2770 3630 2825 pro
3662 2755 3811 2811 bona

2205 2839 2480 2896 voluntate
2506 2857 2628 2912 quae
2657 2840 2936 2913 praecepit,
2989 2849 3254 2912 quatenus
3297 2843 3622 2899 mereamini
3669 2861 3810 2913 per-

2207 2928 2391 3000 cipere
2419 2937 2620 2987 aeterna
2649 2930 2867 3002 gaudia,
2909 2947 3030 3003 quae
3078 2947 3138 2988 se
3183 2930 3538 3005 diligentibus
3590 2949 3805 3006 repro-

2204 3017 2386 3074 mittit.
2811 3023 2822 3036 '

2636 3102 2647 3111 ’
2730 3107 3071 3166 EPISTOLA
3107 3107 3274 3166 XLII.

2797 3197 3201 3270 Fragmentum.

2345 3299 2606 3341 WILIGISO
2635 3300 2706 3341 ΕΤ
2734 3300 2978 3342 CETERIS
3004 3301 3288 3344 MONACHIS
3317 3301 3364 3342 S.
3389 3302 3659 3345 DIONYSII.

2313 3393 2465 3461 Quod
2489 3395 2740 3466 pretium
2756 3411 2860 3466 pro
2890 3393 3108 3450 decima
3137 3396 3316 3467 quaeri
3344 3411 3461 3451 non
3476 3395 3696 3452 debeat.

2389 3498 2543 3554 (Apud
2565 3499 2812 3556 eumdem,
2837 3510 2894 3546 ex
2913 3499 3195 3556 Flodoardi,
3215 3499 3302 3546 lib.
3326 3510 3398 3557 ιιι,
3419 3510 3531 3556 cap.
3555 3503 3644 3557 95.)

2270 3587 2444 3654 Absit,
2479 3587 2692 3660 fratres,
2721 3596 2780 3644 ut
2809 3589 2898 3646 alii
2927 3589 3284 3646 ecclesiastici
3313 3599 3366 3646 et
3395 3590 3644 3664 religiosi
3701 3593 3807 3649 viri

2200 3677 2303 3732 hoc
2333 3676 2571 3743 audiant,
2605 3677 2726 3749 quia
2757 3679 3008 3734 monachi
3039 3680 3108 3734 de
3126 3679 3461 3735 monasterio
3481 3679 3657 3736 sancti
3677 3679 3806 3737 Dio-

2198 3765 2339 3838 nysii
2368 3765 2636 3822 decimam
2664 3768 2904 3824 vendere
2935 3775 3201 3840 quaerunt,
3233 3777 3291 3824 ut
3339 3769 3409 3824 de
3447 3767 3573 3840 ipso
3625 3770 3804 3840 pretio

2197 3854 2467 3911 infernum
2510 3863 2847 3926 comparent.
2894 3857 3060 3913 Multo
3100 3856 3276 3930 magis
3315 3863 3498 3913 autem
3539 3858 3683 3913 absit
3745 3867 3808 3914 ut

2199 3944 2304 4000 hoc
2331 3943 2457 4000 laici
2481 3945 2716 4011 audiant,
2754 3947 2899 4018 quod
2929 3962 3090 4002 nemo
3120 3947 3282 4002 etiam
3295 3946 3536 4018 peccatis
3558 3947 3800 4017 publicis

2198 4032 2506 4103 implicatus
2533 4033 2587 4088 in
2614 4050 2735 4090 mea
2763 4035 3025 4106 parochia
3070 4034 3247 4091 facere
3292 4036 3475 4092 audet.
3532 4034 3591 4090 Si
3651 4037 3800 4092 enim

2197 4121 2389 4194 aliquis
2418 4123 2489 4178 de
2516 4123 2624 4178 alio
2653 4124 2982 4179 monasterio
3013 4140 3179 4196 quam
3209 4125 3277 4180 de
3307 4133 3499 4181 nostro
3526 4125 3632 4180 hoc
3677 4133 3800 4182 ten-

2195 4217 2333 4278 tare,
2365 4219 2562 4284 quanto
2590 4213 2768 4284 magis
2789 4211 2969 4270 facere
2988 4221 3363 4286 praesumeret,
3388 4214 3458 4270 ab
3474 4214 3624 4270 omni
3645 4229 3800 4270 com-

2193 4300 2451 4358 munione
2487 4301 2640 4358 illum
2669 4303 2737 4358 de
2765 4303 3024 4374 parochia
3069 4318 3191 4359 mea
3236 4305 3796 4371 excommunicarem,

2197 4393 2254 4446 et
2283 4395 2505 4448 caetera.

2707 4480 3046 4538 EPISTOLA
3084 4481 3274 4539 XLIII.

2786 4569 3192 4644 Fragmentum.

2621 4673 2694 4714 AD
2723 4673 3056 4716 TEUDULFUM
3087 4675 3352 4718 COHITEM.

2337 4766 2646 4823 Ecclesium
2671 4767 2854 4840 pretio
2885 4768 3122 4826 vendere
3152 4787 3265 4826 non
3307 4773 3644 4843 praesumat.

2381 4882 2544 4939 (Apud
2565 4882 2814 4940 eumdem,
2836 4895 2900 4930 ex
2921 4883 3206 4942 Flodoardi,
3221 4883 3308 4930 lib.
3332 4895 3404 4940 ιιι,
3437 4885 3652 4942 cap,26.)

2264 4973 2561 5045 Propterea
2587 4974 2730 5030 scias
2757 4974 2882 5046 quia
2934 4975 2982 5030 si
3027 4975 3116 5031 vel
3160 4992 3327 5032 unum
3373 4975 3666 5031 denarium
3689 4975 3792 5032 tibi

2195 5063 2391 5136 aliquis
2423 5061 2654 5120 clericus
2680 5063 2912 5135 proipsa
2941 5064 3194 5130 ecclesia,
3226 5064 3316 5121 vel
3344 5080 3446 5136 pro
3475 5065 3580 5121 alia
3603 5065 3791 5137 aliqua

2193 5151 2250 5208 in
2277 5168 2398 5208 mea
2425 5151 2808 5224 parochia,per
2834 5170 2894 5210 se
2923 5161 3014 5210 aut
3041 5171 3142 5225 per
3171 5154 3472 5210 immissam
3492 5170 3789 5226 personam

2195 5241 2423 5311 dederit,
2455 5257 2552 5313 per
2577 5259 2665 5298 me
2697 5243 2976 5299 ordinatus
3003 5243 3060 5297 in
3090 5260 3154 5299 ea
3181 5259 3294 5300 non
3331 5243 3452 5299 erit.
3503 5243 3562 5300 Si
3602 5252 3788 5300 autem

2191 5330 2276 5386 vis
2302 5330 2379 5386 ibi
2405 5331 2605 5387 habere
2634 5333 3032 5405 presbyterum,
3065 5331 3242 5389 adhuc
3283 5333 3416 5388 mihi
3462 5332 3629 5390 talem
3671 5333 3788 5390 cle-

2192 5419 2364 5477 ricum
2395 5420 2489 5493 qui
2513 5429 2669 5493 aptus
2701 5422 2770 5477 sit
2798 5438 2954 5478 sacro
2981 5422 3306 5490 ministerio,
3359 5430 3412 5478 et
3469 5438 3574 5494 ego
3631 5423 3785 5478 illum

2191 5508 2477 5583 inquiram,
2511 5519 2565 5569 et
2593 5511 2672 5568 illi
2701 5511 2988 5570 ecclesiam
3016 5511 3180 5585 dabo,
3215 5519 3269 5569 et
3296 5518 3426 5568 tunc
3453 5509 3614 5568 illum
3642 5511 3784 5569 ordi-
