4072 6326
181 266 288 322 265

1573 270 1947 328 EPISTOLE.

3375 283 3480 338 266

181 387 364 454 nabo',
407 387 456 444 si
499 387 631 444 mihi
679 388 1100 446 satisfactionem
1147 390 1334 448 fecerit
1379 394 1525 466 quod
1581 395 1787 450 nullum
1815 394 2047 456 Ameus
2103 397 2404 465 Lotharius,
2448 406 2628 470 potest
2669 400 2928 458 veraciter
2975 417 3310 476 cognoscere
3355 403 3486 475 quia

183 477 419 548 pretium
479 476 606 532 inde
659 477 959 534 donaverit.
1019 481 1089 535 Et
1145 479 1190 535 si
1237 488 1292 537 tu
1339 482 1412 536 ita
1459 481 1636 539 facere
1686 499 1794 539 non

186 565 448 633 volueris,
483 581 620 639 ergo
647 567 916 623 ordinado
946 569 1179 640 qualiter
1196 570 1433 642 populus
1453 571 1528 626 ibi
1557 570 1796 627 ofﬁcium

186 653 408 720 habeat,
440 670 617 728 usque
647 655 778 710 dum
806 655 882 711 ibi
913 657 1158 714 ordinem
1189 659 1584 731 presbyterum.
1621 659 1716 716 Cui
1749 661 1794 715 si

188 743 408 815 aliquod
455 743 905 815 impedimentum
954 754 1143 802 contra
1192 747 1401 804 divinas
1449 757 1502 804 et
1530 751 1795 805 humanas

188 829 343 904 leges
387 831 609 900 feceris,
657 841 708 889 et
751 833 1101 892 manifestum
1155 835 1333 907 fuerit,
1383 839 1670 910 presbyter
1722 837 1796 894 ibi

189 920 552 990 permanebit,
587 929 640 976 et
671 929 724 978 tu
753 931 805 979 et
832 939 1024 980 omnes
1054 924 1144 997 qui
1175 925 1270 980 tibi
1301 926 1700 992 consenserint,
1725 926 1794 982 ab

191 1008 338 1064 omni
387 1009 796 1068 Christianitate
839 1028 1016 1084 usque
1069 1013 1140 1069 ad
1189 1013 1608 1072 satisfactionem
1647 1015 1796 1070 eritis

194 1097 448 1168 separati.
481 1099 632 1166 Haec,
665 1099 829 1156 chare
873 1099 967 1170 fili,
1019 1101 1142 1158 ideo
1171 1103 1370 1158 mando
1413 1103 1528 1171 tibi,
1563 1110 1616 1160 et
1644 1104 1800 1160 aliter

196 1201 541 1254 commoneo,
575 1188 701 1260 quia
744 1189 954 1246 salvum
1002 1197 1055 1246 et
1101 1191 1422 1248 honoratum
1452 1201 1504 1249 te
1533 1193 1711 1264 cupio,
1745 1201 1800 1248 et

195 1275 336 1330 inter
363 1274 508 1331 filios
537 1277 802 1334 Ecclesiae
851 1286 902 1335 te
948 1278 1003 1334 in
1049 1279 1172 1336 loco
1203 1279 1297 1335 ﬁlii
1325 1281 1526 1338 habere
1568 1281 1712 1350 volo,
1747 1289 1800 1336 et

197 1363 242 1418 si
269 1379 358 1420 me
385 1366 664 1436 coegeris,
697 1374 751 1422 ut
782 1366 919 1424 sicut
939 1367 1200 1424 Dominus
1230 1369 1358 1426 dicit
1388 1369 1442 1424 in
1473 1369 1794 1443 Evangelio,

199 1453 273 1508 sis
303 1453 451 1508 velut
481 1453 730 1510 ethnicus
771 1463 824 1511 et
867 1455 1208 1527 publicanus,
1259 1473 1371 1514 non
1414 1458 1546 1513 mihi
1575 1459 1672 1514 sed
1703 1457 1801 1513 tibi

201 1550 458 1614 reputare
505 1543 753 1600 debebis.
799 1545 1096 1618 Postquam
1141 1546 1272 1602 istas
1318 1547 1522 1604 litteras
1577 1547 1796 1614 dictavi,

199 1630 398 1686 dictum
427 1638 512 1686 est
559 1632 692 1688 mihi
721 1633 864 1704 quod
893 1633 1293 1692 matricularios
1341 1652 1373 1691 a
1402 1635 1649 1691 ministro
1678 1651 1800 1691 meo

1891 500 2001 540 non
2029 493 2232 541 tantum
2260 485 2358 553 illi,
2391 488 2489 544 sed
2517 487 2650 544 nulli
2681 489 2885 545 homini
2930 490 2985 546 in
3013 491 3216 550 mundo
3245 508 3364 548 sum
3393 491 3482 547 in-

1893 571 2100 641 ﬁdelis;
2134 582 2186 630 et
2215 574 2262 630 si
2309 575 2420 633 vult
2469 577 2716 647 credere,
2749 578 2934 634 credat
2967 595 2982 633 :
3015 579 3097 636 sin
3127 587 3325 649 autem,
3361 595 3486 636 cum

1892 661 1981 716 ille
2027 662 2166 718 inter
2203 663 2497 737 principes,
2553 673 2605 721 et
2659 681 2766 740 ego
2813 666 2955 723 inter
3003 667 3308 739 episcopos,
3363 677 3486 724 ante

1892 749 2102 824 Regem
2140 769 2335 826 regum
2373 761 2424 809 et
2460 754 2796 827 EpiscOpum
2843 754 3224 828 episcoporum
3265 756 3486 814 veneri-

1891 855 2036 908 mus,
2076 849 2200 897 tunc
2240 841 2368 914 quid
2404 843 2532 898 inde
2562 859 2754 898 verum
2783 843 2868 912 sit,
2903 843 3218 916 plenissime
3249 843 3366 902 sine
3396 844 3490 902 ali-

1895 929 2047 998 cujus
2071 930 2399 999 judicatione
2429 940 2716 1003 cognocet,
2749 937 2857 990 etc.

2416 1055 2760 1114 EPISTOLA
2811 1057 2976 1114 XLV.

2409 1141 2419 1156 ’
2492 1153 2897 1226 Fragmentum.

1899 1263 2140 1303 ROTRUDI
2168 1263 2238 1304 ET
2267 1264 2508 1304 QETERIS
2530 1266 2834 1306 SORORIBUS
2853 1265 3194 1308 MONASTEBII
3222 1267 3270 1308 S.
3305 1267 3494 1309 CBUCIS

2413 1336 2483 1376 ET
2522 1337 2570 1376 S.
2603 1335 2976 1378 RADEGUNDIS.

2031 1419 2138 1474 Pro
2169 1418 2442 1474 electione
2470 1419 2761 1476 abbatissce
2787 1421 2965 1490 ipsius
2993 1423 3349 1478 monasterii.

2024 1529 2182 1586 (Apud
2217 1529 2464 1588 eumdem.
2509 1543 2570 1580 ex
2609 1532 2877 1580 Flodoardi
2909 1533 2997 1581 lib.
3033 1543 3106 1590 tu,
3137 1544 3247 1591 cap.
3275 1535 3365 1589 27).

1972 1638 2262 1710 Propterea
2319 1639 2524 1713 diligite
2590 1657 2808 1697 sorores
2859 1649 2984 1696 ante
3039 1640 3220 1698 omnia
3251 1683 3266 1709 ,
3333 1649 3385 1696 et
3443 1643 3499 1699 in

200 1719 520 1816 constitutos
547 1721 616 1776 de
643 1721 738 1776 illa
756 1723 1048 1778 matricula
1067 1723 1292 1793 ejecisti,
1323 1731 1376 1780 et
1402 1724 1478 1779 ibi
1508 1724 1794 1781 Bonarium
1823 1753 1880 1816 B
1901 1725 2129 1798 privatis
2177 1727 2648 1797 collocutionibus,
2700 1737 2754 1786 et
2798 1729 2855 1784 in
2898 1729 3119 1800 publico
3165 1737 3348 1788 vestro
3377 1745 3504 1787 com

201 1805 413 1874 misisti,
447 1815 504 1864 et
529 1824 632 1880 pro
661 1809 752 1866 illa
780 1811 1068 1868 matricula
1096 1811 1151 1867 in
1181 1813 1356 1884 pretio
1385 1830 1552 1869 unum
1583 1813 1796 1870 asinum

202 1896 480 1968 accepisti.
524 1897 684 1967 Quod
729 1899 774 1954 si
805 1899 883 1956 ita
930 1908 1032 1968 est,
1073 1917 1184 1956 non
1232 1901 1405 1958 solum
1453 1901 1808 1958 criminaliter

204 1984 396 2052 fecisti,
431 1985 560 2058 quia
589 1995 778 2044 contra
807 2004 998 2045 omnes
1044 1989 1198 2061 leges
1239 1990 1670 2047 ecclesiasticum
1699 1990 1807 2046 mi-

206 2074 485 2130 nisterium
513 2075 678 2132 homo
727 2076 896 2134 laicus
939 2079 1234 2149 usurpasti,
1285 2086 1338 2134 et
1380 2079 1804 2152 eleemosynam,

206 2162 258 2218 id
288 2169 371 2219 est
399 2163 839 2221 misericordiam
886 2181 1209 2238 pauperum,
1259 2182 1323 2224 ac
1352 2185 1450 2240 per
1478 2169 1581 2225 hoc
1611 2170 1806 2238 Deum,

209 2250 296 2322 qui
317 2251 702 2309 misericordia
721 2254 1048 2310 miserorum
1071 2263 1170 2322 est,
1193 2255 1331 2312 sicut
1349 2259 1375 2311 ,Ι
1383 2257 1520 2312 udas
1540 2257 1808 2328 proditor,

207 2339 535 2408 vendidisti;
591 2343 690 2398 sed
735 2343 898 2399 etiam
947 2343 1171 2416 turpiter
1199 2345 1256 2400 in
1291 2346 1396 2402 hoc
1425 2345 1586 2400 nimis
1612 2345 1807 2416 fecisti,

209 2438 265 2485 ut
292 2429 360 2485 de
389 2431 764 2500 mendicitate,
813 2433 882 2488 de
928 2450 1032 2505 qua
1076 2433 1314 2490 mendici
1360 2433 1542 2490 vivere
1569 2435 1808 2503 debent,

210 2534 390 2576 comes
421 2529 478 2575 et
505 2520 807 2576 honoratus
834 2521 953 2593 regi
974 2521 1309 2578 consiliarius
1330 2523 1384 2577 in
1403 2523 1580 2594 pretio
1600 2523 1813 2578 asinum

210 2613 484 2686 accepisti,
519 2619 573 2668 et
593 2626 784 2666 omnes
809 2610 898 2682 qui
919 2612 1035 2666 haec
1057 2611 1300 2678 audiunt,
1330 2628 1565 2682 pensare
1585 2619 1816 2684 possunt

213 2703 442 2776 qualiter
481 2702 552 2757 de
590 2699 710 2756 aliis
739 2698 915 2756 causis
945 2715 1046 2771 pro
1076 2715 1263 2756 amore
1294 2708 1348 2756 et
1375 2701 1566 2756 timore
1607 2700 1727 2768 Dei,
1762 2709 1816 2756 et

214 2790 516 2848 reverentia
552 2787 635 2845 tui
671 2788 972 2858 ministerii,
1019 2789 1162 2858 juste
1219 2797 1271 2845 et
1325 2797 1473 2844 recte
1523 2787 1674 2854 facis,
1723 2789 1817 2862 qui

213 2880 277 2936 de
315 2880 411 2937 tali
446 2878 676 2935 miseria
744 2877 861 2932 sine
899 2876 1007 2932 ulla
1045 2877 1378 2934 verecundia
1416 2885 1572 2950 turpe
1603 2878 1818 2934 lucrum

215 2969 444 3042 requiris
457 3010 472 3024 .
1283 3033 1288 3040 ι

732 3061 1074 3120 EPISTOLA
1109 3062 1298 3119 XLIV.

819 3160 1226 3234 Fragmentum.

264 3277 334 3318 AD
374 3273 773 3318 [BHINGARDEM
808 3273 1102 3314 AUGUSTAM
1141 3273 1430 3316 CONJUGEM
1475 3273 1736 3314 LOTHARII

825 3345 1216 3386 IMPERATORIS.

217 3432 292 3488 De
320 3447 382 3490 eo
413 3429 560 3503 quod
588 3429 741 3502 apud
763 3429 1095 3503 Lothariam
1123 3429 1272 3503 falso
1302 3432 1603 3484 accusatus
1631 3430 1828 3499 fuerat

826 3499 1214 3568 inﬁdelitatis.

393 3595 556 3653 (Apud
577 3595 824 3649 eumdem,
847 3604 907 3640 ex
929 3594 1191 3641 Flodoardi
1223 3593 1309 3641 lib.
1336 3604 1408 3650 ιιι,
1431 3605 1538 3650 cap.
1556 3594 1648 3649 27.)

287 3679 410 3752 Ego
441 3676 558 3734 scio
587 3675 716 3748 quia
760 3675 811 3730 ei
839 3675 1006 3730 multa
1047 3675 1116 3730 de
1148 3690 1237 3730 me
1266 3675 1412 3731 dicta
1443 3675 1663 3731 fuerunt
1691 3689 1826 3732 con-

221 3767 406 3834 traria,
440 3765 542 3822 sed
563 3765 611 3820 si
639 3765 754 3822 vult
782 3763 978 3836 poterit
1007 3780 1345 3838 cognoscere
1375 3780 1485 3820 non
1516 3781 1638 3820 esse
1668 3779 1824 3833 vera;

221 3864 405 3913 tamen
433 3870 546 3910 non
576 3869 703 3910 eum
745 3854 919 3908 audeo
961 3853 1390 3924 reprehendere,
1426 3853 1550 3926 quia
1576 3852 1828 3908 dominus

222 3954 322 4012 est,
355 3960 462 4002 nec
491 3943 548 3998 in
580 3943 698 4012 ejus
729 3957 964 4014 persona
1013 3942 1156 4008 dico,
1188 3942 1329 3998 sicut
1352 3943 1555 4015 legitur
1589 3943 1646 3997 in
1678 3941 1828 3998 Scri-

222 4035 429 4107 pturis:
461 4034 567 4104 Qui
584 4033 826 4090 libenter
846 4031 1012 4088 audit
1030 4032 1194 4088 verba
1214 4031 1516 4098 mendacii,
1535 4033 1830 4088 ministros

227 4139 439 4198 quoque
487 4121 708 4178 habebit
751 4123 955 4194 impios
1000 4119 1184 4192 (Prov.
1218 4135 1383 4188 χχιχ,
1419 4120 1544 4192 12);
1576 4119 1832 4176 videlicet

227 4213 318 4285 qui
348 4213 420 4269 de
465 4225 604 4284 erga
653 4225 778 4266 eum
819 4209 925 4280 piis
970 4208 1269 4265 voluntarie
1312 4209 1601 4281 loquentur
1641 4209 1825 4280 impia.

229 4301 331 4370 Qui
359 4300 440 4356 illi
471 4315 540 4356 ea
565 4298 701 4354 dixit
721 4314 788 4353 ex
836 4313 960 4353 mea
1007 4305 1164 4369 parte
1192 4314 1314 4370 quae
1343 4297 1476 4352 mihi
1511 4297 1828 4364 mandastis,

227 4389 384 4446 aliter
413 4403 584 4461 quam
615 4403 806 4444 verum
837 4387 906 4442 sit
934 4387 1085 4452 dixit,
1118 4386 1259 4442 male
1287 4395 1464 4442 autem
1499 4387 1828 4458 interpreta-

1907 1822 2107 1882 ventu,
2167 1815 2422 1872 remititte
2498 1825 2550 1873 et
2603 1817 2819 1888 abjicite
2870 1817 3112 1894 funditus
3164 1835 3195 1872 a
3247 1817 3502 1876 cordibus

1907 1903 2104 1960 vestris
2153 1919 2344 1960 omnes
2397 1905 2642 1974 injurias,
2700 1914 2754 1962 et
2813 1905 3194 1963 scandalorum
3239 1907 3454 1964 fomites
3487 1949 3502 1980 ,

1907 2009 2030 2065 quae
2071 1989 2334 2048 hactenus
2381 1994 2524 2048 inter
2569 2009 2668 2052 vos
2715 1984 2862 2052 ortae-
2892 1993 3132 2066 fuerunt,
3163 1999 3234 2066 Lut
3261 1995 3410 2051 nulla
3436 1995 3504 2050 de

1908 2097 2105 2136 sonore
2135 2098 2229 2137 sua
2259 2081 2572 2150 vindictam,
2621 2091 2713 2139 aut
2743 2100 2844 2155 pro
2876 2099 3152 2152 sermone,
3184 2091 3274 2140 aut
3301 2099 3400 2156 pro
3430 2081 3508 2139 fa-

1908 2176 2013 2236 cto,
2045 2170 2132 2224 vel
2159 2186 2258 2242 pro
2306 2171 2508 2245 aliquo_
2529 2171 2790 2242 despectu
2821 2180 3044 2244 quaerat,
3078 2180 3170 2228 aut
3195 2188 3227 2227 a
3250 2173 3386 2244 Deo,
3419 2180 3510 2227 aut

1908 2257 1965 2312 in
2006 2258 2226 2320 saeculo.
2275 2258 2414 2328 Quia
2459 2259 2595 2315 sicut
2649 2259 2914 2316 Dominus
2960 2268 3334 2332 protestetur,
3386 2261 3508 2316 sine

1909 2347 2204 2403 concordia
2253 2347 2516 2419 quidquid
2563 2348 2610 2404 ei
2659 2347 2960 2404 obtuleritis
3006 2365 3116 2406 non
3145 2349 3223 2405 illi
3251 2349 3508 2421 placebit.

1913 2435 2038 2491 Sive
2085 2435 2230 2490 enim
2268 2436 2544 2492 oraveritis
2565 2479 2582 2503 ,
2637 2437 2752 2493 sive
2801 2435 3126 2494 sacriﬁcium
3165 2427 3470 2494 obtuleritis
3493 2478 3508 2508 ,

1913 2523 2026 2580 sive
2056 2539 2156 2580 vos
2203 2523 2498 2579 aﬁlixeritis
2525 2567 2538 2592 ,
2586 2525 2704 2581 sine
2749 2525 2856 2581 hac
2897 2525 3176 2582 charitatis
3218 2525 3513 2582 concordia

1912 2611 2048 2666 nihil
2076 2613 2191 2666 Deo
2220 2613 2488 2684 placabile
2518 2613 2638 2680 erit,
2686 2601 2812 2686 quia
2843 2613 2982 2670 sicut
3012 2615 3305 2686 Apostolus
3335 2615 3465 2671 dicit
3496 2631 3512 2668 :

1911 2700 2139 2756 Etiamsi
2168 2701 2442 2758 tradidero
2489 2717 2686 2772 corpus
2731 2717 2913 2757 meum
2941 2710 3001 2758 ut
3030 2703 3239 2771 ardeat,
3273 2703 3514 2760 charita-

1912 2797 2024 2844 tem
2053 2803 2162 2846 non
2193 2789 2444 2857 habeam,
2477 2789 2612 2845 nihil
2639 2806 2758 2846 sum
2789 2791 2841 2863 (Ι
2857 2792 2978 2847 Cor.
3015 2806 3136 2858 xm,
3168 2791 3245 2862 3).
3274 2791 3346 2845 Et
3369 2789 3518 2846 scitis

1917 2878 2041 2950 quia
2069 2878 2265 2951 regula
2304 2895 2466 2951 quam
2494 2878 2757 2951 professae
2785 2879 2934 2946 estis,
2967 2887 3198 2952 propter
3226 2879 3518 2936 scandalo-

1914 2983 2036 3023 rum
2065 2968 2254 3039 spinas
2285 2985 2405 3039 quae
2449 2967 2582 3023 oriri
2626 2967 2684 3023 in
2727 2967 3059 3024 monasterio
3090 2967 3284 3035 solent,
3319 2967 3518 3025 oratio-

1917 3072 2044 3111 nem
2075 3055 2414 3112 Dominicam
2441 3055 2500 3110 in
2539 3056 2820 3112 matutinis
2858 3064 2912 3112 et
2940 3055 3267 3126 vespertinis
3295 3054 3517 3125 ofﬁciis,

1919 3145 1998 3200 ita
2027 3152 2085 3200 ut
2114 3159 2302 3200 omnes
2331 3144 2472 3198 illam
2504 3144 2746 3212 audiant,
2795 3160 2829 3199 a
2855 3143 3041 3214 priore
3069 3144 3210 3200 orari
3238 3143 3520 3215 praecepit,

1922 3239 1980 3287 ut
2027 3232 2278 3286 timentes
2321 3231 2755 3288 convenientiam
2801 3247 2912 3304 qua
2953 3231 3188 3288 dicimus
3226 3249 3240 3286 :
3286 3233 3525 3288 Dimitte

1923 3321 2079 3378 nobis
2109 3320 2296 3377 debita
2325 3326 2542 3389 nostra,
2591 3322 2740 3378 sicut
2776 3325 2832 3379 et
2861 3337 2964 3378 nos
2996 3321 3342 3378 dimittimus
3373 3321 3525 3378 debi-

1927 3410 2138 3468 toribus
2167 3411 2400 3479 nostris,
2449 3425 2670 3465 omnem
2715 3425 3001 3466 rancorem
3041 3409 3112 3465 de
3143 3410 3307 3466 corde
3336 3416 3528 3466 nostro

1925 3498 2213 3571 pellamus.
2247 3498 2383 3567 Quae
2411 3499 2543 3554 dum
2591 3498 2742 3570 prius
2789 3497 3032 3571 egeritis,
3065 3514 3135 3554 ne
3161 3514 3262 3570 per
3289 3505 3532 3555 vestram

1927 3587 2279 3654 discordiam,
2311 3587 2460 3658 quod
2503 3586 2664 3654 absit,
2715 3585 2988 3660 regularis
3019 3585 3214 3642 electio
3245 3587 3314 3642 de
3343 3592 3531 3642 vestro

1926 3677 2254 3733 monasterio
2303 3683 2508 3748 pereat,
2540 3676 2774 3732 adunate
2804 3691 2904 3732 vos
2933 3675 3003 3730 ad
3033 3674 3135 3732 Dei
3173 3675 3528 3742 voluntatem,

1928 3773 1982 3821 et
2038 3764 2301 3838 regularis
2359 3763 2666 3820 devotionis
2710 3763 3142 3835 unanimitatem,
3188 3771 3536 3838 vestramque

1929 3853 2103 3926 ipsam
2136 3853 2382 3924 salutem,
2429 3861 2753 3925 praesentem
2799 3853 3004 3910 scilicet
3046 3863 3209 3930 atque
3236 3861 3532 3921 aetermam,

1931 3958 2056 4000 cum
2085 3942 2356 3999 charitatis
2385 3942 2696 4014 concordia,
2732 3958 2852 4014 quae
2895 3950 2977 3998 est
3007 3941 3248 4000 omnium
3276 3942 3539 3999 virtutum

1929 4040 2124 4099 mater,
2157 4040 2362 4087 etcum
2408 4030 2728 4098 humilitate,
2775 4047 2896 4103 quae
2941 4039 3023 4086 est
3067 4039 3251 4088 custos
3297 4030 3538 4102 ipsarum

1931 4121 2206 4187 virtutum,
2254 4127 2414 4191 atque
2443 4137 2564 4174 cum
2611 4134 2746 4174 vera
2775 4118 3099 4186 obedientia,
3132 4134 3254 4191 qua
3285 4118 3429 4174 scala
3457 4123 3540 4174 est

1932 4224 2042 4282 qua
2067 4208 2133 4262 ad
2167 4207 2365 4264 ccelum
2393 4205 2720 4280 pertingitur
2751 4249 2764 4272 ,
2798 4213 2852 4261 et
2878 4206 2936 4260 in
2964 4205 3120 4261 vobis
3152 4203 3359 4260 salubri
3389 4205 3537 4261 elec-

1932 4296 2078 4352 tione
2110 4295 2454 4362 concordate,
2493 4302 2547 4350 et
2572 4293 2934 4365 vosmetipsas
2963 4292 3031 4348 ad
3063 4291 3369 4365 regularem
3399 4308 3535 4348 nor-

1939 4401 2085 4440 mam
2115 4383 2377 4451 reducite,
2429 4391 2482 4439 et
2529 4381 2882 4456 constringite
2912 4399 2974 4439 ac
3017 4389 3338 4440 conservata
3371 4381 3538 4454 :quia

229 4486 312 4535 tus
340 4486 422 4536 est
453 4477 599 4534 bene
645 4475 811 4532 dicta.
846 4475 903 4532 Si
932 4475 1191 4532 voluisset
1219 4490 1557 4549 cognoscere
1594 4491 1784 4532 verum
1812 4517 1825 4542 ,
1855 4467 1910 4530 D
1931 4472 2103 4540 aliter,
2138 4472 2273 4528 sicut
2303 4471 2499 4528 melius
2521 4471 2652 4544 ipsae
2673 4470 2842 4556 scitis,
2867 4469 3034 4527 salvae
3053 4487 3176 4528 esse
3195 4485 3535 4543 nequaquam

229 4576 280 4625 et
307 4567 508 4640 aliquis
539 4565 742 4621 missus
768 4563 901 4620 mihi
931 4565 1000 4620 de
1029 4580 1128 4620 sua
1166 4573 1320 4636 parte
1352 4563 1580 4630 veniret,
1611 4571 1670 4618 ut
1699 4579 1832 4620 vera

230 4673 294 4712 ex
320 4672 411 4712 me
441 4661 823 4729 cognosceret,
857 4653 996 4710 sicut
1025 4653 1174 4710 venit
1203 4662 1253 4708 et
1283 4669 1370 4708 me
1399 4652 1830 4724 qualemcunque

229 4745 426 4802 Christi
453 4743 677 4801 Domini
703 4742 1046 4799 sacerdotem
1095 4741 1428 4814 suggillavit,
1472 4741 1830 4797 libentissime

232 4851 328 4890 suo
358 4833 547 4890 animo
577 4831 970 4888 satisfacerem.
1003 4832 1083 4886 De
1112 4846 1234 4885 meo
1264 4837 1442 4885 autem
1469 4829 1657 4896 misso,
1693 4829 1832 4886 sicut

231 4923 532 4979 dominatio
562 4913 957 4992 benignissima
985 4925 1163 4975 vestra
1188 4919 1484 4986 mandavit,
1517 4927 1574 4974 ut
1603 4919 1674 4974 ad
1705 4935 1830 4974 eum

233 5012 468 5086 dirigam
497 5010 591 5082 qui
621 5009 670 5064 ei
700 5011 806 5065 hoc
835 5007 1081 5076 affirmet,
1115 5008 1258 5080 quod
1279 5009 1348 5063 dc
1369 5009 1486 5077 ejus
1513 5005 1829 5063 infidelitate

231 5101 364 5157 nihil
407 5099 574 5156 velim
622 5106 870 5166 tractare,
921 5097 1070 5154 scitis
1117 5104 1312 5168 quanta
1360 5097 1642 5153 mendacia
1690 5111 1832 5152 nunc

230 5205 330 5260 per
385 5188 534 5244 istud
589 5188 792 5244 vadunt
851 5186 1127 5252 saeculum,
1181 5193 1233 5241 et
1281 5194 1486 5258 quanta
1549 5185 1830 5242 sinceritas

235 5278 432 5335 debeat
473 5293 601 5334 esse
640 5276 696 5332 in
725 5275 1028 5342 sacerdote,
1054 5283 1106 5332 et
1139 5282 1392 5348 quantam
1414 5274 1608 5330 merito
1633 5275 1834 5332 domno

233 5382 356 5424 meo
400 5367 570 5424 velim
613 5381 836 5422 servare
880 5363 1212 5420 ﬁdelitatem.
1257 5363 1327 5418 Et
1372 5362 1575 5419 idcirco
1607 5380 1673 5418 ne
1702 5362 1832 5418 mali

230 5455 557 5528 interpretes
587 5455 733 5510 male
780 5471 981 5510 nonum
1029 5453 1468 5524 interpretentur,
1522 5451 1627 5508 hoc
1656 5453 1833 5508 adhuc

232 5544 415 5603 facere
443 5561 557 5602 non
584 5560 830 5616 possum.
861 5543 1084 5612 Tamen,
1117 5542 1163 5597 si
1193 5541 1307 5597 vult
1347 5540 1570 5596 credere
1599 5541 1832 5598 domnus

523 5662 764 5718 Pamon.
807 5660 1048 5718 CXXVI.

1928 4561 2142 4619 valetis.
2171 4562 2242 4616 Et
2274 4561 2413 4618 sicut
2441 4561 2649 4617 animos
2679 4561 2750 4617 ab
2789 4560 3044 4633 inquietis
3089 4560 3344 4625 motibus,
3377 4558 3452 4614 ita
3481 4562 3536 4614 et

1926 4650 2146 4724 linguas
2193 4667 2223 4704 a
2270 4649 2633 4722 provocatlvis
2676 4649 2972 4706 iracundiae
3016 4647 3280 4718 vobisque
3323 4645 3532 4702 nocivis

1930 4740 2273 4798 sermonibus
2305 4739 2592 4806 custodite,
2627 4744 2965 4796 contestante
2995 4734 3255 4806 Apostolo
3288 4751 3302 4789 :
3337 4734 3532 4792 Omnis

1929 4829 2138 4886 clamor
2186 4836 2238 4885 et
2281 4827 2582 4902 indignatio
2630 4842 2664 4882 a
2707 4825 2860 4882 vobis
2891 4823 3192 4889 auferatur,
3225 4839 3349 4879 cum
3380 4823 3531 4882 omni

1929 4917 2152 4985 malitia,
2210 4924 2264 4974 et
2310 4922 2486 4974 omnis
2535 4931 2712 4971 sermo
2752 4911 2924 4968 malus
2965 4926 3029 4966 ex
3071 4927 3167 4968 ore
3205 4920 3388 4970 vestro
3416 4929 3528 4970 non

1928 5008 2192 5078 procedat
2214 5006 2434 5079 (Ephes,
2462 5020 2534 5074 IV,
2559 5007 2646 5070 30,
2672 5001 2781 5073 31);
2806 5016 2874 5056 ne
2896 4999 3033 5061 sicut
3057 5001 3233 5058 solent
3248 5003 3520 5071 homines,

1929 5096 2084 5168 prius
2112 5095 2301 5151 dolore
2330 5091 2604 5157 commoti,
2629 5098 2679 5146 et
2698 5095 2890 5161 postea
2909 5087 3093 5162 aliquo
3123 5091 3347 5162 gaudio,
3368 5091 3524 5163 quasi

1929 5183 2202 5242 victoriosi
2221 5182 2526 5240 obtinentes
2555 5194 2675 5251 qua:
2713 5177 3180 5246 desideraverant,
3213 5179 3520 5246 exhilarati,

1931 5274 1999 5330 de
2029 5287 2352 5346 quocunque
2399 5267 2618 5323 homine
2667 5283 2789 5338 quae
2833 5283 2945 5323 non
2987 5267 3315 5324 conveniunt
3342 5267 3524 5339 aliqua

1929 5370 2170 5418 vestrum
2198 5360 2344 5414 dicat
2379 5375 2389 5412 :
2423 5372 2491 5412 ne
2538 5364 2591 5411 et
2637 5355 2908 5427 patientiae
2951 5356 3206 5412 meritum
3247 5355 3524 5411 inutilibus

1933 5448 2276 5506 sermonibus
2302 5461 2490 5503 coram
2529 5445 2646 5502 Deo
2676 5445 2944 5518 perdatis;
2976 5452 3029 5500 et
3058 5443 3105 5500 si
3145 5443 3342 5515 aliquis
3368 5441 3528 5498 fuerit

1932 5537 2024 5610 qui
2063 5537 2243 5609 aliqua
2288 5533 2686 5608 provocatione
2732 5547 3110 5607 quamcunque
3156 5539 3398 5590 vestrum
3457 5530 3527 5584 ad

3281 5648 3313 5702 9
