4072 6304
539 226 647 280 267

1432 211 1778 269 HINCMARI
1805 206 2204 266 RIIEMENSIS
2263 200 2814 262 ARCHIEPISCOPI.

3745 193 3856 252 268

542 347 646 402 hoc
701 343 962 416 instigare
1007 339 1258 406 voluerit,
1307 345 1365 393 ut
1413 352 1748 409 quaecunque
1796 333 2037 388 indebita
2081 331 2221 392 deA
2251 348 2349 385 nes
2381 329 2736 393 constituitur,
2789 342 2896 384 non
2940 324 3188 380 erretur?
3231 323 3370 377 Nam
3419 321 3582 376 totius
3625 318 3856 375 familia

539 447 862 506 quocunque
905 433 1166 500 proferat,
1217 427 1449 500 qualiter
1491 425 1638 480 illam
1668 421 2136 494 comprehendere

537 521 730 594 possit,
763 528 822 574 ut
869 516 1260 574 rationabiliter
1307 516 1567 570 damnare
1611 513 1927 585 pravaleat,
1959 511 2138 566 locum

541 625 644 666 nec
673 607 926 664 diabolus
955 623 1059 662 nec
1105 613 1315 661 astutus
1344 605 1508 659 homo
1539 603 1733 658 exinde
1764 600 1946 672 aliquo
1975 599 2138 654 modo

538 699 756 754 habeat.
789 697 898 752 Sed
925 695 1060 751 tales
1090 710 1189 751 vos
1221 694 1472 749 exhibete
1500 701 1576 758 ut,
1611 691 1836 746 interius
1867 688 2137 744 exterius-

541 803 647 860 que
677 787 938 842 decenter
967 791 1192 850 ornatae,
1227 782 1424 856 dignas
1453 789 1613 852 atque
1643 777 1980 834 exaudibiles
2007 791 2138 832 ora-

543 876 721 932 tiones
751 883 806 930 et
834 889 934 946 pro
963 873 1120 929 vobis
1150 879 1203 928 et
1229 888 1331 943 pro
1361 871 1578 926 seniore
1600 885 1663 924 ac
1687 867 1907 922 domina
1935 873 2136 933 vestra,

541 979 751 1036 proque
794 978 903 1018 non
947 961 1124 1017 solum
1171 960 1362 1016 amicis
1401 958 1613 1026 vestris,
1665 972 1853 1012 verum
1885 955 2042 1010 etiam
2087 960 2142 1008 et

539 1069 642 1124 pro
672 1051 904 1109 inimicis
932 1051 1000 1106 ad
1029 1065 1193 1105 aures
1229 1047 1445 1104 Domini
1471 1046 1686 1102 mittere
1715 1043 1962 1100 valeatis.

1054 1189 1395 1246 EPISTOLA
1432 1188 1624 1243 XLVI.

793 1304 867 1344 AD
915 1302 1120 1342 ENEAH
1160 1301 1529 1342 PARISIENSEM
1567 1297 1891 1339 EPISCOPUM.

617 1382 694 1436 De
723 1377 1082 1436 ordinatione
1112 1377 1404 1444 Bernonis,
1430 1373 1774 1432 Parisiensis
1803 1369 2068 1440 acolythi.

967 1474 1057 1528 (Ex
1079 1473 1215 1519 Actis
1235 1482 1376 1529 prov.
1401 1471 1520 1519 eccl.
1542 1469 1731 1522 nhem.)

617 1575 802 1632 Nostri
833 1573 1029 1630 fratres
1071 1573 1140 1628 de
1183 1570 1516 1627 monasterio
1547 1567 1719 1625 sancti
1749 1564 2014 1636 Dionysii,
2048 1579 2148 1634 per

2237 419 2456 476 Domini
2488 427 2658 474 status
2689 426 2740 472 ct
2779 416 2916 471 ordo
2947 413 3172 479 nutabit,
3207 413 3252 466 si
3284 412 3430 483 quod
3470 409 3764 482 requiritur
3789 407 3854 461 in

2238 525 2490 580 corpore,
2523 524 2632 563 non
2681 506 2749 560 sit
2794 507 2850 559 in
2874 503 3068 574 capite.
3120 500 3228 576 Ubi
3271 509 3352 556 est
3393 499 3486 554 illa
3516 498 3662 553 beati
3690 495 3857 552 Pauli

2238 597 2466 670 apostoli
2499 612 2596 668 per
2626 594 2886 666 Spiritum
2917 591 3016 648 Dei
3049 591 3252 648 emissa
3297 589 3612 661 praeceptio,
3645 602 3759 659 qua
3787 586 3850 640 in

2239 701 2475 758 persona
2517 683 2783 740 Timothei
2826 681 3068 738 omnium
3115 679 3318 735 Christi
3361 678 3707 735 sacerdotum
3736 693 3852 731 nu—

2239 792 2424 831 merus
2455 773 2716 839 eruditur,
2751 780 2805 826 et
2840 770 3071 842 proinde
3100 767 3392 840 unicuique
3422 775 3668 822 nostrum
3700 765 3851 821 dici-

2241 873 2326 918 tur
2357 882 2370 918 :
2403 865 2603 919 Manus
2631 861 2852 917 nemini
2871 862 2982 916 cito
3002 859 3359 932 imposueris,
3382 872 3560 928 neque
3591 871 3850 912 commu-

2241 955 2396 1010 nices
2441 953 2692 1024 peccatis
2739 950 2948 1005 alienis
2997 949 3047 1018 (Ι
3098 949 3233 1003 Tim.
3269 949 3348 1016 v).
3393 945 3549 1002 Unde
3579 943 3850 1017 religiosa

2243 1040 2504 1113 sapientia
2550 1048 2732 1096 vestra
2778 1038 2920 1094 inter
2961 1036 3065 1092 alia
3110 1037 3227 1092 haec
3270 1035 3380 1090 duo
3426 1034 3650 1090 decreta
3693 1032 3846 1088 beati

2242 1130 2439 1186 Leonis
2487 1127 2837 1202 sagacissime
2885 1124 3229 1198 ponderabit,
3276 1123 3474 1197 quibus
3519 1122 3650 1178 dicit
3697 1130 3756 1177 ut
3783 1123 3846 1176 in

2243 1222 2406 1276 domo
2434 1218 2651 1275 Domini
2670 1218 2804 1272 nihil
2836 1217 2905 1272 sit
2924 1215 3292 1272 inordinatum
3321 1213 3564 1284 nihilque
3590 1227 3846 1284 praepos-

2244 1318 2441 1366 terum.
2477 1308 2610 1378 Quae
2639 1307 2684 1362 si
2705 1307 2850 1362 idem
2881 1313 3100 1361 sanctus
3120 1313 3174 1360 et
3193 1303 3410 1375 sapiens
3432 1303 3502 1357 ita
3521 1310 3710 1374 aperte
3731 1317 3849 1357 non

2242 1406 2492 1470 poneret,
2527 1396 2796 1452 subtilitas
2826 1394 3134 1450 intellectus
3151 1393 3315 1450 vestri
3343 1391 3674 1448 sufﬁcienter
3701 1407 3848 1446 enu-

2246 1487 2468 1543 clearet.
2503 1487 2821 1557 Propterea,
2877 1483 3096 1540 domine
3144 1481 3583 1538 reverentissime
3632 1495 3698 1536 ac
3723 1479 3845 1536 cle-

2246 1575 2600 1643 mentissime,
2641 1574 2900 1648 dignetur
2927 1572 3060 1627 mihi
3105 1570 3403 1627 dominatio
3441 1578 3624 1626 vestra
3649 1569 3848 1624 litteris

550 1664 824 1721 licentiam
865 1662 1072 1718 domini
1115 1661 1330 1716 abbatis
1375 1658 1675 1756 Ludovicin
1703 1657 1771 1710 ad
1810 1653 2146 1762 edpcandpm
2175 1701 2229 1762 B
2251 1665 2364 1720 suis
2393 1663 2699 1736 signiﬁcare
2747 1679 2910 1734 quem
2956 1660 3115 1718 vultis
3141 1660 3210 1715 de
3245 1658 3584 1730 coepiscopis
3615 1657 3841 1727 nostris,

550 1761 712 1824 atque
741 1750 1098 1808 erudiendum
1129 1749 1520 1806 commiserunt
1547 1745 1679 1802 mihi
1700 1743 1989 1817 quemdam
2017 1742 2146 1796 ado-

544 1841 844 1897 lescentem
889 1839 1108 1894 nomine
1153 1839 1460 1894 Bernonem
1489 1851 1649 1908 quem
1677 1841 1858 1889 vestra
1889 1829 2144 1886 fraterni-

544 1938 630 1985 tas
660 1929 970 2000 acolythum
1017 1926 1308 1982 ordinavit.
1360 1927 1678 1996 Propterea,
1728 1920 1984 1994 quoniam
2029 1919 2146 1973 sine

548 2029 734 2074 vestra
760 2017 979 2074 licentia
1009 2033 1134 2072 eum
1164 2015 1419 2072 nolumus
1447 2014 1501 2068 in
1530 2021 1719 2068 nostra
1749 2009 1996 2066 Ecclesia
2025 2009 2146 2062 diu-

547 2107 658 2162 tino
689 2115 934 2178 tempore
954 2103 1249 2169 immorari,
1270 2103 1506 2175 petimus
1535 2100 1877 2156 dilectionem
1906 2104 2144 2153 vestram

550 2203 608 2250 ut
635 2195 703 2250 de
732 2194 826 2250 illo
854 2194 1013 2249 nobis
1044 2193 1252 2248 litteras
1281 2190 1577 2248 canonicas
1617 2189 1844 2254 faciatis,
1877 2193 2145 2258 quatenus

552 2300 676 2339 eum
721 2283 777 2338 in
823 2282 1070 2339 Ecclesia
1119 2289 1303 2338 nostra
1331 2279 1604 2352 possimus
1638 2275 1970 2350 regulariter
1994 2273 2144 2330 ordi-

552 2387 702 2429 πῖθ’
1045 2440 1384 2498 EPISTULA
1421 2439 1638 2495 XLVII.

1044 2555 1117 2595 AD
1147 2553 1402 2594 CAROLUM
1433 2551 1640 2592 REGEM.

555 2639 622 2699 Ut
649 2641 797 2696 clero
828 2643 884 2695 et
911 2638 1058 2710 plebi
1092 2635 1506 2710 Silvanectensi
1535 2633 1674 2710 novi
1721 2629 2143 2710 episcopielec-Z

626 2713 838 2766 tionem
883 2699 1202 2780 permittat,
1246 2711 1303 2762 et
1345 2707 1700 2762 visitatare-m
1743 2699 1996 2773 designet
2051 2699 2147 2772 qui

623 2783 819 2852 praesit
849 2780 1130 2836 electioni.

851 2891 1019 2949 (Apud
1039 2891 1190 2939 Labb.
1213 2893 1378 2945 Conc.,
1399 2891 1522 2940 VIII,
1550 2897 1664 2944 pag.
1690 2886 1828 2942 1866.)

623 2988 840 3046 Domini
869 2988 1092 3044 CAROLO
1140 2986 1260 3060 regi
1302 2984 1544 3060 glorioso
1575 2983 1643 3038 sit
1671 2998 1889 3054 semper
1917 2979 2066 3036 salus
2095 2987 2147 3035 et

550 3079 676 3137 vita.

622 3169 864 3240 Septimo
893 3166 1022 3222 Idus
1049 3164 1211 3232 Junii,
1243 3164 1390 3221 circa
1419 3163 1613 3220 horam
1641 3160 1954 3226 secundam,
1988 3174 2148 3214 vene-

550 3266 676 3314 runt
703 3266 815 3312 tres
844 3255 1029 3312 clerici
1059 3262 1113 3310 et
1142 3255 1251 3310 duo
1278 3252 1404 3309 laici
1433 3249 1854 3308 Silvanectensis
1884 3247 2146 3305 Ecclesiae

547 3347 620 3402 ad
656 3345 1005 3420 exiguitatem
1023 3358 1224 3413 meam,
1246 3343 1650 3397 innotescentes
1669 3339 1916 3394 eamdem
1945 3336 2144 3393 Eccle-

551 3436 709 3506 siam,
742 3434 908 3491 fratre
938 3441 992 3490 et
1035 3431 1426 3488 consacerdote
1456 3435 1644 3485 nostro
1671 3427 1916 3498 Erpoino
1944 3425 2143 3481 defun-

549 3533 656 3593 cto,
707 3524 984 3581 viduatam
1034 3538 1158 3578 esse
1203 3528 1454 3592 pastore;
1507 3518 1744 3573 ferentes
1784 3515 1945 3571 etiam
1975 3513 2144 3585 ipsius

549 3614 810 3672 Ecclesiae
855 3622 964 3668 tam
1011 3611 1142 3668 cleri
1188 3626 1351 3682 quam
1397 3607 1573 3680 plebis
1619 3604 1935 3678 petitionem
1976 3609 2034 3656 ut
2064 3601 2144 3656 eis

544 3712 735 3776 pastor
765 3702 1065 3758 secundum
1095 3715 1281 3756 sacras
1311 3697 1531 3770 regulas
1559 3695 1840 3750 tribuatur.
1875 3691 2026 3762 Quos
2055 3691 2142 3746 in-

543 3791 821 3863 terrogavi
851 3791 896 3844 si
926 3789 1152 3845 verbum
1183 3788 1450 3842 haberent
1476 3785 1544 3840 de
1573 3798 1710 3855 pace
1750 3782 1837 3854 [[2,
1869 3782 1939 3836 de
1967 3780 2142 3854 parte]

2249 1762 2306 1808 ut
2332 1754 2381 1808 ei
2410 1770 2476 1808 ex
2506 1768 2651 1808 more
2682 1750 2887 1806 litteras
2917 1750 3209 1806 canonicas
3255 1749 3510 1822 dirigam,
3561 1755 3615 1803 et
3649 1747 3845 1803 visita-

2245 1842 2377 1898 toris
2403 1840 2579 1898 oﬁicio
2609 1839 2843 1914 fungens
2889 1839 2946 1894 in
2993 1839 3184 1894 eadem
3230 1837 3478 1894 Ecclesia
3517 1835 3846 1892 electionem

2247 1930 2568 1988 canonicam
2601 1929 2791 1996 faciat;
2817 1937 2869 1984 et
2899 1935 2987 1983 aut
3007 1944 3105 1999 per
3125 1943 3204 1994 se,
3229 1935 3323 1982 aut
3349 1943 3446 1997 per
3463 1925 3672 1980 litteras
3688 1939 3840 1994 suas,

2247 2021 2448 2076 vicario
2478 2036 2578 2076 suo
2607 2018 2906 2086 deferente,
2941 2017 3192 2072 eamdem
3221 2015 3560 2081 electionem,
3593 2030 3719 2070 cum
3748 2014 3846 2069 de-

2247 2118 2398 2165 creto
2428 2107 2690 2164 canonico
2717 2106 3056 2180 singulorum
3078 2104 3330 2160 manibus
3353 2105 3630 2170 roborato,
3653 2104 3728 2158 ad
3757 2119 3846 2159 me

2246 2197 2468 2264 referat,
2500 2205 2559 2251 ut
2587 2213 2688 2269 per
2716 2211 2802 2251 me
2831 2195 2950 2267 ipsa
2981 2195 3174 2250 electio
3216 2194 3287 2249 ad
3325 2192 3708 2249 dominationis
3738 2207 3843 2248 ve-

2247 2296 2375 2343 strae
2403 2286 2789 2342 discretionem
2837 2284 3138 2356 perveniat.
3172 2284 3240 2338 Et
3269 2282 3394 2355 quia
3437 2283 3493 2337 in
3521 2283 3688 2338 domo
3717 2281 3844 2349 Dei,

2246 2383 2303 2430 ut
2342 2392 2409 2430 ex
2453 2375 2635 2431 verbis
2682 2374 2880 2430 Leonis
2927 2373 3310 2444 praemisimus,
3360 2371 3494 2426 nihil
3541 2371 3844 2428 auctoritas

2245 2464 2444 2536 patitur
2470 2463 2836 2520 mordinatum
2860 2478 2982 2518 esse
3011 2462 3251 2533 nihilque
3280 2467 3694 2532 praeposterum,
3719 2476 3848 2517 cum

2245 2561 2366 2609 vota
2397 2552 2687 2610 concordia
2715 2552 2845 2608 cleri
2873 2568 2936 2608 ac
2981 2551 3156 2623 plebis
3183 2551 3238 2605 in
3285 2550 3551 2606 electione
3579 2550 3844 2623 regulari,

2245 2643 2330 2698 vel
2363 2651 2557 2698 vestrae
2598 2641 2982 2697 dominationis
3022 2656 3349 2696 consensum
3377 2639 3808 2711 cognoverimus
3833 2685 3846 2707 ,

2244 2731 2448 2787 litteras
2477 2731 2908 2802 metrOpohtanae
2954 2728 3283 2785 auctoritatis
3323 2744 3490 2799 super
3517 2728 3848 2785 electionem

2247 2828 2408 2876 certis
2433 2836 2686 2892 personae
2717 2819 2787 2874 ad
2818 2817 3174 2890 coepiscopos
3187 2818 3519 2874 Rhemorum
3531 2817 3848 2874 diaeceseos

2246 2908 2562 2980 dirigemus,
2596 2916 2804 2964 certum
2833 2907 2976 2962 diem
3025 2915 3078 2962 et
3118 2907 3298 2962 locum
3327 2906 3409 2962 eis
3447 2907 3806 2980 designantes
3830 2953 3844 2976 ,

2252 2997 2470 3069 quando
2501 3004 2552 3053 et
2582 3013 2688 3069 quo
2719 2997 2789 3051 ad
2816 2995 3212 3052 ordinationem
3243 2995 3413 3068 ipsius
3433 2995 3590 3052 electi
3614 3005 3712 3051 aut
3740 2997 3848 3069 ipsi

2245 3085 2586 3152 conveniant,
2621 3093 2713 3140 aut
2741 3084 2945 3140 litteras
2976 3084 3059 3140 sui
3088 3101 3397 3141 consensus
3415 3100 3516 3156 per
3541 3086 3844 3160 presbyte-

2243 3192 2366 3231 rum
2392 3182 2484 3230 aut
2513 3173 2803 3231 diaconum
2832 3175 2952 3230 vice
2982 3189 3081 3229 sua
3111 3173 3490 3230 transmittant.

2729 3314 3068 3372 EPISTOLA
3116 3315 3354 3372 XLVIII.

2384 3448 2458 3488 AD
2485 3447 2898 3488 HEDENULPHUM
2928 3447 3338 3488 LAUDUNENSEM
3365 3447 3694 3489 Ειηεοορσυ.

2248 3524 2314 3580 Ut
2341 3523 2654 3579 visitataris
2682 3522 2866 3649 ofﬁcéo
2895 3524 3174 3594 fungatur
3291 3523 3562 3579 electione
3593 3525 3842 3596 episcopi

2853 3609 3254 3649 ameracenczs.

2853 3610 2977 3648 amc
2983 3611 3076 3649 Γ(ιο
3082 3609 3182 3650 enc
3188 3611 3234 3649 ιδ
3241 3636 3254 3649 .

2785 3698 2944 3755 (Apud
2973 3699 3121 3746 Labb.
3153 3699 3292 3754 ibid.)

2313 3797 2639 3854 Hmcmaus
2661 3805 2860 3853 sancta:
2879 3797 3192 3869 metropolis
3213 3797 3476 3854 Ecclesiae
3504 3798 3840 3856 Rhemorum

547 3880 680 3937 Cleri
709 3895 774 3934 3°
803 3876 979 3968 PIBblS
1007 3875 1273 3968 E00195???
1313 3874 1482 3946 ίρδίιιε
1532 3889 1597 3927 ex
1638 3871 1821 3968 aliqua
1857 3869 2144 3968 densi-gnam
2243 3886 2550 3958 cpiscopus,
2602 3902 2666 3942 ac
2695 3885 2870 3958 plebis
2919 3887 3020 3942 Dei
3049 3886 3280 3942 famulus
3299 3931 3312 3955 ,
3358 3887 3558 3944 dilecto
3585 3887 3745 3944 fratri
3773 3905 3842 3946 ac

547 3983 783 4041 Persona
811 3983 823 4022 ε
857 3965 949 4039 qui
979 3963 1379 4036 responderum
1411 3979 1470 4018 se
1498 3977 1608 4016 non
1639 3960 1800 4015 aliam
1828 3959 2143 4030 Ρείίιίοῐιθη1
2161 4017 2186 4030 ρ
2242 3975 2541 4032 venerabili
2571 3975 2898 4047 coepiscopo
2929 3984 3117 4032 nostro
3146 3977 3527 4032 HEDENULPHO
3556 3978 3812 4034 salutem.

545 4075 612 4114 ex
642 4066 795 4130 parte
825 4055 1100 4111 sociorum
1131 4068 1352 4108 suorum
1381 4049 1599 4117 afferre,
1623 4049 1728 4104 nisi
1755 4057 1812 4103 ut
1840 4049 1983 4119 apud
2015 4047 2140 4104 soli-

2313 4063 2524 4120 Dilecto
2553 4063 2719 4120 fratre
2766 4081 2832 4121 ac
2880 4065 3180 4122 venerabili
3207 4067 3602 4122 consacerdote
3645 4076 3839 4124 nostro

547 4157 660 4204 tam
687 4143 1117 4202 misericordiam
1156 4149 1412 4206 νθείτθωι
1433 4138 1788 4196 liberaminis
1819 4155 1884 4195 ac
1917 4137 2142 4211 regum"
2240 4153 2446 4208 Joanne
2478 4153 2737 4208 Ecclesia:
2783 4153 3189 4210 Cameracensis
3233 4154 3508 4222 defuncto,
3552 4156 3744 4212 hortor
3772 4171 3840 4214 ac

544 4254 662 4294 rem
690 4235 1010 4292 electionem
1040 4231 1282 4288 obtinere
1303 4239 1630 4304 satagerem,
1655 4237 1917 4302 quatenus
1949 4243 2144 4283 secun-
2241 4257 2438 4298 moneo
2467 4241 2812 4299 dilectionem
2843 4250 3008 4310 mam,
3041 4242 3214 4299 frater
3243 4243 3580 4314 charissime,
3611 4253 3672 4300 ut
3699 4246 3842 4314 ejus.

545 4327 672 4382 dum
705 4340 889 4380 sacras
923 4321 1142 4394 regulas
1163 4319 1275 4387 ille,
1307 4320 1570 4375 canonico
1601 4319 1882 4374 visitatore
1912 4317 2138 4386 directo,

2243 4331 2369 4386 dem
2407 4331 2672 4388 Ecclesiae
2718 4331 2897 4388 oﬂicio
2944 4332 3237 4388 visitatoris
3288 4341 3490 4390 nostras
3517 4333 3837 4389 humilitatis

539 4415 607 4470 ab
638 4413 890 4471 omnibus
919 4408 1180 4466 Ecclesiae
1211 4409 1380 4480 ipsius
1409 4407 1640 4463 alumnis
1670 4406 1849 4462 valeat
1879 4405 2026 4477 eligi,
2050 4405 2138 4461 cui

2248 4421 2663 4492 metropolitana
2691 4421 3035 4493 delegatione
3057 4431 3329 4494 suscepto,
3350 4423 3418 4478 ad
3446 4423 3700 4479 eamdem
3729 4425 3840 4480 Ee-

543 4503 741 4560 debeat
783 4502 854 4557 ab
901 4498 1154 4556 omnibus
1205 4496 1436 4552 obediri.
1487 4497 1609 4569 Ego
1657 4503 1856 4566 autem,
1905 4495 2048 4563 licet,
2082 4502 2140 4550 ut

544 4591 832 4664 prafatum
881 4596 984 4656 est,
1035 4586 1377 4644 sacerdotem
1427 4593 1666 4640 vestrum
1715 4583 2012 4655 Erpoinum
2039 4600 2140 4655 per

545 4681 770 4737 fratrem
801 4677 1188 4735 l-Iildeboldum
1218 4674 1726 4746 compresbyterum
1775 4681 2018 4728 nostrum
2047 4688 2139 4728 oc-

547 4777 670 4824 tavo
701 4769 828 4824 Idus
855 4766 996 4823 Judii
1028 4765 1340 4822 defunctum
1373 4762 1658 4828 audierim,
1691 4777 1801 4816 non
1829 4770 2011 4816 tamen
2032 4769 2138 4815 sta-

546 4857 621 4912 tui
654 4865 813 4912 antea
841 4853 1191 4912 dominationi
1222 4861 1420 4909 vestrae
1447 4851 1742 4923 quidquam
1773 4849 1898 4904 inde
1928 4866 2137 4923 sugge-

543 4962 684 5013 rere,
715 4951 803 4999 aut
831 4960 932 5015 pro
964 4944 1156 5000 eadem
1203 4941 1450 4999 Ecclesia
1498 4939 1778 5012 postulare
1821 4939 2138 5011 priusquam

543 5033 843 5092 secundum
872 5031 1176 5104 regularem
1219 5046 1431 5087 morem
1476 5029 1544 5084 ab
1575 5043 1636 5082 ea
1675 5027 1885 5100 legatos
1913 5027 2136 5100 accipe-

543 5139 680 5179 rem.
715 5120 871 5192 Quia,
905 5128 961 5176 ut
1008 5120 1116 5175 Leo
1146 5119 1202 5174 in
1249 5119 1482 5176 decretis
1513 5116 1626 5172 suis
1655 5116 1784 5172 dicit
1813 5116 1956 5190 (cap.
1995 5117 2083 5188 49)
2117 5135 2129 5174 :

543 5233 568 5264 ς
614 5211 671 5268 Si
716 5211 773 5266 in
822 5208 1151 5282 quibuslibet
1197 5207 1459 5264 Ecclesiae
1507 5205 1769 5278 gradibus
1815 5206 2134 5277 providente

540 5300 883 5370 scienterque
930 5296 1231 5353 curandum
1281 5303 1363 5350 est
1391 5302 1447 5350 ut
1475 5293 1530 5348 in
1563 5294 1724 5350 domo
1753 5295 1969 5350 Domini
1999 5293 2133 5350 nihil

538 5398 607 5453 sit
633 5396 1000 5452 inordinatum
1031 5394 1272 5466 nihilque
1293 5400 1702 5466 praeposterum,
1729 5401 1931 5466 quanto
1951 5394 2131 5468 magis

536 5494 930 5554 elaborandum
960 5501 1043 5551 est
1072 5501 1129 5549 ut
1158 5493 1214 5548 in
1245 5490 1512 5549 electione
1541 5490 1677 5562 ejus,
1710 5491 1802 5564 qui
1833 5507 1993 5564 supra
2020 5508 2131 5548 om-

2241 4509 2460 4565 clesiam
2491 4510 2808 4582 quantocius
2855 4511 3075 4567 studeas
3123 4528 3446 4583 properare.
3485 4527 3553 4568 ac
3597 4513 3841 4569 assiduis

2239 4599 2635 4655 hortationibus
2681 4599 2890 4655 clerum
2933 4600 3260 4672 plebemque
3304 4601 3566 4658 Ecclesiae
3612 4601 3838 4673 publice

2239 4687 2536 4744 admonere
2582 4687 2824 4756 festines,
2875 4697 2932 4743 ut
2979 4697 3187 4745 remoto
3233 4691 3442 4762 privato
3489 4690 3690 4758 studio,
3723 4707 3836 4748 uno

2239 4776 2542 4850 eodemque
2569 4793 2840 4833 consensu
2886 4778 3050 4833 talem
3093 4779 3194 4834 sibi
3224 4777 3630 4850 praeﬁciendum
3663 4796 3838 4851 expe-

2239 4872 2348 4920 tant
2373 4881 2438 4922 ac
2466 4867 2672 4940 eligant
2716 4867 3078 4937 sacerdotem,
3129 4867 3220 4940 qui
3262 4876 3316 4923 et
3343 4875 3488 4924 tanto
3525 4869 3836 4926 ministerio

2237 4953 2434 5026 dignus
2464 4956 2642 5011 valeat
2688 4956 2936 5026 reperiri,
2983 4964 3036 5012 et
3081 4973 3112 5011 a
3156 4957 3482 5013 venerandis
3529 4959 3836 5014 canonibus

2235 5043 2546 5100 nullatenus
2610 5052 2910 5115 respuatur.
2977 5044 3230 5101 Formam
3275 5054 3457 5102 autem
3503 5045 3794 5104 electionis
3818 5091 3833 5119 ,

2235 5132 2465 5204 qualiter
2502 5141 2554 5188 et
2591 5133 2807 5204 qualem
2845 5134 3051 5206 eligere
3089 5135 3356 5202 debeant,
3397 5143 3502 5192 tuae
3551 5135 3836 5193 dilectioni

2235 5216 2559 5284 transmitte,
2584 5233 2742 5290 quam
2762 5219 2974 5290 publice
3011 5235 3198 5276 coram
3227 5219 3477 5276 omnibus
3497 5227 3590 5275 tua
3607 5221 3836 5277 solertia

2233 5304 2407 5378 relegi
2434 5304 2612 5377 faciat,
2643 5323 2713 5362 ne
2740 5307 2810 5362 de
2855 5307 3164 5381 ignorantia
3206 5325 3266 5365 se
3315 5309 3540 5381 quilibet
3563 5325 3832 5366 excusare

2232 5394 2545 5465 preevalcat.
2579 5395 2712 5466 Quae
2743 5397 2936 5454 electio
2965 5413 3075 5454 non
3103 5406 3306 5455 tantum
3334 5415 3368 5454 a
3395 5396 3631 5456 civitatis
3661 5399 3832 5456 cleri-

2231 5491 2310 5548 cis
2340 5493 2440 5550 erit
2485 5495 2716 5566 agenda,
2766 5511 2957 5553 verum
3005 5503 3059 5552 et
3103 5495 3172 5553 de
3201 5496 3452 5556 omnibus
3477 5498 3830 5556 monasteriis
