4072 6306
196 229 304 284 269

1694 232 2067 290 EPISTOLE.

3391 247 3497 303 2'70

198 351 373 424 ipsius
409 353 710 424 parochias,
763 361 814 408 et
865 353 933 410 de
981 353 1381 410 rusticanarum
1421 355 1804 426 parochiarum
1831 358 1888 418 A
1909 375 2023 412 rum
2052 366 2328 430 pastorem
2359 359 2562 434 eligite,
2588 361 2679 434 qui
2707 364 2900 420 merito
2923 365 3048 422 vitae
3071 375 3123 422 et
3143 367 3384 424 scientiae
3403 369 3498 426 do-

200 442 564 513 presbyteris,
593 449 876 498 occurrant
901 443 1108 510 vicarii,
1142 445 1593 501 commorantium
1621 461 1808 501 secum

200 531 502 587 concordia
531 539 661 596 vota
688 530 944 600 ferentes,
980 533 1079 588 sed
1100 541 1153 588 et
1179 532 1302 588 laici
1323 533 1533 589 nobiles
1567 549 1632 590 ac
1659 533 1806 590 cives

201 619 400 674 adesse
427 619 728 686 debebunt,
763 621 1017 692 quoniam
1049 622 1115 677 ab
1145 622 1396 677 omnibus
1445 623 1608 678 debet
1653 622 1803 696 eligi,

201 707 290 764 cui
317 708 486 763 debet
517 709 589 764 ab
620 709 874 764 omnibus
903 709 1135 766 obediri.
1183 711 1251 765 Et
1294 710 1340 765 si
1368 719 1490 781 post
1518 711 1806 766 lectionem

203 796 392 853 formae
423 797 710 853 electionis
737 815 770 853 a
799 799 956 853 nobis
999 815 1098 870 per
1145 806 1293 855 tuam
1339 799 1683 856 dilectionem
1727 799 1806 855 eis

202 885 568 954 transmissae,
603 887 904 943 concordes
932 903 1124 944 omnes
1153 889 1210 942 in
1239 905 1620 961 quamcunque
1647 905 1808 962 regu-

200 975 374 1030 larem
429 991 727 1047 personam
773 976 1066 1045 inveneris,
1117 994 1342 1034 moneas
1386 993 1482 1034 eos
1529 979 1805 1034 decretum

202 1063 530 1121 canonicum
560 1065 632 1120 ab
659 1064 739 1121 eis
770 1063 906 1133 fieri,
940 1081 1004 1122 ac
1035 1065 1313 1138 sigillatim
1345 1067 1583 1124 omnium
1625 1067 1806 1123 mani-

203 1153 310 1208 bus
336 1153 632 1221 roborari;
666 1161 720 1209 et
749 1169 872 1210 cum
900 1155 1124 1211 decreto
1148 1156 1430 1224 canonico,
1475 1163 1640 1228 atque
1681 1171 1808 1212 cum

206 1241 367 1296 tantis
425 1241 521 1314 qui
587 1241 916 1298 sufﬁcienter
967 1243 1209 1299 omnium
1263 1243 1384 1300 vice
1441 1243 1808 1300 testimonium

203 1330 376 1387 electo
406 1329 556 1388 ferre
579 1331 810 1402 possint,
849 1347 974 1388 cum
1020 1333 1100 1388 eis
1147 1333 1499 1402 mandavero,
1551 1333 1806 1391 eumdem

202 1419 434 1476 electum
467 1421 540 1476 ad
568 1435 669 1477 nos
698 1421 974 1478 adducere
1001 1429 1206 1479 curent.

719 1572 1062 1630 EPISTOLA
1091 1573 1290 1629 XLIX.

311 1704 386 1746 AD
425 1703 800 1746 HADRBERTUM
836 1703 1332 1745 SILVANECTENSEM
1363 1704 1690 1746 EPISCOPUM.

219 1807 286 1862 Ut
313 1805 632 1862 visitatoris
661 1805 836 1878 ofﬁcio
863 1807 1143 1878 [ungatur
1164 1805 1233 1878 in
1263 1805 1534 1862 electione
1569 1805 1812 1878 episcopi

793 1877 1222 1935 Bellovacensis.

756 1997 916 2054 (Apud
936 1997 1084 2046 Labb.
1106 1997 1243 2053 ibid.)

273 2105 486 2162 Eadem
518 2109 605 2162 est
635 2123 700 2163 ac
727 2107 1070 2178 prcecedens,
1093 2107 1193 2164 hoc
1215 2111 1445 2176 tantum
1471 2106 1802 2162 discrimine

203 2195 345 2268 quod
371 2195 477 2251 sub
497 2195 734 2250 initium
755 2196 978 2267 adjecta
999 2199 1084 2252 est
1103 2197 1317 2253 mentio
1333 2211 1637 2252 consensus
1657 2194 1801 2266 regii

203 2284 300 2340 hoc
331 2283 498 2340 modo
521 2303 540 2339 :
566 2281 754 2338 Officio
776 2282 1091 2351 visitatoris,
1115 2299 1386 2340 consensu
1405 2282 1610 2339 domini
1632 2282 1804 2338 nostri

201 2371 465 2426 Ludovici
496 2371 668 2444 regis,
700 2379 903 2428 nostrae
939 2371 1271 2437 humilitatis,
1321 2380 1424 2428 etc.
1475 2373 1584 2430 Sub
1625 2371 1799 2440 ﬁnem

201 2477 346 2530 vero,
379 2461 567 2516 verbis
597 2461 718 2516 illis
746 2461 988 2530 omissis,
1021 2477 1144 2516 cum
1165 2460 1242 2517 eis
1257 2460 1608 2526 mandavero,
1629 2460 1799 2534 paulo

202 2544 420 2618 longius
451 2545 718 2600 excurrit
735 2545 798 2600 in
820 2543 970 2600 hunc
990 2546 1216 2602 modum
1239 2565 1257 2600 :
1276 2543 1543 2600 Eumdem
1563 2543 1797 2600 electum

199 2633 268 2687 ad
297 2648 400 2688 nos
431 2633 708 2688 adducere
739 2641 915 2688 tecum
943 2633 1360 2689 examinandum
1388 2648 1641 2704 procura.
1685 2633 1798 2686 Tua

197 2729 372 2778 autem
406 2721 650 2788 dilectio,
681 2721 845 2776 frater
874 2721 1216 2788 charissima,
1241 2721 1423 2777 solerti
1452 2737 1581 2777 cura
1607 2720 1663 2774 in
1693 2721 1797 2776 hac

199 2810 470 2886 electione
516 2809 766 2882 invigilat
803 2827 816 2863 :
852 2810 1153 2880 praesertim
1199 2825 1326 2867 cum
1372 2809 1654 2866 nobiscum
1701 2807 1797 2863 tibi

196 2914 424 2956 necesse
455 2898 562 2956 erit
591 2897 642 2954 ei
671 2897 762 2970 qui
791 2899 1128 2954 ordinandus
1157 2906 1239 2954 est
1266 2915 1456 2954 manus
1476 2899 1792 2969 imponere;

198 2987 286 3058 qui
315 2989 461 3043 bene
492 2987 668 3042 nostri
709 2987 1130 3058 praeceptionem
1178 2988 1321 3043 beati
1367 2987 1516 3042 Pauli
1559 2985 1792 3060 apostoli

196 3092 294 3147 per
324 3075 590 3148 Spiritum
619 3075 719 3130 Dei
747 3075 1022 3144 emissam,
1049 3092 1155 3148 qua
1183 3076 1240 3130 in
1266 3092 1500 3148 persona
1527 3074 1795 3131 Timothei
1817 3079 1866 3142 Ο

194 3165 435 3220 omnium
503 3163 702 3219 Christi
765 3165 1110 3220 sacerdotum
1167 3181 1423 3221 numerus
1491 3163 1728 3220 eruditur
1773 3180 1787 3216 :

196 3253 426 3326 proinde
457 3253 754 3324 unicuique
781 3262 1027 3310 nostrum
1057 3253 1250 3310 dicitur
1281 3272 1292 3308 :
1331 3255 1524 3310 Manus
1573 3251 1793 3308 nemini

197 3343 307 3399 cito
337 3344 694 3414 imposueris,
728 3358 906 3416 neque
923 3343 1302 3400 communices
1313 3343 1562 3415 peccatis
1583 3341 1790 3397 alienis

199 3431 251 3500 (I
278 3432 418 3487 Tim.
453 3447 508 3498 v,
543 3431 657 3502 22),
690 3438 796 3488 etc.

778 3572 1119 3630 EPISTOLA
1149 3574 1207 3628 L.

391 3685 467 3726 AD
506 3685 727 3726 CLERUM
763 3685 835 3726 ET
871 3685 1088 3727 PLEBEM
1127 3684 1590 3727 CAMERACENSEM.

199 3799 264 3856 Ut
279 3801 621 3857 canonicam
638 3799 975 3926 electiogenc
989 3799 1213 3924 factiaut
1227 3815 1360 3855 cum
1377 3799 1668 3856 visitatore
1687 3796 1793 3852 sibi

876 3886 1065 3926 eswna
1095 3887 1124 3926 ο
1141 3912 1152 3924 .

876 3886 1124 3942 eszgnaw
1141 3912 1152 3924 .

751 3993 910 4050 (Apud
930 3991 1082 4040 Labb.
1109 3991 1250 4049 ibid,)

264 4101 598 4158 HINCMABUS
622 4108 822 4156 sanctae
844 4101 1160 4173 metrOpolis
1180 4101 1440 4158 Ecclesiae
1460 4101 1794 4157 Rhemorum

197 4191 506 4262 episcopus,
541 4205 609 4247 ac
637 4189 814 4260 plebis
843 4190 943 4246 Dei
971 4189 1224 4258 famulus,
1273 4191 1418 4248 clero
1461 4199 1513 4246 et
1553 4191 1701 4263 plebi
1739 4190 1821 4244 in"

195 4280 458 4352 parochia
487 4279 868 4336 Cameracensi
899 4279 1236 4336 consistenti.

265 4365 404 4434 Quia
434 4363 696 4420 defuncto
735 4364 932 4420 dilecto
978 4372 1032 4420 et
1073 4363 1374 4420 venerabili
1417 4361 1682 4419 confratre
1729 4378 1792 4419 ac

1907 446 2081 502 ctrina
2107 447 2262 504 vobis
2289 464 2529 520 praeesse
2569 449 2744 506 valeat
2786 461 2838 508 et
2885 455 3168 524 prodesse,
3217 457 3416 529 quique
3461 474 3493 512 a

1907 537 2209 592 canonibus
2237 537 2404 593 sacris
2433 555 2543 594 non
2571 539 2867 612 discrepet.
2923 543 3003 598 De
3046 543 3198 612 cujus
3227 545 3495 602 electione

1905 624 2186 681 decretum
2215 627 2538 684 canonicum
2567 629 2806 684 unanimi
2834 637 2961 686 voto
2989 647 3172 702 agere,
3213 640 3266 688 et
3295 633 3494 706 sigilla-

1904 712 2002 768 tim
2031 715 2271 770 omnium
2317 723 2558 771 vestrum
2603 719 2853 772 manibus
2893 717 2948 774 in
2997 720 3287 791 praesentia
3331 721 3492 792 hujus

1904 802 2204 858 visitatoris
2231 804 2401 861 vestri
2431 805 2690 861 roborare
2721 806 2974 881 satagite.

2463 975 2804 1031 EPISTOLA
2840 977 2926 1031 LI.

1913 1103 2075 1144 CLERI
2115 1103 2184 1144 ΕΤ
2223 1104 2412 1144 PLEBIS
2454 1105 2840 1146 LAUDUNENSIS
2880 1107 2955 1148 AD
2993 1108 3324 1152 HINCMARUH
3362 1111 3507 1153 Μιε-

2313 1202 2542 1244 MENSEM
2590 1205 3085 1250 ARCHIEPISCOPUM.

2283 1315 2388 1370 Pro
2417 1316 2772 1372 ordinatione
2803 1317 3113 1388 Hedenulﬁ.

2308 1427 2392 1482 (Ex
2417 1428 2550 1476 Actis
2579 1441 2721 1487 prov.
2748 1432 2875 1479 Eccl.
2904 1433 3095 1488 Rhein.)

1977 1532 2210 1588 Domino
2240 1536 2700 1594 reverendissimo
2730 1545 2782 1593 et
2811 1538 3158 1595 sanctissimo
3201 1539 3498 1596 HINCMARO

1905 1621 2334 1694 archiepiscopo,
2369 1625 2690 1697 caeterisque
2722 1633 2924 1683 nostrae
2956 1627 3256 1683 dioeceseos
3297 1628 3501 1684 sanctis

1830 1718 1884 1779 Β
1906 1711 2157 1767 Patribus
2187 1717 2241 1768 et
2261 1711 2552 1785 episcopis,
2579 1713 2758 1770 clerus
2777 1715 3171 1782 Laudunensis,
3198 1731 3322 1772 cum
3338 1715 3504 1773 totius

1901 1799 2154 1871 paroeciae
2200 1801 2478 1871 plebibus,
2531 1810 2584 1857 et
2635 1803 2740 1858 sibi
2787 1803 3090 1873 conjunctis
3137 1805 3498 1876 praesulibus,

1901 1897 2162 1945 aeternam
2190 1889 2246 1944 in
2273 1890 2506 1946 Domino
2533 1893 2663 1946 Jesu
2695 1892 2907 1947 Christo
2947 1893 3172 1948 salutem
3201 1902 3253 1949 et
3283 1910 3496 1966 pacem.

1973 1977 2256 2034 Canonicis
2285 1979 2488 2052 regulis
2519 1988 2572 2034 et
2599 1981 2914 2051 apostolicis
2939 1980 3363 2038 institutionibus
3384 1990 3495 2039 sta—

1900 2072 2070 2121 tutum
2117 2083 2239 2121 esse
2286 2067 2601 2136 recolimus,
2651 2077 2710 2123 ut
2750 2068 2962 2142 quoties
3011 2069 3264 2141 quaelibet
3305 2071 3494 2128 civitas

1898 2154 2199 2210 ministerio
2229 2155 2558 2226 pontificalis
2578 2156 2858 2228 dignitatis
2883 2158 3138 2225 caruerit,
3161 2159 3494 2232 proprioque

1898 2250 2114 2313 pastore
2145 2244 2441 2313 vacaverit,
2475 2261 2598 2301 cum
2629 2247 2852 2303 decreto
2895 2247 3196 2313 electionis,
3243 2247 3492 2322 singulo-

1899 2348 2016 2386 rum
2055 2333 2354 2404 petentium
2397 2334 2648 2390 manibus
2692 2336 2961 2406 roborato,
3013 2337 3493 2407 metropolitanum

1897 2420 2046 2476 adire
2073 2421 2386 2492 pontificem
2414 2423 2670 2490 debeant,
2695 2431 2748 2478 et
2781 2425 2848 2480 de
2877 2424 3273 2492 substituendo,
3296 2423 3353 2480 in
3367 2424 3491 2482 loco

1899 2509 2014 2578 ejus
2045 2509 2135 2582 qui
2165 2509 2422 2577 decessit,
2456 2519 2694 2582 pastore,
2727 2511 2986 2583 petitione
3003 2513 3230 2584 supplici
3255 2527 3496 2570 commo-

1896 2613 2048 2662 nere,
2083 2606 2348 2670 quatenus
2377 2607 2428 2652 et
2458 2599 2644 2655 civitas
2671 2600 3032 2656 sollicitudine
3073 2601 3339 2673 pastorali
3386 2603 3490 2658 de-

1897 2681 2077 2737 stituta
2125 2683 2348 2754 proprio
2390 2692 2738 2755 recuperetur
2776 2684 3074 2756 pontifice;
3120 2693 3173 2741 et
3209 2686 3300 2758 qui
3338 2686 3500 2742 ordi-‘

1896 2770 2110 2825 nandus
2167 2779 2268 2836 est,
2315 2771 2605 2844 gratiosius
2655 2772 2842 2844 possit
2871 2774 3136 2830 accedere
3179 2791 3193 2829 :
3238 2775 3364 2846 quia
3403 2775 3493 2832 cui

1897 2859 2056 2915 debet
2087 2859 2154 2913 ab
2184 2859 2438 2915 omnibus
2465 2860 2698 2930 obediri,
2730 2861 2914 2935 utique
2944 2861 3105 2918 debet
3133 2869 3188 2918 et
3212 2863 3282 2918 ab
3312 2863 3494 2919 omni-

1895 2947 1997 3003 bus
2036 2947 2202 3021 eligi;
2248 2965 2332 3004 ne-
2361 2948 2550 3006 civitas
2597 2966 2708 3006 non
2757 2958 2997 3022 Optatum
3040 2951 3358 3022 episcopum
3404 2959 3496 3008 aut

1893 3044 2222 3107 contemnat,
2259 3045 2348 3092 aut
2377 3039 2582 3106 oderit;
2617 3047 2670 3094 et
2700 3037 2789 3094 ﬁat
2817 3039 2996 3095 minus
3027 3039 3305 3111 religiosa,
3329 3055 3494 3112 quam

1894 3126 2162 3193 convenit,
2196 3125 2284 3181 cui
2313 3141 2422 3181 non
2450 3125 2599 3182 licuit
2628 3127 2831 3183 habere
2853 3143 3016 3199 quem
3047 3127 3214 3183 voluit
3243 3145 3255 3181 :
3287 3127 3492 3184 hivero

1891 3213 1980 3284 qui
2009 3213 2310 3269 ordinaturi
2342 3223 2482 3284 sunt,
2516 3215 2573 3268 in
2605 3215 2790 3287 quiem
2821 3215 3057 3272 viderint
3098 3215 3338 3286 omnium
3369 3225 3494 3272 vota

1890 3301 2215 3374 propensius
2261 3303 2618 3370 concordare,
2679 3305 2985 3376 promptius
3035 3304 3370 3377 liberiusque
3413 3305 3493 3361 illi

1890 3406 2084 3446 manus
2112 3390 2393 3462 imponere
2419 3399 2664 3464 possent.
2703 3391 3049 3464 Quapropter
3095 3409 3219 3450 cum
3265 3394 3488 3450 decreto

1889 3486 2090 3537 nostrae
2101 3479 2380 3536 electionis
2390 3480 2642 3536 manibus
2654 3481 2992 3554 singulorum
3004 3489 3312 3538 nostrorum
3323 3483 3494 3540 robo-

1891 3577 2008 3625 rato
2037 3569 2106 3624 ad
2134 3569 2514 3640 paternitatem
2543 3579 2784 3626 vestram
2825 3571 3168 3640 accedentes,
3213 3571 3493 3628 Hedenul-

1893 3657 2009 3712 tum
2038 3657 2302 3714 Ecclesiae
2329 3666 2529 3716 nostrae
2557 3659 2748 3728 ﬁlium,
2797 3667 2851 3716 et
2890 3659 2946 3715 in
2989 3660 3240 3716 Ecclesia
3286 3669 3488 3730 nostra,

1893 3745 2312 3818 suffragantibus
2342 3747 2735 3820 stipendiorum
2763 3749 2991 3821 meritis,
3037 3749 3106 3806 ad
3147 3766 3286 3806 onus
3314 3767 3492 3823 usque

1895 3836 2228 3893 sacerdotale
2265 3845 2595 3910 promotum,
2641 3837 2754 3896 vita
2799 3847 2853 3896 et
2898 3839 3146 3894 moribus
3188 3855 3254 3896 ac
3303 3849 3494 3896 sancta

1894 3925 2306 3982 conversatione
2336 3927 2590 3983 idoneum
2608 3927 2984 4000 approbatum,
3011 3945 3175 4001 quem
3193 3945 3294 4000 per
3319 3929 3494 3986 licen-

1895 4013 2022 4068 tiam
2067 4023 2333 4082 vestram,
2379 4015 2591 4072 favente
2641 4016 3106 4074 Christianissimo
3155 4017 3489 4088 imperatore

1895 4102 2110 4168 Carolo,
2144 4103 2262 4174 pari
2291 4119 2564 4160 consensu
2589 4119 2653 4158 ac
2683 4105 2945 4160 concordi
2975 4105 3282 4173 devotione,
3327 4114 3490 4178 atque

1895 4192 2147 4246 unanima
2172 4191 2444 4248 voluntate
2471 4192 2758 4262 elegimus,
2791 4209 2888 4262 per
2918 4207 3112 4247 manus
3142 4201 3376 4262 vestras,
3424 4209 3491 4249 ac

1895 4287 2216 4336 caeterorum
2246 4287 2444 4335 vestras
2487 4279 2789 4336 dioeceseos
2837 4287 3148 4336 sanctorum
3195 4280 3488 4352 episcopo-

1897 4385 2036 4436 rum,
2055 4367 2382 4431 consecrari,
2404 4367 2670 4441 nobisque
2700 4376 2752 4425 et
2779 4368 3042 4426 Ecclesiae
3071 4377 3272 4426 nostrae
3303 4370 3488 4426 docto-

195 4453 588 4510 consacerdote
613 4460 823 4524 nostro,
847 4455 1003 4508 Patre
1023 4453 1273 4510 videlicet
1289 4468 1356 4509 ac
1375 4459 1589 4524 pastore
1611 4459 1792 4508 vestro
1821 4439 1873 4500 D
1895 4469 2012 4508 rem
2041 4461 2199 4524 atque
2229 4451 2542 4525 pontiﬁcem
2570 4439 2773 4510 institui
2799 4453 3170 4526 imploramus,
3195 4469 3486 4526 precamur

192 4543 418 4608 Joanne,
453 4557 684 4598 necesse
713 4549 794 4598 est
823 4550 878 4597 ut
909 4542 977 4598 de
1005 4541 1258 4617 eligendo
1279 4550 1440 4614 atque
1463 4539 1792 4598 constituen-

197 4633 268 4688 do
293 4631 454 4690 vobis
483 4639 707 4704 pastore
739 4640 791 4687 et
817 4632 1039 4688 doctore
1069 4632 1372 4688 secundum
1394 4629 1790 4688 ecclesiasticas

198 4721 416 4795 regulas
444 4720 590 4778 votis
619 4720 821 4776 nostris
849 4720 904 4776 in
934 4737 1105 4776 unum
1125 4720 1358 4776 Domino
1375 4719 1645 4776 mediante
1669 4735 1792 4776 con-

196 4810 563 4880 venientibus,
595 4810 893 4881 praemissis
919 4809 1138 4880 jejuniis
1169 4825 1232 4866 ac
1274 4809 1581 4864 litaniarum
1623 4809 1790 4864 obse-

197 4900 548 4967 crationibus,
589 4907 827 4956 tractare
874 4899 1192 4971 quantocius
1239 4899 1542 4965 maluretis,
1592 4906 1645 4954 et
1692 4915 1789 4953 ex-

195 4997 344 5046 orato
373 5005 444 5045 eo
474 5005 506 5043 a
536 5005 643 5060 quo
671 4996 754 5045 est
783 5005 948 5046 omne
977 4989 1176 5044 datum
1205 4990 1501 5060 Optimum,
1546 4991 1600 5043 et
1627 5002 1791 5043 omne

194 5077 404 5135 donum
430 5081 772 5150 perfectum,
799 5078 999 5151 quique
1019 5077 1148 5134 facit
1167 5077 1451 5135 unanimes
1472 5075 1713 5131 habitare
1734 5075 1790 5129 in

194 5167 390 5235 domo;
422 5167 497 5222 ita
529 5182 628 5222 vos
655 5183 765 5223 una
791 5183 912 5223 cum
943 5167 1134 5222 studiis
1166 5166 1324 5236 hujus
1349 5165 1647 5222 venerandi
1674 5165 1788 5222 fra-

193 5256 283 5312 tris
310 5273 374 5314 ac
403 5255 718 5327 coepiscopi
747 5257 940 5322 nostri,
964 5254 1050 5312 cui
1067 5256 1369 5311 secundum
1398 5255 1789 5310 institutionem

192 5345 514 5402 canonicam
545 5345 837 5401 visitatoris
864 5345 1099 5402 ofﬁcium
1127 5345 1183 5398 in
1199 5344 1450 5400 Ecclesia
1470 5344 1622 5412 cujus
1642 5360 1790 5400 amo-

194 5451 250 5490 re
279 5451 342 5492 ac
369 5434 568 5508 vigore
595 5434 870 5501 fovemini,
902 5434 1294 5506 delegavimus,
1329 5433 1384 5487 in
1413 5432 1676 5488 electione
1705 5450 1788 5488 re-

190 5523 367 5594 gulari
396 5523 744 5582 concorditer
771 5524 986 5581 uniatis.
1020 5523 1209 5580 Talem
1238 5529 1420 5579 autem
1453 5521 1608 5577 vobis
1639 5521 1788 5578 futu-

1893 4557 1957 4599 ac
1986 4542 2238 4614 petimus.
2271 4542 2552 4615 Elegimus
2580 4550 2757 4600 autem
2786 4561 2908 4601 eum
2937 4544 3095 4601 nobis
3137 4543 3256 4599 fore
3301 4551 3488 4614 pasto-

1891 4647 2006 4687 rem
2038 4648 2200 4704 quem
2226 4633 2542 4704 apostolica:
2567 4631 2778 4701 formae,
2827 4649 2932 4705 qua
2971 4633 3285 4704 episcopum
3311 4646 3479 4686 orna-

1892 4728 2002 4775 tum
2031 4721 2218 4776 beatus
2249 4721 2443 4777 Paulus
2482 4739 2605 4780 esse
2648 4729 2898 4794 oportere
2943 4720 3297 4788 demonstrat,
3349 4735 3479 4776 con-

1891 4826 2088 4882 gruere
2113 4855 2125 4877 ,
2185 4819 2238 4865 et
2289 4811 2458 4866 sacris
2505 4827 2613 4867 non
2663 4810 2881 4866 obviare
2931 4808 3228 4864 canonibus
3281 4808 3480 4866 Christi

1890 4899 2062 4972 gratia
2089 4909 2418 4972 cooperante
2447 4899 2785 4956 coritidiinus.
2841 4895 3346 4954 Oramussanctam
3375 4915 3478 4970 pa-

1890 4989 2196 5044 teruitatcm
2225 4997 2462 5045 vestram
2493 5003 2635 5044 nunc
2664 4995 2716 5043 et
2745 5001 2960 5058 semper
3002 4985 3059 5042 in
3095 4987 3309 5045 Christo
3337 4989 3478 5045 bene

1891 5077 2095 5132 valere.

1959 5167 2157 5222 Datum
2187 5168 2372 5239 quinto
2399 5166 2668 5221 Kalendas
2687 5164 2921 5236 Apriles,
2945 5166 3000 5222 in
3017 5167 3241 5224 basilica
3272 5178 3475 5226 sancta

1887 5257 2068 5313 Mariae
2097 5255 2369 5330 genitricis
2398 5255 2500 5310 Dei
2527 5262 2581 5309 et
2607 5254 2822 5310 Domini
2853 5257 3026 5313 nostri
3071 5258 3201 5314 Jesu
3250 5257 3474 5325 Christi,

1889 5361 2031 5400 anno
2089 5342 2478 5399 lncarnationis
2541 5343 2786 5412 ejusdem
2839 5345 3054 5402 Domini
3103 5347 3292 5403 .nostri
3345 5347 3476 5402 Jesu

1888 5433 2086 5488 Christi
2117 5435 2236 5496 876,
2269 5431 2422 5502 regni
2449 5431 2636 5488 domni
2665 5435 2844 5491 Caroli
2873 5435 3217 5508 imperatoris
3261 5449 3466 5507 xxxvr,

1887 5529 1940 5578 et
1966 5521 2174 5594 imperii
2202 5522 2395 5594 primo,
2427 5519 2721 5583 indictione
2753 5541 2913 5582 nona.
