4072 6298
547 257 646 312 271

1102 394 1443 454 EPISTOLA
1483 393 1571 448 LII
1583 433 1598 446 .

772 513 845 553 Αι)
886 511 1103 552 οιειιωι
1142 509 1212 548 ΕΤ
1250 506 1464 547 PLEBEM
1506 501 1938 544 LAUDUNENSEM.

599 601 672 656 De
702 598 1059 656 ordinatione
1103 591 1392 660 Henedulﬁ
1428 585 1824 645 Laudunensis
1856 583 2122 656 episcopi.

985 693 1071 748 (Ex
1091 690 1226 737 Actis
1247 697 1386 745 prov.
1410 686 1532 733 eccl.
1555 684 1748 737 Rheni.)

635 805 962 858 Hmcuanus
987 806 1190 855 sanctae
1208 793 1522 866 metropolis
1542 789 1804 848 Ecclesiae
1825 789 2162 844 Rhemorum

569 893 874 965 episcopus,
908 889 1075 954 clero,
1109 885 1289 942 ordini
1328 893 1381 940 et
1422 882 1568 954 plebi
1615 881 1670 935 in
1713 885 1900 934 sancta
1945 875 2160 931 Laudu-

571 981 725 1038 nensi
752 979 998 1036 Ecclesia
1027 973 1364 1044 consistenti,
1416 972 1471 1026 in
1501 970 1731 1026 Domino
1761 981 1953 1040 pacem
1983 973 2036 1020 et
2065 979 2161 1018 sa-

569 1072 758 1126 lutem.

641 1159 787 1215 Sicut
815 1157 1004 1212 beatus
1032 1170 1174 1226 papa
1205 1149 1551 1206 Innocentius
1579 1147 1757 1215 docet,
1809 1148 2025 1216 oportet
2063 1155 2164 1196 nos

569 1250 676 1305 hoc
705 1245 861 1317 sequi
902 1249 1047 1316 quod
1094 1239 1342 1298 Ecclesia
1389 1239 1634 1293 Romana
1679 1233 1934 1301 custodit,
1980 1247 2010 1284 a
2057 1243 2166 1300 qua

567 1335 893 1410 principium
923 1347 1096 1389 sacrae
1127 1327 1478 1384 institutionis
1503 1341 1604 1381 nos
1634 1322 1914 1393 accepisse
1945 1319 2165 1374 dubium

572 1407 683 1481 non
712 1431 813 1479 est.
848 1424 1146 1492 Propterea
1176 1419 1504 1473 documento
1535 1429 1600 1469 ac
1629 1412 1811 1467 verbis
1843 1407 1988 1464 beati
2019 1407 2165 1462 Gre-

571 1513 714 1587 gorii
744 1528 840 1567 vos
870 1509 1078 1580 alloqui
1105 1521 1478 1578 procuramus,
1513 1502 1851 1556 insinuantes
1883 1497 2011 1569 quia
2038 1510 2166 1566 pro-

571 1584 843 1657 babilibus
873 1598 1162 1654 desideriis
1193 1594 1392 1651 vestris
1422 1591 1555 1647 nihil
1584 1589 1856 1646 attulimus
1875 1584 2162 1650 tarditatis,

570 1690 794 1747 fratrem
815 1689 929 1758 jam
973 1695 1026 1743 et
1073 1684 1457 1756 coepiscOpum
1505 1688 1753 1735 nostrum
1803 1672 2166 1731 Iledenulfum

575 1779 734 1836 vobis
761 1777 1101 1846 ordinantes,
1131 1771 1424 1844 praesentia
1450 1769 1536 1826 vel
1567 1783 1838 1825 consensu
1880 1779 1944 1820 ac
1972 1762 2169 1818 litteris

583 1867 1040 1939 coepiscoporum
1094 1862 1256 1918 totius
1301 1859 1461 1914 nobis
1503 1857 1812 1914 commissae
1859 1851 2174 1926 provinciae,

589 1957 890 2014 secundum
933 1967 1122 2009 sacros
1179 1965 1436 2016 canones,
1489 1946 1852 2009 sacerdotem,
1899 1949 2178 2013 pastorem

584 2060 800 2119 quoque
829 2051 992 2114 atque
1021 2048 1306 2096 rectorem.
1341 2036 1442 2092 Cui
1470 2035 1556 2090 his
1583 2033 1799 2100 litteris,
1850 2047 1988 2104 quas
2037 2027 2178 2084 sacri

589 2117 846 2202 canones,
879 2131 1162 2187 ordinatos
1189 2127 1342 2198 prius
1371 2125 1440 2181 de
1471 2123 1820 2180 conciliorum
1850 2117 2086 2192 placitis,
2109 2133 2178 2173 ne

589 2240 650 2279 se
695 2221 896 2294 aliquid
953 2226 1141 2276 contra
1198 2231 1387 2272 eorum
1431 2221 1628 2268 statuta
1675 2210 1856 2284 egisse
1901 2207 2176 2279 pcnniteat,

589 2311 907 2376 instructos,
947 2308 1015 2363 ab
1061 2303 1464 2362 ordinatoribus
1504 2301 1638 2368 suis,
1687 2297 1942 2354 manibus
1990 2311 2181 2351 eorum

590 2399 930 2470 conscriptas
950 2397 1142 2466 jubent
1171 2393 1440 2463 accipere,
1494 2388 1792 2446 secundum
1836 2384 2180 2440 traditionem

589 2486 1016 2547 ecclesiasticam
1071 2484 1320 2539 dedimus
1363 2481 1417 2535 in
1466 2478 1734 2535 mandatis
1757 2519 1773 2544 ,
1823 2491 1892 2530 ne
1939 2487 2180 2544 unquam

591 2577 961 2635 ordinationes
1005 2580 1297 2646 praesumat
1340 2569 1576 2634 illicitas,
1621 2583 1690 2622 ne
1736 2565 2037 2638 bigamum,
2088 2568 2181 2616 aut

593 2666 686 2739 qui
714 2665 1002 2738 virginem,
1050 2661 1094 2716 si
1143 2661 1212 2715 de
1256 2657 1561 2730 conjugatis
1609 2654 1881 2727 agendum
1926 2659 2028 2717 est,
2072 2664 2181 2705 non

596 2764 680 2811 est
709 2753 932 2809 sortitus
960 2765 1207 2814 uxorem,
1241 2763 1418 2817 neque
1448 2745 1774 2810 illiteratum,
1823 2739 1908 2795 vel
1949 2739 2005 2793 in
2043 2753 2180 2810 qua-

596 2844 727 2900 libet
759 2839 1004 2912 corporis
1032 2846 1185 2909 parte
1214 2835 1476 2903 vitiatum,
1521 2840 1612 2888 aut
1651 2848 1715 2886 ex
1757 2828 1972 2900 publice
1999 2826 2182 2898 poeni-

595 2939 742 2990 tente
788 2937 879 2986 aut
921 2927 1086 2985 curiae
1128 2925 1215 2981 vel
1261 2923 1481 2981 cuilibet
1527 2918 1824 2977 conditioni
1865 2915 2178 2981 obnoxium,

595 3029 970 3085 notatumque,
1000 3016 1071 3072 ad
1100 3029 1284 3070 sacros
1313 3011 1530 3068 ordines
1573 3008 1854 3080 permittat
1894 3005 2178 3062 accedere.

596 3110 704 3168 Sed
737 3117 789 3164 et
817 3107 862 3163 si
893 3121 1031 3178 quos
1069 3101 1376 3174 hujusmodi
1420 3099 1555 3156 forte
1598 3095 1879 3169 repererit,
1929 3100 2182 3164 respectu

594 3200 778 3256 divino
807 3213 915 3252 non
945 3194 1141 3250 audeat
1167 3205 1513 3264 promovere.
1547 3188 1796 3243 Alienum
1826 3185 1987 3241 etiam
2017 3181 2182 3239 cleri-

593 3305 720 3346 cum
749 3287 865 3342 sine
893 3285 1163 3340 voluntate
1193 3289 1244 3337 et
1273 3295 1546 3336 consensu
1575 3274 1817 3348 episcOpi
1865 3273 1946 3329 sui
1995 3280 2182 3328 contra

597 3391 787 3433 sacras
816 3371 1039 3446 regulas
1068 3385 1177 3424 non
1205 3368 1476 3430 sollicitet,
1508 3381 1617 3420 non
1647 3363 1923 3433 suscipiat,
1969 3377 2077 3416 non
2125 3359 2180 3416 in

592 3465 698 3521 sibi
719 3462 1008 3520 commissa
1028 3457 1278 3516 Ecclesia
1321 3455 1566 3512 ordinet:
1585 3468 1687 3508 nec
1707 3467 1802 3507 eos
1824 3449 1916 3521 qui
1935 3449 2180 3519 probatae

588 3553 716 3612 fidei
744 3569 854 3609 non
881 3549 1097 3619 fuerint,
1130 3547 1296 3603 sacris
1324 3543 1610 3601 ordinibus
1638 3545 1934 3612 praesumat
1961 3552 2179 3608 quoquo

589 3643 753 3700 modo
784 3639 1076 3712 applicare.
1112 3637 1172 3692 In
1210 3633 1552 3692 ordinatione
1600 3637 1780 3686 autem
1822 3627 2177 3698 presbytero-

586 3747 706 3786 rum
766 3744 832 3784 ac
886 3727 1272 3794 diaconorum,
1337 3730 1764 3788 creterorumque
1823 3713 2178 3771 ecclesiastici

586 3817 796 3876 ordinis
851 3815 1248 3879 ministrorum,
1307 3827 1337 3865 a
1392 3809 1552 3865 totius
1608 3804 1877 3870 muneris,
1924 3803 1978 3856 id
2021 3810 2104 3858 est
2144 3818 2175 3857 a

582 3923 770 3974 manu,
803 3921 837 3960 a
865 3903 1070 3976 lingua,
1105 3907 1195 3956 aut
1225 3897 1486 3970 obsequio
1529 3895 1790 3960 indebito,
1837 3893 1988 3962 juxta
2029 3891 2174 3964 quod

583 3995 850 4052 Dominus
878 4007 978 4064 per
1005 3990 1324 4062 pr0phetam
1354 3985 1616 4058 praecipit,
1669 3989 1930 4054 quantum
1972 3981 2173 4052 patitur

581 4086 821 4141 humana
867 4079 1174 4151 fragilitas,
1223 4075 1456 4132 mundas
1499 4081 1550 4128 et
1596 4071 1778 4128 cordis
1828 4078 1881 4126 et
1923 4069 2170 4140 corporis

580 4189 772 4230 manus
803 4169 1054 4228 exhibeat
1082 4187 1101 4224 :
1131 4181 1200 4222 ne
1237 4180 1344 4220 uno
1393 4163 1696 4234 eodemque
1736 4159 1920 4234 gladio
1950 4167 2003 4214 ct
2029 4158 2168 4214 dan-

577 4271 687 4320 tem
737 4270 789 4318 et
833 4257 1189 4330 accipientem
1240 4269 1436 4309 munus
1493 4251 1799 4319 interimat,
1872 4256 1923 4304 et
1982 4247 2167 4304 illicito

576 4367 804 4408 munere
858 4347 1108 4420 polluens
1161 4359 1390 4411 manus,
1449 4341 1568 4396 aliis
1621 4356 1680 4396 se
1730 4337 2163 4395 benedictionem

1543 237 1884 295 IIINCMARI
1922 228 2324 291 RHEMENSIS
2363 225 2915 285 ARCHIEPISCOPI.

2185 357 2564 429 AEvangelio
2621 353 2750 426 quid
2808 351 3142 422 Redemptor
3209 355 3396 403 noster
3447 361 3548 416 per
3613 343 3866 416 seipsum

3740 215 3855 273 272

2263 446 2452 503 fecerit
2485 463 2498 498 :
2531 441 2784 499 videlicet
2811 439 2939 511 quia
2967 438 3254 512 ingressus
3281 435 3544 506 templum
3569 432 3866 490 cathedras

2260 533 2607 592 vendentium
2641 529 2926 587 columbas
2957 527 3166 584 evertit.
3210 525 3506 581 Columbas
3535 523 3682 578 enim
3715 536 3864 575 ven-

2262 625 2414 690 dere,
2449 629 2532 678 est
2561 622 2628 676 de
2661 619 2861 690 Spiritu
2892 625 3098 682 sancto,
3133 631 3298 688 quem
3335 614 3480 668 Deus
3509 611 3867 681 omnipotens

2261 709 2776 769 consubstantialem
2833 706 2937 762 sibi
2990 721 3088 776 per
3143 702 3546 774 impositionem
3592 713 3864 754 manuum

2261 800 2570 858 hominibus
2599 797 2802 864 tribuit,
2837 794 3184 851 commodum
3223 790 3522 862 temporale
3549 787 3862 860 percipere.

2263 889 2420 960 Quod
2451 889 2542 961 qui
2573 903 2740 958 agere
2769 883 3069 956 praesumit,
3118 897 3270 937 suam
3315 881 3432 934 Deo
3451 878 3636 949 judice
3663 877 3867 934 cathe-

2263 980 2419 1034 dram
2447 977 2565 1048 ipse
2591 975 2802 1040 evertit,
2837 982 2890 1029 et
2923 988 3062 1044 quos
3091 987 3215 1028 cum
3242 969 3428 1041 precio
3467 967 3704 1033 ordinat,
3736 979 3868 1036 pro-

2263 1067 2514 1123 vehendo
2545 1065 2658 1138 agit
2703 1072 2763 1119 ut
2808 1078 2994 1118 secum
3039 1067 3092 1116 et
3134 1059 3240 1130 ipsi
3286 1056 3570 1113 simoniaci
3617 1051 3870 1110 haeretici

2264 1155 2430 1223 fiant;
2473 1161 2526 1210 et
2569 1168 2668 1224 pro
2714 1151 3095 1207 benedictione
3137 1146 3574 1202 maledictionem
3622 1159 3656 1199 a
3701 1143 3869 1198 beato

2264 1247 2427 1300 Petro
2458 1241 2826 1314 apostolorum
2845 1239 3092 1311 principe
3113 1236 3319 1294 Simoni
3343 1236 3522 1308 Mago,
3547 1232 3639 1305 qui
3659 1231 3870 1287 donum

2267 1333 2439 1390 sancti
2485 1331 2715 1403 Spiritus
2761 1329 2934 1401 pretio
2981 1344 3162 1384 emere
3208 1325 3396 1390 voluit,
3444 1323 3586 1392 juste
3635 1321 3868 1387 illatam,

2266 1439 2374 1478 una
2402 1437 2526 1477 cum
2557 1420 2698 1491 ipso,
2731 1435 2830 1490 per
2857 1417 3056 1489 ipsum,
3088 1431 3122 1471 a
3149 1431 3258 1487 quo
3291 1429 3400 1468 non
3450 1409 3868 1475 benedicuntur,

2267 1511 2364 1566 sed
2402 1509 2830 1573 maledicuntur,
2877 1505 3080 1576 judicio
3129 1502 3373 1574 ejusdem
3421 1499 3654 1572 Spiritus
3694 1497 3874 1553 sancti

2268 1599 2583 1670 suscipiant.
2619 1599 2684 1651 Et
2713 1595 2990 1667 quoniam,
3025 1593 3182 1648 sicuti
3212 1589 3592 1662 comperimus,
3645 1586 3872 1660 quidam

2271 1687 2503 1743 diversis
2533 1683 3003 1740 adinvcntionibus
3035 1680 3213 1752 turpia
3229 1679 3383 1736 lucra
3403 1683 3697 1740 sectantes,
3722 1674 3875 1747 quod

2277 1775 2536 1832 ministris
2565 1773 2748 1829 altaris
2777 1771 2998 1826 minime
3024 1769 3296 1839 convenit,
3333 1765 3602 1822 defunctis
3629 1763 3871 1836 presby-

2278 1866 2427 1931 teris,
2455 1865 2604 1934 juxta
2635 1862 2780 1935 quod
2809 1861 3111 1916 didicerant
3141 1859 3388 1914 viduatas
3411 1853 3669 1911 ecclesias
3700 1851 3877 1908 facul-

2277 1963 2414 2009 tates
2445 1953 2666 2016 habere,
2699 1949 2892 2006 exenia
2921 1965 3022 2020 pro
3053 1948 3137 2003 his
3179 1943 3490 2002 obtinendis
3533 1948 3872 2014 exegerunt;

2235 2069 2238 2074 -
2278 2051 2331 2100 et
2358 2042 2562 2116 gradus
2589 2039 2994 2096 ecclesiasticos
3025 2037 3104 2092 eis
3121 2053 3230 2092 non
3251 2033 3557 2090 tribuebant
3573 2039 3873 2103 antequam

2277 2132 2385 2187 illis
2406 2131 2596 2186 eadem
2619 2127 2806 2184 exenia
2826 2126 3268 2199 persolverentur
3291 2142 3305 2190 ;
3336 2131 3389 2179 et
3406 2121 3644 2194 synodos
3666 2127 3874 2174 temere

2279 2219 2718 2292 frequentabant,
2751 2224 2809 2271 ut
2838 2215 3069 2271 factione
3100 2211 3471 2268 ministrorum
3512 2224 3735 2264 suorum
3784 2206 3874 2262 di-

2279 2324 2438 2366 verso
2466 2308 2628 2363 modo
2659 2305 2914 2362 denarios
2945 2303 3099 2376 quasi
3126 2318 3228 2374 pro
3259 2299 3492 2372 eulogiis
3521 2297 3874 2369 acciperent;

2279 2406 2351 2466 et,
2388 2396 2533 2470 quod
2562 2396 2708 2451 dictu
2737 2394 2889 2450 nefas
2919 2401 3021 2459 est,
3049 2392 3209 2447 etiam
3237 2406 3338 2462 pro
3387 2387 3526 2444 sacri
3569 2384 3878 2442 chrismatis

2279 2485 2707 2557 dispensatione,
2766 2482 2854 2537 vel
2911 2482 2980 2536 de
3033 2479 3387 2536 ecclesiarum
3436 2474 3872 2540 consecratione,

2275 2589 2620 2648 quaecunque
2639 2571 3002 2648 emolumenta
3023 2567 3242 2641 ingenio
3259 2572 3549 2638 caperent;
3573 2571 3627 2620 et
3647 2577 3878 2620 necesse

2282 2645 2362 2718 est
2392 2670 2450 2718 ut
2477 2669 2663 2718 contra
2691 2645 2953 2732 pestifera
2999 2659 3319 2713 morborum
3363 2670 3586 2728 genera,
3637 2651 3878 2707 salubria

2279 2751 2803 2807 medicamentorum
2834 2763 3137 2820 quaeramus
3167 2744 3538 2816 experimenta
3572 2759 3586 2797 :
3617 2739 3784 2797 sicuti
3826 2747 3880 2796 et

2281 2841 2350 2896 de
2409 2854 2601 2894 manus
2655 2837 3020 2909 impositione,
3070 2835 3146 2890 ita
3193 2841 3248 2890 et
3299 2833 3369 2888 de
3413 2828 3878 2923 hac.simoniace

2281 2929 2557 2985 haereseos
2613 2926 2896 3000 ingeniosa
2952 2932 3006 2981 et
3059 2923 3198 2979 male
3245 2921 3488 2978 studiosa
3535 2918 3877 2986 collatione,

2283 3016 2542 3088 quiddam
2597 3031 2722 3071 eum
2777 3014 3028 3086 accipere
3092 3010 3467 3068 interdicimus
3499 3050 3514 3076 ,
3589 3015 3882 3064 monentes

2283 3105 2436 3162 illum
2463 3103 2742 3161 attendere
2771 3091 3245 3160 comminationem
3274 3098 3490 3156 Domini
3517 3113 3620 3170 per
3644 3096 3884 3168 prophe-

2283 3203 2392 3250 tam
2412 3193 2644 3250 dicentis
2671 3209 2684 3248 :
2709 3194 2786 3249 Ne
2798 3195 2946 3265 forte
2963 3191 3287 3263 egrediatur
3301 3191 3368 3246 ut
3385 3187 3534 3260 ignis
3556 3185 3882 3259 indignatio

2282 3302 2408 3341 mea
2429 3287 2485 3340 et
2500 3281 2898 3348 succendatur,
2915 3284 3095 3337 etnon
3108 3281 3182 3335 sit
3193 3279 3289 3352 qui
3303 3278 3637 3348 exstinguat
3643 3291 3789 3348 prop
3797 3279 3882 3331 ter

2283 3374 2569 3430 malitiam
2582 3371 2714 3428 stud
2719 3371 2903 3428 ieram
2915 3373 3227 3426 vestrorum
3239 3363 3716 3440 (Jercm.xx1,12).
3726 3361 3884 3419 Unde

2279 3462 2474 3518 iterum
2492 3461 2664 3516 iratus
2683 3459 2816 3515 dicit
2839 3477 2853 3514 :
2885 3459 3122 3516 Visitabo
3139 3473 3310 3529 super
3324 3471 3415 3512 vos
3424 3457 3604 3527 juxta
3619 3455 3885 3524 fructum

2279 3549 2600 3606 studiorum
2626 3551 2941 3604 vestrorum
2967 3545 3146 3618 (ibid.,
3183 3547 3294 3614 14).

2350 3636 2543 3692 Verbis
2574 3651 2790 3708 quoque
2818 3635 2964 3691 beati
2995 3633 3249 3706 Gregorii
3278 3647 3402 3688 eum
3431 3645 3740 3699 monemus,
3775 3628 3880 3684 illi-

2277 3743 2382 3798 que
2401 3724 2795 3794 interdicimus,
2820 3732 2878 3779 ut
2898 3723 3216 3780 sacerdotes
3236 3738 3336 3794 per
3357 3736 3512 3777 suam
3530 3718 3874 3792 parochiam,

2276 3813 2487 3886 quoties
2529 3813 2598 3869 ad
2639 3812 3044 3886 consignandos
3084 3811 3323 3867 infantes
3375 3824 3638 3884 egressus
3687 3807 3872 3874 fuerit,

2275 3903 2414 3958 ultra
2442 3901 2663 3958 modum
2696 3917 2927 3974 gravare
2956 3901 3178 3956 minime
3208 3900 3426 3967 debeat,
3465 3913 3568 3956 nec
3600 3912 3877 3954 summam

2271 3991 2595 4057 collationis,
2649 4006 2756 4063 qua
2805 3989 2888 4046 sui
2932 3988 3390 4062 praedecessores,
3443 3987 3534 4060 qui
3578 3987 3686 4044 hoc
3730 3987 3874 4042 bene

2269 4079 2696 4136 misericorditer
2725 4095 2791 4135 ac
2818 4077 3230 4140 rationabiliter.
3263 4085 3422 4150 atque
3461 4075 3636 4133 sacris
3665 4075 3876 4133 consti-

2270 4169 2568 4224 tutionibus
2643 4167 2882 4224 exsecuti
2947 4175 3071 4223 sunt
3145 4167 3531 4223 convenienter
3553 4207 3567 4233 ,
3632 4165 3877 4222 contenti

2267 4257 2501 4324 fuerunt,
2535 4257 2780 4337 excedat.
2814 4257 2882 4312 Et
2912 4257 2980 4312 de
3014 4255 3242 4328 capellis
3272 4255 3570 4327 antiquitus
3613 4253 3874 4323 subjectis

2273 4345 2543 4414 ecclesiis,
2577 4361 2686 4401 non
2716 4344 3004 4417 aequalem,
3041 4343 3182 4401 sicut
3209 4343 3277 4400 de
3296 4341 3692 4416 principalibus
3711 4341 3884 4400 eccle-

577 4441 761 4498 credat
789 4438 1042 4500 tribuere,
1091 4450 1215 4490 cum
1262 4431 1426 4487 fuerit
1467 4431 1580 4500 jam
1624 4427 1858 4499 prOpriaa
1901 4425 2170 4498 iniquitati

2274 4436 2389 4502 siis,
2439 4435 2787 4492 collationem
2837 4433 3058 4508 exigat;
3110 4433 3208 4490 sed
3257 4432 3572 4505 principalis
3621 4431 3878 4500 ecclesia,

573 4531 896 4597 substratus,
928 4533 982 4581 et
1028 4539 1127 4578 sua
1158 4520 1509 4578 nihilominus
1552 4516 1850 4572 ambitione
1904 4515 2170 4586 captivus.

581 4619 664 4675 Ab
693 4618 773 4674 eis
802 4616 966 4673 etiam
997 4629 1133 4686 quos
1161 4608 1496 4667 ordinaverit
1535 4605 1835 4662 indebitum
1883 4611 1935 4658 et
1986 4611 2172 4659 contra

576 4724 760 4764 sacras
789 4704 1014 4780 regulas
1040 4701 1143 4757 sibi
1168 4704 1569 4756 sacramentum
1591 4693 1710 4749 fieri
1729 4709 1838 4748 non
1859 4691 2168 4762 compellat.

583 4796 693 4852 Sed
722 4795 858 4850 sicut
888 4793 1171 4860 Dominus,
1203 4787 1465 4861 praescius
1496 4782 1786 4840 nonnullos
1807 4781 2016 4851 accepti
2044 4797 2172 4836 san-

583 4882 654 4940 cti
685 4882 917 4954 Spiritus
947 4882 1148 4936 donum
1182 4879 1235 4934 in
1266 4893 1423 4932 usum
1455 4870 1837 4946 negotiationis
1859 4870 2170 4939 inﬂexuros,

577 4970 838 5044 praecepit
881 4969 1070 5025 dicens
1131 4986 1143 5022 :
1208 4966 1394 5024 Gratis
1445 4962 1762 5034 accepistis,
1812 4959 1989 5032 gratis
2043 4960 2173 5014 date

581 5060 802 5131 (Matth.
836 5057 960 5130 xx).
995 5057 1153 5125 Quod
1179 5057 1376 5128 gratis,
1411 5053 1464 5107 id
1496 5059 1578 5106 est
1607 5050 1726 5104 sine
1753 5048 1858 5103 ulla
1887 5047 2172 5104 venalitate

577 5148 685 5204 dati
743 5147 829 5204 vel
886 5143 1122 5216 accepti,
1185 5150 1277 5200 aut
1325 5141 1486 5199 etiam
1535 5137 1792 5212 promissi
1840 5137 1927 5193 vel
1973 5136 2174 5208 sperati

576 5236 843 5303 muneris,
869 5242 1126 5308 quantum
1156 5249 1222 5289 ex
1254 5231 1412 5287 nobis
1443 5237 1544 5296 est,
1577 5230 1853 5300 (caeterum
1884 5226 2000 5298 ipse
2030 5225 2176 5281 vide-

577 5327 643 5382 rit
671 5326 879 5382 habens
909 5321 1258 5380 conscientiae
1289 5336 1402 5376 suae
1432 5326 1644 5384 testem,
1679 5333 1841 5389 quem
1869 5313 2092 5371 habebit
2120 5321 2174 5369 et

569 5423 834 5496 judicem)
858 5439 958 5495 per
986 5417 1347 5476 ministerium
1375 5425 1572 5473 nostrae
1605 5413 1914 5488 exiguitatis
1941 5411 2168 5484 accepit,

571 5523 689 5583 Suis
718 5521 874 5581 etiam
908 5517 1298 5578 comministris
1343 5515 1516 5590 gratis
1563 5514 1826 5584 conferat,
1878 5511 2057 5568 sciens
2105 5526 2173 5566 ex

2273 4540 2397 4580 cum
2441 4524 2544 4580 sibi
2591 4523 2849 4594 subjectis
2895 4523 3142 4595 capellis,
3195 4523 3431 4580 debitam
3479 4529 3532 4578 et
3577 4521 3876 4594 antiquitus

2273 4619 2592 4669 consuetam
2650 4611 2994 4669 collationem
3051 4611 3314 4668 conferat.
3363 4610 3699 4682 Principales
3745 4625 3878 4666 vero

2272 4701 2534 4758 ecclesias
2561 4701 2680 4756 aliis
2702 4701 2950 4758 ecclesiis
2968 4701 3089 4757 loco
3106 4701 3440 4772 capellarum
3455 4715 3566 4756 non
3589 4698 3871 4770 subjiciat:

2274 4791 2403 4863 quia
2434 4790 2735 4846 secundum
2767 4805 2954 4846 sacros
2985 4805 3221 4846 canones
3267 4804 3377 4846 non
3421 4788 3548 4846 licet
3595 4788 3874 4860 episcopis

2270 4879 2584 4950 parochiam
2643 4878 2936 4950 antiquitus
2993 4879 3339 4936 constitutam
3383 4877 3688 4934 inconsulte
3733 4893 3870 4933 con-

2272 4967 2502 5024 fundere
2525 4975 2687 5039 atque
2707 4967 2972 5024 dividere.
2997 4969 3080 5024 Ne
3100 4967 3524 5024 mansionaticos
3545 4966 3660 5022 suis
3677 4965 3869 5022 amicis

2273 5065 2364 5112 aut
2396 5057 2510 5112 suis
2539 5055 2850 5112 hominibus
2876 5072 2908 5111 a
2936 5057 3270 5129 presbyteris
3319 5055 3503 5128 parari
3549 5055 3736 5112 faciat.
3789 5056 3870 5111 Ne

2272 5145 2438 5202 etiam
2470 5143 2624 5216 quasi
2651 5145 2719 5199 ad
2751 5145 3118 5217 receptionem
3163 5145 3335 5220 regis,
3381 5145 3468 5202 vel
3508 5145 3867 5217 legationem,

2271 5241 2364 5291 aut
2411 5233 2482 5290 ad
2527 5241 2750 5290 ornatus
2797 5250 2909 5292 sua
2955 5235 3202 5292 ecclesiae
3253 5233 3557 5302 faciendos,
3601 5233 3871 5304 adjutoria

2273 5322 2432 5394 quasi
2459 5322 2712 5394 petendo,
2743 5323 2925 5396 potius
2953 5331 3136 5380 autem
3163 5323 3456 5398 exigendo,
3497 5322 3754 5379 denarios
3781 5321 3868 5378 vel

2271 5411 2528 5480 caballos,
2562 5420 2652 5468 aut
2679 5428 2880 5475 verres.
2913 5419 3001 5467 aut
3029 5411 3346 5485 friskingas,
3395 5420 3490 5469 aut
3526 5411 3596 5468 ad
3625 5411 3733 5468 iter
3761 5411 3866 5467 ali-

2271 5510 2416 5582 quod
2441 5510 2828 5583 paraveredos,
2861 5516 2952 5567 aut
2978 5510 3084 5568 alia
3113 5511 3362 5583 quaelibet
3391 5509 3645 5583 accipiat,
3689 5509 3747 5567 id
3785 5515 3867 5568 est
