4072 6308
469 279 472 286 ’
531 293 637 350 27s

1455 291 1797 348 HINCMARI
1836 289 2238 362 RHEMENSIS
2277 289 2832 346 ARCHIEPISCOPI.

3746 294 3856 348 2'76

549 417 827 473 hominum
873 430 938 472 ac
979 416 1330 472 coharedum
1375 416 1754 482 consistentes,
1795 423 1853 470 ut
1895 433 2007 472 sua
2035 422 2143 470 tra-
2173 416 2348 486 Aper
2377 429 2565 470 sacros
2609 420 2845 470 canones
2874 415 2941 469 sit
2969 415 3388 487 metropolitano
3436 415 3752 483 commissa,
3787 417 3858 472 ad

544 505 748 561 dantur
781 505 1048 574 ecclesia,
1101 520 1210 560 non
1239 505 1401 560 debet
1430 520 1631 578 cogere
1665 523 1677 558 :
1710 505 1808 559 sed
1848 505 2145 560 secundum

545 594 824 666 synodalia
855 601 908 648 et
941 594 1240 666 imperialia
1270 594 1520 664 capitula,
1571 610 1692 664 qua
1721 594 1992 666 regularia
2023 610 2143 649 esse

547 683 746 754 probat
774 683 1042 749 Ecclesia,
1077 690 1285 754 satagat
1317 691 1582 754 quatenus
1598 683 1740 738 dotis
1760 683 2139 750 immunitates,

544 771 684 828 sicut
714 779 927 828 catera
950 772 1218 838 ecclesia,
1250 772 1571 827 auctoritate
1619 771 1768 843 regis
1798 772 2050 836 habeant,
2091 779 2146 826 et

543 860 677 931 ipsa
707 861 776 916 ab
807 860 1015 916 eisdem
1045 860 1232 915 liberis
1262 860 1568 914 hominibus
1610 860 1896 930 potiantur.
1931 861 2142 914 Talem-

545 965 650 1021 que
678 965 756 1019 se,
790 957 1120 1020 cooperante
1170 948 1422 1018 Domino,
1458 950 1511 1003 in
1541 949 1748 1005 cunctis
1781 949 2052 1015 exhibeat,
2087 957 2144 1004 ut

545 1052 762 1093 sacrum
808 1037 1165 1094 ministerium
1210 1054 1318 1093 non
1367 1037 1680 1108 vituperet:
1727 1039 1816 1109 qui
1866 1038 2025 1093 etiam
2074 1037 2141 1092 ab

541 1125 627 1181 his
653 1125 747 1196 qui
776 1125 906 1181 foris
937 1135 1060 1181 sunt
1089 1125 1455 1182 testimonium
1496 1127 1696 1181 bonum
1735 1127 1886 1196 juxta
1915 1134 2141 1198 aposto-

545 1213 703 1269 licam
731 1215 1034 1270 doctrinam
1064 1215 1266 1270 habere
1295 1213 1476 1270 debet.
1500 1215 1640 1270 Nam
1662 1215 1814 1284 cujus
1834 1215 1943 1272 vita
1964 1216 2144 1286 despi-

543 1302 701 1369 citur,
755 1311 925 1358 restat
954 1310 1012 1358 ut
1041 1312 1094 1358 et
1121 1303 1433 1374 pradicatio
1481 1312 1855 1359 contemnatur
1889 1322 1903 1359 :
1939 1311 1991 1359 ct
2020 1320 2142 1360 cum

541 1400 732 1463 pastor
760 1407 860 1462 per
885 1393 1108 1463 abrupta
1141 1393 1406 1464 graditur,
1441 1393 1580 1447 solet
1610 1391 1728 1447 ﬁeri
1761 1400 1820 1447 ut
1849 1393 1917 1447 ad
1945 1393 2140 1463 praci-

544 1480 732 1552 pitium
764 1496 898 1552 grex
929 1490 1205 1552 sequatur.
1237 1482 1305 1536 Et
1334 1498 1402 1536 ne
1431 1497 1756 1554 quemquam
1789 1483 2142 1538 ecclesiastici

539 1568 744 1624 ordinis
772 1569 1096 1635 ministrum,
1131 1570 1421 1626 occasione
1451 1569 1620 1641 turpis
1663 1570 1816 1634 lucri,
1853 1578 1907 1625 ut
1939 1570 2140 1642 aliquid

540 1657 611 1712 ab
637 1673 704 1712 eo
731 1657 980 1712 absoluto
1014 1658 1212 1730 capiat,
1249 1667 1436 1714 contra
1469 1674 1655 1714 sacras
1685 1659 1900 1731 regulas
1931 1676 2144 1714 excom-

541 1745 800 1812 municet,
849 1746 1178 1802 inhibemus.
1232 1746 1392 1814 Quia,
1427 1755 1485 1801 ut
1514 1755 1732 1803 sanctus
1780 1749 2137 1820 Augustinus,

544 1849 824 1904 exponens
854 1835 1175 1890 sententiam
1206 1835 1354 1890 Pauli
1383 1836 1644 1906 apostoli:
1670 1837 1902 1908 Auferte
1923 1839 2141 1893 malum

549 1939 625 1978 ex
653 1924 800 1980 vobis
829 1924 880 1995 (Ι
907 1925 1026 1980 Cor.
1062 1924 1139 1996 v),
1174 1925 1530 1992 demonstrat,
1564 1941 1672 1980 non
1701 1933 1901 1980 temere
1933 1934 1986 1981 et
2011 1943 2140 1998 (μιοο
2177 1919 2182 1923 ’

545 2011 865 2078 modolibet,
899 2012 995 2066 sed
1025 2028 1126 2083 per
1147 2013 1409 2082 judicium
1453 2013 1734 2070 auferendi
1772 2023 1896 2070 sunt
1923 2016 2050 2071 mali
2077 2017 2146 2071 ab

549 2099 796 2156 ecclesia
838 2101 1238 2158 communione.
1285 2101 1450 2158 Multo
1496 2105 1673 2176 magis
1718 2111 1896 2168 autem
1941 2120 2146 2161 caven-

549 2189 681 2244 dum
711 2197 812 2259 est,
840 2205 911 2246 ne
941 2190 1059 2246 sine
1104 2191 1341 2264 regulari
1382 2192 1588 2261 judicio
1635 2193 1866 2248 ministri
1897 2194 2146 2250 ecclesia

548 2277 726 2332 ofﬁcio
756 2293 856 2334 suo
884 2278 1185 2350 priventur.
1219 2278 1580 2352 Quapropter,
1615 2283 1754 2338 sicut
1773 2281 1966 2337 beatus
1987 2283 2146 2339 docet

551 2366 874 2438 Gregorius,
909 2368 954 2422 si
985 2368 1115 2439 quid
1145 2368 1213 2423 de
1259 2385 1584 2442 quocunque
1629 2371 1829 2426 clerico
1867 2372 1938 2426 ad
1985 2388 2148 2427 aures

552 2470 678 2510 suas
720 2457 1038 2526 pervenerit
1083 2458 1224 2529 quod
1275 2474 1399 2513 eum
1435 2461 1581 2528 juste
1628 2468 1815 2531 posset
1843 2459 2144 2528 offendere,

550 2543 706 2600 facile
735 2559 844 2600 non
874 2545 1074 2614 credat,
1107 2561 1209 2603 nec
1239 2547 1308 2602 ad
1340 2548 1632 2604 vindictam
1659 2548 1810 2604 illum
1841 2566 1932 2604 res
1961 2565 2153 2605 accen-

553 2633 644 2687 dat
690 2633 988 2706 incognita,
1035 2635 1320 2692 attendens
1361 2637 1506 2709 quod
1550 2637 1802 2708 scriptum
1835 2647 1916 2693 est
1949 2655 1964 2694 :
2001 2641 2149 2696 Cau-

557 2739 681 2778 sam
711 2739 880 2794 quam
910 2725 1244 2788 nesciebam,
1287 2727 1718 2797 diligentissime
1747 2730 2150 2800 inuestigabam

554 2811 672 2881 (Job
698 2827 858 2881 xxtx,
895 2813 1003 2882 16).
1037 2812 1106 2867 Et
1136 2815 1494 2883 prasentibus
1537 2806 1846 2872 senioribus
1890 2817 2154 2874 Ecclesia

557 2914 671 2955 sua
699 2898 991 2973 diligenter
1017 2901 1294 2956 veritatem
1325 2905 1655 2973 perscrutari
1697 2906 1874 2961 modis
1903 2906 2152 2962 omnibus

557 2987 805 3055 studeat;
837 2997 890 3044 et
919 2997 1066 3056 tunc,
1118 2988 1165 3044 si
1195 2991 1425 3062 qualitas
1470 2993 1550 3047 rei
1597 2994 1928 3064 poposcerit,
1981 3011 2152 3050 cano-

558 3075 696 3133 nica
722 3077 988 3133 districtio
1017 3078 1228 3150 culpam
1259 3079 1415 3136 feriat
1443 3081 1827 3154 delinquentis,
1849 3085 2150 3140 secundum

553 3165 802 3221 ordinem
832 3183 864 3221 a
893 3169 1064 3224 sacris
1110 3169 1315 3242 regulis
1361 3171 1720 3242 propositum.
1767 3173 1836 3226 Et
1862 3181 1920 3228 ut
1958 3183 2154 3230 cuncta

556 3255 711 3310 brevi
741 3255 958 3326 cingulo
988 3258 1440 3331 perstringamus,
1488 3261 1622 3314 nihil
1661 3278 1758 3331 per
1784 3271 2150 3334 contemptum

558 3344 954 3400 contumaciter
1001 3344 1180 3415 faciat,
1215 3348 1302 3402 vel
1333 3347 1452 3402 fieri
1487 3349 1541 3403 in
1570 3351 1828 3420 parochia
1879 3369 1973 3406 sua
2020 3370 2152 3424 per-

555 3433 746 3500 mittat,
781 3441 1042 3506 quantum
1074 3450 1139 3490 ex
1168 3435 1288 3506 ipso
1319 3436 1496 3503 fuerit,
1539 3438 1685 3509 quod
1727 3439 1794 3493 sit
1823 3442 2155 3511 evangelica

559 3521 794 3589 veritati,
825 3529 877 3577 et
907 3523 1220 3594 apostolica
1243 3525 1540 3593 traditioni,
1593 3534 1682 3581 aut
1734 3527 1906 3583 sacris
1949 3530 2154 3600 regulis

557 3611 857 3668 inimicum.
903 3614 958 3669 Si
1006 3621 1184 3669 autem
1241 3614 1443 3671 factum
1490 3616 1801 3688 contigerit,
1849 3619 2152 3688 arguendo,

559 3699 922 3766 obsecrando,
968 3700 1299 3774 increpando
1347 3705 1644 3760 secundum
1675 3705 1818 3776 quod
1847 3706 2041 3777 cuique
2069 3708 2156 3762 vi-

561 3787 701 3844 derit
730 3789 1008 3858 expedire,
1036 3791 1187 3860 juxta
1217 3792 1562 3848 traditionem
1581 3793 1870 3863 majorum,
1901 3803 2158 3866 quantum

561 3875 815 3948 potuerit,
847 3879 1136 3934 emendare
1165 3888 1439 3950 procuret.

636 3966 968 4020 Pastoralem
1000 3968 1266 4040 siquidem
1297 3969 1538 4040 regulam
1567 3970 1710 4026 beati
1731 3970 1988 4043 Gregorii
2017 3989 2162 4028 men-

564 4061 638 4122 te,
670 4070 786 4123 ore,
819 4072 882 4111 ac
911 4072 1096 4122 manu,
1149 4066 1411 4130 quantum
1458 4059 1562 4116 sibi
1607 4060 1870 4116 Dominus
1915 4062 2051 4118 scire
2096 4078 2160 4119 ac

565 4159 729 4214 posse
759 4144 1062 4211 contulerit,
1096 4145 1151 4199 in
1179 4147 1384 4202 cunctis
1412 4149 1568 4220 sequi
1606 4156 1878 4220 procuret.
1913 4150 2160 4207 Ministe—

565 4233 706 4288 rium
739 4233 940 4306 itaque,
975 4241 1244 4304 ornatum,
1279 4237 1364 4292 vel
1393 4238 1796 4308 patrimonium,
1839 4247 2000 4312 atque
2030 4241 2160 4296 red-

567 4322 712 4378 ditus
737 4323 826 4378 vel
865 4323 1144 4379 facultates
1193 4324 1455 4393 ecclesia,
1503 4336 1664 4398 prout
1707 4329 1861 4401 leges
1908 4328 2163 4385 divinitus

564 4411 924 4484 promulgata
951 4410 1258 4484 praﬁgunt,
1293 4415 1501 4470 studeat
1532 4431 1880 4485 conservare,
1928 4419 2161 4488 amplia-

564 4516 643 4570 re,
677 4515 902 4574 augere,
937 4502 1024 4558 vel
1063 4502 1401 4574 dispensare,
1435 4513 1488 4560 et
1517 4507 1859 4560 monasteriis
1901 4505 1958 4560 in
1987 4522 2158 4577 paro-
2189 4501 2241 4561 D

567 4590 689 4645 ehia
743 4606 843 4647 sua
897 4588 1014 4646 sitis
1069 4593 1385 4649 canonicam
1433 4593 1831 4665 providentiam
1889 4604 2062 4668 gerat,
2109 4606 2161 4652 et

571 4687 829 4750 quantum
871 4698 937 4736 ex
983 4681 1102 4752 ipso
1145 4681 1325 4750 fuerit,
1373 4683 1551 4738 debita
1593 4683 1897 4756 privilegia,
1933 4692 1987 4740 et
2015 4685 2159 4740 anti-

569 4783 731 4839 quam
759 4785 822 4825 ac
851 4770 1160 4841 regularem
1190 4773 1639 4828 consuetudinem
1687 4779 1888 4828 servet.
1921 4773 2159 4830 Ordina-

567 4857 744 4912 tiones
774 4874 906 4914 vero
934 4861 1396 4933 presbyterorum,
1430 4868 1484 4915 et
1514 4861 1845 4917 sacrosancti
1874 4863 2160 4934 baptisma-

567 4946 636 5000 tis
665 4956 1066 5002 sacramentum
1099 4950 1396 5006 secundum
1443 4950 1783 5006 traditionem
1826 4952 2158 5008 ecclesiasti-

570 5049 690 5090 cam
717 5035 926 5091 studeat
955 5053 1138 5108 agere.

643 5125 741 5181 Cui
771 5127 930 5182 etiam
961 5125 1104 5193 licet,
1137 5127 1436 5199 inSpirante
1457 5127 1640 5184 divina
1660 5129 1847 5202 gratia,
1874 5130 2160 5186 abundans

569 5214 711 5271 absit
739 5215 1004 5282 doctrina,
1055 5224 1235 5272 tamen
1291 5233 1388 5288 pro
1431 5218 1599 5274 nostri
1651 5218 1811 5275 otiicii
1858 5219 2061 5286 debito,
2095 5237 2161 5275 ex

569 5305 768 5362 scrinio
813 5313 1014 5362 sancta
1055 5306 1372 5376 metropolis
1419 5306 1747 5363 Rhemorum
1778 5309 2160 5364 documentum

569 5393 704 5448 dare
737 5393 1077 5449 studebimus
1119 5394 1352 5466 qualiter
1397 5411 1473 5464 se,
1525 5405 1856 5468 cooperante
1903 5398 2156 5464 Domino,

569 5497 784 5539 morum
812 5483 1084 5554 probitate
1131 5491 1184 5539 et
1213 5483 1474 5541 doctrina
1508 5485 1685 5542 studio
1716 5487 1909 5543 debeat
1943 5503 2158 5558 gerere.

565 5583 755 5654 lpsum
775 5597 907 5640 vero
939 5598 1047 5639 non
1076 5581 1322 5640 nescium
1351 5584 1493 5655 quod
1525 5585 1686 5642 totius
1715 5583 2011 5656 provincia
2031 5599 2162 5640 cura

2170 1776 2223 1836 B
2252 1747 2496 1820 gularem
2539 1747 2816 1803 charitatis
2856 1747 3257 1818 correptionem
3304 1764 3316 1802 :

2246 505 2494 558 eamdem
2521 503 2865 574 metropolim
2912 519 3088 571 suam,
3124 505 3282 560 sicuti
3307 505 3378 561 ad
3409 513 3656 573 matrem,
3694 514 3754 560 ut
3786 522 3854 560 ex

2244 593 2362 662 ejus
2403 592 2681 648 catholicis
2711 591 2974 647 uberibus
3005 593 3282 648 salubrem
3333 603 3490 665 sugat
3518 594 3853 655 doctrinam,

2243 681 2538 746 humiliter,
2571 697 2634 736 ac
2662 681 2870 748 sedulo,
2907 689 3067 753 atque
3099 681 3416 736 obedienter
3442 697 3730 738 monemus
3761 700 3852 737 re-

2246 785 2489 824 currere.
2541 769 2611 823 Et
2641 785 2749 824 non
2795 769 3024 840 amplius
3068 785 3232 841 quam
3265 769 3367 826 sibi
3397 786 3496 842 per
3525 787 3716 827 sacras
3750 787 3851 826 re—

2245 857 2402 930 gulas
2431 866 2513 912 est
2544 874 2884 924 consessum,
2916 857 3154 914 indebite
3198 875 3461 930 usurpare
3499 878 3510 913 :
3544 876 3666 915 cum
3696 868 3850 916 tanto

2245 947 2522 1002 charitatis
2573 963 2638 1002 ac
2688 947 3002 1002 humilitatis
3049 947 3256 1018 glutino
3298 950 3587 1020 praceptis
3640 950 3848 1004 saluta-

2245 1035 2392 1090 ribus
2423 1035 2491 1090 ad
2523 1035 2751 1091 invicem
2775 1035 2946 1090 simus
2969 1037 3218 1102 connexi,
3251 1045 3308 1090 ut
3336 1037 3549 1092 dicente
3571 1037 3675 1091 sibi
3697 1053 3854 1092 man-

2243 1124 2372 1179 dato
2403 1124 2586 1179 divino
2617 1142 2630 1178 :
2649 1127 2936 1197 Interroga
2949 1128 3173 1198 patrem
3197 1129 3379 1190 tuum,
3401 1133 3457 1181 et
3472 1143 3670 1182 annun
3681 1128 3850 1182 tiabit

2246 1213 2384 1280 tibi;
2410 1215 2653 1286 majores
2684 1217 2828 1279 tuos,
2863 1219 2920 1269 et
2957 1215 3152 1269 dicent
3182 1214 3284 1270 tibi
3311 1215 3493 1284 (Deut.
3529 1229 3632 1280 χιι,
3665 1217 3758 1285 7);
3791 1224 3851 1272 et

2244 1301 2404 1357 nobis
2431 1321 2443 1356 :
2469 1305 2756 1359 Rectorem
2789 1307 2841 1358 te
2868 1307 3199 1374 posuerunt,
3224 1305 3344 1359 noli
3363 1305 3583 1369 extolli,
3611 1305 3706 1360 sea‘
3727 1309 3847 1361 esto

2243 1393 2307 1446 in
2337 1393 2459 1447 illis
2489 1393 2652 1464 quasi
2671 1408 2820 1447 unus
2841 1408 2914 1446 ea
2933 1393 3071 1464 ipsis
3093 1391 3287 1462 (Eceli.
3311 1407 3498 1452 xxxn,
3521 1393 3604 1462 l);
3629 1400 3714 1447 et:
3740 1394 3849 1460 Qui

2243 1483 2428 1552 major
2439 1485 2524 1536 est
2545 1485 2812 1544 vestrum,
2831 1483 2942 1536 erit
2956 1482 3130 1536 minis
3139 1485 3222 1536 ter
3239 1485 3420 1536 vester
3436 1482 3656 1553 (Matth.
3671 1497 3822 1536 χχιιι
3835 1527 3848 1548 ,

2244 1571 2339 1640 ll)
2375 1586 2389 1624 :
2422 1569 2800 1624 obedientibus
2865 1569 3072 1625 scilicet
3139 1569 3496 1625 ministrando
3561 1578 3847 1641 paternam

2241 1659 2570 1728 doctrinam,
2602 1665 2653 1714 et
2684 1657 3144 1724 inobedientibus,
3177 1658 3324 1730 quod
3352 1659 3580 1727 majoris
3611 1668 3714 1721 est,
3749 1676 3847 1716 rc-

3366 1763 3468 1804 nos
3516 1747 3747 1804 fratrum
3795 1758 3850 1804 et

2252 1836 2703 1892 consacerdotum
2732 1844 3040 1892 vestrorum
3087 1835 3395 1891 salubribus
3437 1837 3739 1892 debeamus
3769 1838 3848 1892 uti

2247 1925 2508 1992 consiliis,
2543 1933 2596 1980 et
2627 1924 2728 1996 ipsi
2760 1925 2982 1980 obedire
3011 1925 3248 1995 palemis
3279 1940 3343 1980 ac
3371 1925 3716 1995 regularibus
3736 1942 3852 1980 mo-

2246 2014 2392 2068 nitis.
2425 2015 2562 2070 Hinc
2610 2029 2766 2086 ergo,
2816 2021 2882 2070 et-
2909 2013 3026 2069 hac
3056 2021 3108 2068 et
3139 2013 3246 2068 alia
3292 2022 3559 2085 pracepta
3607 2014 3852 2070 salubria

2247 2103 2581 2169 observanti,
2612 2103 2823 2158 devotis
2863 2103 3058 2158 animis
3085 2118 3186 2159 vos
3227 2103 3580 2175 obsequendo
3623 2103 3852 2159 obedire

2249 2200 2480 2264 Oportet,
2512 2200 2569 2247 ut
2597 2191 3070 2262 irreprehensibile
3108 2191 3493 2263 placidumque
3521 2191 3615 2246 fiat
3644 2207 3852 2263 corpus

2249 2282 2530 2348 Ecclesia,
2564 2297 2662 2352 per
2691 2281 2964 2335 Christum
2994 2281 3286 2336 Dominum
3312 2289 3580 2345 nostrum,
3603 2281 3699 2353 qui
3721 2282 3855 2336 vivit

2249 2379 2302 2426 et
2340 2377 2533 2441 regnat
2575 2385 2700 2426 cum
2748 2372 2862 2425 Deo
2906 2370 3065 2425 Patre
3112 2369 3498 2441 omnipotente,
3544 2371 3598 2424 in
3641 2371 3849 2427 unitate

2251 2461 2481 2532 SpiritLrs
2512 2459 2684 2516 sancti
2717 2459 2884 2526 Deus,
2915 2475 3013 2530 per
3041 2459 3222 2513 omnia
3251 2458 3450 2516 sacula
3494 2459 3847 2514 saculorum.

2248 2552 2444 2606 Amen.

2321 2639 2644 2692 Hincmarus
2691 2644 2890 2692 sancta
2931 2636 3247 2706 metr0polis
3293 2637 3556 2692 Ecclesia
3603 2637 3852 2694 Rhemo—

2253 2743 2370 2781 rum
2405 2727 2712 2798 episcopus,
2747 2735 2798 2781 et
2828 2725 3002 2796 plebis
3033 2726 3131 2780 Dei
3155 2724 3408 2792 famulus,
3441 2733 3492 2780 et
3521 2727 3857 2782 venerabilis

2251 2815 2436 2871 fratris
2467 2814 2748 2870 Hedenulli
2779 2815 2832 2870 in
2865 2822 3051 2870 sancta
3081 2815 3424 2869 Laudunensi
3452 2815 3730 2884 Ecclesia,
3769 2815 3855 2870 fa-

2251 2913 2410 2960 vente
2443 2905 2541 2959 Dei
2573 2903 2762 2976 gratia,
2795 2903 3091 2969 ordinator,
3127 2903 3210 2956 his
3237 2903 3426 2958 litteris
3465 2904 3773 2975 canonicis,
3806 2914 3861 2960 et

2253 2993 2502 3049 ordinato
2544 3002 2596 3048 et
2642 2993 2968 3048 electoribus
3016 2992 3188 3063 ipsius
3232 2991 3449 3063 publice
3497 2992 3662 3060 datis,
3713 3010 3858 3050 anno

2255 3083 2643 3138 Incarnationis
2717 3083 3016 3138 Dominica
3072 3083 3194 3147 8'77,
3253 3097 3394 3137 anno
3460 3090 3644 3138 autem
3698 3085 3856 3157 regni

2183 3136 2438 3228 C'tdomni
2485 3172 2665 3228 Caroli
2713 3171 3053 3243 imperatoris
3093 3186 3317 3238 xxxvn,
3361 3179 3414 3226 et
3457 3187 3598 3228 anno
3641 3172 3860 3244 imperii

2201 3286 2209 3308 ι
2253 3263 2369 3333 ejus
2403 3279 2462 3328 η,
2497 3261 2816 3333 subscripsi.

2327 3352 2446 3408 Odo
2477 3351 2892 3422 Belgivacorum
2923 3349 3232 3422 episcopus,
3269 3349 3584 3420 subscripsi.

2324 3439 2673 3513 Raginelmus
2703 3438 3156 3510 Noviomagensis
3186 3439 3494 3510 episcopus,
3529 3439 3856 3512 subscripsi.

2321 3531 2562 3585 Joannes
2601 3529 3008 3584 Cameracensis
3054 3527 3316 3584 Ecclesia
3362 3527 3673 3600 episcopus,
3727 3529 3860 3583 sub-

2257 3619 2474 3689 scripsi.

2327 3707 2684 3762 Willebertus
2703 3705 3118 3762 Catalaunorum
3146 3704 3364 3760 humilis
3385 3706 3696 3778 episcopus,
3728 3707 3858 3761 sub-

2259 3797 2474 3868 scripsi.

2328 3885 2683 3940 Hildeboldus
2739 3884 3148 3940 Suessionensis
3223 3883 3488 3940 Ecclesia
3547 3884 3859 3956 episcopus,

2259 3975 2577 4046 subscripsi.

2330 4065 2600 4120 Geroldus
2646 4063 3026 4120 Ambianensis
3073 4061 3336 4119 Ecclesia
3380 4062 3693 4135 episcopus,
3729 4064 3860 4119 sub-

2261 4153 2474 4223 scripsi.

2330 4243 2668 4299 }ladebertus
2737 4241 3155 4299 Silvanectensis
3216 4241 3476 4298 Ecclesia
3541 4243 3855 4316 episcopus,

2262 4334 2576 4404 subscripsi.

2794 4449 3134 4505 EPISTOLA
3181 4450 3320 4504 LIII.

2441 4583 2512 4624 AD
2549 4582 2888 4622 FRANCONEM
2933 4582 3309 4622 TUNGRENSEM
3345 4581 3674 4623 EPISCOPUM.

2558 4669 2815 4722 Fratrem
2841 4667 3136 4739 quemdam
3169 4665 3547 4723 commendat.

2983 4782 3144 4837 (lbid.)

2331 4871 2788 4930 Reverentissimo
2815 4881 2868 4927 et
2899 4871 3240 4928 sanctissimo
3270 4870 3425 4926 fratri
3447 4871 3744 4928 Famcom
3764 4873 3865 4929 Ec-

2261 4963 2442 5019 clesia
2495 4962 2830 5034 Tungrensis
2894 4961 3170 5032 episcopo,
3241 4961 3588 5027 llmcmaus,
3653 4969 3860 5018 sancta

2260 5050 2577 5122 metropolis
2647 5051 2975 5106 Rhemorum
3040 5050 3302 5106 Ecclesia
3347 5050 3659 5122 episcOpus,
3713 5060 3864 5124 optat

2261 5148 2587 5214 praesentem
2620 5147 2672 5196 et
2701 5148 3011 5212 perpetuam
3043 5141 3294 5195 salutem.

2331 5229 2553 5284 Noverit
2584 5229 2780 5285 dilecta
2807 5229 3045 5284 charitas
3076 5237 3256 5284 vestra
3285 5229 3407 5302 quia
3435 5227 3524 5283 hic
3554 5227 3731 5284 frater
3757 5246 3862 5284 no-

2261 5318 2406 5374 mine
2428 5318 2706 5374 Flodulfus
2729 5319 2852 5374 ideo
2875 5327 3116 5374 nostram
3137 5317 3366 5374 accessit
3389 5317 3457 5373 ad
3477 5318 3861 5384 humilitatem,

2263 5408 2387 5480 quia
2426 5409 2479 5462 in
2529 5417 2716 5464 nostro
2768 5408 2866 5463 fuit
2912 5409 3034 5463 loco
3078 5409 3308 5463 nutritus
3363 5415 3524 5479 atque
3581 5408 3861 5464 educatus.

2265 5496 2630 5567 Quamobrem
2651 5498 2936 5570 dirigimus
2959 5496 3028 5553 ad
3048 5513 3146 5554 vos
3167 5498 3267 5552 has
3286 5498 3511 5564 litteras,
3533 5504 3592 5552 ut
3606 5495 3865 5554 libentius

2264 5603 2386 5645 cum
2417 5589 2652 5644 charitas
2701 5595 2883 5644 vestra
2910 5587 3153 5660 recipiat.
3185 5588 3254 5644 Et
3284 5587 3412 5661 quia
3441 5587 3542 5642 sub
3591 5587 3859 5661 regimine

3015 5815 3044 5840 ο
