4072 6298
236 300 342 358 2’77

1622 285 2000 344 EPISTOLE.

3422 285 3528 342 278

234 432 420 481 vestro
448 420 647 478 abhinc
671 420 728 476 in
758 427 883 476 ante
918 419 1124 491 gradus
1178 415 1427 488 accipere
1461 423 1513 470 et
1543 415 1660 470 Deo
1691 413 1830 468 mili-
1858 412 1916 474 A
1937 413 2052 482 rtis,
2087 420 2139 469 et
2185 411 2540 469 ecclesiarum
2597 409 2998 480 violationibus,
3051 409 3281 482 aliisque
3327 423 3526 482 quam-

238 523 354 569 tare
385 511 686 576 desiderat,
718 518 775 564 ut
804 507 987 564 sciatis
1017 523 1142 562 eum
1167 506 1324 561 bonis
1354 505 1594 559 moribus
1631 502 1838 574 praedi-

237 611 368 666 tum,
433 599 629 654 litteris
685 597 915 654 sciolum
971 603 1130 667 atque
1195 594 1418 667 ingenio
1475 608 1752 663 capacem,
1787 598 1839 646 et

237 697 419 747 vestro
453 688 766 759 cupientem
795 683 1182 758 regiminiesse
1213 683 1508 746 subditum,
1542 681 1596 735 in
1627 688 1838 736 vestra-

237 795 343 852 que
368 777 632 850 parochia
659 776 860 846 degere
889 781 942 829 et
969 771 1188 826 monitis
1218 779 1379 844 atque
1407 769 1838 826 ordinationibus

236 867 440 924 vestris
469 866 662 920 diebus
691 863 815 920 vitae
845 878 958 918 suae
993 861 1226 916 libenter
1253 860 1652 930 obtemperare.
1685 858 1754 912 Et
1781 865 1840 912 ut

237 958 355 1012 hac
382 971 554 1033 parva
581 952 812 1024 epistola
831 958 1062 1006 avestra
1090 947 1380 1005 dilectione
1407 947 1662 1002 libentius
1691 945 1838 1001 reci-

238 1051 467 1117 peretur
490 1052 650 1114 atque
707 1040 920 1095 firmum
977 1038 1312 1102 crederetur,
1373 1036 1536 1109 sigilli
1568 1035 1744 1090 nostri
1773 1051 1840 1089 ex

245 1133 486 1206 imagine
515 1133 574 1185 B.
607 1129 840 1202 Remigii
892 1125 1164 1200 pontiﬁcis
1205 1125 1566 1196 impressione
1597 1123 1839 1196 signavi-

242 1239 383 1277 mus.
444 1219 807 1290 Omnipotens
861 1219 1012 1272 Deus
1069 1231 1168 1270 vos
1223 1230 1321 1285 per
1374 1213 1540 1268 multa
1571 1212 1841 1268 curricula

240 1325 508 1366 annorum
539 1322 870 1364 conservare
899 1305 1175 1377 dignetur.
1208 1306 1402 1358 Amen.

310 1399 447 1454 Data
477 1413 537 1452 Iv
565 1397 683 1451 Kal.
717 1395 858 1464 Maii,
893 1409 1036 1449 anno
1066 1407 1172 1446 xm
1199 1391 1372 1446 nostri
1401 1389 1766 1461 episcopatus.

801 1508 1144 1566 EPISTOLA
1172 1509 1288 1564 LIV
1300 1550 1314 1562 .

879 1613 952 1652 AD
981 1613 1234 1652 EUMDEM.

335 1695 432 1750 Illi
465 1689 856 1749 Gisebrindum
893 1688 1298 1760 presbyterum,
1334 1686 1468 1742 data
1501 1684 1741 1758 epistola

713 1757 962 1833 formata
991 1757 1376 1815 commendat.

962 1846 1121 1901 (Ibid.)

309 1927 516 1982 Notum
547 1925 616 1982 sit
642 1931 838 1981 vestrae
867 1919 1088 1975 almitati
1131 1925 1183 1973 et
1213 1916 1466 1972 omnibus
1509 1914 1838 1982 hominibus,

245 2016 522 2072 licentiam
557 2013 778 2070 dedisse
799 2010 958 2066 nobis
985 2007 1245 2080 parochia
1291 2013 1490 2072 vestra,
1535 2013 1587 2059 et
1614 2003 1842 2082 ubicun-

246 2121 351 2174 que
381 2103 619 2160 voluerit
637 2101 1033 2173 presbyterum,
1067 2112 1228 2168 quem
1265 2092 1508 2150 ordinavi
1537 2093 1594 2148 in
1619 2091 1842 2148 Rhemis

243 2194 480 2260 civitate,
513 2191 730 2247 nomine
757 2186 1166 2254 Gisebrindum,
1190 2182 1547 2238 ministerium
1579 2181 1843 2236 sacerdo-

246 2282 352 2338 tale
381 2280 636 2354 fungere,
680 2278 727 2334 si
756 2285 936 2332 vestra
989 2273 1219 2329 adfuerit
1279 2287 1435 2328 sacra
1490 2269 1758 2335 voluntas,
1792 2277 1844 2323 et

245 2371 478 2426 aliorum
509 2369 604 2424 ubi
634 2367 714 2422 illi
741 2380 1046 2438 congruum
1075 2361 1412 2433 perspexerit
1442 2361 1710 2414 bonorum
1739 2359 1842 2413 ho-

245 2461 473 2516 minum.
507 2457 627 2527 Qua
647 2457 715 2511 de
745 2453 960 2510 remissi
990 2453 1058 2506 ad
1086 2467 1184 2507 vos
1208 2453 1310 2506 hos
1341 2449 1514 2520 apice,
1545 2447 1846 2502 secundum

246 2548 561 2622 petitionem
610 2542 904 2615 supradicti
950 2540 1278 2612 presbyteri,
1301 2547 1359 2593 ut
1388 2545 1440 2592 et
1465 2553 1563 2592 vos
1607 2551 1846 2592 consen-

247 2655 368 2694 sum
397 2637 449 2692 ei
479 2645 532 2692 et
562 2633 832 2690 licentiam
863 2630 1001 2686 detis
1034 2627 1392 2684 ministerium
1433 2627 1845 2697 presbyteratus

247 2726 421 2800 fungi,
463 2733 518 2779 et
546 2732 607 2778 ut
635 2721 835 2779 certius
881 2716 1250 2790 cognoscatis,
1283 2715 1582 2770 secundum
1609 2713 1845 2768 auctori-

247 2824 414 2871 tatem
443 2811 764 2870 canonicam
791 2809 1076 2865 formatam
1131 2805 1358 2862 fecimus
1389 2803 1690 2874 epistolam,
1724 2801 1846 2856 etei

247 2905 526 2972 dedimus,
559 2901 866 2971 Grecaque
921 2897 1190 2952 elementa
1229 2893 1334 2948 sibi
1381 2891 1757 2948 annotavimus
1785 2906 1844 2944 ll.

246 3009 305 3048 ι.
337 3008 393 3048 v.
443 2993 660 3047 Nomen
705 3003 886 3042 meum
917 3001 955 3040 Η
983 2984 1219 3039 litteram
1273 2981 1525 3054 primam,
1562 2989 1614 3036 et
1647 2995 1850 3035 nomen

248 3089 490 3139 vestrum
519 3077 820 3134 secundum
848 3081 1166 3130 annotamus
1195 3071 1433 3126 litteram
1462 3086 1516 3137 o,
1549 3076 1603 3124 et
1622 3067 1849 3124 civitatis

1934 502 2180 574 plurimis
2201 501 2432 574 ﬂagetiis
2461 515 2524 556 ac
2545 499 2893 564 facinoribus,
2927 515 3046 570 quae
3075 497 3341 554 diabolica
3368 497 3528 553 insti-

1935 591 2155 664 gatione
2184 599 2238 644 et
2265 591 2500 644 humana
2531 589 2848 644 crudelitate
2879 594 3106 658 possunt
3127 585 3528 658 patrari.Quem

1935 680 2025 752 pie
2053 679 2286 734 domnus
2316 685 2500 732 noster
2560 693 2652 731 rex
2699 675 2944 742 Carolus,
3004 675 3103 730 sed
3149 682 3202 730 et
3239 673 3532 746 complices

1937 771 2056 840 ejus
2109 767 2346 840 benigne
2379 781 2442 822 ac
2491 763 2931 831 misericorditer,
2989 763 3128 819 sicut
3173 761 3229 817 in
3276 761 3532 828 mandato

1937 858 2082 932 quod
2113 855 2194 911 eis
2221 855 2374 910 direx
2393 861 2504 908 erat
2533 853 2763 925 potestis
2807 853 3078 924 relegere,
3112 857 3306 922 quater
3333 847 3538 905 studuit

1937 961 2215 1003 revocare.
2247 944 2450 998 Verum
2481 948 2534 997 et
2563 957 2667 1013 ego
2697 941 3020 996 Hincmarus
3075 939 3408 996 Rhemorum
3427 937 3536 1010 epi-

1939 1052 2158 1106 scopus,
2191 1033 2341 1088 illum
2362 1047 2425 1086 ac
2455 1047 2582 1085 suos
2615 1029 2872 1085 satellites
2921 1045 3021 1100 per
3047 1028 3314 1098 meipsum
3341 1042 3440 1082 ore
3469 1026 3540 1082 ad

1939 1141 2001 1180 os
2033 1133 2115 1179 ter
2142 1123 2447 1193 alloquens,
2481 1127 2532 1174 et
2559 1127 2750 1190 postea
2790 1126 2984 1190 quarta
3013 1117 3130 1174 vice
3176 1132 3278 1188 per
3306 1113 3537 1171 commi-

1938 1215 2171 1269 nistrum
2199 1217 2469 1276 nostrum,
2529 1223 2638 1262 una
2696 1223 2817 1262 cum
2873 1206 3196 1278 quibusdam
3233 1203 3460 1277 collegis
3489 1209 3543 1259 et

1941 1297 2280 1372 coepiscOpis
2309 1295 2532 1363 nostris,
2565 1311 2690 1351 eum
2719 1303 2772 1350 et
2821 1310 2949 1350 suos
2996 1293 3292 1364 complices
3319 1291 3537 1363 publice

1941 1386 2276 1448 commoneri
2325 1383 2550 1454 faciens,
2584 1391 2844 1455 quantum
2891 1382 3021 1437 mihi
3069 1381 3332 1437 Dominus
3369 1380 3536 1446 dedit,

1941 1487 1994 1535 et
2024 1477 2344 1532 suavitatem
2366 1472 2520 1544 regni
2551 1472 2810 1542 caelestis,
2845 1479 2898 1527 et
2925 1479 3256 1528 aeternorum
3295 1477 3538 1526 tormen-

1941 1576 2120 1623 torum
2150 1574 2416 1620 terrorem
2443 1560 2552 1616 illis
2595 1561 2876 1632 proposui,
2911 1566 2964 1615 et
3017 1574 3176 1631 quam
3214 1556 3542 1629 gravissime

1943 1659 2118 1713 Deum
2147 1654 2264 1725 ipse
2283 1649 2569 1706 offenderit
2598 1650 2654 1704 in
2673 1658 2841 1721 patris
2890 1648 2974 1704 sui
3027 1662 3094 1703 ac
3123 1653 3324 1702 sanctae
3351 1643 3542 1702 Eccle-

1868 1771 1922 1830 B
1943 1747 2038 1802 size
2097 1745 2366 1816 totiusque
2413 1738 2826 1797 Christianitatis
2853 1736 3096 1802 laesione,
3145 1742 3302 1806 atque
3348 1741 3540 1804 rapto-

1943 1852 2061 1890 rum
2090 1850 2123 1890 a
2153 1852 2214 1889 se
2240 1839 2698 1907 congregatorum
2740 1824 3098 1884 consensione
3153 1831 3314 1895 atque
3357 1821 3540 1878 favore

1943 1923 2174 1991 ostendi,
2209 1932 2260 1979 et
2289 1923 2334 1977 si
2361 1922 2505 1976 mala
2549 1926 2724 1990 coepta
2777 1915 3076 1983 desereret,
3136 1919 3190 1967 et
3233 1911 3303 1966 ad
3330 1918 3542 1982 patrem

1945 2030 2101 2068 suum
2130 2013 2352 2080 rediret,
2386 2026 2549 2083 quam
2594 2006 2831 2076 benigne
2898 2003 3053 2058 illum
3090 2008 3143 2056 et
3172 1999 3542 2056 ecclesiastica

1943 2103 2114 2174 pietas
2145 2109 2197 2156 et
2224 2109 2487 2173 paternus
2541 2094 2768 2152 affectus
2825 2091 3102 2148 debuisset
3155 2089 3400 2160 recipere
3430 2087 3532 2143 de-

1944 2189 2260 2256 monstravi,
2294 2196 2346 2244 et
2401 2203 2522 2260 quae
2555 2181 2838 2241 clementia
2867 2180 2974 2235 illis
3005 2178 3096 2251 qui
3141 2193 3264 2234 cum
3293 2192 3360 2232 eo
3389 2183 3545 2232 erant

1945 2279 2278 2338 offerebatur
2306 2277 2531 2344 innotui,
2567 2281 2620 2328 et
2641 2273 2686 2326 si
2715 2273 2832 2326 haec
2861 2268 3188 2340 negligeret,
3243 2265 3328 2321 vel
3349 2264 3540 2337 despi-

1945 2376 2109 2433 ceret,
2143 2375 2305 2438 atque
2352 2365 2408 2419 in
2455 2361 2740 2434 apostasire
2787 2374 2901 2413 suae
2954 2363 3130 2427 coepta
3183 2353 3544 2410 obstinatione

1943 2471 2293 2528 perseverare
2323 2454 2441 2524 ipse
2472 2460 2524 2506 et
2539 2447 2834 2519 complices
2889 2445 2971 2500 sui
3017 2443 3340 2516 deligerent,
3373 2440 3545 2496 incul-

1947 2545 2063 2600 cavi
2093 2544 2172 2600 eis
2203 2543 2430 2614 qualiter
2473 2546 2599 2611 post
2643 2539 2782 2591 hanc
2831 2541 3078 2606 quartam
3103 2530 3539 2596 conventionem,

1948 2633 2247 2688 secundum
2277 2637 2606 2702 praeceptum
2634 2621 2852 2680 Domini
2897 2623 3034 2678 sicut
3079 2620 3328 2676 ethnicus
3355 2626 3410 2674 et
3435 2633 3543 2688 pu-

1947 2723 2191 2778 blicanus
2221 2719 2395 2775 forent
2424 2715 2584 2773 nobis
2613 2713 2873 2778 habendi,
2907 2719 2959 2766 et
2975 2710 3160 2784 gladio
3181 2708 3373 2780 spiritu
3397 2706 3544 2779 quod

1949 2820 2031 2868 est
2059 2810 2285 2866 verbum
2315 2807 2415 2863 Dei
2445 2802 2742 2878 episcopali
2771 2799 3084 2856 auctoritate
3132 2796 3429 2853 secundum
3459 2809 3548 2850 sa-

1949 2917 2072 2957 cros
2103 2913 2362 2965 canones,
2396 2895 2584 2967 spiritu
2612 2892 2716 2950 Dei
2749 2889 3016 2958 conditos,
3067 2895 3116 2942 et
3163 2885 3326 2942 totius
3358 2883 3548 2940 mundi

1951 2987 2260 3045 reverentia
2289 2992 2654 3046 consecratos,
2712 2981 2979 3051 juxtaque
3034 2974 3350 3048 apostolica
3396 2971 3544 3029 sedis

1951 3079 2169 3134 decreta
2198 3073 2532 3148 pontiﬁcum,
2556 3079 2612 3126 ut
2641 3083 2839 3124 revera
2895 3073 3170 3137 apostatae,
3222 3079 3256 3118 a
3313 3077 3545 3133 corpore

252 3187 388 3226 mea?
417 3169 658 3224 Ῑίιιθπθιω
678 3165 890 3221 leniam
917 3179 979 3231 Ην
1030 3170 1082 3217 ει
1139 3168 1336 3216 vestra?
1366 3166 1612 3230 quartam
1643 3157 1702 3212 Ρ·
1737 3157 1849 3211 Va-
1882 3127 1930 3190 Ο
1953 3176 2006 3222 et
2035 3127 2300 3236 sanguine
2320 3160 2556 3223 Domini,
2575 3167 2738 3232 atque
2754 3155 2979 3210 unanita
3005 3151 3254 3224 corporis
3279 3127 3545 3207 Ecclesiae

251 3260 358 3314 leat
385 3258 674 3329 vigeatque
729 3261 910 3310 vestra
939 3250 1246 3323 proprietas
1290 3249 1347 3303 in
1375 3263 1553 3303 aevum
1585 3253 1854 3317 optamus-

253 3346 583 3403 venerande.
1381 3364 1393 3390 ι

321 3438 390 3492 Η.
421 3437 486 3490 Τ.
519 3435 581 3489 Ρ.
613 3435 685 3488 Χ.
721 3433 786 3486 Η.
820 3431 889 3489 Ο.
939 3431 1008 3484 Μ.
1044 3429 1102 3484 F.
1135 3429 1198 3484 Y.
1245 3427 1313 3481 II.
1365 3424 1557 3481 CCCC.
1591 3423 1706 3478 XL.
1741 3419 1848 3476 DC.

251 3527 366 3583 XC.
392 3526 483 3582 III.
515 3523 632 3578 LX.
664 3523 820 3578 DCC.
857 3521 1000 3578 VIII.

827 3633 1171 3692 EPISTOLA
1203 3633 1311 3688 LV.

469 3746 543 3786 AD
573 3743 870 3785 EPISCOPOS
898 3738 1215 3782 PROVINCIE
1242 3732 1648 3776 LUGDUNENSIS.

259 3833 335 3888 De
387 3831 765 3886 Carlomanno
815 3827 1044 3898 ejusque
1075 3820 1438 3948 elqmpliez'bus
1476 3813 1860 3872 excommuni-

966 3912 1072 3948 can
1111 3910 1180 3948 ιδ.

966 3910 1180 3950 senats.

869 3983 1030 4040 (Apud
1050 3978 1322 4030 Sirmond.)

328 4071 679 4134 HINCMARUS,
739 4066 1070 4121 Rhemorum
1129 4061 1419 4132 episcopus
1467 4073 1529 4112 ac
1555 4055 1730 4127 plebis
1759 4051 1861 4109 Dei

259 4161 513 4228 famulus,
547 4174 670 4212 cum
718 4157 1048 4212 Rhemorum
1103 4151 1409 4206 dioeceseos
1459 4144 1861 4202 venerabilibus

259 4245 748 4308 consacerdotibus
802 4242 1023 4311 nostris,
1081 4242 1344 4306 REMIGIO,
1421 4232 1862 4290 reverentissimo

262 4335 711 4413 Lugdunensium
756 4331 1188 4402 archiepiscopo,
1250 4334 1303 4382 et
1342 4324 1514 4396 ipsius
1558 4322 1863 4377 dioeceseos

263 4425 588 4484 venerandis
619 4421 888 4495 episc0pis
918 4419 1167 4474 salutem.

1953 3255 2194 3310 omnium
2222 3250 2476 3308 videlicet
2503 3247 2745 3302 ﬁdelium
2777 3243 2973 3300 Christi
3030 3241 3303 3306 societate,
3364 3245 3549 3295 essent

1953 3343 2130 3399 modis
2159 3341 2412 3397 omnibus
2441 3333 2742 3394 ascidendi.
2787 3333 2983 3402 Quem,
3017 3331 3114 3386 sed
3171 3337 3225 3384 et
3277 3327 3546 3400 quosdam

1955 3449 2102 3500 suos,
2125 3446 2228 3486 nec
2255 3430 2530 3484 intentata:
2557 3441 2734 3498 poena:
2759 3429 3094 3486 terruerunt,
3125 3433 3228 3474 nec
3256 3416 3542 3488 promissae

1951 3520 2268 3578 dulcedines
2293 3517 2672 3572 invitaverunt.
2705 3513 2772 3567 Et
2803 3511 2944 3579 ideo,
2980 3507 3126 3580 quod
3157 3507 3349 3561 ﬂentes
3396 3503 3534 3559 dici-

1955 3627 2096 3676 mus,
2127 3615 2410 3678 gementes
2437 3601 2834 3666 denuutiamus,
2887 3596 3181 3668 complices
3229 3594 3394 3662 illius,
3449 3591 3542 3665 qui

1957 3707 2083 3753 sunt
2107 3698 2175 3752 de
2223 3693 2514 3752 Rhemensi
2563 3689 2806 3755 dioecesi,
2867 3695 2917 3742 et
2966 3693 3168 3741 nostra:
3223 3690 3350 3737 sunt
3395 3697 3544 3738 curae

1957 3784 2252 3851 commissi,
2285 3799 2350 3839 ac
2378 3783 2430 3837 in
2461 3780 2662 3836 nostris
2684 3775 2964 3850 parochiis
2994 3782 3144 3830 tanta
3189 3781 3242 3827 et
3297 3770 3442 3835 talia,
3494 3776 3554 3824 ut

1957 3874 2342 3948 prmmisimus,
2399 3869 2632 3926 crimina
2691 3865 3104 3929 commiserunt,
3137 3868 3190 3917 et
3215 3859 3376 3916 toties
3405 3875 3553 3915 com—

1959 3947 2148 4020 moniti
2196 3961 2518 4032 resipiscere
2565 3973 2597 4012 a
2637 3955 2831 4028 emptis
2895 3951 3075 4022 malis,
3133 3959 3184 4006 et
3257 3949 3326 4004 ad
3374 3947 3549 4003 sinum

1959 4055 2064 4126 piae
2085 4051 2268 4107 matris
2289 4049 2550 4106 Ecclesiae
2563 4047 2742 4102 redire
2758 4053 2815 4099 ut
2842 4041 3219 4098 satisfacerent
3239 4037 3552 4101 noluerunt,

1963 4143 2060 4198 sed
2089 4141 2143 4194 in
2185 4139 2360 4210 pejus,
2419 4135 2566 4206 quod
2623 4134 2772 4188 dictu
2827 4129 2980 4184 nefas
3038 4135 3121 4184 est
3171 4131 3550 4188 excreverunt,

1963 4230 2090 4302 quia
2113 4228 2248 4282 sicut
2277 4225 2406 4279 dicit
2433 4221 2743 4294 Apostolus,
2812 4215 3122 4286 hujusmodi
3173 4229 3404 4284 regnum
3453 4210 3554 4266 Dei

1962 4300 2071 4374 non
2107 4313 2484 4388 possidebunt,
2509 4318 2562 4366 et
2591 4325 2717 4365 cum
2747 4305 2946 4377 talibus
3014 4309 3162 4360 vetat
3209 4301 3295 4358 vel
3371 4300 3552 4356 cibum

1968 4421 2204 4470 sumere,
2232 4401 2439 4474 judicio
2478 4398 2648 4454 sancti
2698 4396 2931 4470 Spiritus
2974 4410 3007 4450 a
3037 4407 3270 4466 corpore
3327 4397 3380 4445 et
3435 4404 3558 4444 san-

331 4516 748 4580 Carlomannus,
781 4509 965 4566 domui
993 4507 1166 4562 nostri
1196 4503 1377 4560 Caroli
1434 4501 1583 4575 regis
1633 4497 1859 4574 gloriosi
1886 4487 1938 4546 D
1962 4497 2128 4570 guine
2149 4493 2383 4560 Domini,
2419 4499 2470 4546 et
2509 4488 2939 4544 Christianorum
2969 4484 3226 4540 societate
3246 4488 3408 4551 atque
3437 4492 3561 4533 con-

265 4623 427 4664 carne
449 4602 616 4668 ﬁlius,
649 4601 704 4656 in
759 4597 984 4655 dioecesi
1039 4596 1370 4652 Rhemorum
1423 4590 1621 4663 Spiritu
1677 4595 1863 4644 sancto

266 4699 647 4767 regeneratus,
685 4697 738 4744 et
769 4704 802 4744 a
831 4695 979 4758 patre
1037 4700 1198 4740 sacro
1252 4681 1424 4737 altari,
1467 4679 1702 4744 oblatus,
1733 4675 1864 4731 reli-

267 4764 436 4856 giosis
467 4779 638 4836 divini
690 4775 898 4833 servitii
951 4772 1230 4845 obsequiis
1273 4767 1665 4840 mancipandus
1721 4782 1783 4821 ac
1811 4764 1868 4818 in

269 4871 530 4929 clericum
557 4877 766 4936 tonsus,
814 4865 870 4920 in
923 4862 1149 4919 dioecesi
1197 4876 1324 4915 vero
1375 4855 1698 4921 Senonensi,
1731 4861 1784 4909 et
1813 4853 1869 4907 in

268 4958 528 5034 parochia
557 4953 822 5012 Meldensi
862 4953 930 5008 ab
987 4949 1301 5023 Hildegario
1361 4947 1602 5017 ejusdem
1640 4941 1868 5000 civitatis

270 5033 528 5124 religioso
557 5045 814 5118 episcopo
843 5059 941 5114 per
969 5039 1214 5112 singulos
1243 5037 1448 5111 gradus
1476 5051 1650 5106 usque
1678 5033 1744 5087 ad
1775 5047 1869 5087 or-

271 5140 454 5195 dinem
503 5135 826 5192 diaconatus
883 5136 1192 5203 provectus,
1253 5143 1428 5198 nuper
1463 5142 1494 5180 a
1521 5131 1692 5197 patre,
1750 5127 1873 5194 post

273 5229 510 5302 plurima
540 5221 890 5296 benignitatis
918 5235 981 5276 ac
1028 5215 1402 5274 beneficentia)
1445 5215 1590 5269 dona
1618 5211 1722 5266 sibi
1752 5210 1872 5268 col-

273 5299 403 5384 lata,
436 5315 574 5388 fuga
599 5312 786 5383 lapsus
809 5307 1168 5382 congregavit
1216 5321 1403 5361 secum
1430 5302 1693 5373 plurimos
1732 5299 1874 5355 ﬁlios

273 5405 463 5468 Belial,
493 5402 587 5476 qui
615 5399 855 5456 inaudita
883 5397 1089 5454 nostris
1145 5392 1478 5465 temporibus
1517 5390 1663 5445 mala
1688 5388 1744 5444 in
1772 5406 1873 5461 pa-

275 5493 480 5552 rochiis
509 5491 816 5548 dioeceseos
845 5489 1178 5544 Bliemorum
1225 5487 1600 5545 exercuerunt,
1641 5479 1697 5532 in
1728 5478 1874 5548 rapi-

276 5585 362 5639 nis
377 5591 433 5640 et
470 5577 988 5654 depraedationibus,
1021 5583 1073 5632 et
1103 5570 1409 5630 homicidiis
1455 5576 1616 5640 atque
1663 5567 1876 5622 adulte-

1965 4586 2130 4642 sortio
2155 4596 2533 4654 segregamus,
2569 4586 2620 4634 et
2649 4574 2944 4648 episcopali
2965 4571 3302 4638 auctoritate,
3361 4573 3486 4638 post
3528 4583 3562 4620 v

1965 4675 2093 4730 Idus
2121 4673 2281 4728 Mart.
2314 4667 2602 4742 praesentis
2659 4673 2862 4738 quartae
2893 4657 3217 4723 indictionis,
3253 4655 3298 4710 si
3317 4673 3377 4710 se
3405 4663 3564 4710 antea

1965 4780 2075 4820 non
2105 4759 2462 4823 correxerint,
2515 4754 2868 4817 secernimus,
2935 4750 3110 4804 donec
3140 4747 3186 4800 si
3229 4744 3386 4812 forte,
3413 4744 3568 4814 juxta

1967 4853 2219 4908 eumdem
2279 4847 2619 4922 Apostolum,
2683 4859 2780 4898 vos
2809 4836 3114 4909 respiciens
3145 4835 3233 4890 dei
3263 4834 3371 4890 illis
3418 4835 3564 4890 Deus

1967 4941 2358 5014 poenitentiam,
2393 4946 2450 4993 ut
2506 4937 2576 4991 ad
2607 4933 2721 5002 ejus
2769 4929 3100 4984 voluntatem
3157 4923 3482 4996 resipiscant
3536 4939 3568 4978 a

1969 5012 2179 5104 laquies
2207 5028 2430 5094 diaboli,
2466 5023 2697 5096 aquibus
2727 5017 2866 5089 capti
2898 5024 3171 5083 tenentur,
3226 5023 3286 5071 et
3343 5031 3441 5086 per
3487 5012 3564 5068 di-

1972 5103 2112 5192 gnos
2129 5117 2457 5193 poenitentiae
2477 5114 2685 5168 fructus
2744 5106 3080 5163 satisfaciant
3108 5103 3373 5162 Ecclesiae
3405 5118 3568 5175 quam

1971 5191 2250 5274 laeserunt,
2284 5223 2350 5262 ea
2369 5202 2620 5262 videlicet
2641 5197 2952 5254 conditione
2992 5203 3051 5252 ut
3112 5193 3412 5251 secundum
3461 5191 3571 5246 for-

1971 5317 2116 5356 mam
2145 5297 2358 5368 mystici
2388 5289 2593 5348 Nicaeni
2643 5288 2859 5344 concilii
2923 5295 2976 5343 et
3028 5283 3225 5341 Africae
3278 5279 3576 5354 provinciae

1973 5367 2263 5449 canonum,
2305 5384 2566 5452 juxtaque
2595 5378 2907 5450 apostolica:
2955 5373 3100 5430 sedis
3129 5373 3350 5428 decreta
3399 5367 3574 5440 ponti-

1975 5476 2156 5540 ficum,
2189 5471 2384 5538 Sll'lcil,
2419 5467 2738 5536 Innocentii,
2764 5463 3060 5530 Ceelestini,
3093 5459 3307 5525 Leonis,
3341 5457 3572 5512 ubicun-

1977 5581 2083 5638 que
2111 5559 2330 5629 fuerint,
2357 5560 2550 5616 ultima
2572 5555 2912 5630 poenitentia,
2947 5561 3000 5608 et
3051 5547 3352 5606 necessarii
3395 5543 3577 5602 viatici
