4072 6304
563 255 632 309 '19
1415 249 1756 306 HINCMARI
1793 246 2194 306 RHEMENSIS
2242 248 2790 330 ARCHIEPISCOPI.

3718 253 3832 307 280

533 377 838 436 communio
865 376 1170 449 petentibus
1199 391 1308 432 non
1354 383 1606 449 negetur.
1656 375 1768 428 Eos
1823 382 2003 430 autem
2031 371 2125 446 qui
2156 380 2213 440 Α
2234 373 2346 445 lial,
2377 389 2477 431 nec
2507 390 2632 445 pars
2662 388 2784 430 esse
2813 373 2976 430 debet
3005 373 3152 430 ﬂdeli
3203 390 3326 430 cum
3354 373 3602 445 iinfideli,
3644 375 3831 432 donec

528 467 596 522 de
624 467 958 522 Rhemorum
986 465 1210 521 dioecesi
1266 478 1376 520 non
1437 472 1580 532 sunt,
1651 478 1754 518 nec
1814 462 2126 534 spectaliter

531 570 656 618 sunt
677 571 881 620 nostrae
909 579 1054 618 cura;
1109 561 1408 628 commissi,
1455 568 1521 617 \et
1547 567 1848 616 memorata
1899 559 2042 614 mala
2071 559 2125 614 in

531 647 732 703 nostris
759 647 1032 720 parochiis
1078 646 1483 714 commiserunt,
1541 645 1607 699 ab
1672 644 1882 700 eisdem
1925 642 2126 699 nostris

534 735 824 807 parochiis,
855 743 980 807 post
1009 751 1046 790 v
1075 734 1201 790 Idus
1253 733 1470 790 Martias
1507 733 1791 805 praesentis
1820 740 2024 804 quartae
2054 731 2129 785 in-

537 823 811 892 dictionis,
844 825 891 880 si
919 840 978 880 se
1007 832 1163 880 antea
1191 839 1302 879 non
1347 821 1700 888 correxerint,
1761 819 2130 876 excommuni-

537 920 688 968 catos
715 929 840 968 esse
871 912 1230 979 decrevimus,
1263 927 1328 967 eo
1357 919 1546 966 tenore
1576 919 1633 964 ut
1659 909 1861 964 nullam
1913 909 2132 980 partiet-

539 1000 814 1073 pationem
841 1001 895 1054 in
925 1000 1024 1068 eis,
1061 1001 1148 1057 vel
1193 1001 1249 1054 in
1303 998 1681 1056 communione
1738 996 2129 1064 ecclesiastica,

541 1089 628 1146 vel
656 1089 712 1143 in
743 1089 1000 1145 societate
1031 1089 1231 1144 Christi
1261 1087 1500 1142 fidelium
1535 1087 1692 1143 nobis
1714 1086 2133 1142 commissorum

540 1177 792 1247 habeant,
817 1178 942 1250 quia
969 1178 1116 1233 nulla
1140 1176 1477 1250 participatio
1516 1184 1596 1233 est
1653 1175 1854 1231 Christi
1884 1191 2006 1231 cum
2035 1175 2135 1230 Be-

2227 463 2456 520 consilio
2484 470 2538 519 et
2558 463 2764 534 judicio
2818 478 3010 519 eorum
3061 479 3296 536 quorum
3326 463 3570 532 interest,
3604 466 3722 520 Deo
3774 472 3831 520 et

2229 560 2428 608 sancta:
2456 551 2719 609 Ecclesiae
2747 550 3098 608 satisfaciant.
3123 553 3190 608 Et
3217 552 3346 624 quia
3379 551 3742 608 essentialiter
3761 567 3832 609 ac

2229 656 2438 696 summe
2469 641 2643 695 bonus
2663 648 2870 712 pastor,
2905 641 2998 712 qui
3045 641 3280 696 animam
3335 656 3490 696 suam
3517 641 3699 712 posuit
3727 656 3834 713 pro

2229 729 2422 786 ovibus
2443 729 2573 794 suis,
2606 729 2881 784 neminem
2937 729 3052 785 vult
3079 729 3281 800 perire,
3317 737 3372 786 et
3401 729 3545 786 venit
3575 745 3836 802 quaerere

2231 825 2284 873 et
2315 815 2522 873 salvum
2552 815 2728 872 facere
2757 817 2899 890 quod
2938 817 3193 888 perierat,
3224 817 3458 874 ostendit
3496 818 3653 874 nobis
3684 818 3834 874 viam

2235 923 2397 979 quam
2428 919 2742 977 sequamur,
2775 915 2829 962 et
2857 905 3084 963 formam
3113 906 3200 962 cui
3227 906 3835 978 imprimamur,decer-

2234 996 2433 1062 nimus,
2466 995 2587 1050 utsi
2617 995 2757 1050 forte
2797 994 2855 1050 in
2906 995 3240 1067 praescriptis
3297 995 3571 1067 parochiis
3625 996 3836 1052 nostris

2235 1083 2490 1156 cuiquam
2517 1082 2734 1139 illorum
2753 1083 3041 1140 imminens
3061 1083 3302 1158 urgentis
3330 1084 3611 1140 mortis....

1705 1492 2628 1628 HINCMARI

1784 1699 2202 1740 ARCIIIEPISCOPI
2239 1699 2558 1740 RHEMENSIS

623 1819 1890 1982 OPUSCULA
2055 1822 2358 1974 ET
2525 1815 3797 1979 EPISTOLZE

1933 2047 2087 2114 QUzE
2125 2045 2294 2102 SPEC
2304 2045 2480 2100 ΤΛΝΤ

1251 2173 1378 2246 AD
1452 2171 1841 2248 CAUSAM
1901 2171 2370 2246 HINCMARI
2430 2170 3114 2244 LAUDUNENSIS.

751 2453 1094 2553 EPISTOLA
1131 2455 1470 2512 HINCMARI
1508 2455 1911 2512 RHEMENSIS

890 2604 962 2644 AD
1002 2603 1332 2646 HINCMARUH
1369 2603 1798 2645 LAUDUNENSEM.

547 2725 624 2780 De
650 2724 854 2796 ἢτίυίηο
871 2724 1096 2794 eiusque
1127 2725 1322 2796 Γναινιε⁸
1339 2724 1608 2796 Bertrico,
1659 2740 1793 2796 quos
1831 2727 1896 2778 ut
1916 2725 2143 2780 sceleri-

667 2793 766 2852 bus
797 2793 1046 2866 infames
1076 2809 1104 2848 θ
1128 2794 1399 2866 parochia
1429 2793 1727 2850 Rhcmeiisi
1753 2797 2014 2866 ejecerat.

777 2906 938 2964 (Apud
957 2907 1228 2964 strmond.,
1260 2917 1320 2953 ex
1342 2907 1512 2954 codice
1537 2907 1888 2962 Laudunenst.)

621 3030 948 3085 llmcmnus
977 3027 1304 3083 Rhemorum
1323 3026 1611 3100 episcOpus
1632 3029 1926 3085 Hmcuano
1955 3029 2142 3100 coepi-

551 3133 718 3190 scopo
747 3125 930 3174 nostro
959 3116 1210 3172 salutem.

616 3206 845 3262 Nivinus
874 3206 929 3260 in
947 3205 1201 3277 parochia
1229 3221 1352 3261 mea
1383 3205 1646 3279 sacrilega
1677 3205 1895 3262 infamia
1926 3215 2007 3262 est
2036 3207 2144 3262 dif-

547 3294 783 3350 famatus
813 3295 882 3349 de
936 3295 1171 3365 quadam
1229 3295 1638 3365 sanctimoniali,
1698 3297 1764 3350 ab
1821 3295 2044 3351 infantia
2091 3296 2147 3350 in

549 3383 882 3439 monasterio
911 3383 1026 3438 Deo
1070 3382 1263 3450 dicata,
1297 3391 1349 3438 et
1387 3397 1420 3437 a
1449 3383 1731 3439 sacerdote
1765 3385 1963 3449 velata,
2001 3385 2146 3457 quod

548 3473 792 3530 clanculo
821 3487 942 3527 eam
969 3471 1120 3543 prius
1170 3471 1491 3542 corruperit,
1552 3479 1604 3527 et
1653 3481 1847 3543 postea
1902 3473 1972 3527 ab
2015 3472 2147 3543 ipsis

551 3561 862 3619 monasterii
895 3560 1142 3617 claustris
1171 3559 1352 3616 furtim
1391 3561 1547 3616 educi
1579 3559 1781 3627 fecerit,
1813 3568 1869 3616 et
1897 3560 1951 3614 in
1981 3577 2147 3631 paro-

548 3651 808 3708 chiamea
837 3649 1148 3722 aliquandiu
1190 3649 1372 3704 multis
1427 3649 1722 3706 scientibus
1774 3649 2041 3716 habuerit,
2085 3665 2150 3706 ac

553 3740 772 3796 demum
799 3739 1028 3794 latenter
1082 3739 1136 3792 in
1186 3738 1406 3794 alteram
1455 3737 1791 3810 provinciam
1849 3737 2147 3794 abduxerit.

554 3827 710 3883 Unde
741 3825 1098 3898 recogitandi,
1129 3826 1245 3881 sive
1263 3827 1330 3880 ad
1379 3841 1578 3881 noxam
1609 3825 1988 3893 confitendam,
2041 3828 2154 3883 sive
2187 3819 2235 3881 C

555 3915 622 3970 ad
651 3914 928 3970 infamiam
950 3929 1102 3969 suam
1145 3914 1508 3986 purgandam,
1543 3914 1593 3970 ei
1629 3914 1833 3985 legales
1863 3931 1926 3970 ac
1981 3931 2152 3987 regu—

555 4004 698 4059 lares
720 4002 948 4058 consilio
997 4010 1050 4058 et
1103 4017 1373 4058 consensu
1429 4003 1754 4058 clericorum
1801 4019 1864 4059 ac
1893 4004 2153 4060 nobilium

557 4092 820 4148 laicorum
868 4099 1180 4146 nostrorum
1236 4090 1482 4147 inducias
1531 4091 1694 4147 dedi:
1729 4093 1824 4147 sed
1880 4092 1997 4163 ipse
2051 4108 2155 4149 nec

557 4179 801 4237 confiteri
832 4187 1135 4252 peccatum,
1167 4195 1270 4235 nec
1306 4181 1374 4234 ab
1402 4179 1626 4236 infamia
1656 4197 1715 4236 se
1745 4197 1981 4253 purgare
2010 4181 2156 4254 lega-

556 4268 976 4342 literacquievit.
1036 4267 1398 4340 QuaprOpter,
1459 4271 1583 4341 quia
1639 4285 1747 4326 non
1806 4279 1885 4326 est
1930 4271 1998 4325 de
2030 4287 2156 4326 mea

557 4359 860 4431 provincia,
917 4357 1070 4413 illum
1100 4372 1133 4412 a
1179 4373 1299 4413 mea
1356 4359 1614 4429 parochia
1669 4359 2150 4425 excommunicavi,

561 4448 736 4504 donec
761 4454 854 4502 aut
873 4445 1242 4513 confiteretur,
1268 4453 1362 4501 aut
1393 4462 1452 4502 se
1482 4447 1552 4501 ab
1581 4447 1810 4516 objectis
1869 4456 2151 4520 purgaret.

560 4537 719 4594 Nunc
747 4551 880 4592 vero
924 4534 1033 4591 dici
1063 4550 1095 4591 a
1140 4535 1326 4591 multis
1369 4535 1531 4591 audio
1571 4535 1828 4607 quoniam
1880 4536 1934 4590 in
1989 4537 2158 4592 altera

561 4627 839 4698 provincia
867 4641 956 4681 res
986 4625 1332 4698 proprietatis
1354 4641 1465 4681 suae
1492 4625 1546 4680 in
1575 4625 1808 4696 pretium
1825 4626 1893 4680 ab
1921 4641 1986 4681 eo
2005 4627 2154 4682 acci-

559 4715 696 4785 pias,
729 4723 781 4771 et
810 4715 885 4770 illi
916 4730 1004 4770 res
1033 4729 1098 4771 ac
1143 4714 1424 4770 facultates
1479 4713 1900 4779 ecclesiasticas,
1935 4729 2070 4786 quas
2102 4714 2158 4769 in

564 4803 905 4860 ordinatione
932 4802 1231 4875 episcopali
1271 4803 1339 4858 ad
1397 4801 1700 4874 regendum
1744 4811 1794 4857 et
1835 4801 2158 4876 regulariter

562 4891 990 4963 dispensandum
1015 4891 1132 4948 sine
1159 4892 1334 4964 pretio
1386 4890 1690 4962 suscepisti,
1723 4892 1790 4946 ad
1819 4892 1990 4962 turpis
2020 4891 2156 4948 lucri

560 4979 847 5052 praemium
879 4979 934 5034 in
963 4979 1287 5037 beneficium
1315 4980 1506 5036 dones.
1533 4979 1691 5048 Quod
1721 4980 1852 5034 satis
1882 4997 2156 5054 superque

559 5076 870 5126 sanctarum
927 5067 1328 5140 Scripturarum
1371 5068 1679 5124 auctoritati
1727 5069 2074 5137 contrarium,
2107 5079 2158 5126 et

564 5173 834 5214 canonum
874 5164 960 5212 est
988 5148 1264 5214 sacrorum
1302 5157 1538 5214 decretis
1566 5157 1855 5213 adversum
1890 5177 1902 5214 :
1937 5159 2056 5214 etsi
2083 5161 2156 5214 ita
2183 5189 2235 5248 D

559 5255 657 5313 est,
701 5254 759 5300 ut
794 5245 1001 5316 passim
1029 5261 1063 5300 a
1090 5245 1276 5301 multis
1305 5254 1357 5304 et
1387 5245 1550 5301 etiam
1581 5245 1798 5318 publice
1836 5247 1888 5301 in
1921 5247 2153 5318 publicis

557 5333 770 5406 placitis
799 5333 1122 5408 divulgatur,
1149 5343 1403 5407 quantum
1434 5335 1732 5406 periculum
1757 5351 1821 5391 ac
1849 5336 2152 5390 detrimen-

563 5432 674 5479 tum
732 5423 858 5478 indc
931 5423 1197 5492 incurras,
1285 5431 1654 5497 quantamque
1713 5425 2162 5496 vituperationem

566 5511 890 5570 sacerdotali
952 5511 1250 5570 ministerio
1329 5513 1569 5586 ingeras,
1647 5513 1693 5572 si
1752 5529 1943 5572 sanum
2017 5514 2162 5586 sapis

2169 2459 2222 2518 B
2244 2455 2522 2528 intelligis.
2555 2452 2856 2510 Bertricum
2902 2454 3084 2522 etiam,
3135 2453 3309 2526 ipsius
3364 2455 3542 2512 Nivini
3587 2456 3840 2525 fratrem,

2242 2543 2678 2618 frequentissime
2707 2542 2776 2598 de
2831 2543 3115 2598 adulteriis
3161 2551 3214 2598 et
3240 2543 3362 2598 aliis
3391 2545 3613 2601 incestis
3665 2547 3845 2616 pollu-

2243 2633 2478 2690 tionibus
2508 2631 2838 2704 regulariter
2893 2641 3218 2702 correptum,
3252 2641 3304 2688 et
3350 2648 3460 2688 non
3506 2642 3844 2706 correptum,

2245 2731 2297 2778 et
2312 2723 2514 2778 diutius
2545 2722 2848 2788 toleratum,
2909 2729 3068 2793 atque
3097 2729 3154 2775 ut
3185 2739 3216 2776 a
3258 2721 3616 2792 pravitatibus
3637 2725 3756 2779 suis
3788 2741 3847 2780 se

2245 2811 2524 2868 cohiberet
2554 2817 2918 2881 expectatum,
2953 2809 3209 2881 quoniam
3237 2826 3267 2865 a
3297 2811 3410 2865 suis
3465 2810 3847 2883 iniquitatibus

2245 2916 2371 2956 eum
2395 2914 2650 2956 coercere
2671 2915 2780 2954 non
2809 2898 2979 2970 potui,
3023 2899 3148 2970 quia
3195 2915 3306 2956 non
3335 2908 3416 2954 est
3456 2900 3524 2955 de
3554 2917 3678 2956 mea
3709 2918 3848 2973 pro-

2244 2989 2438 3057 vincia,
2473 3005 2506 3044 a
2535 3004 2658 3043 mea
2702 2988 2962 3058 parochia
2991 2988 3316 3059 regulariter
3357 2990 3506 3044 exire
3553 3005 3683 3046 cum
3732 2993 3849 3046 suis

2243 3077 2497 3150 praecepi.
2534 3076 2668 3147 Qum
2696 3077 2812 3146 tibi,
2861 3077 2997 3132 sicut
3037 3078 3176 3132 sacri
3213 3079 3535 3150 principium;
3580 3095 3846 3148 canones,

2247 3176 2371 3224 nota
2401 3166 2582 3223 facere
2628 3166 2937 3237 procuravi.
2971 3167 3107 3223 Data
3137 3167 3320 3222 Idibus
3372 3167 3684 3224 Februariis
3714 3186 3856 3241 prae-

2247 3257 2416 3312 sentis
2443 3256 2615 3312 tertia
2651 3254 2984 3312 indictionis.

2416 3379 2758 3436 EPISTOLA
2797 3380 3138 3436 HINCMARI
3176 3381 3666 3438 LAUDUNENSIS

2594 3502 2666 3541 AD
2705 3501 3036 3542 HINCMARUM
3076 3501 3420 3546 RHEMENSW
3431 3529 3444 3544 ο

2249 3587 2461 3656 Purgat
2492 3585 2756 3658 Nivinum
2804 3601 2966 3658 seque
3014 3586 3199 3656 ipsum
3231 3587 3293 3641 in
3342 3587 3463 3656 ejus
3519 3590 3762 3658 negotio,
3798 3595 3854 3645 et

2490 3657 2861 3711 Hincmarum
2876 3655 3250 3712 ’Rhemensem
3266 3655 3624 3729 perstringit.

2415 3753 2571 3822 (Vide
2602 3753 2929 3826 Patrologiae
2957 3761 3089 3810 tom.
3114 3754 3358 3822 CXXIV,
3391 3755 3500 3810 col.
3542 3758 3695 3824 979.)

2465 3869 2805 3924 EPISTOLA
2844 3869 3187 3924 HINCMARI
3223 3870 3625 3926 RHEMENSIS

2597 3989 2668 4028 AD
2706 3990 3035 4032 HINCMARUM
3075 3990 3505 4032 LAUDUNENSEM.

2516 4073 2823 4129 Intercedit
2839 4091 2940 4146 pro
2968 4073 3209 4145 Hadulfo
3234 4075 3574 4147 presbytero.

2678 4171 2764 4225 (Ex
2785 4169 2919 4216 Actis
2946 4179 3086 4226 prov.
3110 4171 3212 4216 eccl
3251 4170 3440 4225 Rheni.)

2325 4271 2670 4336 ercmnus,
2714 4271 3038 4326 Rhemorum
3085 4271 3394 4341 episcopus,
3448 4271 3748 4327 Hmcmno
3781 4273 3863 4326 di-

2255 4359 2396 4416 lecto
2427 4359 2580 4414 fratri
2629 4365 2682 4414 et
2737 4358 3034 4414 venerabili
3065 4357 3390 4432 coepiscopo
3446 4368 3654 4432 nostro,
3713 4362 3861 4416 salu-

2256 4456 2383 4503 tem.

2326 4537 2514 4592 Frater
2538 4534 2844 4591 Clarentius
2901 4536 3202 4592 communis
3235 4537 3643 4610 compresbyter
3672 4547 3860 4595 noster

2255 4625 2322 4679 ad
2351 4641 2439 4680 me
2470 4623 2694 4680 veniens
2725 4642 2790 4680 ex
2841 4633 2930 4680 tua
2975 4635 3131 4696 parte
3177 4625 3310 4682 mihi
3353 4626 3504 4694 dixit,
3556 4627 3686 4698 quia
3715 4626 3864 4683 fratri

2257 4713 2489 4769 lladulfo
2519 4715 2968 4786 compresbytero
2996 4721 3178 4772 nostro
3209 4715 3542 4772 missaticum
3603 4723 3757 4772 tuum
3789 4717 3856 4772 ad

2256 4803 2588 4876 Wilgarium
2663 4802 2976 4874 episcopum
3061 4803 3130 4858 de
3214 4804 3427 4860 civitate
3484 4805 3855 4878 Augustiburc

2256 4892 2618 4964 (Augsbourg)
2664 4907 2766 4962 pro
2796 4891 2936 4946 libro
2967 4891 3165 4946 Paterii
3187 4900 3239 4946 et
3268 4891 3386 4947 aliis
3436 4909 3554 4964 quae
3606 4894 3704 4948 tibi
3737 4895 3858 4966 pla-

2257 4989 2482 5037 cuerunt
2511 4978 2872 5046 commiseris,
2897 4979 2962 5035 de
2983 4996 3090 5052 quo
3121 4980 3396 5035 missatico
3427 4996 3536 5035 non
3567 4998 3627 5038 se
3660 4999 3862 5039 excon-

2257 5069 2407 5124 dixit.
2444 5071 2640 5124 Postea
2687 5085 2817 5124 vero
2865 5070 3061 5125 audisti
3119 5070 3264 5142 quod
3320 5070 3376 5124 in
3403 5071 3540 5126 alias
3569 5080 3759 5142 partes
3782 5074 3860 5130 ire

2256 5157 2439 5228 vellet,
2481 5165 2532 5214 et
2566 5156 2758 5212 misisti
2803 5174 2904 5229 pro
2954 5175 3019 5214 eo
3075 5159 3339 5213 mandans
3370 5158 3446 5214 illi
3478 5176 3575 5232 per
3603 5161 3860 5219 clericum

2257 5255 2404 5302 tuum
2435 5263 2500 5302 ex
2558 5247 2741 5303 divina
2769 5255 2822 5302 et
2878 5248 3175 5319 episcopali
3223 5249 3563 5318 auctoritate,
3615 5259 3671 5305 ut
3712 5253 3781 5307 ad
3813 5261 3864 5309 te

2257 5334 2474 5403 rediret,
2509 5343 2562 5392 et
2593 5336 2835 5391 direxisti
2861 5337 3108 5392 homines
3131 5346 3250 5393 tuos
3283 5337 3375 5409 qui
3403 5354 3546 5405 eum,
3609 5339 3657 5394 si
3687 5342 3862 5398 redire

2264 5424 2448 5493 nollet,
2483 5425 2553 5480 ad
2583 5433 2635 5481 te
2653 5426 2992 5482 reducerent.
3025 5426 3264 5483 Veniens
3294 5443 3428 5483 vero
3449 5428 3519 5482 ad
3550 5435 3696 5484 tuam
3718 5447 3861 5502 prae-

2265 5513 2512 5585 sentiam,
2540 5531 2649 5572 non
2679 5515 2758 5572 sic
2787 5514 3062 5572 humiliter
3083 5516 3178 5572 tibi
3200 5517 3478 5589 respondit
3498 5517 3638 5574 sicut
3669 5519 3863 5577 debue-
