4072 6298
215 255 320 312 289

213 377 282 430 Et
313 375 457 447 quis,
491 390 698 445 proque
720 373 936 444 quibus,
969 371 1202 444 propriis
1233 372 1465 426 nudatus
1496 370 1566 425 ad
1587 368 1696 424 ulla

285 465 410 518 Non
439 464 531 517 det
562 477 904 533 responsum,
940 477 1060 517 cum
1084 460 1241 516 fuerit
1271 459 1525 525 monitus,

217 553 427 608 Iudicat
456 553 573 623 ipsa
602 551 700 605 tibi
731 549 1016 605 manifeste
1044 549 1238 620 regula
1265 557 1468 612 sancta,

284 641 536 709 Qualiter
565 640 650 694 his
680 638 797 694 ﬁeri
831 638 1048 694 debitus
1073 639 1209 693 ordo
1231 645 1412 709 queat.

217 730 272 786 Si
300 730 458 801 leges
491 729 682 797 scires,
717 744 985 784 canonum
1015 744 1148 798 quas
1170 735 1370 781 trames
1399 726 1652 792 honorat,

285 818 586 889 Perspicue
613 833 806 872 nosses
839 833 960 888 quae
989 815 1128 871 bene
1157 823 1352 872 cuncta
1382 822 1583 885 patent,

217 909 284 963 Et
308 915 366 962 tu
397 907 768 977 conspiceres,
801 905 905 959 nisi
935 920 1131 976 magna
1159 903 1413 976 albugine
1444 903 1639 973 plenus

287 996 551 1051 Mulceret
581 995 750 1060 visus,
783 995 898 1049 haec
931 993 1026 1047 tibi
1057 1001 1187 1048 nota
1217 992 1351 1047 fore.

217 1084 351 1154 Quae
369 1083 467 1139 tibi
500 1083 631 1138 dum
661 1083 873 1148 tribuis,
900 1082 1073 1150 jactas
1104 1091 1155 1137 et
1188 1081 1326 1136 scire
1358 1081 1612 1151 superbe,

284 1172 480 1229 Cordis
511 1171 652 1226 inest
682 1171 840 1226 oculo
871 1187 975 1225 nox
1011 1170 1306 1225 tenebrosa
1336 1177 1451 1224 tuo.

216 1262 354 1317 Hinc
382 1260 586 1316 etenim
619 1260 850 1316 Domino
881 1275 1050 1329 panes
1085 1257 1284 1313 offerre
1315 1257 1537 1322 vetaris,

285 1351 539 1422 Tangere
571 1349 702 1420 quin
733 1348 898 1404 etiam
919 1348 1044 1415 jura
1077 1347 1383 1402 ministerii.

220 1441 366 1495 Hanc
397 1446 625 1494 auctore
655 1437 802 1509 geris
833 1437 987 1506 lapso
1014 1435 1082 1490 de
1113 1435 1233 1490 luce
1265 1435 1522 1506 superbo,

288 1526 392 1595 Qui
425 1526 658 1581 sublime
690 1525 910 1597 quidem
941 1524 1120 1579 letifer
1150 1539 1313 1579 omne
1344 1523 1511 1578 videt.

222 1616 317 1671 Hic
346 1623 397 1670 te
427 1614 612 1669 mirari
645 1615 865 1669 monitat
894 1614 1040 1685 quod
1071 1612 1289 1684 perficis
1322 1611 1459 1682 ipse,

292 1703 454 1773 Quod
483 1718 594 1758 non
625 1710 707 1757 est
735 1702 953 1767 mirum,
989 1701 1086 1756 sed
1105 1701 1284 1772 potius
1315 1701 1596 1766 miserum,

220 1797 296 1849 Ac
325 1791 708 1848 detestandum
737 1789 854 1846 veri
883 1789 1097 1846 ratione
1128 1790 1352 1855 tenoris,

289 1883 415 1937 Non
445 1881 811 1936 attestandum
842 1895 1069 1950 prorsus
1100 1886 1161 1954 ut
1188 1877 1452 1933 illicitum.

221 1973 449 2042 Propter
479 1971 583 2025 hoc
614 1977 791 2024 autem
821 1976 1033 2023 tantum
1063 1968 1306 2022 clamare
1337 1966 1544 2021 videris

290 2060 523 2115 Securos
555 2058 732 2113 aditus
760 2057 908 2112 sedis
926 2055 1259 2128 apostolicae,

225 2149 291 2204 Ut
319 2147 466 2220 quod
495 2145 654 2202 valde
683 2145 814 2200 libet
840 2145 1024 2201 valeas
1053 2152 1272 2215 patrare
1303 2143 1531 2199 licenter
1567 2160 1578 2195 :

291 2236 414 2292 Non
447 2245 630 2292 tamen
659 2251 820 2290 omne
850 2234 994 2303 licet,
1032 2234 1176 2305 quod
1207 2232 1300 2286 tibi
1330 2231 1647 2287 forteiibet.

228 2330 293 2381 At
310 2326 491 2399 magis
519 2325 574 2381 id
604 2333 799 2390 certas,
835 2325 960 2396 quia
988 2340 1096 2379 nou
1127 2323 1209 2378 vis
1242 2322 1358 2393 ipse
1391 2321 1616 2376 subesse

296 2415 424 2481 Ulli,
458 2431 558 2471 ceu
586 2414 762 2484 poscit
793 2412 978 2484 regula
1002 2411 1252 2482 justitize.

229 2504 363 2560 Hinc
389 2503 610 2558 imitans
639 2493 808 2572 illum,
842 2501 933 2573 qui
963 2500 1094 2556 nulli
1128 2508 1319 2571 sponte
1351 2500 1576 2554 subesse

297 2593 549 2658 Gestivit,
574 2592 761 2646 labens
793 2607 893 2662 per
924 2590 1066 2644 mala
1098 2605 1326 2661 quaeque
1358 2587 1544 2652 miser,

231 2681 329 2750 Qui
360 2681 490 2736 vitio
526 2680 744 2751 proprio
773 2679 897 2734 talis
921 2680 1035 2748 jam
1067 2678 1237 2733 factus
1269 2677 1516 2741 habetur,

300 2771 366 2826 Ut
395 2769 607 2824 nullum
647 2768 849 2837 timeat,
873 2783 974 2822 nec
997 2766 1142 2821 mala
1167 2773 1291 2836 post
1314 2772 1534 2820 metuat.

244 2857 387 2913 Hunc
417 2865 472 2914 et
500 2856 558 2911 in
588 2856 692 2912 hoc
722 2856 990 2928 sequeris,
1022 2855 1152 2910 dum
1179 2869 1288 2911 non
1319 2853 1638 2924 resipiscere
1676 2851 1834 2923 quid-

1579 2939 1761 3013 [quam

301 3038 346 3090 A
375 3049 543 3107 prave
572 3032 762 3105 coeptis
794 3032 880 3089 vel
909 3032 1004 3087 tibi
1035 3045 1160 3087 sero
1185 3031 1383 3101 placet,

239 3124 382 3180 Sicut
415 3132 469 3178 et
498 3123 616 3194 ipse
648 3122 854 3194 nequit,
886 3129 1168 3193 postquam
1203 3135 1364 3190 super
1395 3119 1577 3174 omnia
1606 3133 1726 3173 sese

299 3212 520 3278 Extulit,
554 3220 609 3266 et
639 3211 837 3266 misere
865 3211 1071 3281 primus
1101 3210 1168 3263 ad
1201 3209 1307 3263 ima
1337 3207 1464 3262 ruit.

235 3299 338 3357 Sed
358 3300 406 3355 si
437 3299 576 3356 forte
605 3300 815 3354 animos
843 3299 1034 3354 vincas
1062 3297 1131 3352 ad
1159 3304 1355 3352 cuncta
1383 3303 1688 3367 protervos,

299 3393 342 3444 A
372 3389 570 3462 quibus
603 3405 669 3443 ex
701 3388 879 3443 studio
909 3387 1069 3442 valde
1103 3394 1291 3442 tenere
1335 3393 1445 3450 tuo,

235 3476 528 3534 Confestim
557 3477 765 3548 poteris
795 3491 990 3531 secure
1018 3491 1152 3530 vera
1172 3483 1379 3540 tenere,

299 3568 344 3622 A
373 3567 572 3639 quibus
605 3573 657 3620 et
688 3565 880 3620 nolens
907 3565 958 3620 vi
972 3564 1152 3620 uceris
1201 3565 1317 3634 ipse
1338 3563 1520 3618 modo.

236 3656 404 3726 thue
427 3653 628 3726 duplex
669 3654 867 3723 animo,
902 3653 1218 3709 inconstans
1248 3668 1346 3722 per
1375 3659 1565 3708 cuncta
1615 3648 1832 3714 viando,

302 3744 515 3814 Lingua
547 3744 874 3799 assentantis
906 3742 1062 3814 regia
1093 3742 1256 3796 corda
1289 3741 1430 3796 linis.

235 3831 404 3902 Quem
435 3833 842 3889 contemnendo
873 3831 1017 3886 nosti
1046 3839 1096 3885 te
1127 3830 1326 3886 laedere
1357 3829 1572 3895 crebro,

302 3922 424 3978 Non
456 3938 655 3992 parens
686 3921 830 3976 dicto
860 3919 998 3990 legis
1029 3917 1360 3990 apostolicae,

233 4009 386 4079 Quod
418 4011 640 4066 demum
667 4009 840 4065 sancti
868 4023 1126 4074 canones,
1162 4024 1260 4062 seu
1291 4006 1508 4077 publica
1533 4006 1680 4075 jura,

304 4100 368 4154 Et
399 4100 552 4172 quod
593 4099 719 4154 hinc
750 4098 910 4154 sedes
943 4097 1112 4153 sancti
1142 4096 1461 4167 apostolica.

237 4186 454 4244 Scilicet
483 4195 543 4243 ut
567 4187 740 4242 subsit
770 4187 976 4259 quaevis
1003 4185 1288 4257 provincia
1329 4185 1446 4239 sedi

305 4277 736 4348 Metropolitanae
766 4291 981 4346 semper
1011 4275 1209 4346 ubique
1241 4290 1372 4327 suae.

237 4367 290 4422 Si
310 4366 412 4431 vis,
450 4366 496 4420 si
524 4381 634 4420 non
671 4365 772 4432 vis,
808 4364 1023 4418 firmum
1054 4361 1323 4418 constabit
1352 4361 1407 4415 in
1435 4375 1630 4424 aevum,

304 4456 392 4512 Sic
423 4470 556 4511 vere
586 4463 802 4510 sanctus
837 4453 1066 4523 Spiritus
1097 4451 1341 4517 instituit,

238 4545 302 4600 Ut
330 4544 424 4599 tibi
463 4543 778 4614 conscripta
806 4543 860 4596 in
891 4557 1060 4614 parvo
1091 4541 1384 4612 diplomate
1413 4538 1536 4594 misi

305 4635 642 4690 Rhemorum
671 4631 871 4703 praesul
903 4630 1250 4701 metrOpolita
1282 4637 1405 4684 tuus
1431 4646 1444 4682 :

239 4720 368 4791 Quae
396 4721 639 4776 mundus
679 4728 823 4774 totus
855 4719 1119 4790 sequitur,
1163 4725 1473 4782 veneratur,
1517 4717 1750 4771 honorat

305 4812 368 4865 Et
396 4810 694 4880 reprobare
725 4808 942 4879 nequis,
970 4808 1015 4862 si
1041 4807 1182 4861 male
1213 4806 1354 4862 forte
1382 4806 1518 4861 velis

241 4899 497 4954 Versibus
528 4897 784 4963 inversis,
810 4897 1026 4965 juvenis
1065 4896 1352 4951 Hincmare
1384 4896 1656 4961 sacerdos,

307 4987 535 5044 Reddita
566 5003 720 5041 sume
742 4986 846 5040 tuis
878 4985 1110 5040 fontibus
1142 4986 1333 5039 hausta
1366 4985 1553 5041 sacris.

240 5076 297 5129 In
327 5076 533 5130 sinibus
563 5075 793 5147 propriis
823 5075 1046 5145 capiens
1076 5074 1200 5129 hinc
1231 5076 1493 5145 septupla,
1528 5082 1676 5128 vates

313 5163 376 5216 Ut
407 5160 580 5231 poscit
607 5159 737 5228 justi
769 5160 836 5215 de
863 5159 1109 5215 manibus
1138 5159 1373 5215 Domini.

985 247 1226 304 OPUSC.
1260 247 1350 301 ΕΤ
1379 245 1596 300 EPIST.
1632 245 1705 298 IN
1735 241 1962 298 CAUSA
1993 239 2334 295 HINCMARI
2365 239 2671 294 LAUDUN.

1853 368 1907 427 Α

1863 3088 1911 3149 C

3423 235 3527 291 290

2454 380 3006 441 HINCMARUS

2017 504 2064 543 S.
2099 502 2446 543 METROPOLIS
2477 500 2752 541 ECCLESLE
2780 500 3089 539 RHEMORUM
3120 497 3417 538 EPISCOPUS

2094 605 2394 660 Hincmare
2425 601 2792 658 Lauduncnsi
2821 602 3135 672 coepiscopo
3162 603 3351 657 nostra

2603 705 2873 744 SALUTEM.

2532 803 2912 860 PRzEFATIO.

1997 912 2205 982 Nuper,
2239 911 2452 982 quando
2500 919 2780 967 transacto
2828 919 3090 981 tempore,
3146 909 3284 964 sicut
3343 907 3438 963 tibi
3479 915 3532 964 et

1927 1000 2048 1055 aliis
2079 999 2261 1054 multis
2293 1009 2376 1055 est
2406 1000 2703 1072 cognitum,
2740 1000 2885 1070 apud
2947 997 3204 1054 Gundulfi
3263 997 3450 1052 villam
3479 997 3534 1051 in

1927 1089 2192 1161 obsequio
2215 1089 2400 1143 domni
2451 1089 2621 1143 nostri
2667 1089 2817 1159 regis
2866 1102 2989 1143 cum
3039 1086 3286 1157 plurimis
3346 1085 3532 1142 archi-

1928 1177 2199 1248 episc0pis
2227 1187 2279 1233 et
2311 1177 2601 1248 episcopis,
2637 1191 2702 1232 ac
2724 1176 2940 1232 caeteris
2971 1175 3224 1231 fidelibus
3269 1175 3378 1230 suis
3425 1175 3535 1230 fui-

1932 1282 2074 1330 mus,
2109 1267 2232 1336 quia
2262 1283 2370 1332 me,
2407 1266 2542 1321 sicut
2571 1265 2659 1319 alii
2699 1264 2772 1318 tui
2801 1265 3011 1335 priores
3053 1265 3242 1319 ordine
3275 1310 3289 1334 ,
3321 1272 3374 1319 et
3431 1279 3535 1334 po-

1928 1355 2094 1408 tiores
2124 1355 2333 1410 ordinis
2368 1355 2652 1427 dignitate,
2701 1369 2766 1409 ac
2822 1353 3070 1408 seniores
3111 1361 3284 1418 relate,
3344 1369 3538 1408 consa-

1930 1443 2177 1498 cerdotes
2211 1444 2378 1498 nostri
2415 1450 2467 1497 et
2525 1442 2862 1498 venerabiles
2923 1441 3321 1512 archiepiscopi
3380 1450 3539 1514 atque

1931 1531 2172 1602 episc0pi
2202 1531 2468 1598 fecerunt,
2502 1540 2553 1586 et
2584 1539 2634 1586 te
2668 1531 2958 1602 specialius
2989 1537 3305 1601 oportuerat
3336 1529 3539 1599 facere,

1931 1619 2281 1692 exiguitatem
2337 1635 2515 1674 meam
2568 1619 2722 1675 adire
2792 1619 3033 1689 mihique
3086 1619 3236 1689 pacis
3291 1619 3539 1673 osculum

1859 1731 1912 1789 Β
1935 1710 2067 1762 dare
2095 1709 2334 1773 noluisti,
2367 1725 2469 1764 nec
2502 1708 2663 1763 etiam
2691 1707 2856 1762 ullum
2886 1707 3112 1762 verbum
3147 1722 3360 1762 mecum
3390 1707 3541 1778 loqui

1935 1797 2186 1869 dignatus
2217 1797 2382 1863 fuisti,
2434 1813 2544 1852 non
2588 1797 2765 1852 dicam
2805 1812 3086 1869 magnum,
3135 1796 3231 1851 sed
3280 1796 3539 1851 miserum

1932 1886 2114 1941 multis
2147 1886 2518 1957 spectaculum
2564 1885 2860 1957 praebuisti.
2914 1884 3093 1953 Quare
3131 1885 3199 1940 de
3256 1901 3335 1954 re,
3400 1884 3541 1940 sicut

1932 1974 2065 2029 mihi
2095 1975 2246 2040 dixit,
2282 1975 2611 2030 venerabilis
2643 1974 3086 2045 archiepiscopus
3120 1974 3340 2029 Wenilo
3363 1982 3540 2029 tecum

1931 2063 2164 2129 locutus,
2216 2063 2572 2135 interrogavit
2628 2071 2682 2118 te
2720 2079 2820 2118 cur
2873 2078 3090 2118 mecum
3147 2063 3385 2118 debitam
3437 2078 3539 2134 pa-

1932 2167 2052 2208 cem
2080 2167 2190 2207 non
2215 2152 2474 2221 haberes,
2506 2160 2557 2207 et
2589 2152 2824 2207 debitam
2855 2152 3104 2223 obsequii
3134 2151 3541 2206 venerationem

1931 2240 2252 2312 impendere
2283 2241 2633 2297 detrectares.
2693 2240 2849 2296 Unde
2869 2256 2899 2295 a
2928 2249 2982 2295 te
3020 2256 3349 2311 responsum
3378 2256 3538 2296 acce-

1932 2329 2030 2399 pit,
2067 2329 2326 2401 quoniam
2358 2330 2405 2384 si
2463 2330 2664 2401 scripta
2711 2345 2831 2400 quae
2887 2329 2982 2383 tibi
3041 2336 3094 2383 et
3136 2328 3399 2384 Ecclesiae
3447 2328 3543 2384 tibi

1934 2418 2244 2474 commissae
2273 2418 2341 2474 de
2373 2433 2404 2472 a
2433 2425 2484 2473 te
2532 2418 2792 2473 intentata
2839 2417 3395 2473 excommunicatione
3435 2425 3542 2473 tua:

1931 2506 2205 2576 parochias
2232 2505 2655 2571 trausmiseram,
2693 2522 2812 2576 quae
2842 2505 3046 2560 ibidem
3074 2514 3256 2561 tecum
3273 2505 3537 2574 habebas,

1933 2609 2124 2649 coram
2155 2594 2275 2649 aliis
2307 2594 2680 2662 incenderem,
2718 2602 2769 2648 et
2802 2594 3112 2649 annulanda
3142 2593 3401 2663 dicerem,
3435 2609 3543 2648 me-

1933 2699 2040 2754 que
2073 2692 2260 2738 contra
2291 2683 2560 2737 rationem
2589 2682 2786 2737 fecisse
2817 2683 3122 2753 profiterer,
3159 2691 3284 2738 tunc
3325 2697 3540 2737 mecum

1931 2785 2123 2842 pacem
2163 2771 2369 2826 habere
2399 2771 2587 2827 velles.
2621 2770 2765 2826 Dixit
2796 2771 2953 2825 etiam
2984 2778 3036 2826 te
3065 2771 3196 2826 mihi
3225 2771 3538 2838 mandasse,

1934 2859 2062 2930 quia
2093 2860 2238 2931 quod
2269 2861 2337 2926 de
2376 2859 2470 2914 illa
2497 2859 3053 2914 excommunicatione
3083 2858 3274 2925 fecisti,
3311 2875 3415 2932 ego
3444 2858 3542 2914 tibi

1934 2947 2224 3003 insinuavi.
2259 2949 2436 3003 Habes
2464 2949 2609 3004 enim
2655 2947 2947 3019 quamdam
2968 2949 3151 3004 villam
3182 2947 3239 3002 in
3275 2964 3395 3003 mea
3437 2965 3540 3019 pa-

1931 3037 2138 3102 rochia,
2187 3045 2239 3092 et
2284 3037 2410 3108 quia
2463 3037 2710 3092 homines
2754 3037 2998 3105 ejusdem
3041 3035 3182 3092 villae
3230 3037 3434 3107 rogasti
3473 3037 3540 3091 ad
3598 3025 3600 3028 ’

1937 3126 2084 3181 illam
2113 3127 2401 3181 ecclesiam
2442 3126 2572 3180 dare
2617 3125 2838 3180 illorum
2895 3125 3180 3193 decimam,
3242 3125 3312 3180 ad
3370 3142 3540 3197 quam

1939 3229 2056 3268 eam
2087 3215 2220 3269 dare
2271 3214 2578 3280 debebant,
2639 3213 3223 3270 excommunicaverim
3288 3214 3429 3280 illos,
3491 3223 3544 3270 et

1937 3302 2179 3357 habebas
2210 3302 2563 3358 imbreviatos
2595 3311 2724 3374 quot
2753 3302 2984 3358 infantes
3033 3304 3151 3358 sine
3201 3303 3538 3373 baptismate,

1937 3398 1989 3446 et
2042 3399 2174 3462 quot
2249 3391 2496 3446 homines
2546 3392 2661 3446 sine
2688 3391 3067 3447 communione
3123 3391 3250 3447 inde
3290 3391 3540 3458 obierint,

1937 3497 2058 3551 quae
2087 3479 2218 3534 mihi
2249 3480 2302 3533 in
2333 3480 2612 3550 publicum
2643 3481 2880 3550 objicere
2919 3481 3112 3541 nolles.
3132 3497 3198 3535 ue
3226 3489 3416 3552 postea
3447 3480 3542 3534 tibi

1936 3568 2383 3640 improperarem,
2417 3570 2563 3640 quod
2595 3569 2640 3623 si
2670 3569 2772 3623 alia
2801 3569 2940 3622 mala
2969 3569 3036 3623 de
3064 3585 3152 3623 me
3198 3568 3387 3635 scires,
3451 3569 3545 3623 illa

1938 3657 2101 3712 etiam
2130 3657 2364 3712 diceres.
2398 3657 2553 3712 Unde
2581 3656 2675 3711 tibi
2705 3657 2884 3711 statim
2914 3673 3012 3728 per
3043 3674 3166 3712 eum
3193 3657 3535 3725 remaudavi,

1937 3745 2065 3817 quia
2095 3752 2147 3799 et
2195 3745 2339 3810 inde,
2392 3753 2444 3800 et
2486 3745 2555 3801 de
2605 3745 3221 3817 quibuscunquevelles,
3256 3763 3378 3818 quae
3435 3746 3536 3801 tibi

1934 3834 2246 3890 viderentur
2291 3834 2581 3902 objiceres,
2625 3834 2722 3889 sed
2755 3835 2822 3889 de
2851 3837 2952 3890 hac
2980 3851 3139 3891 causa
3189 3851 3381 3892 verum
3430 3851 3540 3891 non

1937 3923 2170 3978 diceres.
2206 3923 2393 3977 Habeo
2425 3924 2570 3978 enim
2600 3923 2858 3994 scriptum
2890 3933 3162 3995 perverse”
3191 3940 3220 3978 a
3269 3933 3321 3978 te
3370 3924 3542 3979 colle-

1938 4019 2102 4078 ctum,
2139 4020 2192 4067 et
2221 4012 2533 4083 perversius
2565 4030 2683 4083 quae
2714 4013 2983 4084 collegisti
3004 4013 3375 4084 interpretata,
3399 4013 3545 4084 quod

1937 4117 2036 4171 per
2065 4115 2261 4154 manus
2291 4100 2508 4155 Hadulfi
2548 4101 3008 4170 archipresbyteri
3052 4102 3126 4154 tui
3172 4101 3358 4171 accepi
3399 4119 3410 4155 :
3447 4100 3544 4156 sed

1937 4196 1989 4244 et
2019 4195 2190 4260 gesta,
2225 4205 2346 4258 qum
2375 4189 2444 4243 de
2489 4188 2610 4257 ipsa
2665 4188 2900 4242 ecclesia
2931 4196 2983 4240 tu
3014 4188 3192 4257 egisti,
3236 4197 3287 4242 et
3319 4188 3544 4258 qualiter

1939 4284 1990 4330 et
2022 4293 2142 4347 quae
2172 4274 2298 4330 inde
2329 4291 2434 4347 ego
2456 4275 2566 4346 egi,
2617 4290 2744 4330 vera
2777 4274 3084 4328 narratione
3130 4274 3457 4344 conscripta,
3492 4282 3543 4331 et

1940 4364 2374 4435 quandocunque
2405 4364 2596 4432 velles,
2630 4371 2717 4417 aut
2760 4379 2883 4419 cum
2931 4363 3254 4436 quibusdam
3294 4362 3542 4418 fratribus

1870 4446 1920 4506 D
1944 4461 1997 4509 et
2056 4453 2540 4510 consacerdotibus
2588 4452 2802 4521 nostris,
2842 4461 2932 4508 aut
2957 4453 3001 4508 si
3031 4453 3199 4510 velles
3241 4453 3297 4507 in
3336 4453 3542 4523 synodo

1946 4542 2039 4598 tibi
2087 4543 2454 4598 ostenderem.
2508 4542 2690 4598 Tacite
2739 4550 2924 4598 autem
2956 4543 3012 4597 in
3061 4544 3157 4597 hac
3201 4540 3544 4597 confessione

1945 4638 2051 4700 tua,
2088 4647 2193 4703 qua
2223 4632 2426 4698 dixisti,
2460 4631 2583 4702 quia
2613 4631 2758 4703 quod
2789 4631 2855 4686 de
2884 4631 2976 4686 illa
2993 4628 3544 4686 excommunicatione

1944 4719 2120 4776 fecisti
2143 4736 2247 4792 ego
2279 4720 2375 4775 tibi
2403 4720 2694 4787 insinuavi,
2726 4719 2829 4774 tria
2857 4718 3218 4774 consideravi.

2010 4809 2258 4863 Primum
2291 4809 2532 4880 quidem,
2562 4809 2817 4880 quoniam
2849 4807 2893 4860 si
2915 4806 3053 4859 ratio
3091 4806 3233 4861 inter
3262 4815 3316 4862 te
3338 4816 3391 4863 et
3424 4808 3540 4864 cle-

1942 4898 2084 4954 ricos
2113 4898 2489 4953 Laudunensis
2517 4897 2781 4952 Ecclesiae
2815 4894 3068 4964 agitanda
3097 4893 3258 4964 foret,
3300 4897 3368 4954 de
3395 4898 3541 4969 peti-

1943 4987 2088 5042 tione
2123 5003 2186 5041 ex
2215 4987 2395 5042 causis
2424 4986 2479 5040 in
2509 5001 2571 5039 ea
2601 4983 2999 5040 continentibus
3043 4984 3112 5040 ab
3156 4986 3363 5042 eisdem
3409 4987 3542 5042 mihi

1942 5083 2210 5147 porrecta,
2273 5083 2451 5131 utrum
2508 5081 2650 5127 esset
2704 5088 2773 5126 an
2826 5087 2936 5127 non
3004 5075 3230 5132 veritate
3287 5077 3536 5142 subnixa,

1944 5165 2148 5221 nullam
2178 5165 2531 5236 quaestionem
2563 5161 2789 5218 deberet
2819 5162 3081 5233 recipere,
3116 5173 3404 5236 postquam
3436 5173 3540 5222 tuae

1941 5253 2299 5310 confessionis
2341 5249 2680 5306 attestatione
2737 5250 2997 5306 ﬁrmatur.
3029 5252 3190 5308 Aliud
3233 5269 3383 5322 vero,
3415 5254 3540 5325 quia

1941 5343 2152 5397 silentio
2196 5338 2505 5410 suppressis
2534 5338 2714 5407 bonis,
2755 5357 2876 5412 quae
2905 5341 3000 5396 tibi
3049 5341 3320 5397 insinuavi
3374 5351 3534 5414 atque

1941 5428 2200 5485 insinuari
2233 5427 2356 5495 feci,
2412 5427 2728 5498 imputando
2749 5430 2880 5485 mihi
2908 5430 3052 5501 quod
3077 5431 3219 5487 male
3236 5431 3330 5485 tibi
3348 5430 3417 5486 de
3438 5431 3541 5485 hac

1941 5517 2495 5576 excommunicatione
2545 5535 2707 5590 quam
2753 5520 3080 5592 perpetrasti
3128 5519 3535 5590 iusinuaverim,
