4072 6322
533 233 634 293 291

525 373 678 413 reum
709 364 763 412 te
792 355 1074 413 confessus
1104 371 1186 423 es,
1220 355 1348 428 quia
1385 356 1624 413 scienter
1648 359 1789 416 male
1837 359 2032 430 fecisti,
2065 376 2127 416 ac
2155 355 2212 418 A

529 462 630 517 per
658 447 780 515 hoc,
814 445 1116 500 secundum
1147 445 1369 501 decreta
1396 445 1565 501 Hilari
1611 464 1784 519 papae,
1820 455 1969 503 tuum
1997 464 2129 505 con-

523 542 612 589 tra
640 533 861 606 regulas
889 533 1094 591 factum
1145 534 1378 590 deberes
1413 534 1534 605 ipse
1564 535 1881 604 dissolvere,
1911 538 2059 608 quod
2089 537 2135 592 si

521 621 718 690 nolles,
752 623 1049 680 auctoritas
1078 623 1496 694 metropolitana
1551 623 1686 680 illud
1717 625 1944 681 deberet
1972 625 2132 680 anni-

520 711 980 779 hilare.Tertium,
1015 711 1144 783 quia
1171 719 1232 768 ut
1253 720 1430 768 tecum
1463 729 1552 769 me
1591 730 1786 785 posses
1813 713 2128 786 illaqueare,

523 799 758 882 si'forte,
791 808 848 856 ut
901 800 1108 856 assolet
1151 800 1464 873 improvisae
1493 803 1662 857 menti
1709 803 1980 873 accidere,
2037 803 2132 858 tibi

524 889 708 944 statim
746 889 862 944 haec
890 888 1031 945 falsa
1059 889 1127 944 de
1179 906 1270 944 me
1311 889 1606 960 rejiciendo
1634 891 1936 962 imparatus
1966 899 2020 948 et
2047 891 2132 948 ira

527 985 832 1033 commotus
859 993 969 1034 non
998 979 1410 1051 responderem,
1446 987 1499 1034 et
1533 987 1586 1035 te
1621 979 1869 1049 jactitare
1917 981 2129 1038 valeres

520 1081 610 1121 me
640 1066 695 1121 in
743 1065 926 1138 aliquo
969 1066 1098 1123 inde
1126 1067 1556 1135 concredidisse,
1610 1069 1909 1125 voluntarie
1936 1070 2034 1124 tibi
2059 1071 2128 1126 de

516 1154 610 1209 tali
639 1153 985 1212 confessione
1023 1155 1274 1227 laqueum
1327 1157 1580 1213 studuisti
1627 1157 1871 1226 injicere,
1951 1167 2002 1214 et
2031 1175 2130 1231 pro

518 1242 678 1318 bonis
725 1243 866 1298 mala
917 1243 1240 1313 retribuens,
1274 1261 1385 1300 non
1437 1253 1494 1301 ut
1551 1247 1827 1318 quondam
1873 1249 2126 1318 prodito-

519 1347 640 1386 rum
695 1331 1060 1402 primicerius,
1123 1331 1430 1388 simulando
1485 1350 1678 1406 pacem
1723 1335 1914 1391 osculo
1963 1331 2125 1410 quam

515 1436 625 1475 non
653 1421 894 1476 habebas
925 1421 982 1474 in
1009 1429 1256 1492 pectore,
1289 1423 1388 1478 sed
1444 1433 1631 1478 exerto
1679 1424 1882 1495 lingua:
1940 1425 2124 1496 gladio

514 1525 604 1562 me
651 1517 842 1580 aperte
899 1523 967 1566 ac
1019 1509 1369 1581 impudenter
1399 1511 1690 1568 decrevisti
1740 1513 2032 1584 impetere,
2071 1523 2124 1570 et

512 1597 667 1668 quasi
698 1613 786 1653 me
816 1598 1183 1671 qualicunque
1225 1607 1458 1671 patrono
1487 1615 1554 1657 ac
1583 1601 1929 1658 benefactore
1960 1611 2122 1676 atque

511 1683 822 1778 ordinatore
867 1693 960 1742 tuo
1009 1687 1228 1755 tradito,
1265 1688 1388 1743 talis
1440 1689 1802 1746 confessionis
1833 1691 1901 1746 de
1957 1693 2116 1748 tantis
2146 1718 2199 1778 B

513 1773 884 1844 impietatibus
913 1775 1112 1848 laqueo
1160 1785 1213 1832 te
1244 1779 1600 1848 suspendere.
1633 1779 1740 1834 Sed
1797 1780 2118 1836 benedictus

509 1863 794 1931 Dominus,
828 1863 922 1935 qui
977 1865 1276 1920 secundum
1323 1866 1744 1936 promissionem
1788 1885 1946 1924 suam
1969 1911 1982 1937 ,
2016 1887 2120 1942 qua

507 1950 641 2007 dixit
673 1969 688 2006 :
721 1952 761 2008 A
794 1953 1019 2025 ﬂagello
1038 1954 1243 2026 lingua:
1297 1955 1652 2012 absconderis
1672 1956 1789 2028 (Job
1813 1973 1871 2025 v,
1903 1959 2014 2029 21),
2047 1958 2118 2012 li-

511 2039 756 2098 beranda
786 2041 1026 2096 animam
1070 2057 1251 2098 meam
1283 2059 1317 2098 a
1345 2043 1506 2098 labiis
1555 2045 1754 2116 iniquis
1786 2053 1840 2102 et
1871 2061 1904 2102 a
1931 2047 2118 2120 lingua

514 2128 724 2198 dolosa,
760 2130 966 2200 adjuvit
993 2147 1101 2198 me,
1131 2139 1183 2187 et
1210 2132 1523 2190 consolatus
1553 2141 1636 2189 est
1665 2150 1771 2204 me,
1805 2151 1926 2190 mox
1949 2135 2117 2191 telum

517 2217 772 2273 falsitatis
831 2227 985 2276 scuto
1038 2220 1280 2276 veritatis
1333 2221 1715 2292 respondendo
1771 2223 1954 2292 rejeci.
1981 2223 2116 2293 Quae

517 2306 686 2362 animi
731 2307 922 2364 dolore
964 2317 1342 2380 compunctus,
1375 2326 1486 2366 non
1539 2311 1918 2368 amaritudinis
1944 2312 2117 2370 livore

511 2395 820 2452 stimulatus
877 2395 1021 2465 dico,
1083 2397 1264 2454 sciens
1319 2398 1486 2470 capiti
1515 2415 1582 2456 ac
1629 2400 1885 2457 salvatori
1925 2409 2114 2458 nostro

505 2483 840 2540 mendaciter
895 2485 1066 2540 multa
1099 2484 1268 2542 fuisse
1319 2487 1565 2556 objecta,
1598 2489 1698 2544 sed
1739 2496 1791 2545 et
1819 2489 2116 2560 productos

509 2571 773 2629 adversus
825 2589 949 2629 eum
991 2573 1160 2630 falsos
1193 2581 1361 2630 testes
1381 2575 1570 2632 fuisse.
1605 2579 1743 2633 Nam
1774 2586 1828 2634 et
1853 2579 2114 2636 Romanae

507 2660 654 2717 sedis
682 2661 1029 2733 pontiﬁcibus
1087 2665 1342 2733 Damaso,
1403 2665 1572 2731 Sixto,
1621 2673 1674 2721 et
1719 2667 1890 2723 Leoni
1930 2667 2110 2738 tertio,

507 2765 699 2805 verum
724 2758 778 2806 et
794 2750 1023 2806 aliarum
1059 2751 1357 2824 insignium
1387 2755 1746 2811 ecclesiarum
1763 2757 2108 2827 praesulibus,

507 2837 800 2894 Athanasio
816 2837 1024 2896 scilicet
1053 2839 1442 2909 Alexandrino,
1484 2843 1680 2899 Joanni
1725 2843 2110 2901 Constantino-

507 2925 775 2998 politano,
808 2927 1096 2984 Caeciliano
1153 2929 1592 3002 Carthaginensi,
1643 2933 1926 2989 sanctitate
1984 2933 2110 2988 fidei

507 3023 558 3071 et
605 3016 936 3088 operationis
1003 3025 1163 3090 atque
1220 3018 1462 3076 scientia:
1511 3021 1760 3078 doctrina
1803 3021 2104 3092 praeclaris,

503 3119 715 3162 necnon
745 3113 798 3162 et
825 3107 1236 3179 quamplurimis
1279 3107 1400 3164 aliis
1454 3111 1776 3168 venerandis
1807 3111 2098 3185 episcopis,

515 3193 585 3248 ab
609 3194 921 3251 hominibus
951 3196 1170 3263 invidis,
1191 3204 1244 3252 et
1275 3215 1464 3254 eorum
1492 3199 1674 3257 locum
1707 3217 1770 3256 ac
1801 3200 1958 3256 bona:
1979 3201 2101 3273 opi-

509 3283 689 3338 nionis
717 3283 919 3340 famam
949 3285 1197 3341 obtinere
1224 3287 1550 3356 volentibus,
1583 3289 1683 3346 sed
1741 3305 1850 3346 non
1893 3291 2101 3347 habere

503 3371 754 3426 meritum
802 3372 1020 3428 illorum
1065 3374 1442 3445 studentibus,
1472 3377 1728 3432 mortalia
1781 3385 1833 3433 et
1891 3377 2100 3434 nefaria

499 3459 723 3516 crimina
746 3459 885 3517 falso
913 3461 1167 3533 impacta,
1205 3471 1258 3520 et
1285 3480 1462 3536 usque
1502 3466 1569 3520 ad
1613 3464 1984 3522 ecclesiastica
2003 3468 2098 3536 ju-

500 3549 643 3606 dicia
673 3557 727 3606 et
763 3551 1132 3624 cognitionem
1165 3553 1442 3624 publicam
1471 3551 1639 3609 fuisse
1669 3555 1933 3626 perducta
1960 3555 2098 3627 legi-

497 3655 638 3694 mus.
692 3639 827 3694 Sunt
854 3639 1000 3695 enim
1041 3640 1352 3709 hujusmodi
1373 3641 1605 3714 vipereae
1635 3642 1890 3714 nequitia:
1917 3641 2098 3700 homi-

496 3743 616 3792 nes,
676 3726 768 3798 qui
795 3727 921 3782 licet
965 3727 1116 3800 prius
1161 3746 1349 3786 eorum
1405 3740 1616 3787 mentes
1670 3732 1896 3802 pr0pria
1941 3733 2097 3787 rodat

493 3814 716 3882 invidia,
749 3814 805 3869 in
834 3815 938 3871 hoc
996 3825 1178 3873 tamen
1206 3834 1335 3873 suas
1367 3827 1556 3892 tegere
1586 3835 1751 3890 posse
1781 3819 2094 3892 iniquitates

495 3911 700 3975 putant,
735 3903 782 3958 si
809 3903 947 3959 alios
975 3904 1194 3960 infamia
1223 3907 1390 3962 modo
1421 3907 1660 3980 quolibet
1689 3909 1962 3966 maculare
1992 3927 2092 3966 cu-

493 3991 762 4058 raverint;
814 4007 1043 4064 quorum
1100 3995 1504 4052 criminationes
1551 3996 1718 4054 iidem
1761 3998 1864 4054 viri
1918 3999 2092 4056 sancti

493 4079 884 4152 patientissime
940 4082 1322 4152 toleraverunt,
1362 4093 1414 4140 et
1462 4087 1902 4144 constantissime
1929 4089 2090 4159 adju—

491 4176 650 4228 vante
677 4170 913 4227 Domino
939 4171 1268 4230 revicerunt.
1302 4175 1369 4230 Et
1403 4175 1616 4242 horum,
1650 4177 1790 4234 sicut
1828 4177 2091 4250 scriptum

491 4267 574 4316 est
629 4261 812 4333 (Hebr.
863 4274 988 4330 xm,
1035 4262 1112 4333 '7),
1146 4261 1364 4319 intuens
1419 4265 1624 4321 exitum
1657 4268 2089 4324 conversationis

488 4348 653 4405 ﬁdem
678 4347 813 4404 mihi
839 4365 1067 4406 necesse
1090 4359 1170 4406 est
1197 4351 1428 4422 imitari;
1462 4361 1516 4410 et
1541 4371 1643 4410 usu
1673 4365 2000 4428 compertus,
2037 4365 2090 4412 et

1509 229 1852 290 HINCMARI
1888 230 2290 290 RHEMENSIS
2326 230 2902 299 ARCHIEPISCOPL

3739 231 3851 288 292

2307 380 2329 408 α
2349 359 2489 413 Sane
2509 357 2565 413 bi
2597 357 2690 429 qui
2702 355 2930 414 crimina
2943 371 3040 411 sua
3059 355 3114 410 in
3125 355 3424 426 quaestione
3437 354 3673 412 confessi
3686 365 3842 424 sunt,

2236 446 2306 501 de
2335 446 2453 500 aliis
2484 445 2529 500 si
2560 445 2744 501 dicere
2774 445 3062 511 voluerint,
3095 461 3126 498 a
3147 444 3330 513 judice
3361 461 3468 500 non
3499 445 3837 502 credantur:

2235 534 2360 606 quia
2379 535 2502 604 jure
2533 542 2586 590 et
2612 534 2824 607 legibus
2873 535 3226 590 constitutum
3267 541 3368 601 est,
3421 541 3478 588 ut
3535 541 3844 604 spontanee.

2231 623 2572 693 professione
2629 640 2758 678 reus
2788 639 2938 678 reum
2958 639 3069 678 non
3093 621 3276 689 faciat,
3307 639 3487 694 neque
3515 622 3591 677 illi
3634 623 3704 678 de
3752 621 3843 678 al-

2232 719 2353 766 tero
2395 713 2666 779 credatur,
2717 711 2810 784 qui
2858 728 2919 766 se
2967 711 3320 767 criminosum
3367 727 3491 766 esse
3547 710 3840 768 confessus

2231 807 2334 854 est.
2365 819 2386 851 »
2421 801 2492 855 Et
2540 801 2668 855 item
2699 800 2856 871 (ibid.
2878 841 2892 870 ,
2931 801 3024 856 lib.
3057 799 3203 872 xu):
3241 822 3262 850 κ
3315 801 3441 856 Non
3493 800 3836 856 credendum

2230 896 2314 944 est
2333 897 2526 946 contra
2556 888 2693 944 alios
2723 905 2915 944 eorum
2959 889 3310 956 confessioni,
3359 889 3452 961 qui
3478 889 3534 943 in
3581 887 3837 944 crimini-

2229 977 2333 1032 bus
2361 986 2705 1042 accusantur,
2739 977 2842 1032 nisi
2873 994 2934 1033 se
2961 977 3112 1048 prius
3155 977 3506 1048 probaverint
3561 977 3836 1033 innocen-

2228 1074 2312 1122 tes
2345 1083 2359 1122 :
2393 1067 2521 1139 quia
2550 1066 2860 1138 periculosa
2887 1073 2988 1134 est,
3022 1073 3075 1121 et
3124 1065 3334 1122 admitti
3363 1082 3473 1122 non
3528 1066 3713 1132 debet,
3747 1065 3834 1122 rei

2227 1155 2520 1211 adversum
2549 1171 2930 1227 quemcunque
2959 1153 3250 1227 professio.
3289 1177 3310 1200 ι
3345 1155 3416 1209 Et
3444 1170 3682 1210 canones
3737 1153 3832 1210 di—

2226 1251 2354 1300 cunt
2383 1243 2562 1316 (conc.
2595 1245 2717 1316 Afr.
2751 1261 2880 1299 can.
2912 1247 3000 1311 96,
3035 1243 3128 1314 97)
3163 1261 3176 1298 :
3205 1264 3228 1295 ι
3253 1244 3320 1300 Ut
3340 1242 3408 1298 ad
3425 1243 3832 1300 accusationem

2223 1348 2332 1388 non
2361 1333 2730 1399 admittantur,
2764 1349 2904 1405 quos
2933 1332 3005 1388 ad
3035 1332 3341 1388 accusanda
3363 1332 3580 1404 publica
3596 1331 3834 1389 crimina

2223 1422 2376 1494 leges
2434 1421 2666 1494 publicae
2729 1438 2841 1476 non
2905 1421 3218 1477 admittunt.
3269 1422 3339 1477 Et
3399 1421 3834 1494 quotiescunque

2222 1511 2437 1566 clericis
2467 1511 2534 1565 ab
2565 1510 2979 1566 accusatoribus
3008 1511 3179 1567 multa
3208 1510 3432 1568 crimina
3475 1509 3826 1580 objiciuntur,

2221 1607 2274 1654 et
2304 1616 2468 1656 unum
2500 1616 2566 1656 ex
2597 1599 2748 1671 ipsis,
2783 1601 2852 1656 de
2883 1616 2990 1672 quo
3020 1599 3168 1671 prius
3197 1599 3390 1672 egerit,
3433 1599 3668 1671 probare
3715 1615 3831 1655 non

2220 1687 2472 1756 valuerit,
2507 1688 2577 1744 ad
2609 1697 2805 1745 caetera
2826 1689 2942 1758 jam
2983 1705 3095 1744 non
3143 1688 3478 1744 admittatur.
3519 1711 3540 1735 υ
3570 1688 3642 1744 Et
3693 1687 3829 1744 item

2221 1793 2462 1834 canones
2490 1777 2673 1833 dicunt
2705 1778 2882 1848 (conc.
2921 1779 3328 1851 Carthag.can.
3352 1779 3442 1849 18)
3476 1795 3538 1832 :¢
3573 1778 3643 1833 Ut
3668 1777 3830 1833 ordi-

2217 1867 2414 1922 nandis
2443 1866 2736 1939 episcOpis,
2767 1866 2852 1922 vel
2882 1866 3112 1932 clericis,
3143 1866 3298 1938 prius
3326 1867 3398 1922 ob
3415 1864 3826 1922 ordinatoribus

2219 1954 2330 2010 suis
2360 1955 2560 2027 placita
2588 1955 2942 2012 conciliorum
2987 1955 3210 2011 auribus
3241 1971 3429 2011 eorum
3458 1955 3821 2022 inculcantur,

2217 2059 2286 2100 ne
2317 2060 2376 2099 se
2405 2043 2613 2116 aliquid
2657 2053 2846 2100 contra
2889 2051 3085 2100 statuta
3129 2043 3342 2101 concilii
3391 2043 3588 2100 fecisse
3637 2043 3825 2116 pleni-

2216 2139 2382 2187 teant.
2423 2153 2444 2182 ι
2478 2131 2612 2200 Quae
2640 2147 2674 2188 a
2701 2149 2791 2189 me
2821 2133 2916 2188 tibi
2960 2133 3267 2189 ordinando
3314 2132 3584 2190 inculcata
3643 2141 3770 2188 sunt
3805 2151 3820 2188 :

2216 2220 2356 2276 inter
2386 2237 2508 2293 quae
2535 2221 2802 2276 habentur
2830 2228 2884 2277 et
2911 2220 3002 2276 illa
3033 2221 3230 2294 quibus
3268 2229 3318 2278 et
3363 2221 3418 2276 in
3475 2222 3575 2278 hac
3631 2221 3826 2278 illicita

2215 2309 2794 2380 excommunicatione,
2826 2317 2880 2366 et
2907 2310 2964 2366 in
2991 2317 3302 2382 contemptu
3344 2310 3658 2374 obediendi,
3709 2325 3821 2366 non

2215 2399 2393 2453 solum
2421 2398 2592 2454 semel
2619 2399 2882 2466 secundo,
2917 2399 3016 2454 sed
3061 2406 3114 2454 et
3161 2399 3341 2468 tertio,
3403 2416 3468 2454 ex
3516 2399 3820 2471 Scripturis

2215 2490 2268 2538 et
2296 2483 2503 2556 regulis
2532 2483 2701 2538 sacris
2727 2482 3050 2553 conscriptis
3079 2482 3386 2538 admonitus
3422 2491 3481 2538 ut
3518 2499 3641 2539 eam
3684 2499 3818 2540 cor-

2213 2571 2442 2644 rigeres,
2475 2571 2730 2637 obviasti,
2763 2588 2887 2627 cum
2917 2572 3178 2642 scriptum
3209 2572 3276 2627 sit
3313 2589 3326 2626 :
3362 2573 3552 2628 Melior
3579 2577 3668 2629 est
3693 2574 3818 2630 obe-

2213 2661 2430 2717 dientia
2449 2678 2617 2732 quam
2637 2662 2898 2727 victima,
2925 2665 2982 2716 et
3001 2661 3327 2716 auscultare
3344 2663 3522 2732 magis
3544 2677 3718 2733 quam
3729 2665 3816 2733 of-

2211 2751 2362 2820 ferre
2379 2749 2601 2821 adz’pem
2612 2751 2878 2816 arietum,
2898 2751 3164 2822 quoniam
3175 2751 3335 2822 quasi
3349 2753 3646 2821 peccatum
3668 2753 3814 2807 ario-

2215 2837 2371 2894 lcmdi
2389 2841 2474 2892 est
2490 2854 2826 2911 repugnare,
2849 2842 2907 2894 et
2923 2841 3083 2910 quasi
3101 2839 3287 2895 scelus
3314 2838 3600 2895 idolatria:
3650 2839 3808 2896 nolle

2209 2927 2562 2998 acquiescere
2603 2926 2654 2997 (I
2711 2929 2834 2998 Reg.
2895 2943 2991 2992 xv,
3068 2926 3180 2998 22).
3216 2926 3325 2982 Sed
3380 2935 3433 2982 et
3490 2934 3564 2996 tu,
3618 2942 3813 2984 coram

2208 3014 2502 3070 Rhemensi
2529 3013 2795 3082 Ecclesia,
2827 3015 2884 3070 in
2915 3030 3020 3086 qua
3043 3015 3279 3070 nutritus
3307 3014 3474 3082 fuisti,
3513 3022 3563 3070 et
3619 3031 3814 3072 coram

2209 3101 2460 3158 Ecclesia
2489 3103 2836 3160 Laudunensi
2887 3103 2984 3158 tibi
3028 3103 3433 3170 committenda,
3485 3104 3586 3159 sed
3633 3112 3688 3159 et
3717 3121 3812 3161 co-

2200 3209 2314 3247 ram
2330 3193 2602 3264 episcopis
2624 3192 2712 3264 qui
2737 3191 3042 3258 adfuerunt,
3077 3201 3130 3248 et
3159 3208 3348 3249 coram
3375 3192 3574 3266 legatis
3613 3209 3808 3250 eorum

2198 3281 2582 3353 episcoporum
2611 3282 2703 3353 qui
2727 3281 3002 3354 corporali
3017 3285 3312 3352 praesentia
3329 3280 3637 3350 defuerunt,
3677 3291 3810 3355 post

2197 3369 2324 3426 fidei
2355 3370 2774 3436 confessionem,
2810 3387 2874 3426 ea
2905 3387 3026 3442 quae
3067 3369 3163 3424 tibi
3211 3369 3475 3427 inculcata
3525 3379 3702 3437 erant,
3755 3379 3809 3427 et

2197 3459 2508 3530 specialiter
2552 3460 2621 3516 de
2667 3459 2975 3515 obedientia
3019 3467 3125 3514 tuae
3169 3459 3454 3532 metropoli
3499 3465 3664 3531 atque
3714 3468 3806 3516 tuo

2196 3547 2616 3618 metropolitano
2641 3548 2972 3621 regulariter
3001 3547 3324 3617 exhibenda,
3358 3555 3412 3604 te
3466 3548 3803 3605 observatu-

2195 3651 2314 3692 rum
2343 3651 2508 3692 manu
2533 3637 2754 3708 propria
2809 3636 3140 3694 confirmasti
3173 3653 3188 3694 :
3219 3645 3272 3694 et
3301 3636 3520 3708 quando
3575 3637 3673 3692 tibi
3729 3637 3804 3694 li-

2193 3723 2351 3780 brum
2381 3739 2661 3780 sacrorum
2717 3741 3004 3791 canonum,
3057 3732 3115 3781 et
3166 3725 3418 3798 regulam
3461 3725 3801 3797 pastoralem

2194 3813 2337 3869 beati
2375 3813 2650 3885 Gregorii,
2683 3828 2872 3870 coram
2898 3813 3066 3869 altare
3096 3823 3300 3870 sanctze
3330 3813 3535 3882 Mariae,
3568 3813 3626 3871 in
3651 3831 3800 3886 prae-

2193 3901 2365 3958 sentia
2392 3903 2634 3958 omnium
2670 3903 2761 3975 qui
2809 3902 3114 3974 adfuerunt,
3141 3903 3198 3958 in
3234 3919 3457 3960 manum
3499 3903 3647 3971 misi,
3686 3905 3795 3959 ob-

2190 3998 2396 4048 testans
2421 3998 2482 4046 ut
2507 3991 2604 4062 ita,
2635 3999 2896 4064 quantum
2915 3993 3013 4047 tibi
3051 3993 3200 4048 Deus
3227 3992 3367 4049 scire
3397 4000 3450 4048 et
3485 4007 3652 4063 posse
3691 3994 3796 4049 da-

2191 4087 2292 4148 ret,
2323 4096 2574 4137 servares
2595 4080 2652 4136 in
2680 4080 2932 4150 vivendo,
2967 4081 3234 4152 docendo,
3266 4088 3320 4138 et
3342 4080 3660 4152 judicando,
3713 4083 3796 4138 si-

2189 4177 2280 4225 cut
2308 4168 2512 4226 ibidem
2559 4169 2893 4240 descriptum
2948 4179 3081 4241 erat,
3131 4178 3186 4225 et
3231 4170 3381 4243 ipsos
3436 4169 3624 4235 libros,
3687 4171 3794 4226 sub

2187 4258 2499 4316 testimonio
2525 4258 2710 4315 divino
2741 4266 2794 4315 et
2821 4259 3095 4330 praedictae
3132 4258 3370 4315 fidelium
3407 4259 3672 4317 Ecclesiae
3699 4276 3792 4318 su-

2188 4357 2424 4420 sceptos,
2466 4356 2520 4404 te
2548 4348 2622 4403 ita
2663 4348 3078 4404 observatorum
3123 4347 3487 4404 consensione
3535 4357 3628 4404 tua
3658 4365 3792 4405 con-

488 4439 557 4494 de
585 4446 640 4495 te
665 4437 718 4492 in
749 4454 838 4495 me
856 4454 1082 4510 prorsus
1101 4449 1374 4512 expertus,
1407 4442 1536 4515 quia
1553 4443 1902 4516 phreneticus
1936 4463 2083 4518 saepe
2112 4435 2438 4506 Dﬁrmasti.
2465 4437 2622 4494 Unde
2639 4437 2783 4493 sacri
2812 4453 3052 4493 canones
3099 4437 3286 4494 dicunt
3343 4438 3520 4507 (conc.
3589 4439 3785 4494 Carth.

487 4527 620 4584 nulli
648 4527 914 4598 majorem
934 4527 1151 4601 alapam
1171 4531 1307 4588 dare
1349 4531 1504 4600 solet,
1549 4549 1712 4604 quam
1735 4533 1840 4604 ipsi
1867 4534 2082 4592 medico

489 4618 580 4690 qui
601 4634 728 4674 eum
756 4633 948 4674 curare
967 4617 1131 4675 volet.

559 4707 668 4762 Sed
711 4714 764 4765 et
799 4707 1026 4764 multum
1073 4707 1298 4764 miratus
1327 4725 1448 4766 sum
1470 4750 1484 4778 ,
1515 4709 1608 4764 ubi
1665 4725 1886 4766 sensum
1932 4719 2082 4767 tuum

486 4791 742 4863 habuisti,
803 4797 1017 4867 quando
1047 4797 1116 4854 de
1173 4805 1335 4854 tantae
1372 4799 1704 4854 auctoritatis
1733 4805 1786 4856 et
1805 4799 2080 4872 sapientia:

489 4888 650 4955 atque
714 4885 996 4956 religionis
1050 4887 1170 4943 viro
1191 4933 1208 4955 ,
1241 4887 1380 4944 sicut
1414 4887 1649 4942 domnus
1691 4896 1775 4944 est
1818 4890 2039 4946 Wenilo
2063 4933 2076 4959 ,

483 4971 698 5040 dixisti,
731 4980 784 5028 et
857 4974 928 5028 ad
983 4975 1344 5046 plurimorum
1402 4975 1780 5048 episcoporum
1833 4977 2080 5034 notitiam

483 5062 774 5132 pervenire
800 5060 998 5132 fecisti,
1023 5065 1167 5135 quod
1199 5065 1245 5120 si
1273 5065 1330 5120 in
1375 5064 1583 5134 judicio
1613 5067 1847 5140 regulari
1874 5067 2078 5125 dixeris

479 5150 719 5224 probare
748 5167 858 5207 non
878 5151 1100 5224 poteris,
1135 5153 1438 5224 praesertim
1469 5163 1521 5210 te
1542 5171 1696 5212 reum
1725 5157 1794 5213 de
1827 5157 1929 5214 hoc
1958 5159 2077 5230 ipso

482 5239 786 5308 confessus,
821 5249 873 5296 et
899 5240 1208 5298 conﬁtendo
1229 5243 1429 5300 tetalia
1459 5245 1660 5319 egisse,
1685 5263 1808 5319 quae
1838 5247 1941 5303 etsi
1966 5264 2076 5304 non

479 5327 836 5399 confitereris,
870 5339 1218 5404 perpetrasse
1262 5349 1460 5405 negare
1485 5351 1592 5391 non
1609 5352 1821 5408 posses,
1843 5336 2076 5409 teipsum

475 5418 804 5492 illaqueasse
833 5420 1021 5478 videre
1049 5437 1158 5477 non
1181 5423 1402 5494 potuisti
1435 5442 1448 5478 :
1477 5440 1600 5480 cum
1619 5425 1773 5498 leges
1794 5443 1931 5498 quas
1946 5443 2077 5499 pro-

476 5517 569 5574 bat
595 5517 840 5576 Ecclesia
863 5517 1042 5576 dicant
1069 5520 1222 5591 (Cod.
1251 5521 1357 5588 th.,
1392 5521 1459 5579 de
1486 5523 1748 5580 Accusat.
1784 5524 1878 5581 lib.
1897 5527 2022 5596 xxx)
2060 5541 2072 5580 :

2183 4541 2242 4592 ιι,
2292 4542 2414 4596 cap.
2455 4527 2586 4597 t3):
2627 4543 2648 4578 ι
2685 4525 2886 4598 Siquis
2933 4534 3122 4583 contra
3168 4542 3324 4582 suam
3365 4525 3790 4598 professionem,

2182 4613 2270 4670 vel
2296 4613 2751 4686 subscriptionem
2777 4615 2988 4672 venerit
3017 4615 3073 4670 in
3103 4615 3301 4690 aliquo,
3331 4615 3450 4688 ipse
3481 4631 3543 4671 se
3573 4617 3786 4674 honore

2181 4703 2435 4774 privabit.
2473 4724 2496 4755 »
2532 4704 2600 4759 Et
2627 4711 2847 4760 sanctus
2874 4705 2986 4760 Leo
3013 4720 3156 4776 papa
3191 4705 3262 4760 ad
3307 4705 3546 4760 Leonem
3587 4707 3788 4778 Augu-

2181 4799 2324 4847 stum
2345 4791 2532 4848 scribit
2563 4795 2748 4863 (epist.
2785 4795 2852 4872 8.4
2891 4809 2992 4863 per
3015 4793 3419 4864 Philam-num)
3440 4793 3509 4849 de
3537 4810 3636 4849 sua
3658 4811 3788 4867 erga

2177 4880 2334 4954 leges
2363 4881 2725 4937 consensione
2757 4881 2803 4936 si
2831 4889 3024 4939 contra
3052 4882 3198 4938 illam
3226 4881 3436 4951 fecerit,
3476 4903 3498 4934 ι
3530 4883 3648 4952 Eis,
3696 4883 3786 4939 in-

2179 4969 2391 5042 quiens,
2423 4986 2514 5034 me
2541 4969 2801 5026 ultionum
2831 4971 3230 5028 conditionibus
3257 4971 3452 5038 subdo,
3505 4988 3641 5042 quas
3675 4989 3784 5029 non

2178 5059 2351 5114 solum
2383 5058 2674 5114 auctoritas
2704 5059 2878 5116 beatae
2906 5060 3184 5117 memoria
3210 5059 3474 5130 principis
3501 5061 3774 5129 Martiani,

2177 5147 2276 5203 sed
2296 5147 2458 5202 etiam
2489 5163 2597 5220 ego
2624 5165 2746 5204 mea
2775 5149 3136 5206 consensione
3164 5147 3388 5204 ﬁrmavi.
3443 5169 3466 5199 ι
3500 5148 3572 5204 Et
3605 5165 3777 5206 cano-

2173 5251 2273 5293 nes
2303 5236 2758 5309 Carthaginenses
2785 5239 2973 5296 dicunt
2989 5241 3166 5308 (conc.
3201 5253 3220 5291 ι
3252 5238 3538 5310 Carthag.,
3563 5255 3613 5294 c.
3653 5240 3774 5309 lt):

2179 5345 2202 5376 α
2239 5322 2375 5390 Quae
2417 5324 2506 5380 vel
2547 5324 2688 5382 facta
2745 5327 2832 5383 vel
2880 5327 3021 5382 dicta
3079 5326 3328 5400 superius
3381 5327 3775 5397 comprehensa

2173 5431 2315 5492 sunt,
2345 5423 2432 5481 vel
2459 5426 2530 5480 ab
2557 5426 2679 5482 aliis
2709 5427 2953 5490 conciliis
2983 5428 3311 5500 conscripta,
3333 5444 3452 5500 quae
3473 5429 3776 5486 secundum

2172 5523 2352 5598 legem
2381 5524 2751 5596 inveniuntur,
2801 5527 3074 5584 custodire
3114 5544 3215 5584 nos
3270 5535 3500 5598 oportet.
3563 5528 3620 5584 Si
3650 5529 3774 5600 quia
