  <div class='ocr_page' id='page_1' title='image "/cluster/home/n/w/nwhite01/storage/ocr_20150623/126/umn.31951002477419r/180.png"; bbox 0 0 4072 6292; ppageno 0'>
   <div class='ocr_carea' id='block_1_1' title="bbox 202 227 308 281">
    <p class='ocr_par' dir='ltr' id='par_1_1' title="bbox 202 227 308 281">
     <span class='ocr_line' id='line_1_1' title="bbox 202 227 308 281; baseline 0.009 -1"><span class='ocrx_word' id='word_1_1' title='bbox 202 227 308 281; x_wconf 82' lang='lat'>893</span> 
     </span>
    </p>
   </div>
   <div class='ocr_carea' id='block_1_2' title="bbox 923 221 2754 282">
    <p class='ocr_par' dir='ltr' id='par_1_2' title="bbox 923 221 2754 282">
     <span class='ocr_line' id='line_1_2' title="bbox 923 221 2754 282; baseline 0 -2"><span class='ocrx_word' id='word_1_2' title='bbox 923 223 1167 280; x_wconf 88' lang='lat' dir='ltr'>OPUSC.</span> <span class='ocrx_word' id='word_1_3' title='bbox 1228 223 1318 278; x_wconf 89' lang='lat' dir='ltr'>ET</span> <span class='ocrx_word' id='word_1_4' title='bbox 1370 223 1588 279; x_wconf 87' lang='lat' dir='ltr'>EPIST.</span> <span class='ocrx_word' id='word_1_5' title='bbox 1651 222 1726 278; x_wconf 92' lang='lat' dir='ltr'>IN</span> <span class='ocrx_word' id='word_1_6' title='bbox 1783 221 2013 279; x_wconf 80' lang='lat' dir='ltr'><strong>CAUSA</strong></span> <span class='ocrx_word' id='word_1_7' title='bbox 2057 223 2400 281; x_wconf 79' lang='lat' dir='ltr'>HINCMARI</span> <span class='ocrx_word' id='word_1_8' title='bbox 2451 223 2754 282; x_wconf 81' lang='lat' dir='ltr'>LAUDUN.</span> 
     </span>
    </p>
   </div>
   <div class='ocr_carea' id='block_1_3' title="bbox 3405 225 3507 282">
    <p class='ocr_par' dir='ltr' id='par_1_3' title="bbox 3405 225 3507 282">
     <span class='ocr_line' id='line_1_3' title="bbox 3405 225 3507 282; baseline 0.01 -1"><span class='ocrx_word' id='word_1_9' title='bbox 3405 225 3507 282; x_wconf 74' lang='grc'>894</span> 
     </span>
    </p>
   </div>
   <div class='ocr_carea' id='block_1_4' title="bbox 205 347 3508 420">
    <p class='ocr_par' dir='ltr' id='par_1_4' title="bbox 205 347 3508 420">
     <span class='ocr_line' id='line_1_4' title="bbox 205 347 3508 420; baseline -0.001 -14"><span class='ocrx_word' id='word_1_10' title='bbox 205 366 340 406; x_wconf 84' lang='lat' dir='ltr'>vero</span> <span class='ocrx_word' id='word_1_11' title='bbox 357 357 562 404; x_wconf 90' lang='lat' dir='ltr'>statuta</span> <span class='ocrx_word' id='word_1_12' title='bbox 575 365 966 420; x_wconf 82' lang='lat' dir='ltr'>supergressus</span> <span class='ocrx_word' id='word_1_13' title='bbox 978 349 1304 420; x_wconf 73' lang='lat' dir='ltr'>corruperit,</span> <span class='ocrx_word' id='word_1_14' title='bbox 1323 348 1412 405; x_wconf 91' lang='lat' dir='ltr'>vel</span> <span class='ocrx_word' id='word_1_15' title='bbox 1427 364 1526 419; x_wconf 90' lang='lat' dir='ltr'>pro</span> <span class='ocrx_word' id='word_1_16' title='bbox 1537 347 1707 402; x_wconf 84' lang='lat' dir='ltr'>nihilo</span> <span class='ocrx_word' id='word_1_17' title='bbox 1719 348 1812 402; x_wconf 86' lang='lat' dir='ltr'>ha-</span> <span class='ocrx_word' id='word_1_18' title='bbox 1839 348 1982 408; x_wconf 78' lang='lat' dir='ltr'>Ade</span> <span class='ocrx_word' id='word_1_19' title='bbox 2013 356 2153 404; x_wconf 86' lang='lat' dir='ltr'>terra</span> <span class='ocrx_word' id='word_1_20' title='bbox 2182 349 2368 403; x_wconf 89' lang='lat' dir='ltr'>arabili</span> <span class='ocrx_word' id='word_1_21' title='bbox 2397 349 2700 404; x_wconf 88' lang='lat' dir='ltr'>bunnuaria</span> <span class='ocrx_word' id='word_1_22' title='bbox 2727 350 2834 405; x_wconf 92' lang='lat' dir='ltr'>duo</span> <span class='ocrx_word' id='word_1_23' title='bbox 2865 350 3048 418; x_wconf 86' lang='lat' dir='ltr'>semis,</span> <span class='ocrx_word' id='word_1_24' title='bbox 3081 357 3135 406; x_wconf 88' lang='lat' dir='ltr'>et</span> <span class='ocrx_word' id='word_1_25' title='bbox 3163 350 3233 406; x_wconf 89' lang='lat' dir='ltr'>de</span> <span class='ocrx_word' id='word_1_26' title='bbox 3263 349 3370 406; x_wconf 86' lang='lat' dir='ltr'>alia</span> <span class='ocrx_word' id='word_1_27' title='bbox 3397 357 3508 405; x_wconf 90' lang='lat' dir='ltr'>ter-</span> 
     </span>
    </p>
   </div>
   <div class='ocr_carea' id='block_1_5' title="bbox 205 436 1808 509">
    <p class='ocr_par' dir='ltr' id='par_1_5' title="bbox 205 436 1808 509">
     <span class='ocr_line' id='line_1_5' title="bbox 205 436 1808 509; baseline -0.001 -15"><span class='ocrx_word' id='word_1_28' title='bbox 205 437 748 509; x_wconf 86' lang='lat' dir='ltr'>bendaputaverit,si</span> <span class='ocrx_word' id='word_1_29' title='bbox 759 437 928 493; x_wconf 83' lang='lat' dir='ltr'>laicus</span> <span class='ocrx_word' id='word_1_30' title='bbox 941 447 1042 503; x_wconf 88' lang='lat' dir='ltr'>est,</span> <span class='ocrx_word' id='word_1_31' title='bbox 1060 437 1466 503; x_wconf 80' lang='lat' dir='ltr'>communione;</span> <span class='ocrx_word' id='word_1_32' title='bbox 1482 436 1526 491; x_wconf 89' lang='lat' dir='ltr'>si</span> <span class='ocrx_word' id='word_1_33' title='bbox 1555 436 1808 505; x_wconf 79' lang='lat' dir='ltr'>clericus,</span> 
     </span>
    </p>
   </div>
   <div class='ocr_carea' id='block_1_6' title="bbox 205 525 1805 599">
    <p class='ocr_par' dir='ltr' id='par_1_6' title="bbox 205 525 1805 599">
     <span class='ocr_line' id='line_1_6' title="bbox 205 525 1805 599; baseline -0.003 -18"><span class='ocrx_word' id='word_1_34' title='bbox 205 528 415 583; x_wconf 83' lang='lat' dir='ltr'>honore</span> <span class='ocrx_word' id='word_1_35' title='bbox 445 527 714 599; x_wconf 80' lang='lat' dir='ltr'>privetur.</span> <span class='ocrx_word' id='word_1_36' title='bbox 745 527 1000 584; x_wconf 88' lang='lat' dir='ltr'>Uuiversi</span> <span class='ocrx_word' id='word_1_37' title='bbox 1033 527 1304 594; x_wconf 87' lang='lat' dir='ltr'>dixerunt,</span> <span class='ocrx_word' id='word_1_38' title='bbox 1337 526 1535 596; x_wconf 81' lang='lat' dir='ltr'>placet,</span> <span class='ocrx_word' id='word_1_39' title='bbox 1559 525 1756 596; x_wconf 79' lang='lat' dir='ltr'>placet.</span> <span class='ocrx_word' id='word_1_40' title='bbox 1783 545 1805 576; x_wconf 64' lang='grc' dir='ltr'><strong>ν</strong></span> 
     </span>
    </p>
   </div>
   <div class='ocr_carea' id='block_1_7' title="bbox 727 669 1288 726">
    <p class='ocr_par' dir='ltr' id='par_1_7' title="bbox 727 669 1288 726">
     <span class='ocr_line' id='line_1_7' title="bbox 727 669 1288 726; baseline -0.004 -2"><span class='ocrx_word' id='word_1_41' title='bbox 727 669 952 726; x_wconf 89' lang='lat' dir='ltr'><strong>CAPUT</strong></span> <span class='ocrx_word' id='word_1_42' title='bbox 989 669 1288 724; x_wconf 75' lang='lat' dir='ltr'>PRIMUM.</span> 
     </span>
    </p>
   </div>
   <div class='ocr_carea' id='block_1_8' title="bbox 505 785 1512 856">
    <p class='ocr_par' dir='ltr' id='par_1_8' title="bbox 505 785 1512 856">
     <span class='ocr_line' id='line_1_8' title="bbox 505 785 1512 856; baseline -0.004 -14"><span class='ocrx_word' id='word_1_43' title='bbox 505 787 584 842; x_wconf 83' lang='lat' dir='ltr'>De</span> <span class='ocrx_word' id='word_1_44' title='bbox 615 786 837 856; x_wconf 77' lang='lat' dir='ltr'>capella</span> <span class='ocrx_word' id='word_1_45' title='bbox 865 785 928 840; x_wconf 79' lang='lat' dir='ltr'>in</span> <span class='ocrx_word' id='word_1_46' title='bbox 958 785 1162 842; x_wconf 67' lang='lat' dir='ltr'>Attalus</span> <span class='ocrx_word' id='word_1_47' title='bbox 1191 788 1352 840; x_wconf 81' lang='lat' dir='ltr'>curte</span> <span class='ocrx_word' id='word_1_48' title='bbox 1381 785 1512 840; x_wconf 82' lang='lat' dir='ltr'>sita.</span> 
     </span>
    </p>
   </div>
   <div class='ocr_carea' id='block_1_9' title="bbox 274 879 1812 952">
    <p class='ocr_par' dir='ltr' id='par_1_9' title="bbox 274 879 1812 952">
     <span class='ocr_line' id='line_1_9' title="bbox 274 879 1812 952; baseline -0.003 -14"><span class='ocrx_word' id='word_1_49' title='bbox 274 883 554 938; x_wconf 84' lang='lat' dir='ltr'>Caterum</span> <span class='ocrx_word' id='word_1_50' title='bbox 581 898 748 938; x_wconf 88' lang='lat' dir='ltr'>causa</span> <span class='ocrx_word' id='word_1_51' title='bbox 777 883 846 937; x_wconf 92' lang='lat' dir='ltr'>de</span> <span class='ocrx_word' id='word_1_52' title='bbox 875 881 996 952; x_wconf 90' lang='lat' dir='ltr'>ipsa</span> <span class='ocrx_word' id='word_1_53' title='bbox 1026 881 1255 952; x_wconf 78' lang='lat' dir='ltr'>capella,</span> <span class='ocrx_word' id='word_1_54' title='bbox 1291 881 1358 936; x_wconf 92' lang='lat' dir='ltr'>de</span> <span class='ocrx_word' id='word_1_55' title='bbox 1387 897 1492 952; x_wconf 90' lang='lat' dir='ltr'>qua</span> <span class='ocrx_word' id='word_1_56' title='bbox 1513 879 1645 934; x_wconf 91' lang='lat' dir='ltr'>mihi</span> <span class='ocrx_word' id='word_1_57' title='bbox 1663 895 1812 935; x_wconf 88' lang='lat' dir='ltr'>man-</span> 
     </span>
    </p>
   </div>
   <div class='ocr_carea' id='block_1_10' title="bbox 204 970 1811 1040">
    <p class='ocr_par' dir='ltr' id='par_1_10' title="bbox 204 970 1811 1040">
     <span class='ocr_line' id='line_1_10' title="bbox 204 970 1811 1040; baseline -0.001 -14"><span class='ocrx_word' id='word_1_58' title='bbox 204 971 362 1037; x_wconf 88' lang='lat' dir='ltr'>dasti,</span> <span class='ocrx_word' id='word_1_59' title='bbox 391 973 500 1027; x_wconf 88' lang='lat' dir='ltr'>hoc</span> <span class='ocrx_word' id='word_1_60' title='bbox 529 972 696 1026; x_wconf 88' lang='lat' dir='ltr'>modo</span> <span class='ocrx_word' id='word_1_61' title='bbox 727 987 786 1026; x_wconf 91' lang='lat' dir='ltr'>se</span> <span class='ocrx_word' id='word_1_62' title='bbox 816 970 998 1026; x_wconf 84' lang='lat' dir='ltr'>habet.</span> <span class='ocrx_word' id='word_1_63' title='bbox 1031 971 1172 1025; x_wconf 86' lang='lat' dir='ltr'>Nam</span> <span class='ocrx_word' id='word_1_64' title='bbox 1203 977 1254 1024; x_wconf 88' lang='lat' dir='ltr'>et</span> <span class='ocrx_word' id='word_1_65' title='bbox 1283 985 1458 1025; x_wconf 91' lang='lat' dir='ltr'>cuma</span> <span class='ocrx_word' id='word_1_66' title='bbox 1477 970 1642 1040; x_wconf 85' lang='lat' dir='ltr'>longo</span> <span class='ocrx_word' id='word_1_67' title='bbox 1672 977 1811 1024; x_wconf 86' lang='lat' dir='ltr'>tem-</span> 
     </span>
    </p>
   </div>
   <div class='ocr_carea' id='block_1_11' title="bbox 201 1057 1810 1131">
    <p class='ocr_par' dir='ltr' id='par_1_11' title="bbox 201 1057 1810 1131">
     <span class='ocr_line' id='line_1_11' title="bbox 201 1057 1810 1131; baseline -0.002 -16"><span class='ocrx_word' id='word_1_68' title='bbox 201 1075 334 1130; x_wconf 89' lang='lat' dir='ltr'>pore</span> <span class='ocrx_word' id='word_1_69' title='bbox 361 1060 488 1131; x_wconf 86' lang='lat' dir='ltr'>ipsa</span> <span class='ocrx_word' id='word_1_70' title='bbox 516 1059 732 1131; x_wconf 80' lang='lat' dir='ltr'>capella</span> <span class='ocrx_word' id='word_1_71' title='bbox 760 1059 816 1114; x_wconf 91' lang='lat' dir='ltr'>in</span> <span class='ocrx_word' id='word_1_72' title='bbox 840 1058 1034 1114; x_wconf 79' lang='lat' dir='ltr'>Attola</span> <span class='ocrx_word' id='word_1_73' title='bbox 1055 1066 1204 1114; x_wconf 87' lang='lat' dir='ltr'>curte</span> <span class='ocrx_word' id='word_1_74' title='bbox 1235 1058 1354 1125; x_wconf 86' lang='lat' dir='ltr'>sita,</span> <span class='ocrx_word' id='word_1_75' title='bbox 1373 1059 1618 1127; x_wconf 88' lang='lat' dir='ltr'>subjecta</span> <span class='ocrx_word' id='word_1_76' title='bbox 1646 1057 1810 1113; x_wconf 89' lang='lat' dir='ltr'>fuerit</span> 
     </span>
    </p>
   </div>
   <div class='ocr_carea' id='block_1_12' title="bbox 202 1146 1806 1216">
    <p class='ocr_par' dir='ltr' id='par_1_12' title="bbox 202 1146 1806 1216">
     <span class='ocr_line' id='line_1_12' title="bbox 202 1146 1806 1216; baseline -0.002 -12"><span class='ocrx_word' id='word_1_77' title='bbox 202 1148 472 1204; x_wconf 82' lang='lat' dir='ltr'>Ecclesia</span> <span class='ocrx_word' id='word_1_78' title='bbox 513 1148 571 1202; x_wconf 91' lang='lat' dir='ltr'>in</span> <span class='ocrx_word' id='word_1_79' title='bbox 597 1147 880 1204; x_wconf 86' lang='lat' dir='ltr'>Juviniaca</span> <span class='ocrx_word' id='word_1_80' title='bbox 922 1147 1071 1216; x_wconf 88' lang='lat' dir='ltr'>villa,</span> <span class='ocrx_word' id='word_1_81' title='bbox 1131 1147 1271 1202; x_wconf 90' lang='lat' dir='ltr'>sicut</span> <span class='ocrx_word' id='word_1_82' title='bbox 1315 1146 1456 1202; x_wconf 89' lang='lat' dir='ltr'>infra</span> <span class='ocrx_word' id='word_1_83' title='bbox 1501 1147 1806 1213; x_wconf 87' lang='lat' dir='ltr'>ostendam,</span> 
     </span>
    </p>
   </div>
   <div class='ocr_carea' id='block_1_13' title="bbox 204 1235 1805 1308">
    <p class='ocr_par' dir='ltr' id='par_1_13' title="bbox 204 1235 1805 1308">
     <span class='ocr_line' id='line_1_13' title="bbox 204 1235 1805 1308; baseline -0.002 -16"><span class='ocrx_word' id='word_1_84' title='bbox 204 1237 524 1292; x_wconf 88' lang='lat' dir='ltr'>Bertharius</span> <span class='ocrx_word' id='word_1_85' title='bbox 552 1237 882 1308; x_wconf 81' lang='lat' dir='ltr'>praepositus</span> <span class='ocrx_word' id='word_1_86' title='bbox 911 1243 1056 1302; x_wconf 90' lang='lat' dir='ltr'>tuus,</span> <span class='ocrx_word' id='word_1_87' title='bbox 1090 1242 1147 1289; x_wconf 92' lang='lat' dir='ltr'>ut</span> <span class='ocrx_word' id='word_1_88' title='bbox 1167 1235 1445 1291; x_wconf 87' lang='lat' dir='ltr'>dicebatur</span> <span class='ocrx_word' id='word_1_89' title='bbox 1465 1249 1498 1290; x_wconf 86' lang='lat' dir='ltr'>a</span> <span class='ocrx_word' id='word_1_90' title='bbox 1517 1235 1805 1306; x_wconf 90' lang='lat' dir='ltr'>plurimus,</span> 
     </span>
    </p>
   </div>
   <div class='ocr_carea' id='block_1_14' title="bbox 203 1323 1809 1394">
    <p class='ocr_par' dir='ltr' id='par_1_14' title="bbox 203 1323 1809 1394">
     <span class='ocr_line' id='line_1_14' title="bbox 203 1323 1809 1394; baseline -0.002 -13"><span class='ocrx_word' id='word_1_91' title='bbox 203 1333 256 1382; x_wconf 88' lang='lat' dir='ltr'>et</span> <span class='ocrx_word' id='word_1_92' title='bbox 282 1325 447 1380; x_wconf 89' lang='lat' dir='ltr'>etiam</span> <span class='ocrx_word' id='word_1_93' title='bbox 478 1325 561 1380; x_wconf 88' lang='lat' dir='ltr'>rei</span> <span class='ocrx_word' id='word_1_94' title='bbox 589 1323 784 1381; x_wconf 86' lang='lat' dir='ltr'>effectu</span> <span class='ocrx_word' id='word_1_95' title='bbox 811 1325 1022 1390; x_wconf 82' lang='lat' dir='ltr'>claruit,</span> <span class='ocrx_word' id='word_1_96' title='bbox 1059 1332 1150 1380; x_wconf 85' lang='lat' dir='ltr'>tua</span> <span class='ocrx_word' id='word_1_97' title='bbox 1173 1324 1418 1394; x_wconf 86' lang='lat' dir='ltr'>jussione</span> <span class='ocrx_word' id='word_1_98' title='bbox 1458 1324 1527 1379; x_wconf 89' lang='lat' dir='ltr'>ad</span> <span class='ocrx_word' id='word_1_99' title='bbox 1557 1324 1809 1380; x_wconf 86' lang='lat' dir='ltr'>eamdem</span> 
     </span>
    </p>
   </div>
   <div class='ocr_carea' id='block_1_15' title="bbox 202 1413 1807 1486">
    <p class='ocr_par' dir='ltr' id='par_1_15' title="bbox 202 1413 1807 1486">
     <span class='ocr_line' id='line_1_15' title="bbox 202 1413 1807 1486; baseline -0.001 -16"><span class='ocrx_word' id='word_1_100' title='bbox 202 1414 476 1486; x_wconf 85' lang='lat' dir='ltr'>capellam</span> <span class='ocrx_word' id='word_1_101' title='bbox 525 1414 691 1481; x_wconf 83' lang='lat' dir='ltr'>venit,</span> <span class='ocrx_word' id='word_1_102' title='bbox 738 1422 792 1468; x_wconf 93' lang='lat' dir='ltr'>et</span> <span class='ocrx_word' id='word_1_103' title='bbox 823 1413 1091 1469; x_wconf 89' lang='lat' dir='ltr'>decimam</span> <span class='ocrx_word' id='word_1_104' title='bbox 1135 1413 1258 1468; x_wconf 88' lang='lat' dir='ltr'>dari</span> <span class='ocrx_word' id='word_1_105' title='bbox 1286 1413 1608 1484; x_wconf 82' lang='lat' dir='ltr'>presbytero</span> <span class='ocrx_word' id='word_1_106' title='bbox 1636 1429 1807 1484; x_wconf 88' lang='lat' dir='ltr'>paro-</span> 
     </span>
    </p>
   </div>
   <div class='ocr_carea' id='block_1_16' title="bbox 207 1501 1814 1574">
    <p class='ocr_par' dir='ltr' id='par_1_16' title="bbox 207 1501 1814 1574">
     <span class='ocr_line' id='line_1_16' title="bbox 207 1501 1814 1574; baseline -0.001 -16"><span class='ocrx_word' id='word_1_107' title='bbox 207 1503 340 1559; x_wconf 84' lang='lat' dir='ltr'>chia</span> <span class='ocrx_word' id='word_1_108' title='bbox 369 1511 597 1570; x_wconf 86' lang='lat' dir='ltr'>nostra,</span> <span class='ocrx_word' id='word_1_109' title='bbox 631 1520 718 1558; x_wconf 78' lang='lat' dir='ltr'>cui</span> <span class='ocrx_word' id='word_1_110' title='bbox 749 1503 1041 1558; x_wconf 90' lang='lat' dir='ltr'>commissa</span> <span class='ocrx_word' id='word_1_111' title='bbox 1069 1509 1210 1568; x_wconf 87' lang='lat' dir='ltr'>erat,</span> <span class='ocrx_word' id='word_1_112' title='bbox 1241 1510 1293 1557; x_wconf 88' lang='lat' dir='ltr'>et</span> <span class='ocrx_word' id='word_1_113' title='bbox 1315 1501 1479 1574; x_wconf 86' lang='lat' dir='ltr'>quiin</span> <span class='ocrx_word' id='word_1_114' title='bbox 1500 1518 1565 1557; x_wconf 89' lang='lat' dir='ltr'>ea</span> <span class='ocrx_word' id='word_1_115' title='bbox 1594 1501 1814 1557; x_wconf 90' lang='lat' dir='ltr'>ordina-</span> 
     </span>
    </p>
   </div>
   <div class='ocr_carea' id='block_1_17' title="bbox 209 1589 1808 1664">
    <p class='ocr_par' dir='ltr' id='par_1_17' title="bbox 209 1589 1808 1664">
     <span class='ocr_line' id='line_1_17' title="bbox 209 1589 1808 1664; baseline -0.001 -19"><span class='ocrx_word' id='word_1_116' title='bbox 209 1599 292 1647; x_wconf 89' lang='lat' dir='ltr'>tus</span> <span class='ocrx_word' id='word_1_117' title='bbox 304 1592 423 1662; x_wconf 88' lang='lat' dir='ltr'>jam</span> <span class='ocrx_word' id='word_1_118' title='bbox 435 1599 564 1647; x_wconf 85' lang='lat' dir='ltr'>ante</span> <span class='ocrx_word' id='word_1_119' title='bbox 581 1591 858 1664; x_wconf 84' lang='lat' dir='ltr'>trigintam</span> <span class='ocrx_word' id='word_1_120' title='bbox 876 1606 1050 1647; x_wconf 87' lang='lat' dir='ltr'>annos</span> <span class='ocrx_word' id='word_1_121' title='bbox 1068 1589 1266 1661; x_wconf 82' lang='lat' dir='ltr'>fuerat,</span> <span class='ocrx_word' id='word_1_122' title='bbox 1282 1590 1576 1662; x_wconf 85' lang='lat' dir='ltr'>prohibuit,</span> <span class='ocrx_word' id='word_1_123' title='bbox 1601 1599 1654 1646; x_wconf 90' lang='lat' dir='ltr'>et</span> <span class='ocrx_word' id='word_1_124' title='bbox 1670 1591 1808 1646; x_wconf 89' lang='lat' dir='ltr'>sicut</span> 
     </span>
    </p>
   </div>
   <div class='ocr_carea' id='block_1_18' title="bbox 205 1679 1807 1750">
    <p class='ocr_par' dir='ltr' id='par_1_18' title="bbox 205 1679 1807 1750">
     <span class='ocr_line' id='line_1_18' title="bbox 205 1679 1807 1750; baseline -0.001 -14"><span class='ocrx_word' id='word_1_125' title='bbox 205 1681 308 1736; x_wconf 87' lang='lat' dir='ltr'>sibi</span> <span class='ocrx_word' id='word_1_126' title='bbox 335 1681 517 1736; x_wconf 87' lang='lat' dir='ltr'>visum</span> <span class='ocrx_word' id='word_1_127' title='bbox 549 1680 666 1750; x_wconf 78' lang='lat' dir='ltr'>fuit,</span> <span class='ocrx_word' id='word_1_128' title='bbox 693 1680 940 1737; x_wconf 86' lang='lat' dir='ltr'>eamdem</span> <span class='ocrx_word' id='word_1_129' title='bbox 977 1680 1249 1736; x_wconf 88' lang='lat' dir='ltr'>decimam</span> <span class='ocrx_word' id='word_1_130' title='bbox 1287 1679 1566 1750; x_wconf 90' lang='lat' dir='ltr'>dispertiri</span> <span class='ocrx_word' id='word_1_131' title='bbox 1592 1695 1807 1750; x_wconf 80' lang='lat' dir='ltr'>prace-</span> 
     </span>
    </p>
   </div>
   <div class='ocr_carea' id='block_1_19' title="bbox 205 1768 1808 1841">
    <p class='ocr_par' dir='ltr' id='par_1_19' title="bbox 205 1768 1808 1841">
     <span class='ocr_line' id='line_1_19' title="bbox 205 1768 1808 1841; baseline -0.001 -17"><span class='ocrx_word' id='word_1_132' title='bbox 205 1769 297 1841; x_wconf 89' lang='lat' dir='ltr'>pit.</span> <span class='ocrx_word' id='word_1_133' title='bbox 330 1771 568 1841; x_wconf 88' lang='lat' dir='ltr'>Insuper</span> <span class='ocrx_word' id='word_1_134' title='bbox 597 1777 650 1824; x_wconf 90' lang='lat' dir='ltr'>et</span> <span class='ocrx_word' id='word_1_135' title='bbox 684 1769 924 1826; x_wconf 89' lang='lat' dir='ltr'>scuriam</span> <span class='ocrx_word' id='word_1_136' title='bbox 953 1769 1124 1840; x_wconf 89' lang='lat' dir='ltr'>ipsius</span> <span class='ocrx_word' id='word_1_137' title='bbox 1153 1768 1460 1840; x_wconf 80' lang='lat' dir='ltr'>presbyteri</span> <span class='ocrx_word' id='word_1_138' title='bbox 1488 1769 1808 1835; x_wconf 77' lang='lat' dir='ltr'>interclusit,</span> 
     </span>
    </p>
   </div>
   <div class='ocr_carea' id='block_1_20' title="bbox 207 1857 1814 1925">
    <p class='ocr_par' dir='ltr' id='par_1_20' title="bbox 207 1857 1814 1925">
     <span class='ocr_line' id='line_1_20' title="bbox 207 1857 1814 1925; baseline -0.001 -11"><span class='ocrx_word' id='word_1_139' title='bbox 207 1867 257 1914; x_wconf 89' lang='lat' dir='ltr'>et</span> <span class='ocrx_word' id='word_1_140' title='bbox 290 1874 575 1914; x_wconf 82' lang='lat' dir='ltr'>annonam</span> <span class='ocrx_word' id='word_1_141' title='bbox 623 1859 693 1914; x_wconf 90' lang='lat' dir='ltr'>de</span> <span class='ocrx_word' id='word_1_142' title='bbox 743 1858 904 1913; x_wconf 89' lang='lat' dir='ltr'>terris</span> <span class='ocrx_word' id='word_1_143' title='bbox 951 1857 1293 1914; x_wconf 89' lang='lat' dir='ltr'>dominicatis</span> <span class='ocrx_word' id='word_1_144' title='bbox 1339 1857 1642 1925; x_wconf 88' lang='lat' dir='ltr'>collectam,</span> <span class='ocrx_word' id='word_1_145' title='bbox 1696 1858 1814 1912; x_wconf 90' lang='lat' dir='ltr'>sine</span> 
     </span>
    </p>
   </div>
   <div class='ocr_carea' id='block_1_21' title="bbox 205 1947 1816 2020">
    <p class='ocr_par' dir='ltr' id='par_1_21' title="bbox 205 1947 1816 2020">
     <span class='ocr_line' id='line_1_21' title="bbox 205 1947 1816 2020; baseline -0.001 -16"><span class='ocrx_word' id='word_1_146' title='bbox 205 1947 424 2004; x_wconf 85' lang='lat' dir='ltr'>licentia</span> <span class='ocrx_word' id='word_1_147' title='bbox 455 1947 629 2019; x_wconf 88' lang='lat' dir='ltr'>ipsius</span> <span class='ocrx_word' id='word_1_148' title='bbox 659 1947 960 2020; x_wconf 82' lang='lat' dir='ltr'>presbyteri</span> <span class='ocrx_word' id='word_1_149' title='bbox 986 1947 1040 2002; x_wconf 89' lang='lat' dir='ltr'>in</span> <span class='ocrx_word' id='word_1_150' title='bbox 1071 1963 1138 2002; x_wconf 91' lang='lat' dir='ltr'>ea</span> <span class='ocrx_word' id='word_1_151' title='bbox 1165 1947 1331 2014; x_wconf 82' lang='lat' dir='ltr'>misit,</span> <span class='ocrx_word' id='word_1_152' title='bbox 1365 1963 1692 2019; x_wconf 86' lang='lat' dir='ltr'>omnemque</span> <span class='ocrx_word' id='word_1_153' title='bbox 1721 1963 1816 2018; x_wconf 91' lang='lat' dir='ltr'>po-</span> 
     </span>
    </p>
   </div>
   <div class='ocr_carea' id='block_1_22' title="bbox 208 2035 1814 2108">
    <p class='ocr_par' dir='ltr' id='par_1_22' title="bbox 208 2035 1814 2108">
     <span class='ocr_line' id='line_1_22' title="bbox 208 2035 1814 2108; baseline -0.001 -17"><span class='ocrx_word' id='word_1_154' title='bbox 208 2044 461 2092; x_wconf 86' lang='lat' dir='ltr'>testatem</span> <span class='ocrx_word' id='word_1_155' title='bbox 507 2036 636 2092; x_wconf 89' lang='lat' dir='ltr'>inde</span> <span class='ocrx_word' id='word_1_156' title='bbox 670 2037 990 2108; x_wconf 84' lang='lat' dir='ltr'>Presbytero</span> <span class='ocrx_word' id='word_1_157' title='bbox 1034 2035 1274 2102; x_wconf 86' lang='lat' dir='ltr'>abstulit,</span> <span class='ocrx_word' id='word_1_158' title='bbox 1315 2044 1604 2107; x_wconf 85' lang='lat' dir='ltr'>antequam</span> <span class='ocrx_word' id='word_1_159' title='bbox 1631 2035 1814 2107; x_wconf 88' lang='lat' dir='ltr'>aliqua</span> 
     </span>
    </p>
   </div>
   <div class='ocr_carea' id='block_1_23' title="bbox 206 2119 1811 2197">
    <p class='ocr_par' dir='ltr' id='par_1_23' title="bbox 206 2119 1811 2197">
     <span class='ocr_line' id='line_1_23' title="bbox 206 2119 1811 2197; baseline -0.001 -17"><span class='ocrx_word' id='word_1_160' title='bbox 206 2126 437 2197; x_wconf 86' lang='lat' dir='ltr'>quastio</span> <span class='ocrx_word' id='word_1_161' title='bbox 481 2125 612 2182; x_wconf 89' lang='lat' dir='ltr'>inde</span> <span class='ocrx_word' id='word_1_162' title='bbox 658 2126 728 2181; x_wconf 91' lang='lat' dir='ltr'>ad</span> <span class='ocrx_word' id='word_1_163' title='bbox 756 2142 866 2192; x_wconf 91' lang='lat' dir='ltr'>me,</span> <span class='ocrx_word' id='word_1_164' title='bbox 897 2119 989 2180; x_wconf 81' lang='lat' dir='ltr'>aut</span> <span class='ocrx_word' id='word_1_165' title='bbox 1035 2125 1105 2180; x_wconf 88' lang='lat' dir='ltr'>ad</span> <span class='ocrx_word' id='word_1_166' title='bbox 1153 2124 1584 2179; x_wconf 90' lang='lat' dir='ltr'>comministrum</span> <span class='ocrx_word' id='word_1_167' title='bbox 1630 2141 1811 2180; x_wconf 90' lang='lat' dir='ltr'>meum</span> 
     </span>
    </p>
   </div>
   <div class='ocr_carea' id='block_1_24' title="bbox 206 2213 1809 2285">
    <p class='ocr_par' dir='ltr' id='par_1_24' title="bbox 206 2213 1809 2285">
     <span class='ocr_line' id='line_1_24' title="bbox 206 2213 1809 2285; baseline 0 -17"><span class='ocrx_word' id='word_1_168' title='bbox 206 2215 436 2281; x_wconf 79' lang='lat' dir='ltr'>veniret,</span> <span class='ocrx_word' id='word_1_169' title='bbox 485 2230 610 2270; x_wconf 88' lang='lat' dir='ltr'>cum</span> <span class='ocrx_word' id='word_1_170' title='bbox 642 2214 804 2270; x_wconf 86' lang='lat' dir='ltr'>etiam</span> <span class='ocrx_word' id='word_1_171' title='bbox 837 2214 884 2268; x_wconf 89' lang='lat' dir='ltr'>si</span> <span class='ocrx_word' id='word_1_172' title='bbox 912 2213 1117 2285; x_wconf 88' lang='lat' dir='ltr'>aliquid</span> <span class='ocrx_word' id='word_1_173' title='bbox 1146 2213 1271 2268; x_wconf 91' lang='lat' dir='ltr'>inde</span> <span class='ocrx_word' id='word_1_174' title='bbox 1300 2213 1525 2269; x_wconf 83' lang='lat' dir='ltr'>rationis</span> <span class='ocrx_word' id='word_1_175' title='bbox 1553 2213 1809 2280; x_wconf 86' lang='lat' dir='ltr'>haberes,</span> 
     </span>
    </p>
   </div>
   <div class='ocr_carea' id='block_1_25' title="bbox 210 2302 1813 2374">
    <p class='ocr_par' dir='ltr' id='par_1_25' title="bbox 210 2302 1813 2374">
     <span class='ocr_line' id='line_1_25' title="bbox 210 2302 1813 2374; baseline -0.001 -16"><span class='ocrx_word' id='word_1_176' title='bbox 210 2303 464 2359; x_wconf 84' lang='lat' dir='ltr'>Canones</span> <span class='ocrx_word' id='word_1_177' title='bbox 520 2302 764 2360; x_wconf 83' lang='lat' dir='ltr'>Africani</span> <span class='ocrx_word' id='word_1_178' title='bbox 813 2303 999 2359; x_wconf 89' lang='lat' dir='ltr'>dicant</span> <span class='ocrx_word' id='word_1_179' title='bbox 1037 2302 1189 2374; x_wconf 83' lang='lat' dir='ltr'>(can.</span> <span class='ocrx_word' id='word_1_180' title='bbox 1224 2303 1314 2374; x_wconf 79' lang='lat'>87)</span> <span class='ocrx_word' id='word_1_181' title='bbox 1353 2321 1364 2356; x_wconf 95' lang='lat'><strong>:</strong></span> <span class='ocrx_word' id='word_1_182' title='bbox 1404 2323 1425 2352; x_wconf 74' lang='grc' dir='ltr'><strong>α</strong></span> <span class='ocrx_word' id='word_1_183' title='bbox 1458 2303 1524 2357; x_wconf 91' lang='lat' dir='ltr'>Ut</span> <span class='ocrx_word' id='word_1_184' title='bbox 1571 2302 1813 2374; x_wconf 90' lang='lat' dir='ltr'>episc0pi</span> 
     </span>
    </p>
   </div>
   <div class='ocr_carea' id='block_1_26' title="bbox 207 2391 1810 2464">
    <p class='ocr_par' dir='ltr' id='par_1_26' title="bbox 207 2391 1810 2464">
     <span class='ocr_line' id='line_1_26' title="bbox 207 2391 1810 2464; baseline 0 -18"><span class='ocrx_word' id='word_1_185' title='bbox 207 2408 570 2464; x_wconf 89' lang='lat' dir='ltr'>quascunque</span> <span class='ocrx_word' id='word_1_186' title='bbox 599 2391 866 2448; x_wconf 88' lang='lat' dir='ltr'>ecclesias</span> <span class='ocrx_word' id='word_1_187' title='bbox 892 2391 981 2446; x_wconf 89' lang='lat' dir='ltr'>vel</span> <span class='ocrx_word' id='word_1_188' title='bbox 1009 2391 1218 2462; x_wconf 87' lang='lat' dir='ltr'>plebes,</span> <span class='ocrx_word' id='word_1_189' title='bbox 1263 2406 1400 2462; x_wconf 88' lang='lat' dir='ltr'>quas</span> <span class='ocrx_word' id='word_1_190' title='bbox 1429 2391 1500 2446; x_wconf 88' lang='lat' dir='ltr'>ad</span> <span class='ocrx_word' id='word_1_191' title='bbox 1529 2407 1683 2444; x_wconf 89' lang='lat' dir='ltr'>suam</span> <span class='ocrx_word' id='word_1_192' title='bbox 1713 2406 1810 2446; x_wconf 89' lang='lat' dir='ltr'>ca—</span> 
     </span>
    </p>
   </div>
   <div class='ocr_carea' id='block_1_27' title="bbox 205 2479 1806 2550">
    <p class='ocr_par' dir='ltr' id='par_1_27' title="bbox 205 2479 1806 2550">
     <span class='ocr_line' id='line_1_27' title="bbox 205 2479 1806 2550; baseline -0.001 -16"><span class='ocrx_word' id='word_1_193' title='bbox 205 2481 457 2538; x_wconf 87' lang='lat' dir='ltr'>thedram</span> <span class='ocrx_word' id='word_1_194' title='bbox 505 2481 817 2536; x_wconf 78' lang='lat' dir='ltr'>existimant</span> <span class='ocrx_word' id='word_1_195' title='bbox 857 2479 1152 2550; x_wconf 86' lang='lat' dir='ltr'>pertinere,</span> <span class='ocrx_word' id='word_1_196' title='bbox 1195 2495 1306 2534; x_wconf 89' lang='lat' dir='ltr'>non</span> <span class='ocrx_word' id='word_1_197' title='bbox 1352 2479 1426 2533; x_wconf 89' lang='lat' dir='ltr'>ita</span> <span class='ocrx_word' id='word_1_198' title='bbox 1473 2479 1806 2550; x_wconf 89' lang='lat' dir='ltr'>repetierint,</span> 
     </span>
    </p>
   </div>
   <div class='ocr_carea' id='block_1_28' title="bbox 204 2568 1812 2640">
    <p class='ocr_par' dir='ltr' id='par_1_28' title="bbox 204 2568 1812 2640">
     <span class='ocr_line' id='line_1_28' title="bbox 204 2568 1812 2640; baseline -0.001 -17"><span class='ocrx_word' id='word_1_199' title='bbox 204 2578 259 2624; x_wconf 88' lang='lat' dir='ltr'>ut</span> <span class='ocrx_word' id='word_1_200' title='bbox 287 2585 490 2626; x_wconf 88' lang='lat' dir='ltr'>causas</span> <span class='ocrx_word' id='word_1_201' title='bbox 523 2585 654 2624; x_wconf 92' lang='lat' dir='ltr'>suas</span> <span class='ocrx_word' id='word_1_202' title='bbox 685 2568 956 2640; x_wconf 86' lang='lat' dir='ltr'>episcOpis</span> <span class='ocrx_word' id='word_1_203' title='bbox 979 2568 1348 2638; x_wconf 89' lang='lat' dir='ltr'>judicantibus</span> <span class='ocrx_word' id='word_1_204' title='bbox 1376 2575 1561 2640; x_wconf 82' lang='lat' dir='ltr'>agant,</span> <span class='ocrx_word' id='word_1_205' title='bbox 1591 2568 1688 2622; x_wconf 91' lang='lat' dir='ltr'>sed</span> <span class='ocrx_word' id='word_1_206' title='bbox 1709 2568 1812 2622; x_wconf 91' lang='lat' dir='ltr'>alio</span> 
     </span>
    </p>
   </div>
   <div class='ocr_carea' id='block_1_29' title="bbox 208 2656 1814 2724">
    <p class='ocr_par' dir='ltr' id='par_1_29' title="bbox 208 2656 1814 2724">
     <span class='ocr_line' id='line_1_29' title="bbox 208 2656 1814 2724; baseline 0 -12"><span class='ocrx_word' id='word_1_207' title='bbox 208 2659 474 2714; x_wconf 89' lang='lat' dir='ltr'>renitente</span> <span class='ocrx_word' id='word_1_208' title='bbox 503 2657 788 2724; x_wconf 90' lang='lat' dir='ltr'>irruerint,</span> <span class='ocrx_word' id='word_1_209' title='bbox 841 2657 958 2713; x_wconf 84' lang='lat' dir='ltr'>sive</span> <span class='ocrx_word' id='word_1_210' title='bbox 1000 2656 1324 2723; x_wconf 87' lang='lat' dir='ltr'>volentibus,</span> <span class='ocrx_word' id='word_1_211' title='bbox 1367 2657 1480 2711; x_wconf 88' lang='lat' dir='ltr'>sive</span> <span class='ocrx_word' id='word_1_212' title='bbox 1504 2657 1814 2712; x_wconf 88' lang='lat' dir='ltr'>nolentibus</span> 
     </span>
    </p>
   </div>
   <div class='ocr_carea' id='block_1_30' title="bbox 207 2745 1812 2818">
    <p class='ocr_par' dir='ltr' id='par_1_30' title="bbox 207 2745 1812 2818">
     <span class='ocr_line' id='line_1_30' title="bbox 207 2745 1812 2818; baseline -0.001 -16"><span class='ocrx_word' id='word_1_213' title='bbox 207 2747 479 2818; x_wconf 88' lang='lat' dir='ltr'>plebibus,</span> <span class='ocrx_word' id='word_1_214' title='bbox 527 2762 710 2802; x_wconf 85' lang='lat' dir='ltr'>causa</span> <span class='ocrx_word' id='word_1_215' title='bbox 741 2762 850 2802; x_wconf 84' lang='lat' dir='ltr'>sua</span> <span class='ocrx_word' id='word_1_216' title='bbox 882 2745 1266 2801; x_wconf 88' lang='lat' dir='ltr'>detrimentum</span> <span class='ocrx_word' id='word_1_217' title='bbox 1293 2745 1584 2816; x_wconf 88' lang='lat' dir='ltr'>patiantur,</span> <span class='ocrx_word' id='word_1_218' title='bbox 1620 2753 1672 2800; x_wconf 91' lang='lat' dir='ltr'>et</span> <span class='ocrx_word' id='word_1_219' title='bbox 1701 2761 1812 2800; x_wconf 82' lang='lat' dir='ltr'>ca-</span> 
     </span>
    </p>
   </div>
   <div class='ocr_carea' id='block_1_31' title="bbox 210 2835 1120 2912">
    <p class='ocr_par' dir='ltr' id='par_1_31' title="bbox 210 2835 1120 2912">
     <span class='ocr_line' id='line_1_31' title="bbox 210 2835 1120 2912; baseline 0.001 -23"><span class='ocrx_word' id='word_1_220' title='bbox 210 2842 322 2891; x_wconf 89' lang='lat' dir='ltr'>tera</span> <span class='ocrx_word' id='word_1_221' title='bbox 335 2853 477 2912; x_wconf 74' lang='lat' dir='ltr'>qua</span> <span class='ocrx_word' id='word_1_222' title='bbox 507 2835 713 2890; x_wconf 91' lang='lat' dir='ltr'>ibidem</span> <span class='ocrx_word' id='word_1_223' title='bbox 746 2843 1062 2907; x_wconf 85' lang='lat' dir='ltr'>sequuntur.</span> <span class='ocrx_word' id='word_1_224' title='bbox 1099 2858 1120 2882; x_wconf 76' lang='grc' dir='ltr'><strong>υ</strong></span> 
     </span>
    </p>
   </div>
   <div class='ocr_carea' id='block_1_32' title="bbox 273 2921 1816 2997">
    <p class='ocr_par' dir='ltr' id='par_1_32' title="bbox 273 2921 1816 2997">
     <span class='ocr_line' id='line_1_32' title="bbox 273 2921 1816 2997; baseline -0.001 -17"><span class='ocrx_word' id='word_1_225' title='bbox 273 2925 522 2980; x_wconf 82' lang='lat' dir='ltr'>Audiens</span> <span class='ocrx_word' id='word_1_226' title='bbox 565 2933 744 2980; x_wconf 90' lang='lat' dir='ltr'>autem</span> <span class='ocrx_word' id='word_1_227' title='bbox 793 2942 916 2997; x_wconf 83' lang='lat' dir='ltr'>qua</span> <span class='ocrx_word' id='word_1_228' title='bbox 942 2924 1071 2980; x_wconf 88' lang='lat' dir='ltr'>hinc</span> <span class='ocrx_word' id='word_1_229' title='bbox 1114 2931 1271 2995; x_wconf 84' lang='lat' dir='ltr'>gesta</span> <span class='ocrx_word' id='word_1_230' title='bbox 1321 2923 1531 2979; x_wconf 87' lang='lat' dir='ltr'>fuerant</span> <span class='ocrx_word' id='word_1_231' title='bbox 1563 2921 1734 2978; x_wconf 87' lang='lat' dir='ltr'>frater</span> <span class='ocrx_word' id='word_1_232' title='bbox 1762 2931 1816 2978; x_wconf 91' lang='lat' dir='ltr'>et</span> 
     </span>
    </p>
   </div>
   <div class='ocr_carea' id='block_1_33' title="bbox 205 3011 1814 3086">
    <p class='ocr_par' dir='ltr' id='par_1_33' title="bbox 205 3011 1814 3086">
     <span class='ocr_line' id='line_1_33' title="bbox 205 3011 1814 3086; baseline -0.002 -16"><span class='ocrx_word' id='word_1_233' title='bbox 205 3015 627 3085; x_wconf 88' lang='lat' dir='ltr'>compresbyter</span> <span class='ocrx_word' id='word_1_234' title='bbox 653 3021 839 3070; x_wconf 86' lang='lat' dir='ltr'>noster</span> <span class='ocrx_word' id='word_1_235' title='bbox 867 3013 1166 3080; x_wconf 84' lang='lat' dir='ltr'>Ausoldus,</span> <span class='ocrx_word' id='word_1_236' title='bbox 1199 3011 1284 3068; x_wconf 93' lang='lat' dir='ltr'>cui</span> <span class='ocrx_word' id='word_1_237' title='bbox 1315 3013 1565 3086; x_wconf 85' lang='lat' dir='ltr'>delegata</span> <span class='ocrx_word' id='word_1_238' title='bbox 1585 3019 1668 3068; x_wconf 87' lang='lat' dir='ltr'>est</span> <span class='ocrx_word' id='word_1_239' title='bbox 1687 3028 1814 3082; x_wconf 85' lang='lat' dir='ltr'>pars</span> 
     </span>
    </p>
   </div>
   <div class='ocr_carea' id='block_1_34' title="bbox 206 3101 1811 3174">
    <p class='ocr_par' dir='ltr' id='par_1_34' title="bbox 206 3101 1811 3174">
     <span class='ocr_line' id='line_1_34' title="bbox 206 3101 1811 3174; baseline -0.002 -15"><span class='ocrx_word' id='word_1_240' title='bbox 206 3103 480 3174; x_wconf 86' lang='lat' dir='ltr'>parochia</span> <span class='ocrx_word' id='word_1_241' title='bbox 506 3110 712 3158; x_wconf 81' lang='lat' dir='ltr'>nostra</span> <span class='ocrx_word' id='word_1_242' title='bbox 743 3103 798 3156; x_wconf 92' lang='lat' dir='ltr'>in</span> <span class='ocrx_word' id='word_1_243' title='bbox 827 3118 933 3174; x_wconf 90' lang='lat' dir='ltr'>qua</span> <span class='ocrx_word' id='word_1_244' title='bbox 962 3102 1082 3174; x_wconf 92' lang='lat' dir='ltr'>ipsa</span> <span class='ocrx_word' id='word_1_245' title='bbox 1111 3101 1318 3172; x_wconf 86' lang='lat' dir='ltr'>capella</span> <span class='ocrx_word' id='word_1_246' title='bbox 1363 3101 1628 3170; x_wconf 82' lang='lat' dir='ltr'>consistit,</span> <span class='ocrx_word' id='word_1_247' title='bbox 1665 3117 1811 3172; x_wconf 88' lang='lat' dir='ltr'>sape</span> 
     </span>
    </p>
   </div>
   <div class='ocr_carea' id='block_1_35' title="bbox 205 3189 1808 3258">
    <p class='ocr_par' dir='ltr' id='par_1_35' title="bbox 205 3189 1808 3258">
     <span class='ocr_line' id='line_1_35' title="bbox 205 3189 1808 3258; baseline -0.002 -12"><span class='ocrx_word' id='word_1_248' title='bbox 205 3191 326 3246; x_wconf 91' lang='lat' dir='ltr'>inde</span> <span class='ocrx_word' id='word_1_249' title='bbox 355 3192 427 3246; x_wconf 87' lang='lat' dir='ltr'>ad</span> <span class='ocrx_word' id='word_1_250' title='bbox 459 3190 800 3246; x_wconf 88' lang='lat' dir='ltr'>Bertharium</span> <span class='ocrx_word' id='word_1_251' title='bbox 831 3191 996 3258; x_wconf 87' lang='lat' dir='ltr'>misit,</span> <span class='ocrx_word' id='word_1_252' title='bbox 1033 3191 1130 3246; x_wconf 90' lang='lat' dir='ltr'>sed</span> <span class='ocrx_word' id='word_1_253' title='bbox 1161 3189 1368 3245; x_wconf 89' lang='lat' dir='ltr'>nullam</span> <span class='ocrx_word' id='word_1_254' title='bbox 1419 3189 1684 3246; x_wconf 88' lang='lat' dir='ltr'>rationem</span> <span class='ocrx_word' id='word_1_255' title='bbox 1715 3205 1808 3244; x_wconf 91' lang='lat' dir='ltr'>re-</span> 
     </span>
    </p>
   </div>
   <div class='ocr_carea' id='block_1_36' title="bbox 203 3277 1811 3354">
    <p class='ocr_par' dir='ltr' id='par_1_36' title="bbox 203 3277 1811 3354">
     <span class='ocr_line' id='line_1_36' title="bbox 203 3277 1811 3354; baseline -0.002 -19"><span class='ocrx_word' id='word_1_256' title='bbox 203 3280 347 3352; x_wconf 85' lang='lat' dir='ltr'>gulis</span> <span class='ocrx_word' id='word_1_257' title='bbox 393 3287 790 3354; x_wconf 74' lang='lat' dir='ltr'>congruentem</span> <span class='ocrx_word' id='word_1_258' title='bbox 832 3279 1076 3335; x_wconf 89' lang='lat' dir='ltr'>obtinere</span> <span class='ocrx_word' id='word_1_259' title='bbox 1123 3278 1422 3350; x_wconf 86' lang='lat' dir='ltr'>pravaluit.</span> <span class='ocrx_word' id='word_1_260' title='bbox 1471 3279 1623 3334; x_wconf 89' lang='lat' dir='ltr'>Unde</span> <span class='ocrx_word' id='word_1_261' title='bbox 1681 3277 1811 3348; x_wconf 86' lang='lat' dir='ltr'>quia</span> 
     </span>
    </p>
   </div>
   <div class='ocr_carea' id='block_1_37' title="bbox 207 3367 1810 3442">
    <p class='ocr_par' dir='ltr' id='par_1_37' title="bbox 207 3367 1810 3442">
     <span class='ocr_line' id='line_1_37' title="bbox 207 3367 1810 3442; baseline -0.001 -20"><span class='ocrx_word' id='word_1_262' title='bbox 207 3377 333 3426; x_wconf 90' lang='lat' dir='ltr'>tunc</span> <span class='ocrx_word' id='word_1_263' title='bbox 361 3369 418 3424; x_wconf 87' lang='lat' dir='ltr'>in</span> <span class='ocrx_word' id='word_1_264' title='bbox 447 3369 714 3442; x_wconf 87' lang='lat' dir='ltr'>parochia</span> <span class='ocrx_word' id='word_1_265' title='bbox 756 3369 1050 3424; x_wconf 86' lang='lat' dir='ltr'>Rhemensi</span> <span class='ocrx_word' id='word_1_266' title='bbox 1097 3384 1205 3424; x_wconf 92' lang='lat' dir='ltr'>non</span> <span class='ocrx_word' id='word_1_267' title='bbox 1250 3383 1418 3435; x_wconf 89' lang='lat' dir='ltr'>eram,</span> <span class='ocrx_word' id='word_1_268' title='bbox 1470 3367 1726 3438; x_wconf 87' lang='lat' dir='ltr'>pracepit</span> <span class='ocrx_word' id='word_1_269' title='bbox 1752 3375 1810 3421; x_wconf 90' lang='lat' dir='ltr'>ut</span> 
     </span>
    </p>
   </div>
   <div class='ocr_carea' id='block_1_38' title="bbox 204 3453 1810 3526">
    <p class='ocr_par' dir='ltr' id='par_1_38' title="bbox 204 3453 1810 3526">
     <span class='ocr_line' id='line_1_38' title="bbox 204 3453 1810 3526; baseline -0.001 -18"><span class='ocrx_word' id='word_1_270' title='bbox 204 3453 259 3508; x_wconf 89' lang='lat' dir='ltr'>in</span> <span class='ocrx_word' id='word_1_271' title='bbox 305 3454 425 3526; x_wconf 91' lang='lat' dir='ltr'>ipsa</span> <span class='ocrx_word' id='word_1_272' title='bbox 467 3455 677 3525; x_wconf 90' lang='lat' dir='ltr'>capella</span> <span class='ocrx_word' id='word_1_273' title='bbox 719 3453 885 3509; x_wconf 90' lang='lat' dir='ltr'>missa</span> <span class='ocrx_word' id='word_1_274' title='bbox 927 3470 1036 3509; x_wconf 92' lang='lat' dir='ltr'>non</span> <span class='ocrx_word' id='word_1_275' title='bbox 1085 3454 1472 3522; x_wconf 86' lang='lat' dir='ltr'>celebraretur,</span> <span class='ocrx_word' id='word_1_276' title='bbox 1521 3461 1810 3524; x_wconf 89' lang='lat' dir='ltr'>antequam</span> 
     </span>
    </p>
   </div>
   <div class='ocr_carea' id='block_1_39' title="bbox 204 3542 1808 3615">
    <p class='ocr_par' dir='ltr' id='par_1_39' title="bbox 204 3542 1808 3615">
     <span class='ocr_line' id='line_1_39' title="bbox 204 3542 1808 3615; baseline -0.001 -17"><span class='ocrx_word' id='word_1_277' title='bbox 204 3544 457 3600; x_wconf 89' lang='lat' dir='ltr'>homines</span> <span class='ocrx_word' id='word_1_278' title='bbox 485 3543 630 3599; x_wconf 85' lang='lat' dir='ltr'>villa</span> <span class='ocrx_word' id='word_1_279' title='bbox 657 3543 830 3615; x_wconf 87' lang='lat' dir='ltr'>ipsius</span> <span class='ocrx_word' id='word_1_280' title='bbox 860 3560 1016 3598; x_wconf 89' lang='lat' dir='ltr'>suam</span> <span class='ocrx_word' id='word_1_281' title='bbox 1045 3543 1312 3598; x_wconf 91' lang='lat' dir='ltr'>decimam</span> <span class='ocrx_word' id='word_1_282' title='bbox 1357 3542 1678 3614; x_wconf 76' lang='lat' dir='ltr'>presbytero</span> <span class='ocrx_word' id='word_1_283' title='bbox 1709 3557 1808 3596; x_wconf 92' lang='lat' dir='ltr'>suo</span> 
     </span>
    </p>
   </div>
   <div class='ocr_carea' id='block_1_40' title="bbox 207 3630 1808 3704">
    <p class='ocr_par' dir='ltr' id='par_1_40' title="bbox 207 3630 1808 3704">
     <span class='ocr_line' id='line_1_40' title="bbox 207 3630 1808 3704; baseline -0.002 -17"><span class='ocrx_word' id='word_1_284' title='bbox 207 3633 509 3690; x_wconf 85' lang='lat' dir='ltr'>secundum</span> <span class='ocrx_word' id='word_1_285' title='bbox 539 3633 819 3704; x_wconf 88' lang='lat' dir='ltr'>antiquam</span> <span class='ocrx_word' id='word_1_286' title='bbox 863 3632 1313 3688; x_wconf 90' lang='lat' dir='ltr'>consuetudinem</span> <span class='ocrx_word' id='word_1_287' title='bbox 1364 3633 1555 3687; x_wconf 88' lang='lat' dir='ltr'>darent</span> <span class='ocrx_word' id='word_1_288' title='bbox 1587 3648 1601 3684; x_wconf 90' lang='lat'><strong>:</strong></span> <span class='ocrx_word' id='word_1_289' title='bbox 1636 3630 1682 3684; x_wconf 88' lang='lat' dir='ltr'>si</span> <span class='ocrx_word' id='word_1_290' title='bbox 1709 3647 1808 3685; x_wconf 89' lang='lat' dir='ltr'>au-</span> 
     </span>
    </p>
   </div>
   <div class='ocr_carea' id='block_1_41' title="bbox 207 3719 1811 3792">
    <p class='ocr_par' dir='ltr' id='par_1_41' title="bbox 207 3719 1811 3792">
     <span class='ocr_line' id='line_1_41' title="bbox 207 3719 1811 3792; baseline -0.001 -16"><span class='ocrx_word' id='word_1_291' title='bbox 207 3730 312 3777; x_wconf 90' lang='lat' dir='ltr'>tem</span> <span class='ocrx_word' id='word_1_292' title='bbox 342 3722 572 3777; x_wconf 89' lang='lat' dir='ltr'>missam</span> <span class='ocrx_word' id='word_1_293' title='bbox 601 3722 800 3776; x_wconf 88' lang='lat' dir='ltr'>vellent</span> <span class='ocrx_word' id='word_1_294' title='bbox 828 3721 1035 3792; x_wconf 89' lang='lat' dir='ltr'>audire,</span> <span class='ocrx_word' id='word_1_295' title='bbox 1062 3721 1131 3776; x_wconf 88' lang='lat' dir='ltr'>ad</span> <span class='ocrx_word' id='word_1_296' title='bbox 1161 3720 1448 3776; x_wconf 86' lang='lat' dir='ltr'>ecclesiam</span> <span class='ocrx_word' id='word_1_297' title='bbox 1497 3737 1616 3791; x_wconf 75' lang='lat' dir='ltr'>qua</span> <span class='ocrx_word' id='word_1_298' title='bbox 1647 3728 1730 3774; x_wconf 87' lang='lat' dir='ltr'>est</span> <span class='ocrx_word' id='word_1_299' title='bbox 1757 3719 1811 3774; x_wconf 89' lang='lat' dir='ltr'>in</span> 
     </span>
    </p>
   </div>
   <div class='ocr_carea' id='block_1_42' title="bbox 203 3809 1811 3882">
    <p class='ocr_par' dir='ltr' id='par_1_42' title="bbox 203 3809 1811 3882">
     <span class='ocr_line' id='line_1_42' title="bbox 203 3809 1811 3882; baseline -0.001 -18"><span class='ocrx_word' id='word_1_300' title='bbox 203 3810 488 3868; x_wconf 82' lang='lat' dir='ltr'>Juviniaca</span> <span class='ocrx_word' id='word_1_301' title='bbox 519 3810 647 3866; x_wconf 89' lang='lat' dir='ltr'>villa</span> <span class='ocrx_word' id='word_1_302' title='bbox 665 3819 980 3882; x_wconf 82' lang='lat' dir='ltr'>pergerent.</span> <span class='ocrx_word' id='word_1_303' title='bbox 1013 3811 1160 3864; x_wconf 87' lang='lat' dir='ltr'>Nulli</span> <span class='ocrx_word' id='word_1_304' title='bbox 1190 3818 1372 3864; x_wconf 90' lang='lat' dir='ltr'>autem</span> <span class='ocrx_word' id='word_1_305' title='bbox 1403 3809 1704 3880; x_wconf 84' lang='lat' dir='ltr'>baptismus</span> <span class='ocrx_word' id='word_1_306' title='bbox 1724 3809 1811 3864; x_wconf 85' lang='lat' dir='ltr'>vel</span> 
     </span>
    </p>
   </div>
   <div class='ocr_carea' id='block_1_43' title="bbox 207 3898 1808 3971">
    <p class='ocr_par' dir='ltr' id='par_1_43' title="bbox 207 3898 1808 3971">
     <span class='ocr_line' id='line_1_43' title="bbox 207 3898 1808 3971; baseline -0.002 -15"><span class='ocrx_word' id='word_1_307' title='bbox 207 3899 520 3956; x_wconf 87' lang='lat' dir='ltr'>communio</span> <span class='ocrx_word' id='word_1_308' title='bbox 563 3907 648 3955; x_wconf 91' lang='lat' dir='ltr'>est</span> <span class='ocrx_word' id='word_1_309' title='bbox 694 3899 980 3971; x_wconf 84' lang='lat' dir='ltr'>denegata,</span> <span class='ocrx_word' id='word_1_310' title='bbox 1012 3908 1064 3954; x_wconf 89' lang='lat' dir='ltr'>et</span> <span class='ocrx_word' id='word_1_311' title='bbox 1095 3907 1352 3971; x_wconf 88' lang='lat' dir='ltr'>quantum</span> <span class='ocrx_word' id='word_1_312' title='bbox 1397 3898 1602 3953; x_wconf 89' lang='lat' dir='ltr'>rescire</span> <span class='ocrx_word' id='word_1_313' title='bbox 1646 3915 1808 3954; x_wconf 86' lang='lat' dir='ltr'>vera-</span> 
     </span>
    </p>
   </div>
   <div class='ocr_carea' id='block_1_44' title="bbox 207 3986 1809 4061">
    <p class='ocr_par' dir='ltr' id='par_1_44' title="bbox 207 3986 1809 4061">
     <span class='ocr_line' id='line_1_44' title="bbox 207 3986 1809 4061; baseline -0.001 -17"><span class='ocrx_word' id='word_1_314' title='bbox 207 3989 337 4045; x_wconf 90' lang='lat' dir='ltr'>citer</span> <span class='ocrx_word' id='word_1_315' title='bbox 382 3989 558 4061; x_wconf 88' lang='lat' dir='ltr'>potui,</span> <span class='ocrx_word' id='word_1_316' title='bbox 607 3989 754 4060; x_wconf 91' lang='lat' dir='ltr'>quod</span> <span class='ocrx_word' id='word_1_317' title='bbox 784 3988 916 4044; x_wconf 90' lang='lat' dir='ltr'>mihi</span> <span class='ocrx_word' id='word_1_318' title='bbox 962 3989 1236 4044; x_wconf 86' lang='lat' dir='ltr'>mandasti</span> <span class='ocrx_word' id='word_1_319' title='bbox 1281 3988 1546 4060; x_wconf 85' lang='lat' dir='ltr'>quosdam</span> <span class='ocrx_word' id='word_1_320' title='bbox 1575 3986 1809 4042; x_wconf 86' lang='lat' dir='ltr'>infantes</span> 
     </span>
    </p>
   </div>
   <div class='ocr_carea' id='block_1_45' title="bbox 209 4076 1809 4150">
    <p class='ocr_par' dir='ltr' id='par_1_45' title="bbox 209 4076 1809 4150">
     <span class='ocr_line' id='line_1_45' title="bbox 209 4076 1809 4150; baseline 0 -18"><span class='ocrx_word' id='word_1_321' title='bbox 209 4078 322 4133; x_wconf 89' lang='lat' dir='ltr'>sine</span> <span class='ocrx_word' id='word_1_322' title='bbox 366 4078 714 4149; x_wconf 83' lang='lat' dir='ltr'>baptismate,</span> <span class='ocrx_word' id='word_1_323' title='bbox 757 4085 810 4132; x_wconf 92' lang='lat' dir='ltr'>et</span> <span class='ocrx_word' id='word_1_324' title='bbox 853 4079 1121 4150; x_wconf 89' lang='lat' dir='ltr'>quosdam</span> <span class='ocrx_word' id='word_1_325' title='bbox 1171 4077 1287 4131; x_wconf 90' lang='lat' dir='ltr'>sine</span> <span class='ocrx_word' id='word_1_326' title='bbox 1344 4076 1542 4133; x_wconf 88' lang='lat' dir='ltr'>viatico</span> <span class='ocrx_word' id='word_1_327' title='bbox 1581 4093 1809 4150; x_wconf 80' lang='lat' dir='ltr'>munere</span> 
     </span>
    </p>
   </div>
   <div class='ocr_carea' id='block_1_46' title="bbox 208 4144 1809 4233">
    <p class='ocr_par' dir='ltr' id='par_1_46' title="bbox 208 4144 1809 4233">
     <span class='ocr_line' id='line_1_46' title="bbox 208 4144 1809 4233; baseline -0.001 -11"><span class='ocrx_word' id='word_1_328' title='bbox 208 4167 386 4224; x_wconf 82' lang='lat' dir='ltr'>exisse</span> <span class='ocrx_word' id='word_1_329' title='bbox 433 4167 504 4223; x_wconf 90' lang='lat' dir='ltr'>de</span> <span class='ocrx_word' id='word_1_330' title='bbox 553 4167 771 4233; x_wconf 74' lang='lat' dir='ltr'>saeculo,</span> <span class='ocrx_word' id='word_1_331' title='bbox 824 4183 935 4224; x_wconf 93' lang='lat' dir='ltr'>non</span> <span class='ocrx_word' id='word_1_332' title='bbox 983 4174 1064 4222; x_wconf 91' lang='lat' dir='ltr'>est</span> <span class='ocrx_word' id='word_1_333' title='bbox 1111 4183 1319 4222; x_wconf 89' lang='lat' dir='ltr'>verum.</span> <span class='ocrx_word' id='word_1_334' title='bbox 1353 4167 1492 4220; x_wconf 88' lang='lat' dir='ltr'>Nam</span> <span class='ocrx_word' id='word_1_335' title='bbox 1523 4173 1575 4220; x_wconf 89' lang='lat' dir='ltr'>et</span> <span class='ocrx_word' id='word_1_336' title='bbox 1607 4144 1668 4220; x_wconf 64' lang='lat' dir='ltr'>si</span> <span class='ocrx_word' id='word_1_337' title='bbox 1683 4165 1809 4220; x_wconf 89' lang='lat' dir='ltr'>inde</span> 
     </span>
    </p>
   </div>
   <div class='ocr_carea' id='block_1_47' title="bbox 208 4254 1809 4329">
    <p class='ocr_par' dir='ltr' id='par_1_47' title="bbox 208 4254 1809 4329">
     <span class='ocr_line' id='line_1_47' title="bbox 208 4254 1809 4329; baseline -0.002 -18"><span class='ocrx_word' id='word_1_338' title='bbox 208 4257 412 4329; x_wconf 91' lang='lat' dir='ltr'>aliquid</span> <span class='ocrx_word' id='word_1_339' title='bbox 455 4272 647 4312; x_wconf 88' lang='lat' dir='ltr'>verum</span> <span class='ocrx_word' id='word_1_340' title='bbox 692 4263 856 4325; x_wconf 88' lang='lat' dir='ltr'>esset,</span> <span class='ocrx_word' id='word_1_341' title='bbox 909 4256 1032 4328; x_wconf 84' lang='lat' dir='ltr'>quia</span> <span class='ocrx_word' id='word_1_342' title='bbox 1063 4273 1207 4326; x_wconf 80' lang='lat' dir='ltr'>sape</span> <span class='ocrx_word' id='word_1_343' title='bbox 1238 4272 1338 4326; x_wconf 92' lang='lat' dir='ltr'>per</span> <span class='ocrx_word' id='word_1_344' title='bbox 1367 4255 1491 4310; x_wconf 92' lang='lat' dir='ltr'>inde</span> <span class='ocrx_word' id='word_1_345' title='bbox 1523 4254 1809 4308; x_wconf 86' lang='lat' dir='ltr'>transitum</span> 
     </span>
    </p>
   </div>
   <div class='ocr_carea' id='block_1_48' title="bbox 205 4341 1807 4416">
    <p class='ocr_par' dir='ltr' id='par_1_48' title="bbox 205 4341 1807 4416">
     <span class='ocr_line' id='line_1_48' title="bbox 205 4341 1807 4416; baseline -0.001 -16"><span class='ocrx_word' id='word_1_346' title='bbox 205 4346 384 4416; x_wconf 85' lang='lat' dir='ltr'>habui,</span> <span class='ocrx_word' id='word_1_347' title='bbox 417 4353 472 4400; x_wconf 90' lang='lat' dir='ltr'>et</span> <span class='ocrx_word' id='word_1_348' title='bbox 499 4345 665 4400; x_wconf 89' lang='lat' dir='ltr'>iidem</span> <span class='ocrx_word' id='word_1_349' title='bbox 696 4344 949 4399; x_wconf 74' lang='lat' dir='ltr'>homines</span> <span class='ocrx_word' id='word_1_350' title='bbox 987 4345 1304 4415; x_wconf 87' lang='lat' dir='ltr'>frequenter</span> <span class='ocrx_word' id='word_1_351' title='bbox 1335 4344 1405 4399; x_wconf 92' lang='lat' dir='ltr'>ad</span> <span class='ocrx_word' id='word_1_352' title='bbox 1436 4341 1807 4398; x_wconf 83' lang='lat' dir='ltr'>confirmatio-</span> 
     </span>
    </p>
   </div>
   <div class='ocr_carea' id='block_1_49' title="bbox 1912 437 3506 508">
    <p class='ocr_par' dir='ltr' id='par_1_49' title="bbox 1912 437 3506 508">
     <span class='ocr_line' id='line_1_49' title="bbox 1912 437 3506 508; baseline 0.003 -18"><span class='ocrx_word' id='word_1_353' title='bbox 1912 453 1996 503; x_wconf 86' lang='lat' dir='ltr'>ra,</span> <span class='ocrx_word' id='word_1_354' title='bbox 2045 453 2208 508; x_wconf 89' lang='lat' dir='ltr'>quam</span> <span class='ocrx_word' id='word_1_355' title='bbox 2252 437 2446 494; x_wconf 87' lang='lat' dir='ltr'>Franci</span> <span class='ocrx_word' id='word_1_356' title='bbox 2491 438 2738 494; x_wconf 89' lang='lat' dir='ltr'>homines</span> <span class='ocrx_word' id='word_1_357' title='bbox 2784 438 2842 492; x_wconf 92' lang='lat' dir='ltr'>in</span> <span class='ocrx_word' id='word_1_358' title='bbox 2882 439 3073 494; x_wconf 88' lang='lat' dir='ltr'>eadem</span> <span class='ocrx_word' id='word_1_359' title='bbox 3119 439 3247 496; x_wconf 89' lang='lat' dir='ltr'>villa</span> <span class='ocrx_word' id='word_1_360' title='bbox 3286 439 3342 494; x_wconf 91' lang='lat' dir='ltr'>in</span> <span class='ocrx_word' id='word_1_361' title='bbox 3391 439 3506 494; x_wconf 89' lang='lat' dir='ltr'>suis</span> 
     </span>
    </p>
   </div>
   <div class='ocr_carea' id='block_1_50' title="bbox 1910 525 3506 600">
    <p class='ocr_par' dir='ltr' id='par_1_50' title="bbox 1910 525 3506 600">
     <span class='ocr_line' id='line_1_50' title="bbox 1910 525 3506 600; baseline 0.003 -20"><span class='ocrx_word' id='word_1_362' title='bbox 1910 525 2334 597; x_wconf 86' lang='lat' dir='ltr'>preprietatibus</span> <span class='ocrx_word' id='word_1_363' title='bbox 2375 535 2780 584; x_wconf 88' lang='lat' dir='ltr'>commanentes</span> <span class='ocrx_word' id='word_1_364' title='bbox 2819 527 3084 585; x_wconf 88' lang='lat' dir='ltr'>dederunt</span> <span class='ocrx_word' id='word_1_365' title='bbox 3123 545 3224 600; x_wconf 90' lang='lat' dir='ltr'>pro</span> <span class='ocrx_word' id='word_1_366' title='bbox 3262 528 3384 584; x_wconf 93' lang='lat' dir='ltr'>loco</span> <span class='ocrx_word' id='word_1_367' title='bbox 3413 545 3506 584; x_wconf 92' lang='lat' dir='ltr'>se-</span> 
     </span>
    </p>
   </div>
   <div class='ocr_carea' id='block_1_51' title="bbox 1910 614 3508 689">
    <p class='ocr_par' dir='ltr' id='par_1_51' title="bbox 1910 614 3508 689">
     <span class='ocr_line' id='line_1_51' title="bbox 1910 614 3508 689; baseline 0.003 -19"><span class='ocrx_word' id='word_1_368' title='bbox 1910 614 2144 686; x_wconf 87' lang='lat' dir='ltr'>pultura</span> <span class='ocrx_word' id='word_1_369' title='bbox 2171 615 2239 670; x_wconf 86' lang='lat' dir='ltr'>ad</span> <span class='ocrx_word' id='word_1_370' title='bbox 2269 616 2444 687; x_wconf 89' lang='lat' dir='ltr'>ipsam</span> <span class='ocrx_word' id='word_1_371' title='bbox 2463 617 2752 688; x_wconf 87' lang='lat' dir='ltr'>capellam,</span> <span class='ocrx_word' id='word_1_372' title='bbox 2776 615 3078 672; x_wconf 90' lang='lat' dir='ltr'>bunnuaria</span> <span class='ocrx_word' id='word_1_373' title='bbox 3099 624 3322 689; x_wconf 88' lang='lat' dir='ltr'>quatuor</span> <span class='ocrx_word' id='word_1_374' title='bbox 3339 617 3508 674; x_wconf 87' lang='lat' dir='ltr'>semis</span> 
     </span>
    </p>
   </div>
   <div class='ocr_carea' id='block_1_52' title="bbox 1913 703 3507 774">
    <p class='ocr_par' dir='ltr' id='par_1_52' title="bbox 1913 703 3507 774">
     <span class='ocr_line' id='line_1_52' title="bbox 1913 703 3507 774; baseline 0.003 -16"><span class='ocrx_word' id='word_1_375' title='bbox 1913 720 2034 774; x_wconf 84' lang='lat' dir='ltr'>qua</span> <span class='ocrx_word' id='word_1_376' title='bbox 2077 703 2134 758; x_wconf 92' lang='lat' dir='ltr'>in</span> <span class='ocrx_word' id='word_1_377' title='bbox 2191 721 2400 760; x_wconf 91' lang='lat' dir='ltr'>summa</span> <span class='ocrx_word' id='word_1_378' title='bbox 2461 716 2586 760; x_wconf 88' lang='lat' dir='ltr'>sunt</span> <span class='ocrx_word' id='word_1_379' title='bbox 2637 706 2705 761; x_wconf 89' lang='lat' dir='ltr'>de</span> <span class='ocrx_word' id='word_1_380' title='bbox 2765 713 2907 761; x_wconf 89' lang='lat' dir='ltr'>terra</span> <span class='ocrx_word' id='word_1_381' title='bbox 2963 705 3155 760; x_wconf 86' lang='lat' dir='ltr'>arabili</span> <span class='ocrx_word' id='word_1_382' title='bbox 3210 707 3507 762; x_wconf 85' lang='lat' dir='ltr'>bunnuaria</span> 
     </span>
    </p>
   </div>
   <div class='ocr_carea' id='block_1_53' title="bbox 1913 793 3513 866">
    <p class='ocr_par' dir='ltr' id='par_1_53' title="bbox 1913 793 3513 866">
     <span class='ocr_line' id='line_1_53' title="bbox 1913 793 3513 866; baseline 0.003 -20"><span class='ocrx_word' id='word_1_383' title='bbox 1913 799 2140 862; x_wconf 89' lang='lat' dir='ltr'>septem.</span> <span class='ocrx_word' id='word_1_384' title='bbox 2174 793 2320 848; x_wconf 87' lang='lat' dir='ltr'>Nihil</span> <span class='ocrx_word' id='word_1_385' title='bbox 2348 803 2526 849; x_wconf 86' lang='lat' dir='ltr'>autem</span> <span class='ocrx_word' id='word_1_386' title='bbox 2558 794 2626 849; x_wconf 89' lang='lat' dir='ltr'>de</span> <span class='ocrx_word' id='word_1_387' title='bbox 2656 793 2835 861; x_wconf 90' lang='lat' dir='ltr'>vinea,</span> <span class='ocrx_word' id='word_1_388' title='bbox 2869 794 3110 866; x_wconf 89' lang='lat' dir='ltr'>nihilque</span> <span class='ocrx_word' id='word_1_389' title='bbox 3131 795 3201 849; x_wconf 92' lang='lat' dir='ltr'>de</span> <span class='ocrx_word' id='word_1_390' title='bbox 3221 803 3396 865; x_wconf 87' lang='lat' dir='ltr'>prato,</span> <span class='ocrx_word' id='word_1_391' title='bbox 3421 795 3513 851; x_wconf 87' lang='lat' dir='ltr'>vel</span> 
     </span>
    </p>
   </div>
   <div class='ocr_carea' id='block_1_54' title="bbox 1912 881 3508 954">
    <p class='ocr_par' dir='ltr' id='par_1_54' title="bbox 1912 881 3508 954">
     <span class='ocr_line' id='line_1_54' title="bbox 1912 881 3508 954; baseline 0.003 -19"><span class='ocrx_word' id='word_1_392' title='bbox 1912 881 2173 952; x_wconf 88' lang='lat' dir='ltr'>quiddam</span> <span class='ocrx_word' id='word_1_393' title='bbox 2202 883 2270 937; x_wconf 92' lang='lat' dir='ltr'>de</span> <span class='ocrx_word' id='word_1_394' title='bbox 2299 883 2559 954; x_wconf 88' lang='lat' dir='ltr'>pascuali,</span> <span class='ocrx_word' id='word_1_395' title='bbox 2592 884 2690 938; x_wconf 89' lang='lat' dir='ltr'>sed</span> <span class='ocrx_word' id='word_1_396' title='bbox 2719 891 2773 938; x_wconf 92' lang='lat' dir='ltr'>et</span> <span class='ocrx_word' id='word_1_397' title='bbox 2800 883 3127 954; x_wconf 88' lang='lat' dir='ltr'>mancipium</span> <span class='ocrx_word' id='word_1_398' title='bbox 3171 883 3378 938; x_wconf 90' lang='lat' dir='ltr'>nullum</span> <span class='ocrx_word' id='word_1_399' title='bbox 3407 885 3508 940; x_wconf 89' lang='lat' dir='ltr'>ha-</span> 
     </span>
    </p>
   </div>
   <div class='ocr_carea' id='block_1_55' title="bbox 1911 966 3512 1044">
    <p class='ocr_par' dir='ltr' id='par_1_55' title="bbox 1911 966 3512 1044">
     <span class='ocr_line' id='line_1_55' title="bbox 1911 966 3512 1044; baseline 0.001 -18"><span class='ocrx_word' id='word_1_400' title='bbox 1911 972 2020 1029; x_wconf 89' lang='lat' dir='ltr'>bet.</span> <span class='ocrx_word' id='word_1_401' title='bbox 2055 971 2122 1026; x_wconf 89' lang='lat' dir='ltr'>Et</span> <span class='ocrx_word' id='word_1_402' title='bbox 2149 980 2272 1028; x_wconf 90' lang='lat' dir='ltr'>sunt</span> <span class='ocrx_word' id='word_1_403' title='bbox 2309 973 2364 1028; x_wconf 92' lang='lat' dir='ltr'>in</span> <span class='ocrx_word' id='word_1_404' title='bbox 2411 973 2602 1028; x_wconf 86' lang='lat' dir='ltr'>eadem</span> <span class='ocrx_word' id='word_1_405' title='bbox 2650 972 2838 1028; x_wconf 86' lang='lat' dir='ltr'>villula</span> <span class='ocrx_word' id='word_1_406' title='bbox 2883 973 2951 1028; x_wconf 91' lang='lat' dir='ltr'>de</span> <span class='ocrx_word' id='word_1_407' title='bbox 2999 966 3262 1044; x_wconf 76' lang='lat' dir='ltr'>potestate</span> <span class='ocrx_word' id='word_1_408' title='bbox 3309 980 3512 1028; x_wconf 77' lang='lat' dir='ltr'>sancta</span> 
     </span>
    </p>
   </div>
   <div class='ocr_carea' id='block_1_56' title="bbox 1912 1061 3507 1134">
    <p class='ocr_par' dir='ltr' id='par_1_56' title="bbox 1912 1061 3507 1134">
     <span class='ocr_line' id='line_1_56' title="bbox 1912 1061 3507 1134; baseline -0.001 -17"><span class='ocrx_word' id='word_1_409' title='bbox 1912 1063 2096 1119; x_wconf 79' lang='lat' dir='ltr'>Maria</span> <span class='ocrx_word' id='word_1_410' title='bbox 2112 1061 2489 1118; x_wconf 89' lang='lat' dir='ltr'>Laudunensis</span> <span class='ocrx_word' id='word_1_411' title='bbox 2506 1061 2753 1118; x_wconf 83' lang='lat' dir='ltr'>ecclesia</span> <span class='ocrx_word' id='word_1_412' title='bbox 2766 1061 2943 1116; x_wconf 88' lang='lat' dir='ltr'>mansi</span> <span class='ocrx_word' id='word_1_413' title='bbox 2963 1061 3270 1134; x_wconf 84' lang='lat' dir='ltr'>ingenuiles</span> <span class='ocrx_word' id='word_1_414' title='bbox 3289 1078 3507 1132; x_wconf 91' lang='lat' dir='ltr'>novem,</span> 
     </span>
    </p>
   </div>
   <div class='ocr_carea' id='block_1_57' title="bbox 1914 1149 3512 1222">
    <p class='ocr_par' dir='ltr' id='par_1_57' title="bbox 1914 1149 3512 1222">
     <span class='ocr_line' id='line_1_57' title="bbox 1914 1149 3512 1222; baseline 0 -16"><span class='ocrx_word' id='word_1_415' title='bbox 1914 1153 2138 1208; x_wconf 88' lang='lat' dir='ltr'>serviles</span> <span class='ocrx_word' id='word_1_416' title='bbox 2176 1151 2450 1208; x_wconf 89' lang='lat' dir='ltr'>undecim.</span> <span class='ocrx_word' id='word_1_417' title='bbox 2479 1151 2547 1206; x_wconf 89' lang='lat' dir='ltr'>Et</span> <span class='ocrx_word' id='word_1_418' title='bbox 2593 1151 2710 1222; x_wconf 89' lang='lat' dir='ltr'>ipsa</span> <span class='ocrx_word' id='word_1_419' title='bbox 2755 1149 2966 1222; x_wconf 89' lang='lat' dir='ltr'>capella</span> <span class='ocrx_word' id='word_1_420' title='bbox 2993 1167 3026 1206; x_wconf 87' lang='lat' dir='ltr'>a</span> <span class='ocrx_word' id='word_1_421' title='bbox 3057 1151 3223 1222; x_wconf 87' lang='lat' dir='ltr'>longo</span> <span class='ocrx_word' id='word_1_422' title='bbox 3266 1158 3512 1222; x_wconf 90' lang='lat' dir='ltr'>tempore</span> 
     </span>
    </p>
   </div>
   <div class='ocr_carea' id='block_1_58' title="bbox 1912 1239 3509 1312">
    <p class='ocr_par' dir='ltr' id='par_1_58' title="bbox 1912 1239 3509 1312">
     <span class='ocr_line' id='line_1_58' title="bbox 1912 1239 3509 1312; baseline 0 -16"><span class='ocrx_word' id='word_1_423' title='bbox 1912 1241 2064 1298; x_wconf 89' lang='lat' dir='ltr'>unita</span> <span class='ocrx_word' id='word_1_424' title='bbox 2092 1241 2190 1298; x_wconf 85' lang='lat' dir='ltr'>fuit</span> <span class='ocrx_word' id='word_1_425' title='bbox 2232 1241 2481 1298; x_wconf 84' lang='lat' dir='ltr'>ecclesia</span> <span class='ocrx_word' id='word_1_426' title='bbox 2526 1239 2642 1296; x_wconf 82' lang='lat' dir='ltr'>sita</span> <span class='ocrx_word' id='word_1_427' title='bbox 2670 1239 2726 1294; x_wconf 92' lang='lat' dir='ltr'>in</span> <span class='ocrx_word' id='word_1_428' title='bbox 2755 1239 3032 1297; x_wconf 86' lang='lat' dir='ltr'>Juviniaca</span> <span class='ocrx_word' id='word_1_429' title='bbox 3075 1239 3223 1306; x_wconf 90' lang='lat' dir='ltr'>villa,</span> <span class='ocrx_word' id='word_1_430' title='bbox 3257 1248 3312 1296; x_wconf 89' lang='lat' dir='ltr'>et</span> <span class='ocrx_word' id='word_1_431' title='bbox 3339 1255 3509 1312; x_wconf 88' lang='lat' dir='ltr'>paro-</span> 
     </span>
    </p>
   </div>
   <div class='ocr_carea' id='block_1_59' title="bbox 1915 1328 3512 1402">
    <p class='ocr_par' dir='ltr' id='par_1_59' title="bbox 1915 1328 3512 1402">
     <span class='ocr_line' id='line_1_59' title="bbox 1915 1328 3512 1402; baseline -0.002 -15"><span class='ocrx_word' id='word_1_432' title='bbox 1915 1331 2052 1387; x_wconf 79' lang='lat' dir='ltr'>chia</span> <span class='ocrx_word' id='word_1_433' title='bbox 2089 1330 2168 1386; x_wconf 92' lang='lat' dir='ltr'>illi</span> <span class='ocrx_word' id='word_1_434' title='bbox 2211 1328 2474 1400; x_wconf 69' lang='lat' dir='ltr'>subjebta,</span> <span class='ocrx_word' id='word_1_435' title='bbox 2521 1329 2646 1402; x_wconf 88' lang='lat' dir='ltr'>quia</span> <span class='ocrx_word' id='word_1_436' title='bbox 2697 1328 2814 1384; x_wconf 90' lang='lat' dir='ltr'>sine</span> <span class='ocrx_word' id='word_1_437' title='bbox 2861 1329 3014 1394; x_wconf 82' lang='lat' dir='ltr'>silva,</span> <span class='ocrx_word' id='word_1_438' title='bbox 3063 1329 3150 1385; x_wconf 90' lang='lat' dir='ltr'>vel</span> <span class='ocrx_word' id='word_1_439' title='bbox 3199 1344 3358 1402; x_wconf 88' lang='lat' dir='ltr'>aqua,</span> <span class='ocrx_word' id='word_1_440' title='bbox 3421 1336 3512 1384; x_wconf 90' lang='lat' dir='ltr'>aut</span> 
     </span>
    </p>
   </div>
   <div class='ocr_carea' id='block_1_60' title="bbox 1914 1416 3513 1490">
    <p class='ocr_par' dir='ltr' id='par_1_60' title="bbox 1914 1416 3513 1490">
     <span class='ocr_line' id='line_1_60' title="bbox 1914 1416 3513 1490; baseline -0.001 -17"><span class='ocrx_word' id='word_1_441' title='bbox 1914 1419 2127 1490; x_wconf 88' lang='lat' dir='ltr'>palude,</span> <span class='ocrx_word' id='word_1_442' title='bbox 2163 1427 2255 1474; x_wconf 89' lang='lat' dir='ltr'>aut</span> <span class='ocrx_word' id='word_1_443' title='bbox 2284 1418 2442 1489; x_wconf 88' lang='lat' dir='ltr'>spatii</span> <span class='ocrx_word' id='word_1_444' title='bbox 2469 1417 2884 1490; x_wconf 82' lang='lat' dir='ltr'>longinquitate,</span> <span class='ocrx_word' id='word_1_445' title='bbox 2919 1417 3005 1472; x_wconf 91' lang='lat' dir='ltr'>vel</span> <span class='ocrx_word' id='word_1_446' title='bbox 3032 1416 3260 1487; x_wconf 89' lang='lat' dir='ltr'>alicujus</span> <span class='ocrx_word' id='word_1_447' title='bbox 3289 1417 3513 1474; x_wconf 88' lang='lat' dir='ltr'>alterius</span> 
     </span>
    </p>
   </div>
   <div class='ocr_carea' id='block_1_61' title="bbox 1915 1505 3513 1579">
    <p class='ocr_par' dir='ltr' id='par_1_61' title="bbox 1915 1505 3513 1579">
     <span class='ocr_line' id='line_1_61' title="bbox 1915 1505 3513 1579; baseline 0 -17"><span class='ocrx_word' id='word_1_448' title='bbox 1915 1507 2325 1578; x_wconf 83' lang='lat' dir='ltr'>interpositione</span> <span class='ocrx_word' id='word_1_449' title='bbox 2369 1506 2759 1577; x_wconf 89' lang='lat' dir='ltr'>impedimenti,</span> <span class='ocrx_word' id='word_1_450' title='bbox 2793 1514 2915 1560; x_wconf 90' lang='lat' dir='ltr'>sunt</span> <span class='ocrx_word' id='word_1_451' title='bbox 2945 1505 3235 1579; x_wconf 86' lang='lat' dir='ltr'>contigua,</span> <span class='ocrx_word' id='word_1_452' title='bbox 3268 1515 3513 1578; x_wconf 87' lang='lat' dir='ltr'>tempore</span> 
     </span>
    </p>
   </div>
   <div class='ocr_carea' id='block_1_62' title="bbox 1917 1595 3505 1667">
    <p class='ocr_par' dir='ltr' id='par_1_62' title="bbox 1917 1595 3505 1667">
     <span class='ocr_line' id='line_1_62' title="bbox 1917 1595 3505 1667; baseline 0 -17"><span class='ocrx_word' id='word_1_453' title='bbox 1917 1597 2192 1651; x_wconf 89' lang='lat' dir='ltr'>seniorum</span> <span class='ocrx_word' id='word_1_454' title='bbox 2223 1597 2472 1662; x_wconf 89' lang='lat' dir='ltr'>istorum,</span> <span class='ocrx_word' id='word_1_455' title='bbox 2508 1611 2742 1667; x_wconf 90' lang='lat' dir='ltr'>quorum</span> <span class='ocrx_word' id='word_1_456' title='bbox 2780 1595 3086 1666; x_wconf 88' lang='lat' dir='ltr'>subscripta</span> <span class='ocrx_word' id='word_1_457' title='bbox 3115 1603 3239 1649; x_wconf 91' lang='lat' dir='ltr'>sunt</span> <span class='ocrx_word' id='word_1_458' title='bbox 3265 1595 3505 1664; x_wconf 89' lang='lat' dir='ltr'>nomina,</span> 
     </span>
    </p>
   </div>
   <div class='ocr_carea' id='block_1_63' title="bbox 1840 1683 3512 1768">
    <p class='ocr_par' dir='ltr' id='par_1_63' title="bbox 1840 1683 3512 1768">
     <span class='ocr_line' id='line_1_63' title="bbox 1840 1683 3512 1768; baseline -0.001 -29"><span class='ocrx_word' id='word_1_459' title='bbox 1840 1709 1892 1768; x_wconf 77' lang='grc' dir='ltr'>Β</span> <span class='ocrx_word' id='word_1_460' title='bbox 1913 1693 2112 1756; x_wconf 80' lang='lat' dir='ltr'>prater</span> <span class='ocrx_word' id='word_1_461' title='bbox 2137 1685 2262 1740; x_wconf 88' lang='lat' dir='ltr'>illos</span> <span class='ocrx_word' id='word_1_462' title='bbox 2293 1701 2430 1756; x_wconf 90' lang='lat' dir='ltr'>quos</span> <span class='ocrx_word' id='word_1_463' title='bbox 2459 1699 2891 1740; x_wconf 86' lang='lat' dir='ltr'>commemorare</span> <span class='ocrx_word' id='word_1_464' title='bbox 2921 1699 3030 1738; x_wconf 91' lang='lat' dir='ltr'>non</span> <span class='ocrx_word' id='word_1_465' title='bbox 3072 1699 3383 1754; x_wconf 90' lang='lat' dir='ltr'>possumus,</span> <span class='ocrx_word' id='word_1_466' title='bbox 3419 1683 3512 1756; x_wconf 90' lang='lat' dir='ltr'>qui</span> 
     </span>
    </p>
   </div>
   <div class='ocr_carea' id='block_1_64' title="bbox 1915 1770 3507 1844">
    <p class='ocr_par' dir='ltr' id='par_1_64' title="bbox 1915 1770 3507 1844">
     <span class='ocr_line' id='line_1_64' title="bbox 1915 1770 3507 1844; baseline -0.001 -18"><span class='ocrx_word' id='word_1_467' title='bbox 1915 1773 2103 1827; x_wconf 89' lang='lat' dir='ltr'>ambas</span> <span class='ocrx_word' id='word_1_468' title='bbox 2131 1773 2249 1827; x_wconf 88' lang='lat' dir='ltr'>illas</span> <span class='ocrx_word' id='word_1_469' title='bbox 2277 1773 2434 1828; x_wconf 77' lang='lat' dir='ltr'>villas</span> <span class='ocrx_word' id='word_1_470' title='bbox 2463 1789 2562 1842; x_wconf 85' lang='lat' dir='ltr'>per</span> <span class='ocrx_word' id='word_1_471' title='bbox 2587 1771 2798 1844; x_wconf 81' lang='lat' dir='ltr'>regium</span> <span class='ocrx_word' id='word_1_472' title='bbox 2847 1770 3168 1827; x_wconf 82' lang='lat' dir='ltr'>beneficium</span> <span class='ocrx_word' id='word_1_473' title='bbox 3199 1779 3507 1841; x_wconf 87' lang='lat' dir='ltr'>tenuerunt,</span> 
     </span>
    </p>
   </div>
   <div class='ocr_carea' id='block_1_65' title="bbox 1913 1859 3510 1932">
    <p class='ocr_par' dir='ltr' id='par_1_65' title="bbox 1913 1859 3510 1932">
     <span class='ocr_line' id='line_1_65' title="bbox 1913 1859 3510 1932; baseline -0.002 -15"><span class='ocrx_word' id='word_1_474' title='bbox 1913 1861 2168 1917; x_wconf 88' lang='lat' dir='ltr'>videlicet</span> <span class='ocrx_word' id='word_1_475' title='bbox 2219 1869 2462 1932; x_wconf 91' lang='lat' dir='ltr'>tempore</span> <span class='ocrx_word' id='word_1_476' title='bbox 2511 1859 2848 1932; x_wconf 82' lang='lat' dir='ltr'>Remegaudi</span> <span class='ocrx_word' id='word_1_477' title='bbox 2903 1860 3135 1926; x_wconf 90' lang='lat' dir='ltr'>comitis,</span> <span class='ocrx_word' id='word_1_478' title='bbox 3197 1859 3510 1915; x_wconf 90' lang='lat' dir='ltr'>Bertmundi</span> 
     </span>
    </p>
   </div>
   <div class='ocr_carea' id='block_1_66' title="bbox 1913 1947 3511 2021">
    <p class='ocr_par' dir='ltr' id='par_1_66' title="bbox 1913 1947 3511 2021">
     <span class='ocr_line' id='line_1_66' title="bbox 1913 1947 3511 2021; baseline -0.001 -16"><span class='ocrx_word' id='word_1_479' title='bbox 1913 1949 2145 2021; x_wconf 90' lang='lat' dir='ltr'>comitis,</span> <span class='ocrx_word' id='word_1_480' title='bbox 2179 1949 2464 2015; x_wconf 87' lang='lat' dir='ltr'>Bernardi,</span> <span class='ocrx_word' id='word_1_481' title='bbox 2499 1947 2726 2018; x_wconf 89' lang='lat' dir='ltr'>Odonis,</span> <span class='ocrx_word' id='word_1_482' title='bbox 2761 1947 2998 2015; x_wconf 90' lang='lat' dir='ltr'>Gibuini,</span> <span class='ocrx_word' id='word_1_483' title='bbox 3022 1948 3304 2016; x_wconf 84' lang='lat' dir='ltr'>Rothardi,</span> <span class='ocrx_word' id='word_1_484' title='bbox 3329 1949 3511 2004; x_wconf 88' lang='lat' dir='ltr'>Gode-</span> 
     </span>
    </p>
   </div>
   <div class='ocr_carea' id='block_1_67' title="bbox 1912 2037 3510 2112">
    <p class='ocr_par' dir='ltr' id='par_1_67' title="bbox 1912 2037 3510 2112">
     <span class='ocr_line' id='line_1_67' title="bbox 1912 2037 3510 2112; baseline -0.001 -19"><span class='ocrx_word' id='word_1_485' title='bbox 1912 2037 2057 2108; x_wconf 86' lang='lat' dir='ltr'>fridi,</span> <span class='ocrx_word' id='word_1_486' title='bbox 2091 2037 2441 2112; x_wconf 80' lang='lat' dir='ltr'>Angelboldi,</span> <span class='ocrx_word' id='word_1_487' title='bbox 2475 2037 2767 2106; x_wconf 86' lang='lat' dir='ltr'>Frederici,</span> <span class='ocrx_word' id='word_1_488' title='bbox 2801 2037 2857 2090; x_wconf 90' lang='lat' dir='ltr'>in</span> <span class='ocrx_word' id='word_1_489' title='bbox 2887 2052 3120 2108; x_wconf 90' lang='lat' dir='ltr'>quorum</span> <span class='ocrx_word' id='word_1_490' title='bbox 3159 2037 3510 2108; x_wconf 89' lang='lat' dir='ltr'>temporibus,</span> 
     </span>
    </p>
   </div>
   <div class='ocr_carea' id='block_1_68' title="bbox 1912 2125 3515 2198">
    <p class='ocr_par' dir='ltr' id='par_1_68' title="bbox 1912 2125 3515 2198">
     <span class='ocr_line' id='line_1_68' title="bbox 1912 2125 3515 2198; baseline -0.002 -15"><span class='ocrx_word' id='word_1_491' title='bbox 1912 2135 2116 2198; x_wconf 82' lang='lat' dir='ltr'>prater</span> <span class='ocrx_word' id='word_1_492' title='bbox 2165 2143 2261 2182; x_wconf 89' lang='lat' dir='ltr'>eos</span> <span class='ocrx_word' id='word_1_493' title='bbox 2307 2142 2446 2198; x_wconf 90' lang='lat' dir='ltr'>quos</span> <span class='ocrx_word' id='word_1_494' title='bbox 2489 2141 2914 2182; x_wconf 88' lang='lat' dir='ltr'>commemorare</span> <span class='ocrx_word' id='word_1_495' title='bbox 2943 2141 3052 2181; x_wconf 91' lang='lat' dir='ltr'>non</span> <span class='ocrx_word' id='word_1_496' title='bbox 3082 2142 3396 2197; x_wconf 91' lang='lat' dir='ltr'>possumus,</span> <span class='ocrx_word' id='word_1_497' title='bbox 3424 2125 3515 2180; x_wconf 90' lang='lat' dir='ltr'>isti</span> 
     </span>
    </p>
   </div>
   <div class='ocr_carea' id='block_1_69' title="bbox 1910 2215 3512 2287">
    <p class='ocr_par' dir='ltr' id='par_1_69' title="bbox 1910 2215 3512 2287">
     <span class='ocr_line' id='line_1_69' title="bbox 1910 2215 3512 2287; baseline -0.001 -18"><span class='ocrx_word' id='word_1_498' title='bbox 1910 2216 2216 2287; x_wconf 80' lang='lat' dir='ltr'>presbyteri</span> <span class='ocrx_word' id='word_1_499' title='bbox 2247 2215 2473 2271; x_wconf 89' lang='lat' dir='ltr'>easdem</span> <span class='ocrx_word' id='word_1_500' title='bbox 2503 2215 2768 2272; x_wconf 89' lang='lat' dir='ltr'>ecclesias</span> <span class='ocrx_word' id='word_1_501' title='bbox 2797 2215 3017 2269; x_wconf 90' lang='lat' dir='ltr'>insimul</span> <span class='ocrx_word' id='word_1_502' title='bbox 3033 2215 3358 2281; x_wconf 88' lang='lat' dir='ltr'>habuerunt,</span> <span class='ocrx_word' id='word_1_503' title='bbox 3383 2215 3512 2270; x_wconf 84' lang='lat' dir='ltr'>Tet-</span> 
     </span>
    </p>
   </div>
   <div class='ocr_carea' id='block_1_70' title="bbox 1909 2303 3514 2376">
    <p class='ocr_par' dir='ltr' id='par_1_70' title="bbox 1909 2303 3514 2376">
     <span class='ocr_line' id='line_1_70' title="bbox 1909 2303 3514 2376; baseline 0 -18"><span class='ocrx_word' id='word_1_504' title='bbox 1909 2305 2172 2376; x_wconf 87' lang='lat' dir='ltr'>grimmus</span> <span class='ocrx_word' id='word_1_505' title='bbox 2227 2305 2538 2376; x_wconf 74' lang='lat' dir='ltr'>presbyter,</span> <span class='ocrx_word' id='word_1_506' title='bbox 2599 2303 2952 2360; x_wconf 88' lang='lat' dir='ltr'>Ermenricus</span> <span class='ocrx_word' id='word_1_507' title='bbox 3017 2304 3323 2375; x_wconf 79' lang='lat' dir='ltr'>presbyter,</span> <span class='ocrx_word' id='word_1_508' title='bbox 3383 2303 3514 2358; x_wconf 90' lang='lat' dir='ltr'>item</span> 
     </span>
    </p>
   </div>
   <div class='ocr_carea' id='block_1_71' title="bbox 1909 2391 3514 2464">
    <p class='ocr_par' dir='ltr' id='par_1_71' title="bbox 1909 2391 3514 2464">
     <span class='ocr_line' id='line_1_71' title="bbox 1909 2391 3514 2464; baseline -0.001 -17"><span class='ocrx_word' id='word_1_509' title='bbox 1909 2393 2256 2450; x_wconf 86' lang='lat' dir='ltr'>Ermenricus</span> <span class='ocrx_word' id='word_1_510' title='bbox 2275 2393 2583 2464; x_wconf 88' lang='lat' dir='ltr'>presbyter.</span> <span class='ocrx_word' id='word_1_511' title='bbox 2613 2393 2673 2460; x_wconf 83' lang='lat' dir='ltr'>In</span> <span class='ocrx_word' id='word_1_512' title='bbox 2711 2407 2820 2464; x_wconf 87' lang='lat' dir='ltr'>qua</span> <span class='ocrx_word' id='word_1_513' title='bbox 2862 2392 3114 2458; x_wconf 88' lang='lat' dir='ltr'>ecclesia,</span> <span class='ocrx_word' id='word_1_514' title='bbox 3167 2392 3272 2447; x_wconf 87' lang='lat' dir='ltr'>sita</span> <span class='ocrx_word' id='word_1_515' title='bbox 3298 2391 3354 2446; x_wconf 90' lang='lat' dir='ltr'>in</span> <span class='ocrx_word' id='word_1_516' title='bbox 3384 2391 3514 2446; x_wconf 88' lang='lat' dir='ltr'>villa</span> 
     </span>
    </p>
   </div>
   <div class='ocr_carea' id='block_1_72' title="bbox 1909 2481 3514 2552">
    <p class='ocr_par' dir='ltr' id='par_1_72' title="bbox 1909 2481 3514 2552">
     <span class='ocr_line' id='line_1_72' title="bbox 1909 2481 3514 2552; baseline -0.001 -16"><span class='ocrx_word' id='word_1_517' title='bbox 1909 2481 2208 2548; x_wconf 81' lang='lat' dir='ltr'>Juviniaca,</span> <span class='ocrx_word' id='word_1_518' title='bbox 2241 2482 2403 2537; x_wconf 89' lang='lat' dir='ltr'>simul</span> <span class='ocrx_word' id='word_1_519' title='bbox 2431 2499 2557 2538; x_wconf 90' lang='lat' dir='ltr'>cum</span> <span class='ocrx_word' id='word_1_520' title='bbox 2583 2481 2804 2552; x_wconf 85' lang='lat' dir='ltr'>prafata</span> <span class='ocrx_word' id='word_1_521' title='bbox 2835 2481 3063 2552; x_wconf 87' lang='lat' dir='ltr'>capella,</span> <span class='ocrx_word' id='word_1_522' title='bbox 3095 2481 3258 2536; x_wconf 82' lang='lat' dir='ltr'>istum</span> <span class='ocrx_word' id='word_1_523' title='bbox 3287 2481 3514 2552; x_wconf 83' lang='lat' dir='ltr'>presby-</span> 
     </span>
    </p>
   </div>
   <div class='ocr_carea' id='block_1_73' title="bbox 1912 2568 3506 2642">
    <p class='ocr_par' dir='ltr' id='par_1_73' title="bbox 1912 2568 3506 2642">
     <span class='ocr_line' id='line_1_73' title="bbox 1912 2568 3506 2642; baseline 0 -18"><span class='ocrx_word' id='word_1_524' title='bbox 1912 2577 2106 2640; x_wconf 90' lang='lat' dir='ltr'>terum,</span> <span class='ocrx_word' id='word_1_525' title='bbox 2161 2571 2254 2642; x_wconf 87' lang='lat' dir='ltr'>qui</span> <span class='ocrx_word' id='word_1_526' title='bbox 2300 2571 2480 2626; x_wconf 88' lang='lat' dir='ltr'>adhuc</span> <span class='ocrx_word' id='word_1_527' title='bbox 2509 2587 2603 2624; x_wconf 91' lang='lat' dir='ltr'>eas</span> <span class='ocrx_word' id='word_1_528' title='bbox 2633 2577 2798 2636; x_wconf 89' lang='lat' dir='ltr'>tenet,</span> <span class='ocrx_word' id='word_1_529' title='bbox 2848 2570 3068 2625; x_wconf 88' lang='lat' dir='ltr'>nomine</span> <span class='ocrx_word' id='word_1_530' title='bbox 3106 2568 3506 2638; x_wconf 89' lang='lat' dir='ltr'>Ermenricum,</span> 
     </span>
    </p>
   </div>
   <div class='ocr_carea' id='block_1_74' title="bbox 1912 2658 3510 2731">
    <p class='ocr_par' dir='ltr' id='par_1_74' title="bbox 1912 2658 3510 2731">
     <span class='ocr_line' id='line_1_74' title="bbox 1912 2658 3510 2731; baseline -0.002 -16"><span class='ocrx_word' id='word_1_531' title='bbox 1912 2660 2051 2726; x_wconf 93' lang='lat' dir='ltr'>Ebo,</span> <span class='ocrx_word' id='word_1_532' title='bbox 2082 2660 2296 2731; x_wconf 86' lang='lat' dir='ltr'>quando</span> <span class='ocrx_word' id='word_1_533' title='bbox 2325 2659 2688 2715; x_wconf 87' lang='lat' dir='ltr'>Bertmundus</span> <span class='ocrx_word' id='word_1_534' title='bbox 2718 2674 2903 2715; x_wconf 89' lang='lat' dir='ltr'>comes</span> <span class='ocrx_word' id='word_1_535' title='bbox 2933 2661 3156 2714; x_wconf 90' lang='lat' dir='ltr'>easdem</span> <span class='ocrx_word' id='word_1_536' title='bbox 3185 2658 3342 2714; x_wconf 86' lang='lat' dir='ltr'>villas</span> <span class='ocrx_word' id='word_1_537' title='bbox 3371 2658 3510 2714; x_wconf 87' lang='lat' dir='ltr'>insi-</span> 
     </span>
    </p>
   </div>
   <div class='ocr_carea' id='block_1_75' title="bbox 1912 2746 3508 2819">
    <p class='ocr_par' dir='ltr' id='par_1_75' title="bbox 1912 2746 3508 2819">
     <span class='ocr_line' id='line_1_75' title="bbox 1912 2746 3508 2819; baseline -0.001 -17"><span class='ocrx_word' id='word_1_538' title='bbox 1912 2748 2024 2802; x_wconf 91' lang='lat' dir='ltr'>mul</span> <span class='ocrx_word' id='word_1_539' title='bbox 2071 2765 2172 2819; x_wconf 91' lang='lat' dir='ltr'>per</span> <span class='ocrx_word' id='word_1_540' title='bbox 2217 2748 2541 2804; x_wconf 80' lang='lat' dir='ltr'>beneficium</span> <span class='ocrx_word' id='word_1_541' title='bbox 2587 2747 2932 2819; x_wconf 90' lang='lat' dir='ltr'>imperatoris</span> <span class='ocrx_word' id='word_1_542' title='bbox 2975 2746 3234 2803; x_wconf 91' lang='lat' dir='ltr'>Ludovici</span> <span class='ocrx_word' id='word_1_543' title='bbox 3271 2747 3508 2814; x_wconf 86' lang='lat' dir='ltr'>tenebat,</span> 
     </span>
    </p>
   </div>
   <div class='ocr_carea' id='block_1_76' title="bbox 1914 2835 3512 2908">
    <p class='ocr_par' dir='ltr' id='par_1_76' title="bbox 1914 2835 3512 2908">
     <span class='ocr_line' id='line_1_76' title="bbox 1914 2835 3512 2908; baseline 0 -18"><span class='ocrx_word' id='word_1_544' title='bbox 1914 2845 2106 2908; x_wconf 89' lang='lat' dir='ltr'>quarto</span> <span class='ocrx_word' id='word_1_545' title='bbox 2154 2853 2296 2892; x_wconf 88' lang='lat' dir='ltr'>anno</span> <span class='ocrx_word' id='word_1_546' title='bbox 2326 2845 2452 2893; x_wconf 87' lang='lat' dir='ltr'>ante</span> <span class='ocrx_word' id='word_1_547' title='bbox 2479 2837 2877 2908; x_wconf 88' lang='lat' dir='ltr'>depositionem</span> <span class='ocrx_word' id='word_1_548' title='bbox 2907 2853 3064 2891; x_wconf 89' lang='lat' dir='ltr'>suam</span> <span class='ocrx_word' id='word_1_549' title='bbox 3101 2836 3385 2902; x_wconf 88' lang='lat' dir='ltr'>ordinavit,</span> <span class='ocrx_word' id='word_1_550' title='bbox 3419 2835 3512 2908; x_wconf 91' lang='lat' dir='ltr'>qui</span> 
     </span>
    </p>
   </div>
   <div class='ocr_carea' id='block_1_77' title="bbox 1913 2924 3510 2996">
    <p class='ocr_par' dir='ltr' id='par_1_77' title="bbox 1913 2924 3510 2996">
     <span class='ocr_line' id='line_1_77' title="bbox 1913 2924 3510 2996; baseline -0.002 -15"><span class='ocrx_word' id='word_1_551' title='bbox 1913 2927 2033 2981; x_wconf 87' lang='lat' dir='ltr'>Ebo</span> <span class='ocrx_word' id='word_1_552' title='bbox 2060 2926 2341 2996; x_wconf 90' lang='lat' dir='ltr'>depositus</span> <span class='ocrx_word' id='word_1_553' title='bbox 2369 2925 2466 2981; x_wconf 85' lang='lat' dir='ltr'>fuit</span> <span class='ocrx_word' id='word_1_554' title='bbox 2497 2942 2642 2982; x_wconf 89' lang='lat' dir='ltr'>anno</span> <span class='ocrx_word' id='word_1_555' title='bbox 2671 2925 3061 2982; x_wconf 87' lang='lat' dir='ltr'>incarnationis</span> <span class='ocrx_word' id='word_1_556' title='bbox 3091 2924 3391 2980; x_wconf 85' lang='lat' dir='ltr'>Dominica</span> <span class='ocrx_word' id='word_1_557' title='bbox 3405 2927 3510 2979; x_wconf 80' lang='lat'>835</span> 
     </span>
    </p>
   </div>
   <div class='ocr_carea' id='block_1_78' title="bbox 1915 3013 3511 3086">
    <p class='ocr_par' dir='ltr' id='par_1_78' title="bbox 1915 3013 3511 3086">
     <span class='ocr_line' id='line_1_78' title="bbox 1915 3013 3511 3086; baseline -0.001 -16"><span class='ocrx_word' id='word_1_558' title='bbox 1915 3023 1969 3070; x_wconf 88' lang='lat' dir='ltr'>et</span> <span class='ocrx_word' id='word_1_559' title='bbox 2007 3023 2254 3086; x_wconf 89' lang='lat' dir='ltr'>tempore</span> <span class='ocrx_word' id='word_1_560' title='bbox 2293 3013 2648 3086; x_wconf 87' lang='lat' dir='ltr'>prafatorum</span> <span class='ocrx_word' id='word_1_561' title='bbox 2696 3015 2986 3081; x_wconf 90' lang='lat' dir='ltr'>seniorum,</span> <span class='ocrx_word' id='word_1_562' title='bbox 3043 3013 3137 3086; x_wconf 88' lang='lat' dir='ltr'>qui</span> <span class='ocrx_word' id='word_1_563' title='bbox 3180 3013 3511 3070; x_wconf 90' lang='lat' dir='ltr'>Bertmundo</span> 
     </span>
    </p>
   </div>
   <div class='ocr_carea' id='block_1_79' title="bbox 1913 3101 3511 3173">
    <p class='ocr_par' dir='ltr' id='par_1_79' title="bbox 1913 3101 3511 3173">
     <span class='ocr_line' id='line_1_79' title="bbox 1913 3101 3511 3173; baseline -0.001 -16"><span class='ocrx_word' id='word_1_564' title='bbox 1913 3103 1968 3157; x_wconf 89' lang='lat' dir='ltr'>in</span> <span class='ocrx_word' id='word_1_565' title='bbox 2001 3105 2193 3158; x_wconf 89' lang='lat' dir='ltr'>eadem</span> <span class='ocrx_word' id='word_1_566' title='bbox 2222 3103 2348 3158; x_wconf 86' lang='lat' dir='ltr'>villa</span> <span class='ocrx_word' id='word_1_567' title='bbox 2369 3111 2772 3172; x_wconf 89' lang='lat' dir='ltr'>successerunt,</span> <span class='ocrx_word' id='word_1_568' title='bbox 2797 3103 3048 3158; x_wconf 86' lang='lat' dir='ltr'>eamdem</span> <span class='ocrx_word' id='word_1_569' title='bbox 3067 3101 3333 3173; x_wconf 88' lang='lat' dir='ltr'>capellam</span> <span class='ocrx_word' id='word_1_570' title='bbox 3349 3102 3511 3156; x_wconf 89' lang='lat' dir='ltr'>simul</span> 
     </span>
    </p>
   </div>
   <div class='ocr_carea' id='block_1_80' title="bbox 1911 3191 3511 3263">
    <p class='ocr_par' dir='ltr' id='par_1_80' title="bbox 1911 3191 3511 3263">
     <span class='ocr_line' id='line_1_80' title="bbox 1911 3191 3511 3263; baseline -0.001 -15"><span class='ocrx_word' id='word_1_571' title='bbox 1911 3208 2038 3248; x_wconf 91' lang='lat' dir='ltr'>cum</span> <span class='ocrx_word' id='word_1_572' title='bbox 2066 3191 2300 3248; x_wconf 87' lang='lat' dir='ltr'>ecclesia</span> <span class='ocrx_word' id='word_1_573' title='bbox 2343 3191 2532 3257; x_wconf 90' lang='lat' dir='ltr'>tenuit,</span> <span class='ocrx_word' id='word_1_574' title='bbox 2562 3209 2734 3263; x_wconf 89' lang='lat' dir='ltr'>usque</span> <span class='ocrx_word' id='word_1_575' title='bbox 2765 3193 2890 3246; x_wconf 90' lang='lat' dir='ltr'>dum</span> <span class='ocrx_word' id='word_1_576' title='bbox 2919 3191 3180 3246; x_wconf 86' lang='lat' dir='ltr'>Pardulus</span> <span class='ocrx_word' id='word_1_577' title='bbox 3219 3191 3511 3262; x_wconf 89' lang='lat' dir='ltr'>episcopus</span> 
     </span>
    </p>
   </div>
   <div class='ocr_carea' id='block_1_81' title="bbox 1910 3278 3512 3351">
    <p class='ocr_par' dir='ltr' id='par_1_81' title="bbox 1910 3278 3512 3351">
     <span class='ocr_line' id='line_1_81' title="bbox 1910 3278 3512 3351; baseline 0.001 -17"><span class='ocrx_word' id='word_1_578' title='bbox 1910 3281 2056 3350; x_wconf 89' lang='lat' dir='ltr'>apud</span> <span class='ocrx_word' id='word_1_579' title='bbox 2085 3280 2249 3335; x_wconf 89' lang='lat' dir='ltr'>istum</span> <span class='ocrx_word' id='word_1_580' title='bbox 2278 3279 2542 3334; x_wconf 81' lang='lat' dir='ltr'>domuum</span> <span class='ocrx_word' id='word_1_581' title='bbox 2570 3279 2822 3335; x_wconf 88' lang='lat' dir='ltr'>Carolum</span> <span class='ocrx_word' id='word_1_582' title='bbox 2850 3280 2970 3350; x_wconf 89' lang='lat' dir='ltr'>ipsa</span> <span class='ocrx_word' id='word_1_583' title='bbox 2989 3295 3180 3334; x_wconf 87' lang='lat' dir='ltr'>mansa</span> <span class='ocrx_word' id='word_1_584' title='bbox 3201 3278 3512 3351; x_wconf 86' lang='lat' dir='ltr'>impetravit</span> 
     </span>
    </p>
   </div>
   <div class='ocr_carea' id='block_1_82' title="bbox 1912 3367 3510 3440">
    <p class='ocr_par' dir='ltr' id='par_1_82' title="bbox 1912 3367 3510 3440">
     <span class='ocr_line' id='line_1_82' title="bbox 1912 3367 3510 3440; baseline -0.001 -16"><span class='ocrx_word' id='word_1_585' title='bbox 1912 3368 2159 3425; x_wconf 82' lang='lat' dir='ltr'>ecclesia</span> <span class='ocrx_word' id='word_1_586' title='bbox 2205 3368 2552 3424; x_wconf 90' lang='lat' dir='ltr'>Laudunensi</span> <span class='ocrx_word' id='word_1_587' title='bbox 2598 3369 2828 3434; x_wconf 90' lang='lat' dir='ltr'>restitui,</span> <span class='ocrx_word' id='word_1_588' title='bbox 2862 3377 2912 3424; x_wconf 93' lang='lat' dir='ltr'>et</span> <span class='ocrx_word' id='word_1_589' title='bbox 2942 3368 3043 3424; x_wconf 91' lang='lat' dir='ltr'>iste</span> <span class='ocrx_word' id='word_1_590' title='bbox 3070 3369 3188 3440; x_wconf 91' lang='lat' dir='ltr'>ipse</span> <span class='ocrx_word' id='word_1_591' title='bbox 3224 3367 3510 3424; x_wconf 86' lang='lat' dir='ltr'>Ermenri-</span> 
     </span>
    </p>
   </div>
   <div class='ocr_carea' id='block_1_83' title="bbox 1911 3457 3510 3529">
    <p class='ocr_par' dir='ltr' id='par_1_83' title="bbox 1911 3457 3510 3529">
     <span class='ocr_line' id='line_1_83' title="bbox 1911 3457 3510 3529; baseline 0.001 -17"><span class='ocrx_word' id='word_1_592' title='bbox 1911 3473 2026 3526; x_wconf 89' lang='lat' dir='ltr'>cus,</span> <span class='ocrx_word' id='word_1_593' title='bbox 2059 3457 2296 3529; x_wconf 90' lang='lat' dir='ltr'>quandiu</span> <span class='ocrx_word' id='word_1_594' title='bbox 2327 3457 2596 3512; x_wconf 87' lang='lat' dir='ltr'>Pardulus</span> <span class='ocrx_word' id='word_1_595' title='bbox 2625 3457 2772 3524; x_wconf 82' lang='lat' dir='ltr'>vixit,</span> <span class='ocrx_word' id='word_1_596' title='bbox 2806 3457 2978 3528; x_wconf 89' lang='lat' dir='ltr'>ipsam</span> <span class='ocrx_word' id='word_1_597' title='bbox 3009 3457 3273 3528; x_wconf 85' lang='lat' dir='ltr'>capellam</span> <span class='ocrx_word' id='word_1_598' title='bbox 3315 3458 3510 3514; x_wconf 87' lang='lat' dir='ltr'>Eccle-</span> 
     </span>
    </p>
   </div>
   <div class='ocr_carea' id='block_1_84' title="bbox 1911 3545 3513 3621">
    <p class='ocr_par' dir='ltr' id='par_1_84' title="bbox 1911 3545 3513 3621">
     <span class='ocr_line' id='line_1_84' title="bbox 1911 3545 3513 3621; baseline 0.001 -21"><span class='ocrx_word' id='word_1_599' title='bbox 1911 3545 2007 3602; x_wconf 86' lang='lat' dir='ltr'>sia</span> <span class='ocrx_word' id='word_1_600' title='bbox 2035 3562 2148 3602; x_wconf 86' lang='lat' dir='ltr'>sua</span> <span class='ocrx_word' id='word_1_601' title='bbox 2179 3546 2479 3615; x_wconf 87' lang='lat' dir='ltr'>subjectam</span> <span class='ocrx_word' id='word_1_602' title='bbox 2525 3545 2642 3600; x_wconf 90' lang='lat' dir='ltr'>sine</span> <span class='ocrx_word' id='word_1_603' title='bbox 2685 3546 2798 3600; x_wconf 87' lang='lat' dir='ltr'>ulla</span> <span class='ocrx_word' id='word_1_604' title='bbox 2826 3545 3197 3618; x_wconf 86' lang='lat' dir='ltr'>inquietudine</span> <span class='ocrx_word' id='word_1_605' title='bbox 3233 3546 3426 3613; x_wconf 91' lang='lat' dir='ltr'>tenuit,</span> <span class='ocrx_word' id='word_1_606' title='bbox 3459 3562 3513 3621; x_wconf 53' lang='lat' dir='ltr'>et</span> 
     </span>
    </p>
   </div>
   <div class='ocr_carea' id='block_1_85' title="bbox 1910 3643 3512 3716">
    <p class='ocr_par' dir='ltr' id='par_1_85' title="bbox 1910 3643 3512 3716">
     <span class='ocr_line' id='line_1_85' title="bbox 1910 3643 3512 3716; baseline 0 -20"><span class='ocrx_word' id='word_1_607' title='bbox 1910 3645 2015 3700; x_wconf 84' lang='lat' dir='ltr'>hoc</span> <span class='ocrx_word' id='word_1_608' title='bbox 2043 3643 2368 3716; x_wconf 81' lang='lat' dir='ltr'>regulariter</span> <span class='ocrx_word' id='word_1_609' title='bbox 2409 3659 2510 3714; x_wconf 91' lang='lat' dir='ltr'>per</span> <span class='ocrx_word' id='word_1_610' title='bbox 2555 3643 2927 3716; x_wconf 82' lang='lat' dir='ltr'>presbyteros,</span> <span class='ocrx_word' id='word_1_611' title='bbox 2972 3659 3203 3716; x_wconf 91' lang='lat' dir='ltr'>quorum</span> <span class='ocrx_word' id='word_1_612' title='bbox 3247 3644 3512 3698; x_wconf 86' lang='lat' dir='ltr'>habemus</span> 
     </span>
    </p>
   </div>
   <div class='ocr_carea' id='block_1_86' title="bbox 1911 3731 3510 3806">
    <p class='ocr_par' dir='ltr' id='par_1_86' title="bbox 1911 3731 3510 3806">
     <span class='ocr_line' id='line_1_86' title="bbox 1911 3731 3510 3806; baseline 0 -19"><span class='ocrx_word' id='word_1_613' title='bbox 1911 3732 2148 3801; x_wconf 87' lang='lat' dir='ltr'>nomina,</span> <span class='ocrx_word' id='word_1_614' title='bbox 2201 3732 2561 3804; x_wconf 88' lang='lat' dir='ltr'>approbatum</span> <span class='ocrx_word' id='word_1_615' title='bbox 2607 3732 2724 3799; x_wconf 91' lang='lat' dir='ltr'>fuit,</span> <span class='ocrx_word' id='word_1_616' title='bbox 2771 3731 2910 3788; x_wconf 89' lang='lat' dir='ltr'>inter</span> <span class='ocrx_word' id='word_1_617' title='bbox 2949 3748 3086 3805; x_wconf 90' lang='lat' dir='ltr'>quos</span> <span class='ocrx_word' id='word_1_618' title='bbox 3133 3733 3351 3806; x_wconf 88' lang='lat' dir='ltr'>quidam</span> <span class='ocrx_word' id='word_1_619' title='bbox 3397 3734 3510 3789; x_wconf 83' lang='lat' dir='ltr'>Ra-</span> 
     </span>
    </p>
   </div>
   <div class='ocr_carea' id='block_1_87' title="bbox 1911 3821 3514 3895">
    <p class='ocr_par' dir='ltr' id='par_1_87' title="bbox 1911 3821 3514 3895">
     <span class='ocr_line' id='line_1_87' title="bbox 1911 3821 3514 3895; baseline 0.001 -19"><span class='ocrx_word' id='word_1_620' title='bbox 1911 3830 2157 3878; x_wconf 89' lang='lat' dir='ltr'>tramnus</span> <span class='ocrx_word' id='word_1_621' title='bbox 2167 3823 2458 3894; x_wconf 86' lang='lat' dir='ltr'>presbyter</span> <span class='ocrx_word' id='word_1_622' title='bbox 2467 3823 2578 3893; x_wconf 87' lang='lat' dir='ltr'>jam</span> <span class='ocrx_word' id='word_1_623' title='bbox 2596 3821 3000 3894; x_wconf 77' lang='lat' dir='ltr'>nonagenarius</span> <span class='ocrx_word' id='word_1_624' title='bbox 3018 3830 3242 3878; x_wconf 88' lang='lat' dir='ltr'>testatus</span> <span class='ocrx_word' id='word_1_625' title='bbox 3256 3830 3360 3894; x_wconf 89' lang='lat' dir='ltr'>est,</span> <span class='ocrx_word' id='word_1_626' title='bbox 3385 3821 3514 3895; x_wconf 87' lang='lat' dir='ltr'>quia</span> 
     </span>
    </p>
   </div>
   <div class='ocr_carea' id='block_1_88' title="bbox 1912 3900 3514 3984">
    <p class='ocr_par' dir='ltr' id='par_1_88' title="bbox 1912 3900 3514 3984">
     <span class='ocr_line' id='line_1_88' title="bbox 1912 3900 3514 3984; baseline 0 -18"><span class='ocrx_word' id='word_1_627' title='bbox 1912 3927 1978 3966; x_wconf 87' lang='lat' dir='ltr'>ex</span> <span class='ocrx_word' id='word_1_628' title='bbox 2009 3926 2115 3983; x_wconf 90' lang='lat' dir='ltr'>quo</span> <span class='ocrx_word' id='word_1_629' title='bbox 2147 3926 2372 3966; x_wconf 88' lang='lat' dir='ltr'>sensum</span> <span class='ocrx_word' id='word_1_630' title='bbox 2399 3911 2589 3966; x_wconf 87' lang='lat' dir='ltr'>habuit</span> <span class='ocrx_word' id='word_1_631' title='bbox 2613 3913 2759 3983; x_wconf 90' lang='lat' dir='ltr'>quod</span> <span class='ocrx_word' id='word_1_632' title='bbox 2788 3913 2892 3967; x_wconf 89' lang='lat' dir='ltr'>hoc</span> <span class='ocrx_word' id='word_1_633' title='bbox 2919 3927 3258 3984; x_wconf 76' lang='lat' dir='ltr'>cognoscere</span> <span class='ocrx_word' id='word_1_634' title='bbox 3300 3900 3514 3983; x_wconf 57' lang='lat' dir='ltr'>pomis:</span> 
     </span>
    </p>
   </div>
   <div class='ocr_carea' id='block_1_89' title="bbox 1911 3999 3514 4073">
    <p class='ocr_par' dir='ltr' id='par_1_89' title="bbox 1911 3999 3514 4073">
     <span class='ocr_line' id='line_1_89' title="bbox 1911 3999 3514 4073; baseline 0.002 -20"><span class='ocrx_word' id='word_1_635' title='bbox 1911 4008 2012 4064; x_wconf 90' lang='lat' dir='ltr'>set,</span> <span class='ocrx_word' id='word_1_636' title='bbox 2077 4015 2292 4071; x_wconf 89' lang='lat' dir='ltr'>semper</span> <span class='ocrx_word' id='word_1_637' title='bbox 2345 4000 2478 4056; x_wconf 91' lang='lat' dir='ltr'>vidit</span> <span class='ocrx_word' id='word_1_638' title='bbox 2518 4001 2898 4073; x_wconf 85' lang='lat' dir='ltr'>presbyterum</span> <span class='ocrx_word' id='word_1_639' title='bbox 2948 4001 3016 4057; x_wconf 91' lang='lat' dir='ltr'>de</span> <span class='ocrx_word' id='word_1_640' title='bbox 3060 4001 3338 4058; x_wconf 85' lang='lat' dir='ltr'>Juviniaca</span> <span class='ocrx_word' id='word_1_641' title='bbox 3383 3999 3514 4057; x_wconf 84' lang='lat' dir='ltr'>villa</span> 
     </span>
    </p>
   </div>
   <div class='ocr_carea' id='block_1_90' title="bbox 1909 4089 3515 4160">
    <p class='ocr_par' dir='ltr' id='par_1_90' title="bbox 1909 4089 3515 4160">
     <span class='ocr_line' id='line_1_90' title="bbox 1909 4089 3515 4160; baseline 0.001 -18"><span class='ocrx_word' id='word_1_642' title='bbox 1909 4089 2109 4143; x_wconf 84' lang='lat' dir='ltr'>habere</span> <span class='ocrx_word' id='word_1_643' title='bbox 2154 4105 2277 4144; x_wconf 90' lang='lat' dir='ltr'>cum</span> <span class='ocrx_word' id='word_1_644' title='bbox 2325 4089 2418 4144; x_wconf 90' lang='lat' dir='ltr'>illa</span> <span class='ocrx_word' id='word_1_645' title='bbox 2447 4089 2609 4144; x_wconf 90' lang='lat' dir='ltr'>etiam</span> <span class='ocrx_word' id='word_1_646' title='bbox 2657 4090 2889 4145; x_wconf 89' lang='lat' dir='ltr'>ecclesia</span> <span class='ocrx_word' id='word_1_647' title='bbox 2924 4090 3194 4160; x_wconf 89' lang='lat' dir='ltr'>capellam</span> <span class='ocrx_word' id='word_1_648' title='bbox 3222 4091 3292 4145; x_wconf 92' lang='lat' dir='ltr'>de</span> <span class='ocrx_word' id='word_1_649' title='bbox 3321 4089 3515 4145; x_wconf 80' lang='lat' dir='ltr'>Attola</span> 
     </span>
    </p>
   </div>
   <div class='ocr_carea' id='block_1_91' title="bbox 1912 4177 3512 4250">
    <p class='ocr_par' dir='ltr' id='par_1_91' title="bbox 1912 4177 3512 4250">
     <span class='ocr_line' id='line_1_91' title="bbox 1912 4177 3512 4250; baseline 0.001 -18"><span class='ocrx_word' id='word_1_650' title='bbox 1912 4185 2084 4247; x_wconf 89' lang='lat' dir='ltr'>eurte,</span> <span class='ocrx_word' id='word_1_651' title='bbox 2109 4193 2212 4232; x_wconf 91' lang='lat' dir='ltr'>nec</span> <span class='ocrx_word' id='word_1_652' title='bbox 2260 4193 2368 4232; x_wconf 89' lang='lat' dir='ltr'>non</span> <span class='ocrx_word' id='word_1_653' title='bbox 2393 4185 2445 4232; x_wconf 85' lang='lat' dir='ltr'>et</span> <span class='ocrx_word' id='word_1_654' title='bbox 2475 4177 2725 4250; x_wconf 86' lang='lat' dir='ltr'>legaliter</span> <span class='ocrx_word' id='word_1_655' title='bbox 2768 4194 2868 4248; x_wconf 83' lang='lat' dir='ltr'>per</span> <span class='ocrx_word' id='word_1_656' title='bbox 2917 4179 3160 4234; x_wconf 87' lang='lat' dir='ltr'>Francos</span> <span class='ocrx_word' id='word_1_657' title='bbox 3213 4179 3268 4232; x_wconf 89' lang='lat' dir='ltr'>in</span> <span class='ocrx_word' id='word_1_658' title='bbox 3317 4179 3512 4234; x_wconf 89' lang='lat' dir='ltr'>eadem</span> 
     </span>
    </p>
   </div>
   <div class='ocr_carea' id='block_1_92' title="bbox 1911 4266 3512 4337">
    <p class='ocr_par' dir='ltr' id='par_1_92' title="bbox 1911 4266 3512 4337">
     <span class='ocr_line' id='line_1_92' title="bbox 1911 4266 3512 4337; baseline 0 -17"><span class='ocrx_word' id='word_1_659' title='bbox 1911 4266 2040 4320; x_wconf 82' lang='lat' dir='ltr'>villa</span> <span class='ocrx_word' id='word_1_660' title='bbox 2068 4273 2490 4334; x_wconf 89' lang='lat' dir='ltr'>commanentes,</span> <span class='ocrx_word' id='word_1_661' title='bbox 2526 4267 2623 4322; x_wconf 89' lang='lat' dir='ltr'>sed</span> <span class='ocrx_word' id='word_1_662' title='bbox 2644 4275 2696 4322; x_wconf 88' lang='lat' dir='ltr'>et</span> <span class='ocrx_word' id='word_1_663' title='bbox 2726 4283 2825 4337; x_wconf 87' lang='lat' dir='ltr'>per</span> <span class='ocrx_word' id='word_1_664' title='bbox 2843 4267 3052 4322; x_wconf 85' lang='lat' dir='ltr'>vicinos</span> <span class='ocrx_word' id='word_1_665' title='bbox 3075 4267 3512 4322; x_wconf 87' lang='lat' dir='ltr'>circummanen-</span> 
     </span>
    </p>
   </div>
   <div class='ocr_carea' id='block_1_93' title="bbox 1911 4355 3506 4428">
    <p class='ocr_par' dir='ltr' id='par_1_93' title="bbox 1911 4355 3506 4428">
     <span class='ocr_line' id='line_1_93' title="bbox 1911 4355 3506 4428; baseline 0.001 -19"><span class='ocrx_word' id='word_1_666' title='bbox 1911 4362 2010 4425; x_wconf 89' lang='lat' dir='ltr'>tes,</span> <span class='ocrx_word' id='word_1_667' title='bbox 2043 4355 2206 4410; x_wconf 88' lang='lat' dir='ltr'>etiam</span> <span class='ocrx_word' id='word_1_668' title='bbox 2237 4362 2288 4410; x_wconf 91' lang='lat' dir='ltr'>et</span> <span class='ocrx_word' id='word_1_669' title='bbox 2317 4371 2417 4426; x_wconf 92' lang='lat' dir='ltr'>per</span> <span class='ocrx_word' id='word_1_670' title='bbox 2445 4355 2688 4422; x_wconf 90' lang='lat' dir='ltr'>colonos,</span> <span class='ocrx_word' id='word_1_671' title='bbox 2713 4371 2943 4428; x_wconf 89' lang='lat' dir='ltr'>quorum</span> <span class='ocrx_word' id='word_1_672' title='bbox 2973 4356 3240 4412; x_wconf 89' lang='lat' dir='ltr'>habemus</span> <span class='ocrx_word' id='word_1_673' title='bbox 3267 4357 3506 4427; x_wconf 87' lang='lat' dir='ltr'>nomina,</span> 
     </span>
    </p>
   </div>
   <div class='ocr_carea' id='block_1_94' title="bbox 207 4431 3509 4517">
    <p class='ocr_par' dir='ltr' id='par_1_94' title="bbox 207 4431 3509 4517">
     <span class='ocr_line' id='line_1_94' title="bbox 207 4431 3509 4517; baseline -0.002 -11"><span class='ocrx_word' id='word_1_674' title='bbox 207 4451 330 4491; x_wconf 65' lang='grc' dir='ltr'>ηοω</span> <span class='ocrx_word' id='word_1_675' title='bbox 371 4451 441 4491; x_wconf 68' lang='lat' dir='ltr'>ac</span> <span class='ocrx_word' id='word_1_676' title='bbox 487 4433 932 4506; x_wconf 64' lang='grc' dir='ltr'>Ρτωάίοθίίοηθπι</span> <span class='ocrx_word' id='word_1_677' title='bbox 962 4435 1029 4488; x_wconf 72' lang='lat' dir='ltr'>ad</span> <span class='ocrx_word' id='word_1_678' title='bbox 1061 4450 1147 4490; x_wconf 74' lang='lat' dir='ltr'>me</span> <span class='ocrx_word' id='word_1_679' title='bbox 1175 4441 1463 4502; x_wconf 61' lang='lat' dir='ltr'>Venerunt,</span> <span class='ocrx_word' id='word_1_680' title='bbox 1495 4431 1612 4486; x_wconf 68' lang='lat' dir='ltr'>Sine</span> <span class='ocrx_word' id='word_1_681' title='bbox 1642 4431 1808 4486; x_wconf 61' lang='lat' dir='ltr'>dumo</span> <span class='ocrx_word' id='word_1_682' title='bbox 1836 4432 1888 4491; x_wconf 86' lang='lat' dir='ltr'><strong>D</strong></span> <span class='ocrx_word' id='word_1_683' title='bbox 1909 4445 2015 4499; x_wconf 89' lang='lat' dir='ltr'>hoc</span> <span class='ocrx_word' id='word_1_684' title='bbox 2057 4443 2113 4498; x_wconf 92' lang='lat' dir='ltr'>in</span> <span class='ocrx_word' id='word_1_685' title='bbox 2161 4451 2376 4500; x_wconf 91' lang='lat' dir='ltr'>tuorum</span> <span class='ocrx_word' id='word_1_686' title='bbox 2423 4445 2715 4501; x_wconf 89' lang='lat' dir='ltr'>missorum</span> <span class='ocrx_word' id='word_1_687' title='bbox 2761 4445 3051 4516; x_wconf 81' lang='lat' dir='ltr'>prasentia</span> <span class='ocrx_word' id='word_1_688' title='bbox 3096 4445 3509 4517; x_wconf 87' lang='lat' dir='ltr'>comprobatum</span> 
     </span>
    </p>
   </div>
   <div class='ocr_carea' id='block_1_95' title="bbox 205 4519 1808 4596">
    <p class='ocr_par' dir='ltr' id='par_1_95' title="bbox 205 4519 1808 4596">
     <span class='ocr_line' id='line_1_95' title="bbox 205 4519 1808 4596; baseline -0.002 -18"><span class='ocrx_word' id='word_1_689' title='bbox 205 4524 329 4580; x_wconf 91' lang='lat' dir='ltr'>inde</span> <span class='ocrx_word' id='word_1_690' title='bbox 355 4524 546 4596; x_wconf 88' lang='lat' dir='ltr'>aliqua</span> <span class='ocrx_word' id='word_1_691' title='bbox 574 4523 888 4579; x_wconf 90' lang='lat' dir='ltr'>reclamatio</span> <span class='ocrx_word' id='word_1_692' title='bbox 933 4523 1003 4578; x_wconf 89' lang='lat' dir='ltr'>ad</span> <span class='ocrx_word' id='word_1_693' title='bbox 1032 4539 1120 4578; x_wconf 90' lang='lat' dir='ltr'>me</span> <span class='ocrx_word' id='word_1_694' title='bbox 1148 4522 1376 4578; x_wconf 90' lang='lat' dir='ltr'>veniret.</span> <span class='ocrx_word' id='word_1_695' title='bbox 1421 4523 1614 4576; x_wconf 89' lang='lat' dir='ltr'>Postea</span> <span class='ocrx_word' id='word_1_696' title='bbox 1645 4519 1808 4576; x_wconf 88' lang='lat' dir='ltr'>etiam</span> 
     </span>
    </p>
   </div>
   <div class='ocr_carea' id='block_1_96' title="bbox 207 4609 1808 4685">
    <p class='ocr_par' dir='ltr' id='par_1_96' title="bbox 207 4609 1808 4685">
     <span class='ocr_line' id='line_1_96' title="bbox 207 4609 1808 4685; baseline -0.002 -17"><span class='ocrx_word' id='word_1_697' title='bbox 207 4629 369 4685; x_wconf 90' lang='lat' dir='ltr'>quam</span> <span class='ocrx_word' id='word_1_698' title='bbox 398 4613 534 4668; x_wconf 90' lang='lat' dir='ltr'>mihi</span> <span class='ocrx_word' id='word_1_699' title='bbox 565 4629 627 4668; x_wconf 92' lang='lat' dir='ltr'>ea</span> <span class='ocrx_word' id='word_1_700' title='bbox 658 4629 778 4684; x_wconf 80' lang='lat' dir='ltr'>qua</span> <span class='ocrx_word' id='word_1_701' title='bbox 807 4611 1048 4682; x_wconf 82' lang='lat' dir='ltr'>praemisi</span> <span class='ocrx_word' id='word_1_702' title='bbox 1077 4628 1176 4682; x_wconf 91' lang='lat' dir='ltr'>per</span> <span class='ocrx_word' id='word_1_703' title='bbox 1205 4611 1489 4682; x_wconf 82' lang='lat' dir='ltr'>prafatum</span> <span class='ocrx_word' id='word_1_704' title='bbox 1521 4609 1808 4665; x_wconf 89' lang='lat' dir='ltr'>venerabi-</span> 
     </span>
    </p>
   </div>
   <div class='ocr_carea' id='block_1_97' title="bbox 208 4699 1809 4772">
    <p class='ocr_par' dir='ltr' id='par_1_97' title="bbox 208 4699 1809 4772">
     <span class='ocr_line' id='line_1_97' title="bbox 208 4699 1809 4772; baseline -0.001 -17"><span class='ocrx_word' id='word_1_705' title='bbox 208 4702 312 4758; x_wconf 91' lang='lat' dir='ltr'>lem</span> <span class='ocrx_word' id='word_1_706' title='bbox 355 4701 831 4772; x_wconf 87' lang='lat' dir='ltr'>archiepiscopum</span> <span class='ocrx_word' id='word_1_707' title='bbox 876 4700 1166 4771; x_wconf 85' lang='lat' dir='ltr'>mandasti,</span> <span class='ocrx_word' id='word_1_708' title='bbox 1215 4700 1508 4772; x_wconf 82' lang='lat' dir='ltr'>diligenter</span> <span class='ocrx_word' id='word_1_709' title='bbox 1535 4699 1809 4771; x_wconf 89' lang='lat' dir='ltr'>inquirere</span> 
     </span>
    </p>
   </div>
   <div class='ocr_carea' id='block_1_98' title="bbox 209 4789 1812 4863">
    <p class='ocr_par' dir='ltr' id='par_1_98' title="bbox 209 4789 1812 4863">
     <span class='ocr_line' id='line_1_98' title="bbox 209 4789 1812 4863; baseline -0.002 -17"><span class='ocrx_word' id='word_1_710' title='bbox 209 4792 253 4846; x_wconf 89' lang='lat' dir='ltr'>si</span> <span class='ocrx_word' id='word_1_711' title='bbox 279 4792 410 4848; x_wconf 88' lang='lat' dir='ltr'>inde</span> <span class='ocrx_word' id='word_1_712' title='bbox 457 4791 660 4863; x_wconf 89' lang='lat' dir='ltr'>aliquid</span> <span class='ocrx_word' id='word_1_713' title='bbox 711 4807 902 4847; x_wconf 88' lang='lat' dir='ltr'>verum</span> <span class='ocrx_word' id='word_1_714' title='bbox 949 4797 1095 4846; x_wconf 89' lang='lat' dir='ltr'>esset</span> <span class='ocrx_word' id='word_1_715' title='bbox 1138 4790 1339 4856; x_wconf 88' lang='lat' dir='ltr'>curavi,</span> <span class='ocrx_word' id='word_1_716' title='bbox 1383 4798 1434 4845; x_wconf 88' lang='lat' dir='ltr'>et</span> <span class='ocrx_word' id='word_1_717' title='bbox 1487 4807 1586 4860; x_wconf 87' lang='lat' dir='ltr'>per</span> <span class='ocrx_word' id='word_1_718' title='bbox 1627 4789 1812 4844; x_wconf 88' lang='lat' dir='ltr'>omnia</span> 
     </span>
    </p>
   </div>
   <div class='ocr_carea' id='block_1_99' title="bbox 211 4877 1812 4954">
    <p class='ocr_par' dir='ltr' id='par_1_99' title="bbox 211 4877 1812 4954">
     <span class='ocr_line' id='line_1_99' title="bbox 211 4877 1812 4954; baseline -0.004 -17"><span class='ocrx_word' id='word_1_719' title='bbox 211 4881 357 4954; x_wconf 89' lang='lat' dir='ltr'>quod</span> <span class='ocrx_word' id='word_1_720' title='bbox 403 4881 540 4936; x_wconf 88' lang='lat' dir='ltr'>mihi</span> <span class='ocrx_word' id='word_1_721' title='bbox 583 4879 853 4935; x_wconf 89' lang='lat' dir='ltr'>mandasti</span> <span class='ocrx_word' id='word_1_722' title='bbox 899 4879 1238 4934; x_wconf 88' lang='lat' dir='ltr'>mendacium</span> <span class='ocrx_word' id='word_1_723' title='bbox 1283 4895 1405 4934; x_wconf 88' lang='lat' dir='ltr'>esse</span> <span class='ocrx_word' id='word_1_724' title='bbox 1449 4877 1651 4934; x_wconf 89' lang='lat' dir='ltr'>inveni.</span> <span class='ocrx_word' id='word_1_725' title='bbox 1685 4879 1812 4948; x_wconf 89' lang='lat' dir='ltr'>Ipsa</span> 
     </span>
    </p>
   </div>
   <div class='ocr_carea' id='block_1_100' title="bbox 209 4966 1805 5042">
    <p class='ocr_par' dir='ltr' id='par_1_100' title="bbox 209 4966 1805 5042">
     <span class='ocr_line' id='line_1_100' title="bbox 209 4966 1805 5042; baseline -0.003 -16"><span class='ocrx_word' id='word_1_726' title='bbox 209 4971 430 5042; x_wconf 86' lang='lat' dir='ltr'>quidem</span> <span class='ocrx_word' id='word_1_727' title='bbox 459 4969 668 5042; x_wconf 88' lang='lat' dir='ltr'>capella</span> <span class='ocrx_word' id='word_1_728' title='bbox 696 4969 752 5022; x_wconf 91' lang='lat' dir='ltr'>in</span> <span class='ocrx_word' id='word_1_729' title='bbox 781 4968 907 5024; x_wconf 84' lang='lat' dir='ltr'>villa</span> <span class='ocrx_word' id='word_1_730' title='bbox 937 4985 1055 5040; x_wconf 80' lang='lat' dir='ltr'>quae</span> <span class='ocrx_word' id='word_1_731' title='bbox 1076 4968 1385 5024; x_wconf 87' lang='lat' dir='ltr'>nominatur</span> <span class='ocrx_word' id='word_1_732' title='bbox 1405 4968 1600 5023; x_wconf 80' lang='lat' dir='ltr'>Attola</span> <span class='ocrx_word' id='word_1_733' title='bbox 1620 4966 1805 5034; x_wconf 90' lang='lat' dir='ltr'>curtis,</span> 
     </span>
    </p>
   </div>
   <div class='ocr_carea' id='block_1_101' title="bbox 209 5056 1810 5130">
    <p class='ocr_par' dir='ltr' id='par_1_101' title="bbox 209 5056 1810 5130">
     <span class='ocr_line' id='line_1_101' title="bbox 209 5056 1810 5130; baseline -0.002 -16"><span class='ocrx_word' id='word_1_734' title='bbox 209 5075 370 5130; x_wconf 90' lang='lat' dir='ltr'>quam</span> <span class='ocrx_word' id='word_1_735' title='bbox 415 5059 558 5116; x_wconf 90' lang='lat' dir='ltr'>sicut</span> <span class='ocrx_word' id='word_1_736' title='bbox 603 5058 792 5128; x_wconf 88' lang='lat' dir='ltr'>fertur,</span> <span class='ocrx_word' id='word_1_737' title='bbox 843 5057 1022 5112; x_wconf 88' lang='lat' dir='ltr'>Attola</span> <span class='ocrx_word' id='word_1_738' title='bbox 1083 5057 1372 5128; x_wconf 88' lang='lat' dir='ltr'>episcopus</span> <span class='ocrx_word' id='word_1_739' title='bbox 1433 5056 1810 5112; x_wconf 87' lang='lat' dir='ltr'>Laudunensis</span> 
     </span>
    </p>
   </div>
   <div class='ocr_carea' id='block_1_102' title="bbox 209 5145 1810 5220">
    <p class='ocr_par' dir='ltr' id='par_1_102' title="bbox 209 5145 1810 5220">
     <span class='ocr_line' id='line_1_102' title="bbox 209 5145 1810 5220; baseline -0.002 -17"><span class='ocrx_word' id='word_1_740' title='bbox 209 5149 456 5205; x_wconf 84' lang='lat' dir='ltr'>ecclesia</span> <span class='ocrx_word' id='word_1_741' title='bbox 484 5155 701 5220; x_wconf 87' lang='lat' dir='ltr'>partem</span> <span class='ocrx_word' id='word_1_742' title='bbox 731 5146 876 5213; x_wconf 90' lang='lat' dir='ltr'>inde,</span> <span class='ocrx_word' id='word_1_743' title='bbox 909 5162 1030 5219; x_wconf 83' lang='lat' dir='ltr'>qua</span> <span class='ocrx_word' id='word_1_744' title='bbox 1071 5163 1185 5203; x_wconf 88' lang='lat' dir='ltr'>sua</span> <span class='ocrx_word' id='word_1_745' title='bbox 1213 5147 1562 5218; x_wconf 80' lang='lat' dir='ltr'>proprietatis</span> <span class='ocrx_word' id='word_1_746' title='bbox 1591 5145 1707 5213; x_wconf 89' lang='lat' dir='ltr'>fuit,</span> <span class='ocrx_word' id='word_1_747' title='bbox 1741 5145 1810 5200; x_wconf 89' lang='lat' dir='ltr'>ad</span> 
     </span>
    </p>
   </div>
   <div class='ocr_carea' id='block_1_103' title="bbox 207 5235 1806 5308">
    <p class='ocr_par' dir='ltr' id='par_1_103' title="bbox 207 5235 1806 5308">
     <span class='ocr_line' id='line_1_103' title="bbox 207 5235 1806 5308; baseline -0.001 -17"><span class='ocrx_word' id='word_1_748' title='bbox 207 5237 380 5308; x_wconf 87' lang='lat' dir='ltr'>ipsam</span> <span class='ocrx_word' id='word_1_749' title='bbox 429 5237 722 5294; x_wconf 86' lang='lat' dir='ltr'>ecclesiam</span> <span class='ocrx_word' id='word_1_750' title='bbox 765 5235 820 5290; x_wconf 90' lang='lat' dir='ltr'>in</span> <span class='ocrx_word' id='word_1_751' title='bbox 863 5253 966 5308; x_wconf 89' lang='lat' dir='ltr'>qua</span> <span class='ocrx_word' id='word_1_752' title='bbox 1015 5235 1188 5292; x_wconf 82' lang='lat' dir='ltr'>fuerat</span> <span class='ocrx_word' id='word_1_753' title='bbox 1243 5237 1518 5292; x_wconf 87' lang='lat' dir='ltr'>ordinatus</span> <span class='ocrx_word' id='word_1_754' title='bbox 1565 5235 1806 5302; x_wconf 89' lang='lat' dir='ltr'>donavit,</span> 
     </span>
    </p>
   </div>
   <div class='ocr_carea' id='block_1_104' title="bbox 210 5325 1810 5398">
    <p class='ocr_par' dir='ltr' id='par_1_104' title="bbox 210 5325 1810 5398">
     <span class='ocr_line' id='line_1_104' title="bbox 210 5325 1810 5398; baseline -0.001 -18"><span class='ocrx_word' id='word_1_755' title='bbox 210 5335 440 5398; x_wconf 76' lang='lat' dir='ltr'>excepto</span> <span class='ocrx_word' id='word_1_756' title='bbox 485 5327 680 5382; x_wconf 79' lang='lat' dir='ltr'>atriolo</span> <span class='ocrx_word' id='word_1_757' title='bbox 723 5325 794 5381; x_wconf 88' lang='lat' dir='ltr'>ad</span> <span class='ocrx_word' id='word_1_758' title='bbox 841 5326 1192 5397; x_wconf 91' lang='lat' dir='ltr'>sepulturam,</span> <span class='ocrx_word' id='word_1_759' title='bbox 1245 5333 1298 5380; x_wconf 91' lang='lat' dir='ltr'>et</span> <span class='ocrx_word' id='word_1_760' title='bbox 1341 5331 1570 5395; x_wconf 81' lang='lat' dir='ltr'>excepta</span> <span class='ocrx_word' id='word_1_761' title='bbox 1615 5325 1810 5380; x_wconf 91' lang='lat' dir='ltr'>cellula</span> 
     </span>
    </p>
   </div>
   <div class='ocr_carea' id='block_1_105' title="bbox 207 5423 1808 5496">
    <p class='ocr_par' dir='ltr' id='par_1_105' title="bbox 207 5423 1808 5496">
     <span class='ocr_line' id='line_1_105' title="bbox 207 5423 1808 5496; baseline -0.001 -16"><span class='ocrx_word' id='word_1_762' title='bbox 207 5424 461 5481; x_wconf 89' lang='lat' dir='ltr'>manselli</span> <span class='ocrx_word' id='word_1_763' title='bbox 505 5423 676 5496; x_wconf 88' lang='lat' dir='ltr'>ipsius</span> <span class='ocrx_word' id='word_1_764' title='bbox 724 5423 964 5495; x_wconf 87' lang='lat' dir='ltr'>capella,</span> <span class='ocrx_word' id='word_1_765' title='bbox 1015 5440 1139 5480; x_wconf 90' lang='lat' dir='ltr'>cum</span> <span class='ocrx_word' id='word_1_766' title='bbox 1183 5423 1417 5489; x_wconf 88' lang='lat' dir='ltr'>hortulo,</span> <span class='ocrx_word' id='word_1_767' title='bbox 1450 5439 1516 5478; x_wconf 85' lang='lat' dir='ltr'>ex</span> <span class='ocrx_word' id='word_1_768' title='bbox 1541 5431 1808 5494; x_wconf 89' lang='lat' dir='ltr'>potestate</span> 
     </span>
    </p>
   </div>
   <div class='ocr_carea' id='block_1_106' title="bbox 213 5511 1810 5580">
    <p class='ocr_par' dir='ltr' id='par_1_106' title="bbox 213 5511 1810 5580">
     <span class='ocr_line' id='line_1_106' title="bbox 213 5511 1810 5580; baseline -0.001 -11"><span class='ocrx_word' id='word_1_769' title='bbox 213 5521 418 5572; x_wconf 82' lang='lat' dir='ltr'>sancta</span> <span class='ocrx_word' id='word_1_770' title='bbox 444 5513 633 5572; x_wconf 80' lang='lat' dir='ltr'>Maria</span> <span class='ocrx_word' id='word_1_771' title='bbox 659 5514 1034 5571; x_wconf 88' lang='lat' dir='ltr'>Laudunensis</span> <span class='ocrx_word' id='word_1_772' title='bbox 1075 5513 1322 5570; x_wconf 88' lang='lat' dir='ltr'>ecclesia</span> <span class='ocrx_word' id='word_1_773' title='bbox 1349 5527 1458 5567; x_wconf 92' lang='lat' dir='ltr'>non</span> <span class='ocrx_word' id='word_1_774' title='bbox 1487 5511 1672 5580; x_wconf 89' lang='lat' dir='ltr'>habet,</span> <span class='ocrx_word' id='word_1_775' title='bbox 1703 5512 1810 5568; x_wconf 87' lang='lat' dir='ltr'>nisi</span> 
     </span>
    </p>
   </div>
   <div class='ocr_carea' id='block_1_107' title="bbox 1908 4532 3510 4607">
    <p class='ocr_par' dir='ltr' id='par_1_107' title="bbox 1908 4532 3510 4607">
     <span class='ocr_line' id='line_1_107' title="bbox 1908 4532 3510 4607; baseline 0.002 -21"><span class='ocrx_word' id='word_1_776' title='bbox 1908 4532 2025 4587; x_wconf 88' lang='lat' dir='ltr'>fuit.</span> <span class='ocrx_word' id='word_1_777' title='bbox 2055 4532 2212 4602; x_wconf 85' lang='lat' dir='ltr'>Quod</span> <span class='ocrx_word' id='word_1_778' title='bbox 2243 4541 2421 4589; x_wconf 88' lang='lat' dir='ltr'>autem</span> <span class='ocrx_word' id='word_1_779' title='bbox 2449 4551 2480 4589; x_wconf 91' lang='lat' dir='ltr'>a</span> <span class='ocrx_word' id='word_1_780' title='bbox 2511 4535 2836 4607; x_wconf 87' lang='lat' dir='ltr'>quibusdam</span> <span class='ocrx_word' id='word_1_781' title='bbox 2857 4544 3074 4592; x_wconf 90' lang='lat' dir='ltr'>tuorum</span> <span class='ocrx_word' id='word_1_782' title='bbox 3115 4535 3329 4598; x_wconf 91' lang='lat' dir='ltr'>dicitur,</span> <span class='ocrx_word' id='word_1_783' title='bbox 3363 4535 3510 4607; x_wconf 89' lang='lat' dir='ltr'>quod</span> 
     </span>
    </p>
   </div>
   <div class='ocr_carea' id='block_1_108' title="bbox 1907 4617 3510 4694">
    <p class='ocr_par' dir='ltr' id='par_1_108' title="bbox 1907 4617 3510 4694">
     <span class='ocr_line' id='line_1_108' title="bbox 1907 4617 3510 4694; baseline 0.002 -22"><span class='ocrx_word' id='word_1_784' title='bbox 1907 4617 2029 4688; x_wconf 89' lang='lat' dir='ltr'>ipsa</span> <span class='ocrx_word' id='word_1_785' title='bbox 2057 4618 2264 4689; x_wconf 89' lang='lat' dir='ltr'>capella</span> <span class='ocrx_word' id='word_1_786' title='bbox 2290 4619 2560 4690; x_wconf 89' lang='lat' dir='ltr'>antiquior</span> <span class='ocrx_word' id='word_1_787' title='bbox 2589 4621 2657 4674; x_wconf 89' lang='lat' dir='ltr'>sit</span> <span class='ocrx_word' id='word_1_788' title='bbox 2687 4637 2848 4694; x_wconf 90' lang='lat' dir='ltr'>quam</span> <span class='ocrx_word' id='word_1_789' title='bbox 2887 4620 3119 4676; x_wconf 89' lang='lat' dir='ltr'>ecclesia</span> <span class='ocrx_word' id='word_1_790' title='bbox 3145 4620 3202 4673; x_wconf 90' lang='lat' dir='ltr'>in</span> <span class='ocrx_word' id='word_1_791' title='bbox 3229 4619 3510 4675; x_wconf 85' lang='lat' dir='ltr'>Juviniaca</span> 
     </span>
    </p>
   </div>
   <div class='ocr_carea' id='block_1_109' title="bbox 1909 4706 3510 4780">
    <p class='ocr_par' dir='ltr' id='par_1_109' title="bbox 1909 4706 3510 4780">
     <span class='ocr_line' id='line_1_109' title="bbox 1909 4706 3510 4780; baseline 0.001 -18"><span class='ocrx_word' id='word_1_792' title='bbox 1909 4707 2052 4774; x_wconf 89' lang='lat' dir='ltr'>villa,</span> <span class='ocrx_word' id='word_1_793' title='bbox 2103 4707 2315 4762; x_wconf 88' lang='lat' dir='ltr'>etiamsi</span> <span class='ocrx_word' id='word_1_794' title='bbox 2361 4724 2548 4764; x_wconf 90' lang='lat' dir='ltr'>verum</span> <span class='ocrx_word' id='word_1_795' title='bbox 2590 4709 2765 4778; x_wconf 89' lang='lat' dir='ltr'>foret,</span> <span class='ocrx_word' id='word_1_796' title='bbox 2802 4717 2927 4763; x_wconf 92' lang='lat' dir='ltr'>tunc</span> <span class='ocrx_word' id='word_1_797' title='bbox 2966 4708 3043 4762; x_wconf 91' lang='lat' dir='ltr'>illi</span> <span class='ocrx_word' id='word_1_798' title='bbox 3085 4706 3370 4780; x_wconf 89' lang='lat' dir='ltr'>antiquitas</span> <span class='ocrx_word' id='word_1_799' title='bbox 3408 4722 3510 4764; x_wconf 86' lang='lat' dir='ltr'>sua</span> 
     </span>
    </p>
   </div>
   <div class='ocr_carea' id='block_1_110' title="bbox 1911 4795 3510 4869">
    <p class='ocr_par' dir='ltr' id='par_1_110' title="bbox 1911 4795 3510 4869">
     <span class='ocr_line' id='line_1_110' title="bbox 1911 4795 3510 4869; baseline 0.001 -19"><span class='ocrx_word' id='word_1_800' title='bbox 1911 4795 2225 4868; x_wconf 76' lang='lat' dir='ltr'>suffragium</span> <span class='ocrx_word' id='word_1_801' title='bbox 2273 4797 2510 4867; x_wconf 77' lang='lat' dir='ltr'>afferret,</span> <span class='ocrx_word' id='word_1_802' title='bbox 2563 4799 2608 4853; x_wconf 92' lang='lat' dir='ltr'>si</span> <span class='ocrx_word' id='word_1_803' title='bbox 2636 4799 2691 4852; x_wconf 91' lang='lat' dir='ltr'>in</span> <span class='ocrx_word' id='word_1_804' title='bbox 2733 4797 3049 4868; x_wconf 87' lang='lat' dir='ltr'>antiquitate</span> <span class='ocrx_word' id='word_1_805' title='bbox 3095 4812 3190 4851; x_wconf 88' lang='lat' dir='ltr'>sua</span> <span class='ocrx_word' id='word_1_806' title='bbox 3233 4813 3407 4869; x_wconf 91' lang='lat' dir='ltr'>usque</span> <span class='ocrx_word' id='word_1_807' title='bbox 3439 4797 3510 4854; x_wconf 90' lang='lat' dir='ltr'>ad</span> 
     </span>
    </p>
   </div>
   <div class='ocr_carea' id='block_1_111' title="bbox 1912 4885 3508 4958">
    <p class='ocr_par' dir='ltr' id='par_1_111' title="bbox 1912 4885 3508 4958">
     <span class='ocr_line' id='line_1_111' title="bbox 1912 4885 3508 4958; baseline 0.003 -20"><span class='ocrx_word' id='word_1_808' title='bbox 1912 4893 2154 4956; x_wconf 89' lang='lat' dir='ltr'>tempora</span> <span class='ocrx_word' id='word_1_809' title='bbox 2199 4887 2456 4942; x_wconf 88' lang='lat' dir='ltr'>moderna</span> <span class='ocrx_word' id='word_1_810' title='bbox 2487 4887 2820 4958; x_wconf 86' lang='lat' dir='ltr'>persisteret.</span> <span class='ocrx_word' id='word_1_811' title='bbox 2853 4887 2992 4939; x_wconf 90' lang='lat' dir='ltr'>Nam</span> <span class='ocrx_word' id='word_1_812' title='bbox 3017 4885 3312 4952; x_wconf 82' lang='lat' dir='ltr'>Atrebatis,</span> <span class='ocrx_word' id='word_1_813' title='bbox 3347 4888 3508 4944; x_wconf 89' lang='lat' dir='ltr'>Viro-</span> 
     </span>
    </p>
   </div>
   <div class='ocr_carea' id='block_1_112' title="bbox 1912 4975 3505 5045">
    <p class='ocr_par' dir='ltr' id='par_1_112' title="bbox 1912 4975 3505 5045">
     <span class='ocr_line' id='line_1_112' title="bbox 1912 4975 3505 5045; baseline 0.003 -17"><span class='ocrx_word' id='word_1_814' title='bbox 1912 4975 2142 5041; x_wconf 89' lang='lat' dir='ltr'>mandis,</span> <span class='ocrx_word' id='word_1_815' title='bbox 2176 4984 2229 5031; x_wconf 89' lang='lat' dir='ltr'>et</span> <span class='ocrx_word' id='word_1_816' title='bbox 2259 4976 2513 5045; x_wconf 89' lang='lat' dir='ltr'>Bononia,</span> <span class='ocrx_word' id='word_1_817' title='bbox 2565 4992 2632 5030; x_wconf 83' lang='lat' dir='ltr'>ex</span> <span class='ocrx_word' id='word_1_818' title='bbox 2660 4975 2812 5043; x_wconf 90' lang='lat' dir='ltr'>cujus</span> <span class='ocrx_word' id='word_1_819' title='bbox 2861 4975 3138 5031; x_wconf 90' lang='lat' dir='ltr'>territorio</span> <span class='ocrx_word' id='word_1_820' title='bbox 3169 4992 3228 5032; x_wconf 89' lang='lat' dir='ltr'>es</span> <span class='ocrx_word' id='word_1_821' title='bbox 3271 4975 3505 5044; x_wconf 88' lang='lat' dir='ltr'>nativus,</span> 
     </span>
    </p>
   </div>
   <div class='ocr_carea' id='block_1_113' title="bbox 1912 5063 3510 5137">
    <p class='ocr_par' dir='ltr' id='par_1_113' title="bbox 1912 5063 3510 5137">
     <span class='ocr_line' id='line_1_113' title="bbox 1912 5063 3510 5137; baseline 0.003 -20"><span class='ocrx_word' id='word_1_822' title='bbox 1912 5063 2244 5134; x_wconf 89' lang='lat' dir='ltr'>antiquiores</span> <span class='ocrx_word' id='word_1_823' title='bbox 2275 5065 2436 5120; x_wconf 89' lang='lat' dir='ltr'>sedes</span> <span class='ocrx_word' id='word_1_824' title='bbox 2465 5080 2587 5120; x_wconf 90' lang='lat' dir='ltr'>cum</span> <span class='ocrx_word' id='word_1_825' title='bbox 2617 5063 2889 5134; x_wconf 86' lang='lat' dir='ltr'>episcOpis</span> <span class='ocrx_word' id='word_1_826' title='bbox 2919 5065 3158 5137; x_wconf 91' lang='lat' dir='ltr'>propriis</span> <span class='ocrx_word' id='word_1_827' title='bbox 3188 5065 3245 5119; x_wconf 92' lang='lat' dir='ltr'>in</span> <span class='ocrx_word' id='word_1_828' title='bbox 3272 5065 3510 5121; x_wconf 87' lang='lat' dir='ltr'>Rhemo-</span> 
     </span>
    </p>
   </div>
   <div class='ocr_carea' id='block_1_114' title="bbox 1913 5153 3510 5226">
    <p class='ocr_par' dir='ltr' id='par_1_114' title="bbox 1913 5153 3510 5226">
     <span class='ocr_line' id='line_1_114' title="bbox 1913 5153 3510 5226; baseline 0.003 -20"><span class='ocrx_word' id='word_1_829' title='bbox 1913 5169 2035 5207; x_wconf 90' lang='lat' dir='ltr'>rum</span> <span class='ocrx_word' id='word_1_830' title='bbox 2083 5155 2358 5224; x_wconf 76' lang='lat' dir='ltr'>provincia</span> <span class='ocrx_word' id='word_1_831' title='bbox 2409 5153 2746 5220; x_wconf 85' lang='lat' dir='ltr'>exstiterunt,</span> <span class='ocrx_word' id='word_1_832' title='bbox 2799 5170 2962 5226; x_wconf 90' lang='lat' dir='ltr'>quam</span> <span class='ocrx_word' id='word_1_833' title='bbox 3018 5163 3258 5211; x_wconf 89' lang='lat' dir='ltr'>castrum</span> <span class='ocrx_word' id='word_1_834' title='bbox 3311 5153 3510 5210; x_wconf 79' lang='lat' dir='ltr'>Montis</span> 
     </span>
    </p>
   </div>
   <div class='ocr_carea' id='block_1_115' title="bbox 1913 5242 3510 5316">
    <p class='ocr_par' dir='ltr' id='par_1_115' title="bbox 1913 5242 3510 5316">
     <span class='ocr_line' id='line_1_115' title="bbox 1913 5242 3510 5316; baseline 0.001 -19"><span class='ocrx_word' id='word_1_835' title='bbox 1913 5242 2157 5297; x_wconf 88' lang='lat' dir='ltr'>Lauduni</span> <span class='ocrx_word' id='word_1_836' title='bbox 2186 5243 2326 5297; x_wconf 89' lang='lat' dir='ltr'>inter</span> <span class='ocrx_word' id='word_1_837' title='bbox 2355 5243 2514 5297; x_wconf 90' lang='lat' dir='ltr'>sedes</span> <span class='ocrx_word' id='word_1_838' title='bbox 2547 5245 3031 5314; x_wconf 89' lang='lat' dir='ltr'>computaretur,in</span> <span class='ocrx_word' id='word_1_839' title='bbox 3062 5261 3170 5316; x_wconf 91' lang='lat' dir='ltr'>quo</span> <span class='ocrx_word' id='word_1_840' title='bbox 3199 5260 3260 5300; x_wconf 88' lang='lat' dir='ltr'>es</span> <span class='ocrx_word' id='word_1_841' title='bbox 3289 5243 3510 5299; x_wconf 83' lang='lat' dir='ltr'>ordina-</span> 
     </span>
    </p>
   </div>
   <div class='ocr_carea' id='block_1_116' title="bbox 1915 5329 3508 5406">
    <p class='ocr_par' dir='ltr' id='par_1_116' title="bbox 1915 5329 3508 5406">
     <span class='ocr_line' id='line_1_116' title="bbox 1915 5329 3508 5406; baseline 0.002 -21"><span class='ocrx_word' id='word_1_842' title='bbox 1915 5338 2000 5404; x_wconf 81' lang='lat' dir='ltr'>tus</span> <span class='ocrx_word' id='word_1_843' title='bbox 2029 5331 2334 5400; x_wconf 90' lang='lat' dir='ltr'>epiccopus.</span> <span class='ocrx_word' id='word_1_844' title='bbox 2370 5330 2479 5386; x_wconf 86' lang='lat' dir='ltr'>Sed</span> <span class='ocrx_word' id='word_1_845' title='bbox 2507 5331 2764 5403; x_wconf 89' lang='lat' dir='ltr'>quoniam</span> <span class='ocrx_word' id='word_1_846' title='bbox 2793 5350 2824 5387; x_wconf 91' lang='lat' dir='ltr'>a</span> <span class='ocrx_word' id='word_1_847' title='bbox 2853 5333 3020 5406; x_wconf 86' lang='lat' dir='ltr'>longo</span> <span class='ocrx_word' id='word_1_848' title='bbox 3049 5341 3310 5404; x_wconf 87' lang='lat' dir='ltr'>tempore,</span> <span class='ocrx_word' id='word_1_849' title='bbox 3344 5329 3508 5394; x_wconf 82' lang='lat' dir='ltr'>certis</span> 
     </span>
    </p>
   </div>
   <div class='ocr_carea' id='block_1_117' title="bbox 1913 5420 3510 5488">
    <p class='ocr_par' dir='ltr' id='par_1_117' title="bbox 1913 5420 3510 5488">
     <span class='ocr_line' id='line_1_117' title="bbox 1913 5420 3510 5488; baseline 0.001 -14"><span class='ocrx_word' id='word_1_850' title='bbox 1913 5427 2200 5474; x_wconf 89' lang='lat' dir='ltr'>eventuum</span> <span class='ocrx_word' id='word_1_851' title='bbox 2232 5435 2298 5475; x_wconf 93' lang='lat' dir='ltr'>ac</span> <span class='ocrx_word' id='word_1_852' title='bbox 2327 5420 2712 5478; x_wconf 88' lang='lat' dir='ltr'>necessitatum</span> <span class='ocrx_word' id='word_1_853' title='bbox 2743 5423 2920 5480; x_wconf 89' lang='lat' dir='ltr'>causis</span> <span class='ocrx_word' id='word_1_854' title='bbox 2950 5423 3342 5488; x_wconf 83' lang='lat' dir='ltr'>accidentibus,</span> <span class='ocrx_word' id='word_1_855' title='bbox 3367 5421 3510 5476; x_wconf 89' lang='lat' dir='ltr'>sicut</span> 
     </span>
    </p>
   </div>
   <div class='ocr_carea' id='block_1_118' title="bbox 1912 5507 3506 5584">
    <p class='ocr_par' dir='ltr' id='par_1_118' title="bbox 1912 5507 3506 5584">
     <span class='ocr_line' id='line_1_118' title="bbox 1912 5507 3506 5584; baseline 0.001 -21"><span class='ocrx_word' id='word_1_856' title='bbox 1912 5514 1966 5563; x_wconf 90' lang='lat' dir='ltr'>et</span> <span class='ocrx_word' id='word_1_857' title='bbox 1992 5507 2060 5564; x_wconf 90' lang='lat' dir='ltr'>de</span> <span class='ocrx_word' id='word_1_858' title='bbox 2107 5507 2352 5580; x_wconf 89' lang='lat' dir='ltr'>pluribus</span> <span class='ocrx_word' id='word_1_859' title='bbox 2400 5509 2709 5568; x_wconf 83' lang='lat' dir='ltr'>civitatibus</span> <span class='ocrx_word' id='word_1_860' title='bbox 2737 5513 2794 5568; x_wconf 91' lang='lat' dir='ltr'>in</span> <span class='ocrx_word' id='word_1_861' title='bbox 2837 5512 3162 5584; x_wconf 89' lang='lat' dir='ltr'>quibusdam</span> <span class='ocrx_word' id='word_1_862' title='bbox 3208 5509 3506 5582; x_wconf 87' lang='lat' dir='ltr'>provinciis</span> 
     </span>
    </p>
   </div>
  </div>
