4072 6298
533 233 640 288 295

1535 228 1876 288 HINCMARI
1903 229 2304 316 RHEMENSIS
2357 232 2908 292 ARCHIEPISCOPI.

3735 237 3850 293 296

531 355 781 428 legimus,
815 355 922 412 illae
950 355 1074 412 aliis
1111 355 1372 427 subjectae
1415 355 1722 412 civitatibus
1755 374 1876 413 sum
1902 358 2132 429 privile-
2161 358 2218 420 A
2239 357 2369 426 latii,
2402 359 2769 429 praelationem
2789 360 3106 416 monasterii
3127 361 3184 416 in
3212 358 3372 416 tertia
3409 359 3688 432 provincia
3720 360 3848 416 sine

537 445 687 516 gium
714 444 1086 516 perdiderunt,
1120 446 1268 518 quod
1297 460 1406 500 non
1433 453 1774 518 recuperant,
1813 455 1866 501 et
1895 453 2134 502 castrum

534 533 733 589 montis
761 534 1004 589 Lauduni
1033 534 1326 601 convaluit,
1361 535 1484 607 quia
1529 535 1832 592 secundum
1862 535 2037 609 leges,
2071 551 2137 592 ac

537 637 726 678 sacros
755 639 1014 692 canones,
1049 632 1212 696 atque
1241 625 1460 680 decreta
1491 625 1640 680 sedis
1670 625 1932 686 Romanae
1961 623 2138 696 ponti-

540 710 722 779 ﬁcum,
763 728 864 784 pro
896 713 954 767 id
992 713 1286 785 appellare,
1327 713 1494 785 idque
1535 713 1800 788 refragari
1837 730 1948 770 non
1986 713 2132 783 licet,

539 801 688 872 quod
715 801 900 874 legum
927 809 1142 874 tempus
1172 802 1426 859 excludit.

1177 917 1399 973 CAPUT
1429 917 1495 971 II.

543 1018 618 1072 De
630 1014 1126 1071 administratione
1142 1015 1349 1087 palatii
1372 1015 1660 1087 etabbatia
1680 1018 1879 1071 contra
1891 1029 2135 1070 canones

615 1087 851 1168 adeptis,
881 1090 936 1141 et
959 1085 1356 1168 quodﬂocatus
1375 1085 1446 1140 ad
1465 1085 1740 1168 synodum
1763 1103 1877 1168 non
1894 1087 2132 1168 venerit,

615 1161 670 1214 et
699 1157 765 1213 de
811 1157 1119 1228 irregulari
1150 1157 1740 1212 excommunicatione
1779 1157 2132 1213 Almalberti.

613 1265 722 1320 Sed
751 1272 803 1320 et
853 1273 1098 1334 tempore
1145 1271 1236 1318 tuo
1279 1263 1480 1318 nullam
1531 1264 1658 1319 inde
1704 1263 2136 1335 inquietudinem

540 1353 745 1419 habuit,
789 1369 897 1424 quo
941 1367 1113 1424 usque
1151 1359 1205 1407 te
1245 1351 1585 1408 commovisti
1625 1361 1814 1408 contra
1857 1369 1962 1419 me,
2009 1351 2137 1423 quia

541 1443 875 1514 redarguere
925 1448 976 1496 te
1018 1440 1366 1512 praesumpsi,
1409 1440 1667 1512 quoniam
1719 1449 1912 1497 contra
1950 1456 2136 1496 sacras

541 1529 906 1586 Antiochenas
942 1528 1166 1599 regulas
1197 1530 1394 1599 (conc.
1436 1529 1696 1586 Antioch.
1740 1529 1890 1600 0.9),
1935 1528 2135 1600 praeci-

540 1618 749 1690 pientes
769 1640 791 1664 «
812 1624 872 1672 ut
899 1624 1099 1688 praeter
1136 1633 1226 1672 me
1245 1633 1414 1689 agere
1439 1633 1550 1672 non
1579 1618 1804 1684 debeas,
1838 1617 2135 1674 secundum

2236 463 2361 505 meo
2387 464 2678 520 consensu,
2712 450 2799 506 vel
2828 448 2998 521 ipsius
3029 449 3292 520 episcopi,
3323 451 3377 504 in
3399 450 3549 519 cujus
3575 449 3847 521 parochia

2237 535 2382 592 idem
2439 539 2836 594 monasterium
2864 547 2997 608 erat,
3049 538 3357 594 obstinuisti
3411 547 3601 596 contra
3647 553 3842 594 sacros

2237 625 2602 683 Antiochenos
2643 643 2900 697 canones,
2948 628 3041 700 qui
3073 627 3258 683 dicunt
3311 627 3472 684 etiam
3524 627 3850 698 metrOpoli-

2239 721 2362 770 tano
2395 730 2504 770 non
2533 715 2717 784 licere,
2741 717 2887 788 quod
2916 724 2972 771 tu
2991 716 3342 788 provincialis
3371 716 3660 788 episcopus
3691 732 3846 787 pI‘EB-

2237 803 2531 874 sumpsisti.
2569 825 2592 856 α
2617 803 2828 869 Nullus,
2861 804 3111 876 inquiunt
3139 797 3317 872 (coﬁc.
3351 805 3702 870 Antioch.,c.
3725 805 3843 874 13),

2237 891 2528 963 episcopus
2549 909 2615 948 ex
2643 892 2752 948 alia
2777 893 3059 964 provincia
3090 893 3288 948 audeat
3317 893 3387 949 ad
3443 893 3600 948 aliam
3651 901 3844 948 trans-

2237 980 2414 1053 gredi,
2459 981 2527 1036 ad
2577 982 2976 1052 promotionem
3032 981 3321 1038 ministerii
3363 982 3574 1055 aliquos
3621 982 3680 1036 in
3737 998 3844 1038 ec-

2237 1069 2418 1126 clesiis
2447 1071 2704 1126 ordinare
2739 1071 2868 1128 licet
2923 1087 3250 1128 consensum
3273 1071 3556 1128 videantur
3584 1072 3843 1143 praebere

2234 1159 2476 1226 nonnuli,
2511 1160 2616 1214 nisi
2644 1160 2838 1216 litteris
2885 1168 2997 1216 tam
3039 1160 3439 1232 metropolitani
3468 1177 3628 1232 quam
3675 1169 3846 1218 caete-

2236 1263 2421 1302 rorum
2451 1248 2544 1320 qui
2571 1265 2695 1306 cum
2726 1265 2791 1307 eo
2813 1257 2937 1304 sunt
2967 1249 3371 1321 episcoporum,
3405 1257 3627 1322 rogatus
3673 1250 3844 1308 adve-

2236 1338 2367 1406 niat,
2419 1345 2471 1392 et
2514 1337 2592 1393 sic
2645 1339 2714 1392 ad
2756 1339 3021 1394 actionem
3081 1338 3435 1394 ordinationis
3481 1337 3724 1394 accedat.
3757 1338 3849 1396 Si-

2235 1441 2384 1497 vero,
2451 1427 2601 1482 nullo
2648 1435 2892 1498 vocante,
2961 1426 3270 1484 inordinata
3306 1443 3461 1484 more
3508 1427 3842 1498 deproperet

2237 1531 2400 1586 super
2459 1515 2728 1587 aliquibus
2800 1515 3252 1584 ordinationibus,
3325 1525 3378 1572 et
3452 1514 3842 1572 ecclesiasticis

2234 1603 2472 1675 negotiis
2527 1605 2597 1660 ad
2645 1621 2768 1660 eum
2819 1621 2928 1660 non
2981 1605 3379 1676 pertinentibus
3400 1605 3839 1677 ,componendis,

542 1706 814 1779 antiquam
861 1721 890 1760 a
937 1705 1179 1778 patribus
1225 1706 1426 1762 nostris
1469 1707 1716 1779 regulam
1771 1706 2131 1776 constitutam,
2165 1719 2219 1779 Β
2240 1692 2391 1748 irrita
2421 1693 2640 1764 (“ﬁdem
2669 1711 2790 1766 quae
2820 1693 2887 1749 ab
2915 1711 2982 1750 9°
3012 1701 3276 1765 geruntur
3317 1693 3564 1764 θκίεῑθηίν
3597 1693 3718 1766 ipse
3745 1710 3842 1750 νε·

539 1795 646 1850 nisi
675 1811 738 1851 ea
769 1802 974 1850 tantum
1025 1811 1146 1866 quae
1189 1795 1258 1850 ad
1288 1803 1434 1849 tuam
1481 1794 1801 1866 parochiam
1842 1794 2136 1866 pertinent,

541 1883 1031 1956 possessionesque
1069 1883 1360 1952 subjectas,
1405 1883 1524 1938 sine
1564 1899 1690 1938 mea
1728 1883 1815 1938 vel
1851 1883 2139 1954 coepisco-

542 1989 740 2045 porum
768 1980 1081 2028 nostrorum
1123 1971 1474 2040 conscientia,
1519 1971 2039 2027 administrationem
2083 1972 2138 2026 in

542 2061 745 2134 palatio
775 2060 958 2116 domui
987 2060 1136 2132 regis
1165 2060 1472 2116 obstinuisti
1505 2077 1517 2116 :
1548 2061 1645 2116 sed
1677 2069 1728 2116 et
1756 2061 1840 2116 his
1864 2077 1983 2133 quae
2011 2061 2138 2116 inde

545 2151 613 2207 de
635 2149 804 2206 sacris
823 2149 1031 2224 regulis
1051 2149 1144 2204 tibi
1166 2149 1408 2223 legeram
1440 2149 1784 2220 contemptis,
1810 2158 1998 2220 postea
2017 2165 2140 2205 con-

543 2247 624 2295 tra
654 2239 1001 2294 interdictum
1028 2253 1208 2294 meum
1247 2238 1590 2306 canonicum,
1624 2239 1872 2294 eamdem
1901 2239 2140 2294 admini-

543 2323 863 2380 strationem
923 2321 1109 2394 palatii
1163 2322 1454 2394 readeptus
1503 2321 1670 2390 fuisti,
1721 2331 1909 2379 contra
1950 2322 2136 2378 Sardi-

543 2429 738 2470 censes
763 2425 1000 2468 canones
1029 2411 1221 2482 (conc.
1255 2411 1420 2469 Sard.
1451 2427 1580 2467 can.
1606 2411 1708 2481 8),
1741 2413 2136 2485 redarguentes

539 2501 744 2574 passim
786 2501 1094 2572 episcopos,
1145 2500 1236 2572 qui
1293 2499 1694 2572 archiepiscopi
1745 2500 1830 2556 sui
1877 2499 2137 2556 salutaria

543 2588 771 2647 consilia
799 2596 1064 2660 spernunt
1079 2595 1242 2659 atque
1269 2595 1638 2656 contemnunt,
1662 2596 1720 2644 ut
1737 2604 1846 2644 non
1869 2589 2045 2644 solum
2065 2588 2134 2644 ad

539 2679 851 2735 comitatum
878 2677 1072 2732 multas
1101 2684 1155 2732 et
1183 2676 1428 2733 diversas
1455 2677 1718 2734 Ecclesiae
1745 2693 1854 2734 non
1882 2676 2134 2748 profutu-

540 2782 631 2822 ras
660 2765 936 2837 perferant
982 2780 1195 2832 causas,
1226 2765 1324 2820 sed
1353 2773 1406 2820 et
1433 2765 1724 2838 dignitates
1765 2767 2054 2822 saeculares
2083 2773 2136 2822 et

541 2853 1036 2910 administrationes
1069 2860 1326 2926 quaerant,
1359 2853 1458 2909 sed
1478 2861 1531 2910 et
1550 2854 1808 2910 scandala
1836 2855 2128 2910 excitent.»

537 2944 590 3015 (I
605 2943 736 3010 bid.,
767 2959 898 3000 can.
928 2946 983 3000 2.
1008 2942 1028 3012 )
1052 2965 1072 2989 ι-
1111 2941 1433 3013 Quicunque
1463 2958 1596 3015 ergo
1625 2958 1820 3014 preces
1849 2940 2137 3000 habuerint

541 3032 629 3088 vel
677 3030 1004 3103 acceperint,
1049 3045 1150 3101 per
1207 3030 1492 3087 diaconum
1543 3047 1698 3087 suum
1745 3031 1950 3098 mittan,
2003 3031 2131 3103 quia

537 3135 778 3192 persona
804 3119 1037 3176 ministri
1063 3119 1332 3176 invidiosa
1359 3135 1468 3175 non
1497 3127 1598 3189 est,
1643 3129 1697 3176 et
1725 3137 1846 3193 quae
1871 3120 2134 3192 impetra-

537 3209 674 3267 verit
700 3208 931 3282 (scilicet
959 3209 1029 3264 de
1057 3225 1376 3280 pauperum,
1397 3217 1450 3264 et
1479 3209 1784 3278 viduarum,
1817 3225 1882 3266 ac
1910 3208 2136 3280 pupillo-

537 3315 655 3354 rum
685 3297 884 3364 causis,
919 3305 972 3353 et
999 3297 1260 3353 Ecclesiae
1289 3314 1400 3352 suae
1431 3299 1756 3354 necessariis
1787 3299 1874 3354 vel
1900 3298 2136 3370 profutu-

536 3386 668 3459 ris),
702 3386 934 3442 celerius
956 3385 1156 3456 poterit
1185 3385 1412 3441 referre.
1437 3387 1507 3440 Et
1526 3387 1630 3442 hoc
1651 3403 1994 3458 consequens
2011 3403 2134 3442 esse

537 3475 770 3544 videtur,
812 3483 870 3530 ut
899 3475 968 3531 de
998 3475 1238 3546 qualibet
1279 3473 1560 3546 provincia
1607 3475 1851 3546 episcopi
1901 3476 1971 3530 ad
2009 3491 2134 3530 eum

537 3563 759 3622 fratrem
789 3572 844 3620 et
871 3563 1252 3636 coepiscopum
1301 3580 1492 3635 preces
1524 3563 1758 3630 mittant,
1799 3563 1892 3636 qui
1929 3563 1984 3618 in
2012 3580 2134 3619 me-

538 3654 736 3724 tropoli
766 3653 1034 3720 consistit,
1066 3661 1118 3709 et
1147 3653 1240 3709 ille
1268 3653 1318 3708 ei
1349 3653 1640 3708 diaconum
1671 3653 1808 3722 ejus,
1841 3660 1894 3708 et
1923 3653 2134 3724 suppli-

539 3743 779 3798 cationes
809 3741 1063 3807 destinet,
1083 3741 1340 3796 tribuens
1378 3741 1850 3797 commendatitias
1881 3741 2136 3812 epistolas

536 3831 659 3902 pari
687 3829 898 3885 ratione
927 3830 998 3884 ad
1026 3829 1222 3884 fratres
1252 3838 1304 3886 et
1332 3830 1709 3900 coepiscopos,
1753 3829 1844 3902 qui
1870 3829 1964 3886 illo
1990 3839 2134 3886 tem-

535 3934 672 3990 pore
702 3918 758 3973 in
786 3918 874 3972 his
902 3917 1220 3990 regionibus
1249 3925 1304 3974 et
1331 3919 1557 3973 urbibus
1585 3927 1888 3985 morantur,
1923 3919 1978 3973 in
2009 3919 2133 3990 qui-

538 4007 642 4062 bus
669 4006 798 4062 felix
817 4014 870 4062 et
891 4007 1083 4062 beatus
1113 4009 1389 4078 Augustus
1417 4007 1814 4078 rempublicam
1841 4008 2130 4080 gubernat.

2164 3079 2214 3144 C

2240 1796 2303 1836 ro
2334 1781 2678 1852 incompositi
2734 1791 2914 1838 motus
2983 1783 3066 1837 sui
3109 1791 3160 1838 et
3217 1781 3610 1838 irrationabilis
3658 1783 3841 1838 auda-

2240 1870 2340 1925 ciae
2403 1871 2592 1926 subeat
2655 1871 2934 1937 ultionem,
3006 1888 3072 1926 ex
3143 1871 3248 1928 hoc
3305 1871 3422 1940 jam
3487 1872 3777 1926 damnatus
3811 1889 3842 1927 a

2241 1967 2426 2014 sancto
2485 1958 2756 2016 Concilio.
2797 1984 2818 2008 η
2855 1960 3096 2016 Attende
3127 1959 3522 2034 intelligenter,
3557 1960 3684 2031 quia
3711 1961 3856 2018 sicut

2237 2064 2348 2103 non
2368 2047 2463 2102 tibi
2508 2048 2656 2104 licuit
2684 2049 2740 2103 in
2787 2050 2981 2105 eodem
3031 2048 3362 2105 monasterio
3393 2065 3722 2122 quemquam
3755 2049 3840 2104 ir-

2237 2136 2558 2208 regulariter
2586 2136 2859 2207 ordinare,
2893 2137 2970 2193 ita
2999 2146 3054 2193 et
3097 2154 3208 2194 non
3260 2137 3410 2194 licuit
3467 2137 3840 2194 ecclesiastica

2239 2241 2572 2299 quaecunque
2623 2227 2842 2297 negotia
2891 2227 2962 2281 ad
3013 2234 3062 2281 te
3118 2242 3227 2282 non
3265 2225 3594 2298 pertinentia
3639 2226 3842 2282 incon-

2239 2314 2376 2370 sulte
2409 2330 2758 2386 componere.
2817 2316 2898 2370 De
2929 2315 3126 2387 quibus
3169 2315 3408 2389 negotiis
3461 2323 3574 2370 ate
3630 2315 3842 2372 ibidem

2236 2402 2607 2478 irregulariter
2632 2404 2783 2471 actis,
2817 2420 2918 2476 per
2959 2420 3056 2460 eos
3087 2421 3320 2477 quorum
3380 2405 3642 2461 intererat
3677 2413 3843 2478 gesta

2236 2492 2369 2547 mihi
2398 2509 2520 2565 quae
2546 2493 2723 2548 habeo
2754 2491 2932 2548 facere
2961 2493 3160 2564 oblata,
3195 2493 3332 2550 sicut
3363 2493 3459 2549 tibi
3488 2502 3717 2565 paterna
3748 2494 3839 2549 di-

2235 2581 2467 2637 lectione
2494 2581 2837 2638 innotescere
2858 2581 3058 2637 studui.
3096 2583 3204 2638 Sed
3233 2583 3360 2655 quia
3389 2582 3708 2654 principalis
3740 2599 3843 2654 po-

2235 2678 2424 2737 testas,
2473 2678 2526 2726 te
2569 2679 2964 2744 exaggerante,
3025 2680 3215 2728 contra
3263 2680 3313 2726 te
3369 2671 3668 2727 admodum
3725 2681 3840 2727 erat

2236 2767 2525 2826 commota,
2557 2775 2627 2816 ne
2657 2777 2822 2830 super
2873 2759 3162 2816 vulnerum
3191 2761 3440 2816 dolorem
3485 2768 3706 2816 tuorum
3734 2761 3841 2816 ad-

2233 2848 2439 2916 derem,
2470 2848 2597 2904 inde
2625 2865 2791 2922 agere
2819 2849 2951 2905 satis
2972 2849 3152 2920 omisi,
3183 2866 3279 2921 spe
3308 2865 3372 2906 ac
3399 2849 3578 2906 studio
3608 2850 3842 2907 cautelae

2235 2952 2300 2993 ac
2328 2936 2684 2992 correctionis
2714 2946 2820 2993 tuae
2847 2937 2902 2992 in
2933 2939 3201 3010 reliquum
3233 2956 3246 2993 :
3281 2939 3689 2994 excusationem
3738 2955 3839 2994 ra-

2235 3025 2546 3082 tionabilem
2575 3043 2643 3081 ne
2673 3025 2800 3082 inde
2831 3035 3156 3100 satagerem,
3190 3027 3496 3099 proferens,
3531 3027 3661 3100 quia
3681 3037 3846 3101 gesta

2235 3113 2325 3169 illa
2370 3130 2480 3170 non
2527 3115 2835 3172 constitutis
2893 3115 3100 3188 pariter
3159 3116 3422 3187 partibus,
3471 3116 3568 3172 sed
3616 3132 3686 3172 ex
3733 3133 3842 3172 una

2233 3211 2386 3275 parte
2416 3192 2661 3260 confecta
2688 3204 2922 3271 fuerunt,
2981 3213 3036 3260 et
3063 3204 3188 3260 ideo
3241 3205 3540 3262 secundum
3571 3205 3733 3278 leges
3772 3220 3841 3262 ac

2233 3293 2450 3366 regulas
2489 3293 2684 3350 exinde
2732 3293 3087 3367 quaestionem
3115 3311 3303 3368 agere,
3354 3302 3406 3350 et
3442 3294 3706 3364 judicium
3747 3313 3840 3368 sy-

2233 3383 2431 3438 nodale
2463 3382 2708 3454 proferre
2737 3400 2848 3439 non
2875 3399 3116 3455 possem.
3149 3384 3231 3438 Ad
3271 3383 3418 3456 quod
3444 3383 3838 3440 monasterium

2233 3469 2606 3544 irregulariter
2633 3473 2892 3546 adeptum
2921 3472 2975 3530 in
3004 3472 3166 3528 tertia
3216 3472 3514 3544 provincia,
3559 3472 3679 3529 sine
3708 3489 3837 3529 mea

2233 3559 2467 3628 licentia,
2524 3560 2736 3632 quoties
2795 3561 2890 3616 tibi
2945 3561 3162 3632 placuit,
3232 3561 3396 3616 etiam
3452 3561 3836 3635 irregulariter

2233 3648 2537 3719 perrexisti,
2587 3657 2778 3706 contra
2837 3650 3009 3706 Hilari
3063 3666 3218 3722 papa:
3277 3651 3497 3706 decreta
3546 3649 3831 3707 dicentis:

2239 3757 2262 3787 α
2297 3737 2433 3792 Illud
2463 3754 2572 3794 non
2599 3739 2874 3809 potuimus
2927 3739 3230 3810 praeterire,
3291 3739 3437 3811 quod
3465 3739 3834 3796 sollicitudine

2234 3825 2580 3899 diligentiore
2609 3827 2910 3882 curandum
2938 3835 3040 3898 est,
3101 3845 3168 3884 ne
3194 3836 3394 3899 praeter
3449 3827 3832 3900 metropolita-

2233 3929 2425 3970 norum
2446 3931 2670 3972 suorum
2697 3916 2922 3984 litteras,
2957 3917 3121 3989 aliqui
3165 3917 3234 3972 ad
3261 3916 3558 3989 quamlibet
3597 3918 3834 3988 provin-

2234 4003 2374 4060 ciam
2403 4005 2633 4060 audeant
2655 4003 2949 4076 proficisci,
2985 4006 3130 4078 quod
3161 4006 3321 4061 etiam
3351 4006 3407 4060 in
3438 4006 3586 4062 omni
3623 4022 3836 4080 genere

538 4095 596 4150 Si
624 4112 754 4152 vero
785 4095 1076 4167 episcopus
1105 4095 1269 4152 habet
1293 4095 1499 4152 amicos
1518 4097 1576 4151 in
1604 4097 1826 4169 palatio,
1863 4097 1956 4170 qui
1986 4098 2138 4169 cupit
2233 4092 2394 4150 officii
2422 4093 2692 4150 clericalis
2719 4111 2820 4166 per
2849 4094 3095 4166 singulas
3150 4095 3313 4150 debet
3341 4095 3604 4151 ecclesias
3635 4104 3831 4152 custo-

537 4184 740 4258 aliquid
787 4185 932 4258 quod
983 4192 1163 4240 tamen
1210 4187 1496 4242 honestum
1541 4195 1624 4243 est
1665 4187 1978 4259 impetrare,
2023 4203 2136 4244 non
2233 4182 2358 4238 diri.
2396 4206 2417 4232 ››
2452 4183 2523 4238 Ει
2553 4190 2774 4239 sanctus
2806 4183 3110 4256 Gregorius
3165 4185 3234 4240 ad
3276 4184 3620 4241 Vincentium
3640 4192 3697 4240 et
3724 4201 3833 4240 caa-

536 4275 858 4346 prohibetur
869 4291 972 4346 per
997 4274 1286 4331 diaconum
1308 4291 1464 4330 suum
1486 4291 1707 4348 rogare,
1728 4292 1794 4332 ac
1825 4275 2134 4350 signiﬁcare
2232 4279 2380 4328 teros
2411 4271 2698 4343 episc0pos
2732 4273 2851 4343 (lib.
2885 4288 2982 4339 vn,
3015 4273 3134 4328 ind.
3163 4275 3248 4340 11,
3273 4275 3434 4346 epist.
3460 4273 3534 4343 8),
3571 4295 3594 4324 α
3621 4274 3832 4328 Horta—

534 4363 619 4419 his
651 4381 789 4436 quos
809 4363 911 4420 scit
929 4363 1171 4436 benigna
1198 4363 1586 4420 intercessione
1606 4364 1710 4422 sibi
1730 4365 1942 4420 absenti
1969 4381 2134 4436 posse
2233 4377 2375 4428 mur,
2409 4360 2599 4434 inquit,
2631 4361 3022 4418 fraternitatem
3047 4370 3302 4434 vestram,
3335 4371 3390 4418 ut
3423 4361 3468 4418 si
3497 4378 3833 4434 quemquam

534 4460 818 4524 praestare.
859 4477 882 4500 υ
915 4453 1105 4524 (ibid.,
1137 4470 1266 4510 can.
1302 4453 1424 4524 11.)
1459 4474 1481 4504 α
1509 4453 1722 4509 Scimus
1749 4453 1892 4508 enim
1923 4461 1974 4508 et
2003 4453 2129 4524 ipsi,
2159 4443 2212 4504 D
2235 4458 2470 4507 vestrum
2500 4467 2599 4522 pro
2621 4451 2800 4507 causis
2829 4451 3062 4522 propriis
3090 4451 3400 4524 ubicunque
3429 4451 3646 4523 longius
3679 4467 3833 4508 com-

471 4560 477 4574 ·
535 4541 836 4614 saepissime
865 4549 1086 4613 pr0pter
1121 4557 1424 4614 paucorum
1462 4541 1870 4614 impudentiam,
1904 4542 2130 4614 religio-

536 4647 656 4686 sum
686 4630 1023 4688 sacerdotale
1053 4647 1253 4687 nomen
1281 4630 1450 4686 fuisse
1488 4632 1902 4702 reprehensum.
1937 4631 1994 4686 Si
2019 4630 2130 4704 igi-

534 4725 619 4773 tur
645 4719 838 4793 aliquis
869 4730 1064 4777 contra
1088 4721 1330 4776 omnium
1360 4720 1685 4776 sententiam
1715 4719 1869 4774 nisus
1899 4719 2132 4775 voluerit

535 4807 815 4863 ambitioni
843 4809 1024 4882 magis
1051 4809 1290 4881 placere,
1337 4825 1497 4882 quam
1528 4809 1662 4873 Deo,
1697 4807 1744 4864 is
1773 4807 1938 4864 debet
1969 4808 2126 4876 scire,

534 4895 717 4951 causis
758 4897 986 4952 redditis
1020 4900 1286 4956 honorem
1325 4897 1753 4971 dignitatemque
1795 4913 1854 4953 se
1893 4897 2130 4954 amissu-

533 5001 689 5053 rum;
713 4993 766 5040 et
793 4986 958 5056 paulo
988 4996 1111 5058 post
1137 5007 1152 5056 ;
1177 4988 1234 5044 Si
1263 5003 1414 5054 vero,
1448 4995 1504 5044 ut
1536 4986 1785 5058 superius
1813 4987 2132 5044 memoravit

535 5073 792 5130 sanctitas
821 5082 1024 5142 vestra,
1055 5085 1278 5148 propter
1315 5074 1593 5132 desideria
1631 5084 1682 5131 et
1713 5075 2032 5132 ambitiones
2061 5076 2130 5132 ad

533 5163 845 5219 comitatum
885 5165 1084 5238 pergit,
1133 5181 1311 5237 neque
1340 5165 1396 5220 in
1424 5164 1618 5220 litteris
1655 5166 1772 5235 ejus
1811 5165 2128 5222 subscriba-

533 5259 640 5319 tur,
672 5269 849 5325 neque
877 5253 934 5307 in
962 5254 1340 5310 communione
1377 5255 1676 5326 cecipiatur
1708 5273 1721 5310 :
1753 5255 1799 5310 si
1829 5255 1986 5312 vobis
2013 5255 2128 5326 pla-

534 5349 637 5410 cet,
669 5341 913 5404 omnium
938 5345 1206 5400 sententia
1233 5344 1546 5401 confirmari
1574 5345 1756 5402 debet.
1789 5346 1856 5400 Et
1885 5343 2129 5401 universi

533 5431 786 5487 dixerunt
811 5434 1102 5489 honestum
1123 5450 1266 5504 esse,
1288 5441 1341 5490 et
1361 5435 1580 5506 placere
1632 5435 1737 5490 sibi
1767 5435 1910 5490 hanc
1934 5433 2133 5491 consti-

531 5520 812 5580 tutionem.
855 5546 876 5572 ιι
910 5523 1018 5579 Sed
1048 5531 1102 5580 et
1129 5539 1253 5582 cum
1299 5523 1488 5581 eadem
1525 5523 1994 5582 administratione
2023 5537 2129 5596 pa-

2228 4539 2426 4610 pulerit
2447 4539 2723 4595 ambulare
2752 4541 3068 4610 necessitas,
3102 4556 3136 4596 a
3184 4541 3602 4612 metropolitano
3647 4549 3833 4597 vestro

2232 4628 2532 4684 secundum
2563 4628 2787 4684 inditam
2817 4644 2850 4684 a
2871 4629 3074 4685 sanctis
3095 4630 3341 4685 Patribus
3369 4630 3615 4704 regulam
3637 4638 3833 4701 petere

2230 4715 2499 4773 licentiam
2541 4717 2804 4788 debeatis,
2847 4735 2952 4776 nec
2999 4735 3121 4774 eum
3149 4727 3477 4790 postponere
3529 4719 3584 4774 in
3642 4720 3831 4791 aliquo

2230 4807 2590 4876 praesumatis,
2624 4815 2850 4878 excepto
2881 4807 2945 4876 si,
2981 4808 3124 4879 quod
3153 4824 3264 4864 non
3318 4816 3587 4880 optamus,
3634 4817 3830 4864 contra

2231 4896 2482 4951 eumdem
2511 4897 2978 4967 metropolitanum
2999 4906 3238 4954 vestrum
3269 4913 3366 4954 vos
3395 4897 3600 4954 habere
3619 4897 3828 4970 aliquid

2231 5001 2409 5041 causae
2439 4985 2732 5057 contingat,
2765 4993 2823 5040 ut
2851 4986 2922 5041 ob
2957 4988 3062 5043 hoc
3115 4987 3262 5041 sedis
3316 4986 3626 5058 apostolicae
3675 4987 3828 5056 judi-

2231 5073 2371 5130 cium
2401 5073 2706 5145 requiratis.
2739 5075 2875 5128 Nam
2909 5075 2973 5130 iis
3015 5079 3104 5147 qui
3133 5083 3320 5147 petere
3367 5076 3621 5131 festinant
3657 5075 3829 5132 licen-

2230 5162 2379 5231 tiam,
2415 5163 2561 5234 quod
2591 5163 2758 5230 scitis,
2818 5181 2917 5235 per
2972 5180 3212 5221 canones
3261 5164 3421 5220 etiam
3477 5165 3828 5238 antiquorum

2229 5259 2443 5322 patrum
2473 5251 2804 5308 institutione
2833 5246 3038 5309 habere
3073 5254 3397 5325 permissum
3427 5262 3528 5310 est.
3571 5275 3592 5304 ν

2304 5342 2363 5395 In
2391 5341 2583 5397 eodem
2607 5342 2840 5416 denique
2878 5343 3211 5398 monasterio
3259 5345 3315 5398 in
3344 5343 3506 5398 tertia
3545 5343 3827 5416 provincia

2231 5429 2354 5497 sito,
2386 5430 2452 5484 ad
2483 5431 2629 5503 quod
2657 5431 3046 5505 irregulariter,
3081 5441 3138 5487 ut
3158 5432 3286 5503 dixi,
3311 5433 3427 5488 sine
3457 5448 3579 5488 mea
3607 5432 3828 5489 licentia

2229 5519 2442 5591 quoties
2471 5519 2565 5577 tibi
2610 5515 2810 5592 placuit
2854 5521 3156 5592 perrexisti,
3203 5522 3402 5580 diutius
3433 5530 3623 5579 contra
3653 5537 3824 5580 cano-
