4072 6296
201 277 302 332 297

929 278 1176 336 OPUSC.
1231 280 1322 336 ET
1377 279 1595 335 EPIST.
1657 279 1728 334 IN
1777 278 2000 335 CAUSA
2059 277 2397 334 HINCMARI
2446 278 2749 336 LAUDUN.

3404 285 3509 348 298

203 419 296 457 nes
326 401 666 458 Sardicensa
707 401 1006 460 immorans
1049 405 1200 475 (can.
1238 407 1323 472 14,
1361 408 1467 474 15).
1516 407 1584 460 Et
1639 405 1810 460 semel
1837 403 1894 466 Α
1913 403 2093 460 censis
2115 404 2443 476 regulariter
2473 403 2724 471 electum,
2749 417 2872 458 cum
2892 403 2974 458 his
2997 405 3087 476 qui
3117 417 3504 475 convenerant,

203 507 263 546 ac
284 491 530 547 secundo
561 491 755 547 litteris
776 492 1055 549 canonicis
1112 502 1368 550 evocatus
1389 493 1459 548 ad
1502 493 1803 550 ordinatio-

203 596 322 635 nem
370 580 619 652 episcopi
670 580 725 636 in
771 581 1025 637 Ecclesia
1072 581 1457 638 Cameracensi
1514 583 1810 652 provinciae

201 677 398 724 nostra:
431 677 657 738 pastore
687 670 962 736 destituta,
995 670 1139 725 unde
1171 671 1469 742 apostolica
1509 671 1670 726 sedes
1723 687 1810 726 me

202 765 534 829 suggerente
563 774 675 812 non
706 758 921 814 modice
950 757 1238 827 laboravit,
1272 775 1374 815 nec
1411 759 1527 829 ipse
1584 759 1807 828 venisti,

204 861 301 902 nec
316 862 421 917 pro
453 854 506 900 te
519 846 786 902 vicariam
808 863 1162 917 personnam,
1183 855 1238 902 ut
1254 848 1460 920 regula
1479 864 1650 904 sacra
1696 864 1807 918 prae

204 935 425 1005 cipiunt,
462 936 533 990 ad
563 952 652 991 me
681 936 955 991 direxisti:
989 936 1134 992 unde
1165 937 1520 1008 Symmachus
1549 953 1688 1008 papa
1742 937 1811 992 ad

202 1023 450 1078 .Eonium
513 1041 581 1079 ex
642 1024 816 1080 sacris
873 1025 1172 1081 canonibus
1228 1026 1615 1098 promulgavit,
1675 1035 1730 1080 ut
1768 1025 1813 1079 si

203 1112 432 1183 quilibet
468 1113 760 1184 episcopus
793 1114 1213 1184 metropolitano
1243 1114 1485 1184 pontifici
1534 1116 1681 1184 justa
1731 1122 1814 1169 ca:

207 1216 410 1256 nonum
441 1200 824 1257 diﬁinitionem
845 1209 1086 1268 vocatus,
1118 1203 1498 1274 obtemperare
1556 1203 1810 1271 noluerit,

204 1289 416 1344 noverit
450 1290 841 1345 succidendum
897 1307 976 1360 se,
1001 1285 1154 1362 (quod
1183 1307 1292 1346 non
1328 1293 1598 1362 obtamus,
1631 1292 1812 1348 eccle-

206 1377 428 1433 siastioa
459 1377 766 1449 disciplina.
810 1380 890 1434 De
920 1395 1154 1449 persona
1184 1389 1364 1434 autem
1407 1397 1507 1450 pro
1564 1389 1633 1447 te,
1693 1395 1814 1435 cum

209 1467 469 1522 tractoria
499 1475 552 1522 et
591 1467 895 1522 rationabili
949 1468 1316 1535 excusatione,
1367 1469 1412 1523 si
1462 1469 1650 1524 venire
1707 1484 1816 1523 non

207 1555 428 1626 potuisti
487 1555 795 1628 dirigenda,
855 1542 997 1611 sacri
1045 1558 1251 1612 Nicmni
1325 1573 1564 1613 canones
1631 1557 1816 1612 dicunt

210 1643 389 1713 (conc.
428 1645 578 1710 ἶν’ἰεη
603 1660 652 1699 c.
678 1647 772 1713 4):
810 1666 831 1695 ‹ι
867 1643 1007 1713 Quia
1029 1644 1345 1717 episcopum
1394 1645 1645 1702 convenit
1700 1662 1816 1700 ma-

1916 493 2001 547 vel
2021 508 2120 563 per
2160 493 2357 563 scripta
2381 498 2789 558 consenserant,
2825 491 3208 550 ordinavimus.
3248 518 3270 547 α
3323 496 3379 552 Si
3418 497 3505 551 in—

1912 581 2102 652 quiunt
2120 583 2297 649 (conc.
2325 583 2466 648 Nic.,
2491 598 2542 638 c.
2569 583 2642 650 6),
2665 580 2937 635 communi
2953 589 3268 638 cunctorum
3288 585 3509 641 decreto

1913 670 2266 734 rationabili,
2329 679 2382 725 et
2431 671 2730 725 secundum
2777 671 3022 746 regulam
3082 672 3509 729 ecclesiasticam

1911 758 2282 828 comprobato,
2314 758 2422 813 duo
2454 767 2564 826 aut,
2598 769 2708 816 tres
2738 770 2962 834 propter
2983 760 3354 816 contentiones
3384 778 3508 832 pro-

1911 845 2058 916 prias
2079 846 2472 913 contradicunt,
2508 849 2752 905 obtineat
2785 851 3050 906 sententia
3077 850 3458 921 plurimorum;
3482 875 3500 897 »ι

1912 935 2218 1003 praesertim
2247 950 2369 990 cum
2397 951 2500 991 nec
2530 945 2675 992 tuam
2708 939 3112 994 contentionem
3146 937 3502 1006 audierimus,

1913 1021 2051 1076 sicut
2070 1038 2172 1077 nec
2227 1024 2644 1079 consensionem
2708 1028 2913 1082 habere
2952 1027 3266 1082 meruimus.
3328 1026 3503 1093 Unde,

1916 1110 2045 1181 quia
2073 1110 2269 1165 fratres
2300 1121 2512 1168 nostros
2533 1129 2641 1169 non
2661 1117 2876 1171 modice
2924 1116 3291 1182 scandalizati,
3355 1116 3513 1170 adhi-

1915 1199 2024 1254 bito
2036 1215 2251 1255 mecum
2289 1199 2453 1256 fratre
2483 1202 2708 1258 Hodone
2729 1205 3025 1259 venerabili
3047 1205 3294 1261 ecclesiae
3324 1205 3514 1261 Belva-

1916 1288 2095 1342 censis
2123 1287 2399 1358 episcopo,
2435 1298 2486 1346 te
2515 1292 2816 1361 corripiens
2848 1293 2959 1347 dixi
2989 1293 3087 1348 tibi
3108 1301 3367 1365 quantum
3388 1294 3514 1350 inde

1913 1376 2340 1432 incurreris.Sed
2357 1378 2516 1432 aliam
2536 1381 2965 1452 recognitionem
2981 1381 3068 1437 vel
3089 1381 3514 1438 satisfactionem

1918 1480 1950 1519 a
1980 1473 2032 1518 te
2054 1464 2300 1535 recipere
2317 1481 2422 1520 non
2440 1467 2612 1536 potui,
2634 1469 2928 1524 ostendens
2945 1470 3034 1541 qui
3066 1470 3192 1526 hinc
3225 1479 3276 1526 te
3306 1472 3513 1544 regula:

1919 1568 2029 1607 non
2066 1554 2280 1608 modice
2337 1564 2714 1624 succenseant,
2778 1557 2883 1612 nisi
2939 1558 3084 1628 quod
3143 1558 3516 1631 indignatione

1916 1641 2107 1712 plenus
2129 1642 2454 1712 respondisti
2472 1661 2484 1696 :
2501 1645 2621 1699 Non
2647 1661 2834 1699 sumus
2849 1646 3026 1702 adhuc
3045 1645 3295 1720 inquiens
3307 1649 3376 1703 ad
3385 1648 3511 1704 hoc:

205 1731 344 1788 xime
366 1732 593 1804 quidem
624 1733 693 1787 ab
721 1733 972 1789 omnibus
1029 1734 1120 1804 qui
1151 1742 1275 1789 sunt
1303 1734 1359 1788 in
1387 1734 1665 1804 provincia
1697 1734 1815 1804 epi-
1847 1758 1899 1818 B
1922 1737 1973 1784 et
2003 1737 2126 1799 post
2153 1731 2294 1785 hanc
2324 1738 2377 1786 et
2404 1731 2540 1785 alias
2578 1733 2966 1803 correptiones,
3002 1750 3036 1788 a
3064 1751 3150 1790 me
3180 1735 3276 1789 tibi
3319 1735 3512 1791 litteris

206 1821 386 1891 scopis
427 1821 694 1877 ordinari.
747 1822 803 1877 Si
861 1829 1039 1877 autem
1079 1823 1182 1878 hoc
1227 1822 1443 1877 difﬁcile
1499 1822 1676 1887 fuerit,
1729 1831 1817 1877 aut

207 1917 432 1980 propter
463 1909 756 1964 instantam
784 1901 1185 1977 necessitatem,
1220 1918 1313 1965 aut
1342 1919 1563 1981 propter
1609 1910 1818 1965 itineris

209 1997 630 2070 longitudinem,
664 1999 837 2054 tribus
869 2008 1049 2054 tamen
1100 1999 1427 2054 omnimodis
1482 1999 1536 2052 in
1583 1998 1820 2070 idipsum

208 2086 676 2152 convenientibus,
713 2096 765 2143 et
796 2088 1113 2143 absentibus
1135 2104 1350 2159 quoque
1381 2088 1502 2158 pari
1530 2088 1693 2142 modo
1725 2089 1821 2143 de-

212 2175 590 2241 cernentibus,
642 2184 694 2230 et
741 2192 842 2246 per
889 2177 1090 2247 scripta
1141 2177 1625 2242 consentientibus,
1694 2185 1819 2230 tunc

210 2263 484 2319 ordinatio
545 2263 889 2319 celebretur:
951 2265 1176 2320 ﬁrmitas
1233 2273 1409 2320 autem
1459 2281 1645 2320 eorum
1703 2281 1821 2334 qua:

207 2361 474 2424 geruntur
515 2369 616 2423 per
645 2370 1078 2425 unamquamque
1135 2354 1469 2425 provinciam
1499 2353 1818 2424 metropoli-

209 2448 329 2497 tano
380 2441 653 2496 tribuatur
713 2442 991 2514 episcopo.
1033 2443 1146 2498 nEt
1203 2442 1524 2498 Antiocheni
1583 2457 1818 2497 canones

204 2531 377 2600 (conc.
416 2532 704 2596 Antioch,
739 2547 787 2586 c.
824 2534 930 2600 19),
967 2531 1319 2602 explanantes
1378 2531 1702 2586 sententiam
1732 2530 1820 2584 Ni-

201 2620 332 2674 cazni
363 2617 607 2684 concilii,
643 2619 827 2674 dicunt
849 2638 860 2672 :
881 2642 902 2668 (ι
929 2619 1232 2690 Episcopus
1263 2628 1455 2690 praeter
1480 2620 1745 2689 synodum
1769 2628 1821 2673 et

203 2707 560 2778 praesentiam
579 2708 981 2777 metropolitani
1013 2708 1323 2763 nullatenus
1363 2708 1659 2763 ordinetur.
1705 2708 1820 2762 Hoc

205 2804 381 2852 autem
405 2797 588 2851 modis
615 2797 868 2852 omnibus
900 2813 1088 2853 coram
1115 2797 1314 2868 posito,
1367 2797 1560 2850 melius
1600 2796 1819 2867 quidem

205 2893 285 2940 est
314 2893 370 2939 ut
399 2901 596 2940 omnes
629 2885 789 2940 simul
810 2886 987 2939 adsint
1018 2887 1262 2954 ejusdem
1293 2886 1590 2956 provinciae
1634 2900 1818 2940 sacer-

203 2974 355 3030 dotes
378 2991 522 3045 quos
549 2975 1001 3044 metropolitanus
1027 2975 1316 3045 episcopus
1347 2975 1614 3030 advocare
1646 2975 1818 3029 debe-

206 3062 279 3116 bit
310 3070 380 3128 et,
419 3063 651 3134 reliqua,
695 3081 814 3134 quae
873 3064 1010 3119 sicut
1058 3072 1110 3118 et
1164 3064 1527 3134 pracedentia
1583 3063 1819 3117 Niczenis

205 3153 566 3217 concordant,
587 3152 907 3206 canonibus.
932 3177 950 3199 ››
973 3153 1306 3224 thuoniam
1321 3153 1462 3206 hunc
1493 3160 1818 3206 conventum

203 3240 592 3311 episcoporum
623 3240 950 3295 Antioclieni
1009 3256 1263 3304 canones,
1327 3240 1697 3309 explanantes,
1760 3246 1819 3292 ut

202 3328 459 3395 diximus,
485 3333 810 3384 sententiam
828 3329 1033 3384 Nicaeui
1048 3329 1284 3394 concilii,
1307 3329 1572 3398 synodum
1596 3335 1808 3392 vocant,

205 3425 256 3470 et
283 3416 593 3488 perfectum
627 3417 1062 3488 esse‘concilium
1100 3418 1303 3482 dicunt,
1360 3417 1451 3470 ubi
1507 3415 1812 3470 interfuerit

201 3506 653 3577 metropolitanus
676 3505 922 3575 antistes,
989 3523 1117 3577 quo.
1159 3505 1488 3578 regulariter
1553 3512 1810 3560 evocatus

203 3595 387 3650 venire
421 3603 519 3650 aut
549 3610 657 3665 .pro
707 3611 998 3665 personam
1057 3611 1385 3650 consensum
1445 3602 1596 3649 tuum
1653 3593 1808 3648 defe-

200 3691 412 3738 rentem
434 3683 651 3738 mittere
672 3683 979 3755 neglexisti,
1013 3699 1121 3738 non
1153 3691 1203 3738 te
1235 3684 1589 3752 pertransiere
1647 3682 1808 3736 debet

201 3771 319 3842 quia
348 3771 652 3843 provinciae
679 3771 872 3828 Africae
913 3789 1149 3827 canones
1205 3772 1561 3827 decreverunt
1624 3771 1800 3836 (conc.

199 3861 342 3930 Δίνη,
378 3875 505 3930 cap.
543 3860 662 3928 43,):
702 3883 721 3905 α
759 3861 826 3914 Ut
857 3859 1143 3930 episcopus
1164 3860 1435 3930 aprimate
1450 3875 1546 3914 suo
1579 3866 1803 3913 vocatus

199 3948 265 4002 ad
287 3949 560 4020 synodum
590 3955 962 4018 competenter
992 3957 1210 4003 occurat
1244 3967 1255 4001 :
1289 3949 1432 4019 quod
1467 3947 1511 4001 si
1542 3963 1648 4001 non
1706 3963 1802 4016 po-

201 4037 361 4092 tuerit
388 4053 700 4101 occurrere,
730 4037 835 4090 nisi
858 4037 1122 4091 rationem
1155 4035 1525 4106 impedimenti
1545 4037 1628 4089 sui
1657 4035 1800 4106 apud

201 4141 355 4181 suum
386 4127 675 4196 primatem
738 4125 1056 4192 reddiderit,
1096 4126 1342 4180 ecclesize
1372 4142 1483 4180 sua:
1559 4140 1802 4179 commu-

201 4214 361 4270 nione
380 4215 586 4270 debere
603 4231 725 4269 esse
755 4223 1088 4270 contentum.
1130 4240 1149 4261 ››
1187 4215 1370 4284 (Ιὺίώ,
1392 4230 1516 4269 can.
1535 4216 1646 4283 20.)
1675 4238 1694 4259 «
1733 4213 1800 4266 Et

201 4305 290 4377 qui
320 4320 428 4360 non
463 4303 625 4358 fuerit
656 4320 887 4359 concors
917 4304 1056 4360 circa
1085 4303 1556 4373 metrOpolitanam
1614 4301 1796 4356 eccle-

196 4394 352 4459 siam,
387 4402 440 4449 et
470 4393 616 4448 circa
646 4393 984 4448 sacerdotale
1013 4393 1318 4459 concilium,
1356 4392 1453 4446 sed
1508 4391 1723 4445 inflatus
1745 4397 1799 4444 et

1849 3112 1896 3174 C

1921 1833 1986 1873 ac
2001 1819 2186 1872 verbis
2198 1818 2488 1886 adhibitas,
2509 1820 2563 1873 in
2581 1821 2774 1875 eadem
2791 1817 3128 1878 contumacia
3140 1825 3510 1894 permansisti,

1921 1914 1973 1961 et
1991 1907 2253 1962 hactenus
2282 1923 2630 1977 permanens,
2680 1926 2783 1981 qua
2829 1917 2881 1964 et
2909 1918 3033 1964 ante
3113 1912 3502 1982 parochianum

1919 2011 2104 2049 meum
2133 1995 2504 2050 Amalbertum
2548 2005 2732 2051 contra
2788 1999 3006 2069 regulas
3055 2015 3156 2070 pro
3203 2016 3365 2056 causa
3419 2001 3518 2056 tibi

1919 2082 2109 2151 illicita
2148 2085 2664 2140 excommunicasti:
2725 2086 2930 2142 scilicet
2971 2087 3095 2158 quia
3145 2105 3282 2144 uxor
3344 2089 3512 2158 illius,

1922 2188 2081 2242 quam
2110 2171 2164 2225 in
2203 2181 2290 2226 tua
2319 2173 2583 2244 parochia
2613 2174 2861 2246 legaliter
2891 2175 3140 2244 obtinuit,
3173 2186 3226 2233 et
3254 2177 3308 2232 in
3337 2194 3514 2232 meam

1918 2261 2232 2330 parochiam
2278 2261 2519 2328 adduxit,
2571 2271 2696 2334 post
2740 2264 2926 2333 plures
2969 2279 3144 2321 annos
3173 2281 3332 2336 quam
3372 2267 3515 2322 illam

1919 2349 2128 2414 habuit,
2161 2366 2260 2420 per
2289 2351 2602 2406 mandatum
2634 2368 2756 2406 eum
2786 2352 2930 2422 apud
2962 2360 3014 2408 te
3042 2355 3335 2425 accusavit,
3367 2355 3516 2426 quod

1919 2453 2045 2494 cum
2073 2438 2167 2494 illa
2213 2453 2322 2493 non
2369 2447 2554 2509 posset
2584 2441 2966 2508 concumbere,
3019 2457 3142 2497 cum
3191 2443 3344 2515 leges
3369 2442 3513 2498 diffi-

1919 2526 2114 2581 niant:
2156 2549 2176 2574 «
2214 2529 2278 2581 Ut
2322 2543 2500 2597 neque
2543 2537 2826 2583 accusator
2869 2545 2967 2598 per
3014 2529 3182 2585 alium
3230 2545 3511 2600 accusare,

1919 2631 2096 2686 neque
2125 2631 2250 2669 reus
2297 2631 2397 2685 per
2427 2615 2591 2670 alium
2620 2615 2842 2672 defendi
2877 2625 3072 2688 potest,
3107 2618 3211 2673 nisi
3242 2619 3512 2690 ingratum

1919 2703 2172 2758 libertum
2221 2712 2478 2773 patronus
2523 2713 2762 2770 accuset,
2797 2714 2889 2760 aut
2916 2707 2996 2762 rei
3042 2707 3290 2762 absentia
3320 2708 3514 2764 defen-

1919 2793 2095 2846 datur.
2124 2813 2146 2842 ν
2173 2793 2241 2848 Ει
2268 2792 2397 2847 item
2421 2809 2433 2846 :
2463 2814 2484 2842 ε
2512 2792 2821 2849 Observare
2844 2795 3058 2863 judicea
3085 2795 3398 2867 specialiter
3425 2797 3526 2851 de-

1919 2881 2068 2950 bent,
2098 2889 2155 2934 ut
2181 2881 2235 2936 in
2264 2881 2513 2936 omnibus
2560 2883 2740 2937 causis
2778 2884 3044 2938 sententia
3074 2901 3195 2956 qua
3220 2883 3515 2941 deliberata

1919 2969 2078 3024 fuerit
2105 2969 2406 3024 constitutis
2437 2970 2644 3041 pariter
2673 2971 2917 3040 partibus
2946 2972 3222 3039 recitetur,
3252 2981 3310 3027 ut
3338 2974 3406 3029 ab
3429 2974 3513 3028 his

1919 3073 1952 3111 a
1980 3057 2174 3128 quibus
2203 3073 2363 3112 causa
2394 3059 2538 3112 dicta
2565 3059 2738 3113 estad
2766 3059 3039 3130 integrum
3070 3077 3191 3132 quae
3221 3061 3366 3116 dicta
3391 3061 3509 3116 fue—

1915 3147 1979 3200 rit
2005 3147 2270 3201 sententia
2299 3155 2680 3216 cognoscatur.
2719 3167 2742 3198 »
2776 3148 2845 3202 Et
2873 3147 3082 3220 regula:
3111 3148 3288 3204 sicunt
3325 3150 3511 3219 (conc.

1915 3235 2059 3304 Afra,
2084 3249 2205 3288 can.
2231 3237 2321 3302 96)
2355 3251 2368 3288 :
2405 3255 2427 3284 ι
2455 3236 2522 3288 Ut
2548 3235 2616 3288 ad
2646 3235 3052 3290 accusationem
3080 3252 3190 3291 non
3217 3236 3508 3292 admittan-

1913 3331 1999 3377 tur
2029 3338 2165 3393 quos
2193 3323 2346 3394 leges
2367 3322 2599 3393 publica:
2619 3339 2726 3378 non
2749 3324 3052 3379 admittunt.
3077 3346 3100 3375 υ
3123 3324 3191 3379 Et
3211 3325 3353 3380 hanc
3373 3341 3509 3398 quo-

1912 3428 2014 3482 que
2045 3411 2467 3466 irrationabilem
2505 3413 3114 3469 excommunicationem
3143 3430 3174 3466 a
3204 3422 3257 3469 te
3286 3413 3504 3482 factam,

1909 3501 2072 3554 etiam
2103 3500 2380 3570 scriptum,
2413 3508 2601 3556 contra
2643 3501 2911 3556 rationem
2941 3509 2995 3560 et
3019 3502 3414 3570 auctoritatem,
3448 3511 3502 3559 et

1907 3605 2018 3643 non
2057 3589 2280 3643 veritate
2329 3589 2638 3654 subnixum,
2686 3589 2782 3644 sed
2811 3598 2924 3644 ate
2968 3589 3216 3645 fabulose
3266 3591 3505 3646 conscri-

1905 3687 2076 3748 ptum,
2111 3677 2365 3743 ostendit,
2401 3677 2546 3748 quod
2574 3677 2706 3731 mihi
2735 3677 2862 3732 inde
2901 3677 3117 3733 dedisti.
3152 3679 3308 3734 Unde
3338 3679 3503 3734 etiam

1905 3766 2058 3822 tertio
2085 3765 2180 3820 tibi
2212 3765 2374 3828 suasi,
2407 3774 2465 3820 ut
2495 3765 2817 3820 sententiam
2847 3773 2996 3821 tuam
3040 3775 3229 3823 contra
3276 3768 3500 3842 regulas

1901 3853 2161 3923 prolatam
2210 3853 2544 3919 immutares,
2578 3854 2906 3910 decernente
2944 3856 3282 3911 Antiocheno
3310 3857 3500 3913 conci-

1899 3941 1974 3997 lio
1992 3943 2169 4012 (conc.
2196 3944 2477 4008 Antioch”
2497 3958 2644 4009 can.,
2669 3944 2758 4014 l3)
2784 3959 2795 3998 :
2830 3945 2930 3999 «Ut
2951 3945 2996 3998 si
3013 3944 3322 4015 episc0pus,
3346 3945 3496 4001 nullo

1900 4040 2148 4096 vocante,
2181 4031 2488 4087 inordinato
2518 4047 2671 4086 more
2693 4033 3022 4102 deproperet
3041 4049 3207 4102 super
3226 4034 3495 4105 aliquibus

1899 4120 2349 4187 ordinationibus,
2375 4127 2425 4174 et
2449 4119 2833 4174 ecclesiasticis
2863 4121 3097 4190 negotiis
3129 4122 3200 4175 ad
3231 4139 3356 4176 eum
3386 4139 3496 4178 non

1896 4207 2286 4278 pertinentibus
2317 4205 2727 4277 componendis,
2761 4207 2915 4260 irrita
2938 4207 3155 4276 quidem
3186 4225 3307 4279 quae
3327 4210 3399 4264 ab
3428 4226 3493 4265 eo

1897 4303 2163 4367 geruntur
2190 4295 2420 4350 existant
2452 4313 2464 4347 :
2500 4295 2616 4364 ipse
2645 4309 2772 4350 vero
2801 4294 3145 4365 incompositi
3176 4303 3354 4351 motus
3385 4297 3490 4363 sui,

1897 4393 1948 4438 et
1988 4383 2367 4438 irrationabilis
2414 4383 2654 4438 audacias
2699 4383 2891 4438 subeat
2936 4382 3214 4454 ultionem,
3267 4401 3334 4440 ex
3382 4385 3488 4441 hoc

193 4484 262 4538 ab
287 4484 390 4539 hoc
412 4482 690 4538 consortio
712 4490 992 4553 separatus
1022 4490 1171 4553 putat
1199 4481 1433 4552 prapriae
1463 4479 1607 4550 plebi
1639 4478 1795 4534 incu-
1815 4472 1868 4532 D
1893 4473 2006 4541 jam
2035 4473 2323 4527 damnatus
2351 4488 2380 4527 a
2411 4480 2596 4528 sancto
2627 4473 2880 4528 concilio.
2919 4493 2940 4524 ν
2975 4473 3097 4530 Non
3119 4474 3264 4528 enim
3291 4482 3496 4529 metro-

196 4570 452 4637 bandum,
487 4579 540 4626 et
589 4587 978 4642 nonnunquam
1032 4577 1331 4627 conventus
1389 4569 1459 4624 ad
1508 4566 1799 4624 concilium

195 4661 381 4716 venire
401 4661 685 4727 detrectat,
711 4659 855 4715 circa
910 4660 1052 4714 hunc
1109 4675 1219 4715 non
1273 4648 1476 4713 tantum
1520 4657 1798 4714 dimcesim

195 4765 302 4805 non
332 4766 455 4805 esse
489 4749 834 4814 servandam,
869 4766 1059 4804 verum
1089 4749 1226 4804 etde
1259 4748 1478 4820 propria
1524 4743 1793 4813 Ecclesia,

197 4853 312 4910 quae
333 4837 410 4892 illi
441 4837 585 4892 male
615 4837 821 4903 faverit,
845 4838 1157 4892 omnimodo
1177 4837 1526 4892 adnitendum
1554 4844 1609 4890 ut
1638 4835 1796 4890 etiam

198 4926 514 4982 auctoritate
536 4926 753 4998 publica
783 4926 1075 4995 rejiciatur,
1099 4933 1258 4998 atque
1315 4926 1381 4979 ab
1437 4925 1556 4994 ipsa
1603 4924 1800 4994 princi-

194 5017 302 5087 pali
325 5015 581 5072 cathedra
611 5023 978 5070 removeatur.
1021 5040 1041 5062 ››
1073 5015 1213 5084 Quia
1243 5031 1372 5070 vero
1393 5013 1563 5069 semel
1584 5029 1646 5068 ac
1704 5030 1795 5068 se-

194 5104 392 5171 cundo,
428 5103 641 5160 caeteris
670 5103 1011 5175 coepiscopis
1062 5104 1262 5159 nostris
1291 5105 1361 5158 ad
1404 5103 1797 5158 ordinationem

196 5193 496 5250 secundum
526 5208 712 5249 sacras
743 5193 962 5265 regulas
1008 5192 1474 5262 convenientibus,
1497 5201 1549 5247 et
1595 5193 1796 5248 absen-

195 5281 340 5337 tibus
370 5298 470 5353 per
534 5281 738 5352 scripta
778 5281 1262 5346 consentientibus,
1303 5289 1357 5335 tu
1406 5280 1575 5336 semel
1612 5297 1676 5336 ac
1705 5297 1796 5336 se-

194 5372 375 5427 cund‘b
398 5371 720 5443 regulariter
750 5379 1100 5437 convocatus,
1126 5370 1336 5433 venire,
1369 5370 1456 5424 vel
1486 5369 1798 5440 regularem

195 5473 527 5516 consensum
561 5468 711 5514 tuum
739 5460 952 5514 mittere
971 5458 1305 5524 detrectasti,
1337 5459 1634 5513 secundum
1649 5474 1795 5529 prte-

193 5548 372 5608 factos
402 5563 590 5607 sacros
608 5564 867 5617 canones,
899 5549 1222 5621 praedictum
1242 5546 1506 5605 Ecclesiae
1545 5548 1798 5605 Camera-

532 5657 775 5716 PATROL.
809 5655 1051 5716 CXXVI.

1898 4561 2167 4632 politanus
2215 4576 2360 4628 eras,
2392 4569 2450 4617 ut
2478 4561 2787 4617 sollicitudo
2830 4561 2991 4617 totius
3021 4562 3311 4633 provinciae
3338 4562 3406 4616 ad
3437 4569 3490 4619 te

1897 4651 2212 4722 pertineret.
2237 4651 2343 4706 Sed
2373 4651 2520 4722 quod
2543 4651 2639 4704 tibi
2669 4651 2953 4707 honestum
2983 4649 3178 4717 fuerat,
3210 4657 3261 4705 et
3289 4651 3482 4721 praeci-

1898 4740 2052 4810 piunt
2086 4739 2310 4812 regulas,
2359 4740 2604 4795 obtinere
2653 4755 2763 4794 non
2799 4738 2967 4810 potui,
2999 4739 3176 4794 donec
3203 4738 3482 4811 placitum,

1898 4835 1948 4882 te
1975 4836 2198 4900 propter
2227 4828 2377 4900 pacis
2407 4828 2788 4899 charitatisque
2824 4826 3123 4882 custodiam
3173 4828 3479 4897 cohibente,

1897 4917 1953 4972 in
2010 4915 2244 4972 conﬁnio
2291 4918 2673 4988 parochiarum
2729 4923 3034 4971 nostrarum
3082 4916 3317 4986 condixi,
3379 4935 3485 4991 quo

1898 5005 2116 5077 quidam
2147 5024 2212 5060 ex
2241 5006 2578 5077 coepiscopis
2607 5003 2824 5070 nostris,
2857 5011 2910 5060 et
2936 5004 3087 5060 multi
3107 5006 3483 5074 ecclesiastici,

1898 5102 1951 5149 et
1976 5095 2180 5151 laicalis
2209 5095 2436 5161 ordinis,
2469 5109 2536 5149 ac
2563 5092 2791 5160 nobiles,
2823 5100 2875 5147 et
2900 5093 3192 5151 mediocris
3218 5096 3487 5151 conditio-

1898 5184 1982 5239 nis
2019 5184 2121 5239 viri
2163 5189 2574 5241 convenerunt:
2606 5181 2698 5236 ubi
2744 5195 2910 5238 causa
2957 5183 3394 5240 irrationabiliter
3433 5193 3486 5240 et

1897 5273 2180 5329 inhoneste
2212 5289 2242 5326 a
2271 5280 2321 5326 te
2351 5279 2486 5335 acta,
2520 5270 2842 5343 regulariter
2868 5280 3027 5344 atque
3065 5273 3312 5346 legaliter
3339 5272 3485 5328 diﬂi-

1897 5363 2026 5429 nita,
2074 5377 2181 5416 non
2233 5360 2407 5413 solum
2454 5359 2604 5429 mihi,
2638 5368 2692 5415 et
2721 5361 2840 5416 aliis
2884 5361 3223 5433 coepiscopis
3253 5377 3316 5418 ac
3346 5377 3484 5418 con-

1897 5450 2146 5506 fratribus
2178 5447 2398 5516 nostris,
2431 5464 2617 5505 verum
2646 5450 2809 5506 etiam
2837 5451 3116 5521 permultis
3143 5450 3295 5507 laicis
3324 5452 3488 5506 mori-

1899 5538 2101 5612 geratis
2131 5537 2423 5596 maximam
2461 5540 2848 5597 verecundiam
2875 5539 2944 5597 de
2974 5539 3079 5596 tuis
3109 5537 3292 5599 verbis
3321 5555 3486 5598 vere-

3000 5657 3066 5711 10
