4072 6310
567 254 672 310 299

1593 241 1936 298 HINCMARI
1976 239 2378 296 RHEMENSIS
2415 235 2966 295 ARClIIEPISCOPI.

3760 227 3868 286 300

577 372 854 440 cundosis,
883 385 948 426 ac
977 369 1218 424 moribus
1246 366 1640 436 incompositis,
1673 374 1725 421 et
1746 365 2076 422 clamoribus
2097 363 2172 416 in-
2198 365 2255 422 A
2275 362 2456 418 missa:
2487 362 2541 416 in
2571 361 2776 417 eisdem
2807 360 3022 430 scriptis
3052 357 3240 423 direxi,
3273 357 3343 412 de
3367 355 3697 428 Evangelica
3728 353 3880 409 veri-

578 459 829 525 conditis,
849 466 1038 514 contra
1057 458 1260 512 bonum
1282 471 1480 510 nomen
1494 455 1638 527 quod
1657 453 1950 525 Apostolus
1966 454 2016 524 (I
2036 452 2170 507 Tim.

578 551 662 620 ιιι)
677 549 832 618 jubet
851 547 1054 602 habere
1074 545 1388 617 episcopum
1408 543 1705 600 incussisti.
1727 542 1904 610 Quam
1916 540 2088 611 turpis
2099 539 2174 594 rei

579 637 836 709 episcOpo
849 635 1192 691 indecentem
1210 631 1514 698 historiam,
1533 632 1670 702 proh
1691 631 1849 687 dolor
1865 629 1876 684 !
1891 628 2073 684 multis
2095 627 2177 682 ni-

581 725 752 781 mium
781 725 1074 796 cognitam,
1108 721 1250 794 pude
1278 737 1366 776 me
1397 720 1656 777 scribere.

1195 809 1422 866 CAPUT
1462 809 1554 864 ΙΙΙ.

578 887 651 942 De
681 884 1272 942 excommunicatione
1302 881 1362 936 in
1394 881 1639 935 aliorum
1669 879 2056 950 episcoporum
2081 893 2176 948 pa-

1059 953 1352 1010 rochianos
1383 953 1607 1006 intenta
1617 954 1692 1004 ta.

649 1044 852 1099 Verum
893 1057 997 1098 nec
1043 1041 1130 1096 isti
1179 1054 1438 1110 excessus
1483 1036 1578 1092 tibi
1609 1035 1944 1092 suﬂ'ecerunt
1973 1033 2174 1089 admit-

575 1141 712 1198 tere,
745 1131 848 1186 nisi
880 1131 1041 1185 etiam
1063 1129 1147 1184 his
1177 1127 1314 1182 alios
1343 1126 1760 1196 superadderes.
1805 1122 1941 1192 Qum
1967 1139 2076 1177 non
2105 1122 2175 1176 ad

580 1228 748 1285 tuam,
784 1219 930 1290 quod
958 1217 1118 1282 absit,
1159 1215 1585 1279 damnationem,
1637 1213 1683 1268 si
1730 1228 1838 1268 non
1889 1220 1944 1265 tu
1974 1211 2092 1282 ipse
2119 1209 2176 1264 in

579 1308 919 1364 contumacia
948 1304 1354 1376 perseverando
1385 1303 1652 1374 exegeris,
1673 1301 1771 1355 sed
1791 1300 1858 1354 ad
1879 1299 2176 1355 correctio-

579 1413 705 1452 nem
764 1396 899 1450 sicut
951 1401 1004 1449 et
1061 1392 1345 1464 sequentia
1386 1391 1528 1456 dico,
1563 1391 1696 1445 Cum
1741 1391 1883 1443 enim
1922 1387 2175 1458 princeps

580 1483 948 1555 apostolorum
981 1481 1174 1536 beatus
1191 1468 1381 1536 Petrus
1399 1479 1541 1534 dicat
1573 1496 1586 1533 :
1627 1480 1756 1547 Quia
1774 1481 1860 1533 est
1875 1477 2030 1532 enim
2047 1493 2176 1548 gra-

581 1574 678 1636 tia,
697 1573 764 1630 .si
772 1575 1070 1644 peccantes
1099 1573 1154 1625 et
1167 1569 1510 1641 eolaphimti
1531 1567 1784 1638 sit/fertis
1805 1571 1828 1622 ἵ
1842 1565 1936 1621 sed
1947 1567 1998 1620 si
2014 1567 2178 1620 bene-

577 1661 854 1732 facientes
881 1659 1171 1732 patienter
1190 1657 1510 1722 sustinetis,
1539 1657 1654 1711 haec
1687 1659 1772 1710 est
1809 1655 1996 1726 gratia
2027 1653 2176 1725 apud

577 1751 756 1805 Deum
772 1749 822 1819 (Ι
830 1751 982 1803 Petr.
999 1762 1060 1812 ιι,
1073 1748 1185 1816 20).
1202 1745 1432 1800 Causam
1445 1744 1759 1813 injuriarum
1777 1750 2006 1809 tuarum,
2021 1757 2176 1797 meos

585 1846 639 1892 et
667 1836 899 1891 aliorum
915 1836 1206 1905 primatum
1233 1841 1394 1904 atque
1425 1832 1806 1903 episcoporum
1841 1830 2176 1885 diversarum

578 1925 988 1996 provinciarum
1032 1921 1412 1993 parachianos,
1469 1937 1581 1976 non
1634 1919 1936 1988 confessos,
1999 1935 2176 1990 neque

581 2013 860 2070 convictos
891 2012 960 2067 de
989 2011 1171 2082 aliquo
1201 2009 1428 2065 crimine
1454 2009 1510 2063 in
1539 2008 1788 2080 parochia
1827 2015 1918 2062 tua
1960 2007 2047 2062 vel
2077 2007 2176 2062 ali-

581 2100 706 2157 cubi
734 2100 996 2170 admisso,
1027 2099 1143 2154 sine
1172 2114 1296 2154 meo
1327 2097 1412 2153 vel
1439 2114 1629 2153 eorum
1649 2097 1717 2151 ad
1739 2111 1968 2167 quorum
1987 2111 2176 2151 curam

583 2189 928 2262 pertinebant
975 2203 1266 2254 consensu,
1309 2195 1496 2242 contra
1543 2185 1754 2241 divinas
1817 2192 1870 2240 et
1915 2186 2176 2239 humanas

580 2290 735 2349 leges
764 2277 1240 2343 anathematizare,
1275 2285 1326 2330 et
1355 2276 1422 2330 ab
1453 2275 1600 2330 omni
1630 2274 1870 2330 omnium
1907 2273 2175 2328 Christia-

577 2377 772 2416 norum
805 2360 1062 2415 societate
1093 2358 1328 2414 alienare
1373 2357 1785 2430 praesumpsisti.
1830 2356 1985 2411 Unde
2031 2355 2175 2410 mul-

574 2457 659 2505 tos
688 2447 1088 2514 scandalizasti,
1121 2454 1174 2501 et
1203 2446 1498 2501 maximum
1530 2445 1848 2501 scandalum
1870 2459 1979 2500 non
2000 2443 2176 2499 solum

577 2536 858 2606 Ecclesiae,
879 2535 975 2590 sed
996 2543 1048 2590 et
1066 2535 1185 2606 regi
1199 2550 1265 2590 ac
1286 2549 1459 2605 regno
1479 2533 1723 2599 intulisti,
1749 2548 1874 2588 cum
1890 2532 1976 2587 lex
1997 2531 2177 2602 prohi-

581 2626 725 2691 beat,
759 2625 828 2680 Ut
853 2641 954 2695 per
981 2623 1212 2678 alienam
1259 2638 1498 2678 messem
1540 2622 1813 2676 transiens
1845 2619 2034 2676 falcem
2065 2635 2176 2675 non

577 2713 778 2776 mittas,
813 2711 909 2766 sed
937 2725 1103 2766 manu
1133 2711 1314 2782 spicas
1343 2718 1593 2766 conteras
1605 2718 1655 2765 et
1673 2709 1968 2764 manduces
1986 2710 2170 2778 (Deut.

579 2815 746 2866 χχιιι,
779 2800 891 2870 25).
929 2821 951 2849 α
985 2799 1218 2862 Falcem,
1270 2799 1440 2870 inquit
1488 2799 1681 2852 beatus
1726 2797 2025 2870 Gregorius
2053 2797 2170 2868 (lib.

586 2903 683 2955 χιι,
703 2889 866 2960 epist.
887 2891 973 2952 32,
999 2887 1070 2942 ad
1089 2887 1360 2958 interroy.
1380 2891 1412 2940 9
1441 2886 1726 2957 August.),
1743 2885 1936 2954 judicii
1961 2885 2174 2939 mittere

579 2992 690 3032 non
716 2984 872 3046 potes
902 2975 956 3030 in
986 2991 1048 3030 ea
1079 2981 1286 3046 segete,
1320 2990 1440 3045 quae
1467 2973 1621 3028 alteri
1651 2973 1860 3029 videtur
1887 2989 2010 3030 esse
2027 2988 2176 3028 com-

575 3065 746 3120 missa
777 3083 790 3118 :
825 3065 922 3119 sed
951 3080 1050 3134 per
1083 3062 1334 3120 effectum
1384 3062 1510 3116 boni
1539 3063 1722 3133 operis
1762 3060 2034 3116 frumenta
2063 3061 2173 3116 Do-
2205 3081 2254 3144 α

577 3153 777 3209 minica
805 3153 1059 3209 vitiorum
1089 3168 1309 3208 suorum
1339 3151 1510 3222 paleis
1539 3151 1732 3222 spolia,
1765 3150 1888 3206 etin
1909 3149 2172 3208 Ecclesiae

576 3257 776 3312 corpus
813 3242 1086 3296 monendo
1130 3248 1183 3296 et
1228 3240 1629 3310 persuadendo,
1669 3239 1824 3312 quasi
1861 3239 2172 3295 mandendo

575 3337 852 3386 converte.
887 3350 909 3378 υ
944 3330 1118 3401 Leges
1149 3329 1308 3382 etiam
1339 3328 1544 3397 saeculi,
1578 3344 1714 3399 quas
1753 3328 1947 3399 probat
1973 3329 2171 3384 Eccle-

574 3417 674 3484 sia,
724 3425 780 3473 et
825 3417 962 3472 sacri
1007 3431 1263 3482 canones,
1314 3422 1473 3486 atque
1503 3416 1718 3470 decreta
1773 3425 1978 3471 sanctae
2025 3417 2172 3470 sedis

573 3495 834 3563 Romanae
861 3503 1198 3578 pontificum,
1232 3512 1378 3559 certa
1415 3511 1466 3558 et
1511 3501 1615 3557 fixa
1661 3505 1986 3573 depromunt
2018 3504 2170 3572 judi-

570 3594 651 3650 cia
681 3594 750 3650 de
779 3593 864 3648 bis
893 3593 985 3665 qui
1016 3592 1278 3648 adversus
1329 3605 1396 3646 ea
1441 3607 1539 3662 per
1578 3591 1975 3647 contumacium
2005 3591 2170 3662 perti-

572 3682 780 3737 naciter
809 3689 995 3751 agunt,
1040 3681 1178 3734 sicut
1206 3678 1385 3751 egisti.

1199 3775 1426 3830 CAPUT
1465 3775 1555 3830 IV.

677 3848 754 3902 De
784 3861 844 3902 eo
865 3846 1007 3918 quod
1035 3847 1250 3918 scripta
1275 3850 1474 3918 contra
1495 3860 1553 3900 se
1579 3846 1803 3917 prolata
1834 3845 2063 3901 incendi

1194 3916 1540 3988 postulabat.

640 4005 721 4061 De
749 4004 871 4060 aliis
893 4003 1078 4070 etiam,
1097 4019 1217 4075 quae
1238 4003 1369 4058 mihi
1385 4019 1484 4074 per
1503 4003 1875 4073 supradictum
1895 4003 2168 4061 venerabi-

569 4093 676 4151 lem
717 4092 1183 4163 archiepiscopum
1230 4090 1578 4148 Wanilonem
1625 4091 1910 4159 mandasti,
1964 4093 2168 4148 scilicet

569 4182 828 4256 quoniam
858 4180 904 4236 si
954 4179 1172 4251 scripta,
1216 4197 1337 4252 qua
1377 4181 1472 4236 tibi
1519 4188 1572 4238 et
1615 4181 1860 4237 ecclesia:
1889 4181 1982 4237 tibi
2011 4197 2165 4238 com-

569 4271 772 4337 missas,
807 4270 876 4326 de
907 4285 940 4326 a
969 4277 1022 4325 te
1051 4269 1311 4325 intentata
1351 4269 1910 4326 excommunicatione
1938 4278 2042 4326 tua;
2070 4285 2164 4342 pa—

570 4360 773 4416 rochias
802 4356 1096 4422 transmisi,
1131 4373 1250 4428 quae
1297 4357 1498 4414 ibidem
1538 4367 1717 4414 tecum
1765 4359 2030 4425 habebas,
2065 4374 2164 4415 co-

2275 458 2403 520 tate,
2437 459 2490 505 et
2519 449 2818 521 apostolica
2850 457 3011 519 atque
3051 445 3390 518 prOphetica,
3440 459 3651 500 necnon
3691 451 3747 499 et
3777 458 3880 498 ca-

2275 540 2471 595 nonica
2497 539 2836 604 auctoritate,
2868 537 2964 592 sed
2999 544 3053 591 et
3089 536 3158 590 de
3206 534 3519 606 apostolicae
3549 533 3704 589 sedis
3735 547 3880 588 con-

2275 627 2567 694 stitutione,
2603 627 2743 682 sicut
2774 633 3060 696 acceperat
3089 623 3280 679 eadem
3314 631 3502 678 sancta
3550 621 3714 677 sedes
3744 621 3882 676 bea-

2275 725 2450 772 torum
2497 715 2869 786 apostolorum
2915 713 3230 778 traditione,
3282 719 3534 769 constant
3571 726 3697 765 esse
3736 725 3880 766 con-

2276 805 2498 875 scripta.
2531 805 2598 859 Et
2627 811 2849 859 sanctus
2879 803 3262 872 Hieronymus,
3295 817 3363 856 ex
3395 807 3708 855 sanctarum
3729 797 3880 854 Scri-

2274 901 2555 964 pturarum
2611 892 2932 948 auctoritate
2954 935 2967 957 ,
3014 890 3337 960 comprobat
3401 888 3529 961 quia
3599 887 3879 960 ignoratio

2275 981 2674 1052 Scripturarum
2703 980 2978 1053 ignoratio
3009 978 3208 1034 Christi
3237 985 3339 1032 est.
3374 977 3443 1032 Et
3467 975 3786 1047 Apostolus,
3821 974 3880 1030 Si

2275 1069 2396 1141 quis
2413 1069 2645 1142 ignorat,
2663 1069 3024 1142 ignorabitur.
3060 1065 3331 1135 Profecto,
3355 1065 3527 1137 inquit
3548 1064 3876 1137 Gregorius,

2274 1158 2329 1212 hi
2347 1159 2438 1230 qui
2449 1175 2511 1214 ea
2525 1175 2646 1230 quae
2663 1165 2784 1212 sunt
2807 1156 3023 1212 Domini
3044 1155 3313 1224 nesciunt,
3328 1170 3362 1209 a
3371 1154 3605 1210 Domino
3617 1153 3879 1208 nesciun-

2276 1255 2382 1314 tur,
2403 1254 2456 1301 et
2478 1255 2789 1302 sanctarum
2809 1247 3214 1317 Scripturarum
3232 1243 3523 1298 traditores
3545 1251 3598 1298 et
3619 1242 3878 1298 incenso-

2275 1352 2366 1390 res
2396 1335 2538 1390 inter
2587 1335 2887 1407 sacrilegos
2933 1332 3234 1404 cumputari
3277 1331 3480 1387 debere
3526 1330 3787 1404 legimus.
3822 1329 3878 1385 Si

2275 1440 2412 1496 ergo
2442 1424 2552 1489 illa,
2585 1441 2707 1495 quas
2735 1424 2803 1478 de
2832 1421 3157 1494 Evangelio,
3190 1429 3242 1476 et
3258 1419 3725 1492 apostolis,'atque
3745 1435 3878 1490 pro-

2276 1513 2472 1584 phetis,
2505 1529 2606 1567 nec
2633 1528 2744 1568 non
2774 1520 2826 1566 et
2857 1511 3028 1566 sacris
3059 1510 3262 1583 regulis
3280 1509 3477 1580 Spiritu
3500 1507 3598 1564 Dei
3617 1507 3874 1576 conditis,

2277 1601 2393 1657 sine
2451 1601 2774 1656 admistione
2810 1600 3034 1669 alicujus
3089 1600 3364 1654 hazreseos
3423 1597 3509 1653 vel
3563 1596 3878 1652 schismatis

2203 1719 2256 1779 Β
2279 1689 2596 1761 conscripsi,
2631 1689 2882 1744 videlicet
2911 1703 3222 1743 mensuram
3261 1686 3442 1753 tritici,
3475 1701 3509 1740 a
3538 1686 3877 1742 comburen-

2278 1779 2362 1833 dis
2392 1778 2564 1849 paleis
2593 1786 2646 1833 et
2674 1777 2875 1832 zizania
2921 1777 3064 1848 puri,
3097 1791 3289 1831 revera
3331 1777 3401 1830 de
3449 1775 3648 1830 horreo
3678 1775 3877 1830 Domi-

2276 1866 2398 1922 nico
2431 1866 2484 1920 in
2513 1875 2753 1936 tempore
2785 1866 2900 1934 tibi,
2934 1881 3000 1920 ac
3030 1864 3274 1920 ecclesia:
3320 1863 3418 1919 tibi
3459 1863 3788 1931 commissae,
3823 1871 3879 1919 et

2277 1955 2626 2010 sollicitudini
2671 1972 2807 2010 mea:
2861 1954 3138 2023 subjectzn,
3174 1952 3383 2024 prolata
3408 1952 3761 2007 incenderem
3785 1993 3800 2021 ,
3825 1959 3880 2007 et

2276 2061 2403 2098 vera
2434 2060 2718 2116 negarem,
2751 2044 2868 2098 sine
2900 2043 3066 2097 dubio
3095 2043 3382 2108 Christum,
3415 2041 3506 2112 qui
3536 2041 3591 2095 in
3621 2040 3704 2096 eis
3736 2057 3879 2112 prae-

2276 2133 2550 2187 nuntiatus
2581 2139 2634 2187 et
2663 2139 2908 2186 ostentus
2937 2139 3038 2201 est,
3073 2139 3125 2186 et
3167 2148 3266 2202 per
3303 2147 3424 2202 qua:
3467 2129 3747 2185 Christum
3775 2144 3876 2186 co-

2275 2222 2584 2292 gnovimus,
2619 2221 2819 2293 quique
2850 2220 2940 2274 illa
2984 2221 3197 2276 locutus
3243 2226 3346 2286 est,
3387 2235 3474 2274 me
3503 2235 3669 2274 nosse
3719 2226 3774 2274 et
3823 2217 3878 2273 in

2276 2327 2400 2365 eum
2429 2310 2674 2377 credere,
2707 2326 2772 2366 ac
2801 2326 2901 2380 per
2928 2311 3033 2365 hoc
3062 2325 3150 2363 me
3179 2307 3545 2364 Christianum
3574 2323 3874 2380 negarem:

2275 2407 2326 2452 et
2357 2398 2402 2452 si
2432 2414 2617 2454 sacros
2663 2414 2901 2454 canones
2947 2405 2999 2452 et
3036 2397 3260 2452 decreta
3301 2397 3579 2452 catholicae
3608 2396 3877 2452 Ecclesiae

2275 2486 2623 2542 incenderem
2653 2495 2704 2541 et
2731 2487 3058 2551 abdicarem,
3090 2502 3178 2540 me
3210 2486 3399 2556 procul
3436 2485 3602 2540 dubio
3632 2501 3748 2540 non
3779 2501 3875 2542 so-

2274 2574 2387 2629 lum
2415 2575 2482 2629 ab
2515 2575 2828 2646 episcopatu
2856 2575 2975 2646 ipse
3003 2574 3318 2644 dejicerem,
3350 2591 3541 2630 verum
3584 2583 3641 2629 et
3678 2575 3750 2629 ab
3779 2590 3874 2632 ec-

2275 2665 2443 2720 clesia
2471 2663 2739 2720 catholica
2769 2664 3002 2720 divisum
3033 2672 3084 2718 et
3116 2655 3370 2731 alienum,
3403 2663 3458 2718 id
3485 2672 3568 2718 est
3597 2663 3874 2720 schisma-

2275 2753 2439 2808 ticum
2470 2761 2522 2808 ct
2550 2753 3060 2808 anathematizatum
3107 2751 3339 2823 publicis
3381 2761 3435 2808 et
3481 2752 3874 2810 ecclesiasticis

2273 2839 2487 2912 legibus
2518 2840 2814 2908 efﬁcerem,
2846 2841 2984 2897 sicut
3014 2849 3235 2896 sanctus
3275 2841 3383 2897 Leo
3430 2857 3589 2913 papa,
3625 2843 3874 2898 scribens

2274 2931 2341 2984 ad
2371 2931 2606 2985 Leonem
2623 2933 2946 3000 Augustum,
2972 2929 3134 2985 etiam
3165 2930 3233 2985 de
3260 2945 3319 2984 se
3347 2929 3478 2986 dicit
3507 2931 3697 3004 (epist.
3733 2933 3825 3002 8L)
3861 2949 3873 2985 :

2277 3041 2298 3066 «
2335 3018 2392 3072 Si
2421 3019 2718 3073 secundum
2750 3018 3070 3090 Apostolum
3101 3020 3248 3090 (Gal.
3281 3035 3338 3086 ιι,
3383 3023 3492 3090 18),
3523 3019 3724 3091 inquit,
3753 3037 3874 3092 qua:

2273 3107 2517 3162 destruxi
2545 3108 2661 3163 hac
2689 3106 2920 3174 EBdiiiCO,
2953 3108 3432 3179 praevaricatorem
3457 3125 3545 3164 me
3571 3109 3870 3175 constituo,

2273 3205 2324 3251 et
2354 3195 2434 3251 eis
2462 3213 2550 3250 me
2591 3197 2990 3252 conditionibus
3037 3197 3305 3252 ultionum
3353 3190 3546 3267 subdo‘,
3581 3213 3724 3270 quas
3765 3214 3874 3256 non

2272 3285 2448 3340 solum
2467 3285 2762 3341 auctoritas
2789 3286 2960 3341 beata:
2987 3286 3263 3343 memoriae
3303 3285 3566 3358 principis
3595 3288 3873 3358 Martiani,

2272 3374 2370 3430 sed
2395 3374 2554 3430 etiam
2586 3391 2722 3448 ergo
2752 3390 2874 3430 mea
2906 3375 3267 3431 consensione
3293 3374 3525 3432 ﬁrmavi.
3565 3395 3588 3425 ι
3624 3375 3878 3448 Quapro-

2270 3472 2410 3535 pter,
2445 3464 2544 3519 etsi
2575 3480 2662 3519 me
2692 3461 2986 3532 inﬁrmum,
3020 3479 3085 3519 ac
3113 3463 3366 3537 fragilem
3408 3473 3572 3536 atque
3615 3465 3874 3522 imbecil-

2270 3552 2397 3618 lem,
2431 3561 2489 3606 ut
2518 3568 2713 3608 revera
2761 3569 2903 3620 sum,
2947 3553 3096 3609 'adeo
3132 3553 3429 3623 azstimasti,
3474 3561 3534 3608 ut
3579 3554 3748 3609 minis
3787 3554 3872 3610 vel

2269 3639 2694 3711 promissionum
2721 3641 2995 3697 blanditiis
3025 3643 3096 3698 ad
3121 3643 3236 3699 haec
3267 3642 3480 3715 agenda
3509 3643 3654 3698 trahi
3671 3644 3762 3700 vel
3791 3644 3872 3700 in-

2269 3728 2426 3784 vitari
2447 3729 2710 3796 valerem,
2759 3745 2869 3786 non
2917 3738 3097 3786 tamen
3147 3731 3436 3803 episcopus
3476 3731 3730 3790 dubitare
3767 3733 3871 3788 de-

2269 3816 2486 3884 bueras,
2521 3834 2709 3874 verum
2741 3835 2864 3875 esse
2891 3820 3036 3891 quod
3065 3820 3136 3876 ab
3163 3835 3230 3876 eo
3259 3821 3352 3892 qui
3380 3819 3597 3892 perﬁcit
3624 3821 3683 3876 in
3707 3820 3870 3876 inﬁr-

2266 3905 2453 3961 mitate
2483 3906 2758 3978 virtutem,
2790 3923 2884 3964 ore
2914 3909 3155 3966 veridico
3175 3909 3507 3981 promittitur
3543 3927 3558 3964 :
3591 3911 3870 3968 Dominus

2267 3994 2460 4066 inquit,
2479 3996 2633 4052 dabit
2650 3997 2876 4053 verbum
2891 3998 3412 4070 evangelizantibus
3432 4001 3707 4056 virtutem
3725 4001 3871 4056 mul-

2269 4087 2386 4140 tam
2416 4085 2590 4153 (Psal.
2624 4100 2796 4152 van,
2833 4088 2948 4158 12).
2979 4087 3368 4144 Verumtamen
3399 4088 3526 4160 quia
3557 4089 3700 4145 sicut
3727 4089 3868 4164 legi-

2264 4188 2387 4228 mus
2417 4191 2431 4228 :
2464 4173 2524 4228 In
2550 4173 2812 4230 discendo
2841 4192 2993 4232 mora
3023 4177 3172 4232 nulla
3195 4185 3298 4244 est,
3336 4177 3430 4232 ubi
3464 4178 3700 4249 Spiritus
3732 4195 3866 4234 san-

2264 4270 2383 4318 ctus
2425 4261 2618 4319 doctor
2666 4264 2840 4330 adest,
2885 4265 3006 4336 ipso
3043 4265 3343 4338 inspirante
3387 4267 3478 4338 qui
3509 4267 3680 4324 dicit:
3715 4269 3865 4325 Dabo

2263 4351 2410 4408 vobis
2433 4369 2490 4409 os
2522 4357 2580 4409 et
2598 4355 2964 4426 sapientiam,
2990 4356 3084 4411 cui
3104 4371 3219 4412 non
3232 4360 3499 4428 poterunt
3520 4359 3790 4414 resistere
3809 4361 3870 4414 et

570 4463 688 4504 ram
717 4447 837 4502 aliis
879 4446 1250 4511 incenderem,
1297 4453 1350 4501 et
1391 4446 1718 4502 annullanda
1763 4447 2024 4513 dicerem,
2047 4464 2163 4504 me-
2192 4435 2250 4498 D
2271 4441 2658 4499 contradicere
2688 4459 2883 4500 omnes
2903 4445 3218 4500 adversarii
3235 4446 3581 4514 vestri(Luc.
3599 4460 3726 4513 χχι,
3753 4449 3861 4517 15),

571 4553 678 4609 que
706 4543 898 4593 contra
928 4535 1190 4590 rationem
1230 4541 1284 4590 et
1307 4534 1679 4590 auctoritatem
1712 4534 1906 4592 fecisse
1949 4533 2168 4607 proﬁte-

569 4641 677 4694 rer,
710 4639 926 4682 mecum
971 4639 1163 4694 pacem
1217 4623 1419 4688 habere
1475 4622 1664 4693 velles,
1709 4623 2002 4680 meditatus
2043 4641 2166 4680 cum

573 4713 737 4768 corde
765 4729 908 4781 meo,
933 4712 1061 4768 satis
1089 4711 1232 4783 apud
1262 4726 1350 4766 me
1377 4709 1564 4766 mirari
1611 4726 1720 4766 non
1763 4711 1915 4782 potui
1943 4712 2085 4768 unde
2115 4722 2168 4768 et

571 4801 842 4870 quomodo
871 4803 988 4857 hinc
1020 4800 1115 4856 tibi
1144 4800 1200 4854 in
1232 4815 1450 4856 sensum
1481 4799 1745 4867 venerint,
1787 4808 1843 4854 ut
1873 4799 2001 4856 talia
2035 4801 2165 4856 mihi

570 4888 828 4943 mandare
857 4905 1068 4958 posses.
1117 4890 1240 4945 Non
1289 4887 1538 4944 diabolus
1581 4888 1809 4960 loquens
1849 4889 1917 4944 ad
1959 4889 2164 4960 primos

566 4983 822 5046 parentes
849 4984 1086 5048 nostros,
1119 4977 1216 5033 sed
1262 4985 1315 5033 et
1343 4977 1415 5034 ad
1461 4977 1880 5047 Redemptorem
1923 4993 1988 5034 ac
2037 4979 2163 5034 Sal-

571 5072 815 5120 vatorem
847 5072 1108 5130 nostrum,
1138 5081 1246 5120 non
1275 5082 1341 5120 ex
1370 5065 1693 5134 dejectione,
1727 5065 1824 5120 sed
1853 5082 1917 5120 ex
1961 5082 2161 5137 prove-

567 5160 688 5210 ctus
717 5161 770 5207 et
800 5151 1144 5208 sublimitatis
1171 5154 1396 5210 avaritia
1427 5171 1523 5210 eos
1553 5154 1794 5209 tentavit.
1847 5154 1927 5210 Tu
1966 5171 2161 5226 super-

565 5256 810 5314 gressus,
843 5241 890 5296 si
910 5241 1017 5297 dici
1048 5239 1131 5296 fas
1169 5249 1271 5308 est,
1297 5242 1500 5297 diaboli
1527 5241 1941 5313 malignitatem,
1961 5243 2161 5300 oblitus

564 5331 826 5401 scriptum
855 5345 979 5386 esse
1014 5346 1025 5384 :
1063 5329 1176 5396 Qui
1195 5331 1592 5401 malignantur
1619 5332 2162 5389 exterminabunt-ur

560 5417 737 5490 (Psat.
772 5433 976 5489 xxxvr,
1009 5420 1084 5490 9),
1116 5433 1206 5474 me
1236 5418 1550 5476 stultissime
1581 5420 1738 5476 nimis
1767 5436 1834 5478 ex
1855 5421 2160 5492 dejectione

561 5507 798 5578 tentasti,
833 5507 1010 5564 sciens
1049 5507 1177 5581 quia
1201 5521 1322 5580 quae
1352 5507 1449 5564 tibi
1477 5516 1530 5566 et
1571 5509 1833 5568 Ecclesiae
1878 5509 1973 5567 tibi
2003 5527 2159 5569 com-

2265 4545 2374 4586 non
2403 4546 2527 4586 meo
2556 4532 2772 4602 merito,
2804 4533 2902 4588 sed
2934 4534 3109 4606 gratia
3129 4551 3248 4602 sua,
3273 4534 3421 4591 dedit
3444 4535 3574 4590 mihi
3595 4535 3865 4592 Dominus

2265 4618 2444 4674 subito
2475 4620 2803 4693 recogitare,
2834 4622 2958 4694 quia
2974 4623 3234 4694 scriptum
3265 4631 3379 4679 est:
3411 4625 3645 4698 Tempus
3670 4629 3864 4682 tacen-

2265 4706 2344 4772 di,
2379 4712 2436 4763 et
2467 4712 2688 4782 tempus
2707 4711 3616 4785 quuendi(Eccle.m,7).thuod
3637 4730 3863 4784 praeno-

2265 4806 2424 4846 scens
2451 4793 2824 4864 aequanimiter
2852 4802 2904 4850 te
2933 4803 3155 4867 portare
3198 4813 3310 4852 non
3357 4812 3522 4868 posse
3560 4797 3630 4853 ab
3673 4798 3862 4871 aliquo

2263 4881 2591 4950 reprehendi
2648 4882 2735 4938 vel
2791 4884 2969 4957 argui,
3019 4893 3073 4940 et
3119 4902 3230 4942 non
3283 4887 3491 4942 audens
3532 4887 3864 4945 authentice

2263 4967 2556 5040 Scriptura;
2582 4971 2750 5026 verba
2780 4981 3004 5040 mutare,
3039 4990 3108 5030 ne
3138 4991 3225 5031 me
3268 4974 3439 5046 ipsius
3485 4983 3644 5032 notes
3691 4975 3861 5033 falsa-

2262 5055 2422 5125 rium,
2455 5059 2667 5115 ratione
2694 5070 2930 5130 coactus,
2965 5079 3088 5119 cum
3118 5065 3278 5120 venia
3309 5065 3665 5122 sacerdotalis
3693 5083 3860 5123 reve-

2260 5147 2450 5202 rentia:
2478 5147 2657 5204 dicam
2681 5167 2695 5205 :
2723 5152 2799 5208 Ne
2813 5155 3150 5225 respondeas
3166 5155 3526 5228 slultojuxta
3541 5157 3860 5214 stultitiam

2259 5250 2442 5306 suam,
2457 5253 2528 5294 ne
2541 5239 2814 5310 efﬁciaris
2831 5243 2886 5296 ei
2897 5242 3104 5298 similis
3119 5263 3136 5298 :
3149 5247 3205 5300 et
3217 5244 3486 5316 responde
3496 5245 3859 5318 stultojuxta

2260 5325 2575 5382 stultitiam
2587 5344 2768 5398 suam,
2784 5346 2856 5386 ne
2867 5331 3208 5404 sibisapiens
3219 5333 3673 5405 videatur(Prov.
3686 5350 3854 5406 xxvx,

2259 5413 2312 5478 4,
2345 5413 2420 5483 5),
2455 5414 2637 5470 distuli
2667 5417 2761 5474 tibi
2794 5436 2916 5491 quae
2938 5427 3064 5476 tunc
3101 5430 3346 5492 poteram
3399 5423 3755 5494 respondere.
3789 5425 3859 5481 Et

2257 5507 2326 5566 de
2357 5510 2442 5567 bis
2464 5530 2585 5585 quae
2613 5515 2745 5571 mihi
2778 5517 3068 5587 mandasti,
3102 5519 3197 5576 tibi
3246 5536 3373 5578 mox
3420 5521 3759 5593 remandavi,
3800 5529 3858 5579 ut
