  <div class='ocr_page' id='page_1' title='image "/cluster/home/n/w/nwhite01/storage/ocr_20150623/126/umn.31951002477419r/184.png"; bbox 0 0 4072 6294; ppageno 0'>
   <div class='ocr_carea' id='block_1_1' title="bbox 234 229 328 280">
    <p class='ocr_par' dir='ltr' id='par_1_1' title="bbox 234 229 328 280">
     <span class='ocr_line' id='line_1_1' title="bbox 234 229 328 280; baseline 0.011 -1"><span class='ocrx_word' id='word_1_1' title='bbox 234 229 328 280; x_wconf 79' lang='grc'>301</span> 
     </span>
    </p>
   </div>
   <div class='ocr_carea' id='block_1_2' title="bbox 948 224 2753 284">
    <p class='ocr_par' dir='ltr' id='par_1_2' title="bbox 948 224 2753 284">
     <span class='ocr_line' id='line_1_2' title="bbox 948 224 2753 284; baseline 0.002 -3"><span class='ocrx_word' id='word_1_2' title='bbox 948 224 1189 282; x_wconf 88' lang='lat' dir='ltr'>OPUSC.</span> <span class='ocrx_word' id='word_1_3' title='bbox 1241 227 1329 282; x_wconf 86' lang='lat' dir='ltr'>ET</span> <span class='ocrx_word' id='word_1_4' title='bbox 1381 226 1597 282; x_wconf 90' lang='lat' dir='ltr'>EPIST.</span> <span class='ocrx_word' id='word_1_5' title='bbox 1656 227 1729 280; x_wconf 88' lang='lat' dir='ltr'><strong>IN</strong></span> <span class='ocrx_word' id='word_1_6' title='bbox 1787 226 2012 282; x_wconf 76' lang='lat' dir='ltr'><strong>CAUSA</strong></span> <span class='ocrx_word' id='word_1_7' title='bbox 2059 227 2401 284; x_wconf 82' lang='lat' dir='ltr'>HINCMARI</span> <span class='ocrx_word' id='word_1_8' title='bbox 2447 228 2753 284; x_wconf 83' lang='lat' dir='ltr'>LAUDUN.</span> 
     </span>
    </p>
   </div>
   <div class='ocr_carea' id='block_1_3' title="bbox 3431 232 3534 288">
    <p class='ocr_par' dir='ltr' id='par_1_3' title="bbox 3431 232 3534 288">
     <span class='ocr_line' id='line_1_3' title="bbox 3431 232 3534 288; baseline 0.019 -2"><span class='ocrx_word' id='word_1_9' title='bbox 3431 232 3534 288; x_wconf 77' lang='lat'>302</span> 
     </span>
    </p>
   </div>
   <div class='ocr_carea' id='block_1_4' title="bbox 238 349 3532 427">
    <p class='ocr_par' dir='ltr' id='par_1_4' title="bbox 238 349 3532 427">
     <span class='ocr_line' id='line_1_4' title="bbox 238 349 3532 427; baseline 0.002 -22"><span class='ocrx_word' id='word_1_10' title='bbox 238 349 492 422; x_wconf 88' lang='lat' dir='ltr'>quoniam</span> <span class='ocrx_word' id='word_1_11' title='bbox 520 365 550 402; x_wconf 93' lang='lat' dir='ltr'>a</span> <span class='ocrx_word' id='word_1_12' title='bbox 581 349 940 405; x_wconf 90' lang='lat' dir='ltr'>confratribus</span> <span class='ocrx_word' id='word_1_13' title='bbox 971 350 1191 420; x_wconf 82' lang='lat' dir='ltr'>nostris,</span> <span class='ocrx_word' id='word_1_14' title='bbox 1217 351 1414 423; x_wconf 88' lang='lat' dir='ltr'>quibus</span> <span class='ocrx_word' id='word_1_15' title='bbox 1433 367 1498 406; x_wconf 87' lang='lat' dir='ltr'>ea</span> <span class='ocrx_word' id='word_1_16' title='bbox 1525 351 1832 417; x_wconf 79' lang='lat' dir='ltr'>ostendisti,</span> <span class='ocrx_word' id='word_1_17' title='bbox 1867 349 2245 422; x_wconf 81' lang='lat' dir='ltr'>Aexiguitatis</span> <span class='ocrx_word' id='word_1_18' title='bbox 2274 366 2411 405; x_wconf 63' lang='lat' dir='ltr'>mea;</span> <span class='ocrx_word' id='word_1_19' title='bbox 2439 359 2543 406; x_wconf 69' lang='lat' dir='ltr'>tuae</span> <span class='ocrx_word' id='word_1_20' title='bbox 2570 350 2892 406; x_wconf 79' lang='lat' dir='ltr'>fraternitati</span> <span class='ocrx_word' id='word_1_21' title='bbox 2921 352 3083 422; x_wconf 88' lang='lat' dir='ltr'>dono,</span> <span class='ocrx_word' id='word_1_22' title='bbox 3116 361 3309 424; x_wconf 86' lang='lat' dir='ltr'>petens</span> <span class='ocrx_word' id='word_1_23' title='bbox 3338 355 3532 427; x_wconf 88' lang='lat' dir='ltr'>utipsa</span> 
     </span>
    </p>
   </div>
   <div class='ocr_carea' id='block_1_5' title="bbox 239 439 1843 510">
    <p class='ocr_par' dir='ltr' id='par_1_5' title="bbox 239 439 1843 510">
     <span class='ocr_line' id='line_1_5' title="bbox 239 439 1843 510; baseline 0.001 -17"><span class='ocrx_word' id='word_1_24' title='bbox 239 439 520 510; x_wconf 77' lang='lat' dir='ltr'>audieram</span> <span class='ocrx_word' id='word_1_25' title='bbox 553 446 605 493; x_wconf 91' lang='lat' dir='ltr'>te</span> <span class='ocrx_word' id='word_1_26' title='bbox 635 447 823 493; x_wconf 87' lang='lat' dir='ltr'>contra</span> <span class='ocrx_word' id='word_1_27' title='bbox 872 456 980 505; x_wconf 91' lang='lat' dir='ltr'>me,</span> <span class='ocrx_word' id='word_1_28' title='bbox 1043 447 1095 494; x_wconf 91' lang='lat' dir='ltr'>et</span> <span class='ocrx_word' id='word_1_29' title='bbox 1151 448 1341 494; x_wconf 88' lang='lat' dir='ltr'>contra</span> <span class='ocrx_word' id='word_1_30' title='bbox 1391 442 1580 494; x_wconf 90' lang='lat' dir='ltr'>eadem</span> <span class='ocrx_word' id='word_1_31' title='bbox 1639 440 1843 510; x_wconf 90' lang='lat' dir='ltr'>scripta</span> 
     </span>
    </p>
   </div>
   <div class='ocr_carea' id='block_1_6' title="bbox 239 527 1841 599">
    <p class='ocr_par' dir='ltr' id='par_1_6' title="bbox 239 527 1841 599">
     <span class='ocr_line' id='line_1_6' title="bbox 239 527 1841 599; baseline 0 -17"><span class='ocrx_word' id='word_1_32' title='bbox 239 527 488 599; x_wconf 63' lang='lat' dir='ltr'>quaedam</span> <span class='ocrx_word' id='word_1_33' title='bbox 515 527 828 599; x_wconf 81' lang='lat' dir='ltr'>collegisse,</span> <span class='ocrx_word' id='word_1_34' title='bbox 859 536 909 582; x_wconf 90' lang='lat' dir='ltr'>et</span> <span class='ocrx_word' id='word_1_35' title='bbox 941 527 1104 584; x_wconf 89' lang='lat' dir='ltr'>etiam</span> <span class='ocrx_word' id='word_1_36' title='bbox 1131 529 1347 584; x_wconf 89' lang='lat' dir='ltr'>cuidam</span> <span class='ocrx_word' id='word_1_37' title='bbox 1378 529 1580 598; x_wconf 90' lang='lat' dir='ltr'>scripto</span> <span class='ocrx_word' id='word_1_38' title='bbox 1608 536 1660 583; x_wconf 90' lang='lat' dir='ltr'>te</span> <span class='ocrx_word' id='word_1_39' title='bbox 1705 529 1841 582; x_wconf 89' lang='lat' dir='ltr'>sub-</span> 
     </span>
    </p>
   </div>
   <div class='ocr_carea' id='block_1_7' title="bbox 235 616 1841 685">
    <p class='ocr_par' dir='ltr' id='par_1_7' title="bbox 235 616 1841 685">
     <span class='ocr_line' id='line_1_7' title="bbox 235 616 1841 685; baseline 0 -15"><span class='ocrx_word' id='word_1_40' title='bbox 235 616 544 685; x_wconf 88' lang='lat' dir='ltr'>scripsisse,</span> <span class='ocrx_word' id='word_1_41' title='bbox 580 623 634 670; x_wconf 89' lang='lat' dir='ltr'>et</span> <span class='ocrx_word' id='word_1_42' title='bbox 664 632 697 670; x_wconf 91' lang='lat' dir='ltr'>a</span> <span class='ocrx_word' id='word_1_43' title='bbox 727 616 1000 671; x_wconf 88' lang='lat' dir='ltr'>canonicis</span> <span class='ocrx_word' id='word_1_44' title='bbox 1032 617 1295 672; x_wconf 69' lang='lat' dir='ltr'>Ecclesiae</span> <span class='ocrx_word' id='word_1_45' title='bbox 1343 617 1739 684; x_wconf 89' lang='lat' dir='ltr'>Laudunensis,</span> <span class='ocrx_word' id='word_1_46' title='bbox 1789 625 1841 670; x_wconf 93' lang='lat' dir='ltr'>et</span> 
     </span>
    </p>
   </div>
   <div class='ocr_carea' id='block_1_8' title="bbox 235 705 1840 776">
    <p class='ocr_par' dir='ltr' id='par_1_8' title="bbox 235 705 1840 776">
     <span class='ocr_line' id='line_1_8' title="bbox 235 705 1840 776; baseline -0.001 -16"><span class='ocrx_word' id='word_1_47' title='bbox 235 711 483 775; x_wconf 89' lang='lat' dir='ltr'>posteaa</span> <span class='ocrx_word' id='word_1_48' title='bbox 529 705 867 775; x_wconf 82' lang='lat' dir='ltr'>presbyteris</span> <span class='ocrx_word' id='word_1_49' title='bbox 916 713 1020 760; x_wconf 70' lang='lat' dir='ltr'>tum</span> <span class='ocrx_word' id='word_1_50' title='bbox 1059 707 1354 776; x_wconf 55' lang='lat' dir='ltr'>parochias,</span> <span class='ocrx_word' id='word_1_51' title='bbox 1410 715 1594 761; x_wconf 88' lang='lat' dir='ltr'>contra</span> <span class='ocrx_word' id='word_1_52' title='bbox 1641 722 1727 760; x_wconf 91' lang='lat' dir='ltr'>me</span> <span class='ocrx_word' id='word_1_53' title='bbox 1789 713 1840 760; x_wconf 91' lang='lat' dir='ltr'>et</span> 
     </span>
    </p>
   </div>
   <div class='ocr_carea' id='block_1_9' title="bbox 234 793 1841 864">
    <p class='ocr_par' dir='ltr' id='par_1_9' title="bbox 234 793 1841 864">
     <span class='ocr_line' id='line_1_9' title="bbox 234 793 1841 864; baseline 0.001 -17"><span class='ocrx_word' id='word_1_54' title='bbox 234 801 429 848; x_wconf 90' lang='lat' dir='ltr'>contra</span> <span class='ocrx_word' id='word_1_55' title='bbox 456 794 652 848; x_wconf 90' lang='lat' dir='ltr'>eadem</span> <span class='ocrx_word' id='word_1_56' title='bbox 697 793 902 864; x_wconf 88' lang='lat' dir='ltr'>scripta</span> <span class='ocrx_word' id='word_1_57' title='bbox 947 795 1219 850; x_wconf 86' lang='lat' dir='ltr'>subscribi</span> <span class='ocrx_word' id='word_1_58' title='bbox 1263 793 1479 850; x_wconf 83' lang='lat' dir='ltr'>fecisse.</span> <span class='ocrx_word' id='word_1_59' title='bbox 1533 795 1642 850; x_wconf 90' lang='lat' dir='ltr'>Sed</span> <span class='ocrx_word' id='word_1_60' title='bbox 1691 802 1741 848; x_wconf 92' lang='lat' dir='ltr'>et</span> <span class='ocrx_word' id='word_1_61' title='bbox 1791 801 1841 849; x_wconf 87' lang='lat' dir='ltr'>te</span> 
     </span>
    </p>
   </div>
   <div class='ocr_carea' id='block_1_10' title="bbox 237 881 1840 954">
    <p class='ocr_par' dir='ltr' id='par_1_10' title="bbox 237 881 1840 954">
     <span class='ocr_line' id='line_1_10' title="bbox 237 881 1840 954; baseline 0.001 -18"><span class='ocrx_word' id='word_1_62' title='bbox 237 881 443 945; x_wconf 89' lang='lat' dir='ltr'>dicere,</span> <span class='ocrx_word' id='word_1_63' title='bbox 477 881 605 953; x_wconf 86' lang='lat' dir='ltr'>quia</span> <span class='ocrx_word' id='word_1_64' title='bbox 633 882 753 953; x_wconf 90' lang='lat' dir='ltr'>ipsa</span> <span class='ocrx_word' id='word_1_65' title='bbox 781 883 1002 952; x_wconf 90' lang='lat' dir='ltr'>scripta,</span> <span class='ocrx_word' id='word_1_66' title='bbox 1036 899 1156 954; x_wconf 74' lang='lat' dir='ltr'>quae</span> <span class='ocrx_word' id='word_1_67' title='bbox 1187 899 1291 954; x_wconf 94' lang='lat' dir='ltr'>ego</span> <span class='ocrx_word' id='word_1_68' title='bbox 1321 883 1432 950; x_wconf 90' lang='lat' dir='ltr'>tibi,</span> <span class='ocrx_word' id='word_1_69' title='bbox 1487 890 1540 938; x_wconf 91' lang='lat' dir='ltr'>et</span> <span class='ocrx_word' id='word_1_70' title='bbox 1593 882 1840 938; x_wconf 73' lang='lat' dir='ltr'>ecclesia:</span> 
     </span>
    </p>
   </div>
   <div class='ocr_carea' id='block_1_11' title="bbox 238 970 1841 1041">
    <p class='ocr_par' dir='ltr' id='par_1_11' title="bbox 238 970 1841 1041">
     <span class='ocr_line' id='line_1_11' title="bbox 238 970 1841 1041; baseline 0.001 -17"><span class='ocrx_word' id='word_1_71' title='bbox 238 970 603 1039; x_wconf 90' lang='lat' dir='ltr'>Laudunensi,</span> <span class='ocrx_word' id='word_1_72' title='bbox 639 971 708 1026; x_wconf 93' lang='lat' dir='ltr'>de</span> <span class='ocrx_word' id='word_1_73' title='bbox 739 971 966 1041; x_wconf 77' lang='lat' dir='ltr'>praefata</span> <span class='ocrx_word' id='word_1_74' title='bbox 995 971 1553 1026; x_wconf 86' lang='lat' dir='ltr'>excommunicatione</span> <span class='ocrx_word' id='word_1_75' title='bbox 1576 988 1608 1026; x_wconf 90' lang='lat' dir='ltr'>a</span> <span class='ocrx_word' id='word_1_76' title='bbox 1629 980 1680 1026; x_wconf 94' lang='lat' dir='ltr'>te</span> <span class='ocrx_word' id='word_1_77' title='bbox 1698 971 1841 1026; x_wconf 88' lang='lat' dir='ltr'>facta</span> 
     </span>
    </p>
   </div>
   <div class='ocr_carea' id='block_1_12' title="bbox 236 1059 1839 1129">
    <p class='ocr_par' dir='ltr' id='par_1_12' title="bbox 236 1059 1839 1129">
     <span class='ocr_line' id='line_1_12' title="bbox 236 1059 1839 1129; baseline -0.001 -15"><span class='ocrx_word' id='word_1_78' title='bbox 236 1059 569 1129; x_wconf 85' lang='lat' dir='ltr'>direxeram,</span> <span class='ocrx_word' id='word_1_79' title='bbox 622 1059 967 1114; x_wconf 87' lang='lat' dir='ltr'>membratim</span> <span class='ocrx_word' id='word_1_80' title='bbox 1021 1060 1359 1126; x_wconf 89' lang='lat' dir='ltr'>dissolvisse,</span> <span class='ocrx_word' id='word_1_81' title='bbox 1421 1068 1474 1115; x_wconf 89' lang='lat' dir='ltr'>et</span> <span class='ocrx_word' id='word_1_82' title='bbox 1537 1061 1839 1116; x_wconf 89' lang='lat' dir='ltr'>secundum</span> 
     </span>
    </p>
   </div>
   <div class='ocr_carea' id='block_1_13' title="bbox 239 1148 1838 1219">
    <p class='ocr_par' dir='ltr' id='par_1_13' title="bbox 239 1148 1838 1219">
     <span class='ocr_line' id='line_1_13' title="bbox 239 1148 1838 1219; baseline 0.002 -18"><span class='ocrx_word' id='word_1_83' title='bbox 239 1156 550 1204; x_wconf 86' lang='lat' dir='ltr'>sanctarum</span> <span class='ocrx_word' id='word_1_84' title='bbox 593 1148 864 1203; x_wconf 89' lang='lat' dir='ltr'>tramitem</span> <span class='ocrx_word' id='word_1_85' title='bbox 912 1149 1329 1219; x_wconf 88' lang='lat' dir='ltr'>Scripturarum,</span> <span class='ocrx_word' id='word_1_86' title='bbox 1382 1149 1838 1219; x_wconf 89' lang='lat' dir='ltr'>traditionemque</span> 
     </span>
    </p>
   </div>
   <div class='ocr_carea' id='block_1_14' title="bbox 237 1229 1840 1306">
    <p class='ocr_par' dir='ltr' id='par_1_14' title="bbox 237 1229 1840 1306">
     <span class='ocr_line' id='line_1_14' title="bbox 237 1229 1840 1306; baseline 0.001 -15"><span class='ocrx_word' id='word_1_87' title='bbox 237 1237 528 1306; x_wconf 85' lang='lat' dir='ltr'>majorum,</span> <span class='ocrx_word' id='word_1_88' title='bbox 562 1237 764 1292; x_wconf 90' lang='lat' dir='ltr'>nullius</span> <span class='ocrx_word' id='word_1_89' title='bbox 782 1229 915 1292; x_wconf 83' lang='lat' dir='ltr'>esse</span> <span class='ocrx_word' id='word_1_90' title='bbox 945 1237 1283 1293; x_wconf 86' lang='lat' dir='ltr'>auctoritatis</span> <span class='ocrx_word' id='word_1_91' title='bbox 1314 1237 1400 1292; x_wconf 91' lang='lat' dir='ltr'>vel</span> <span class='ocrx_word' id='word_1_92' title='bbox 1429 1238 1650 1292; x_wconf 89' lang='lat' dir='ltr'>rationis</span> <span class='ocrx_word' id='word_1_93' title='bbox 1691 1254 1840 1292; x_wconf 87' lang='lat' dir='ltr'>mon-</span> 
     </span>
    </p>
   </div>
   <div class='ocr_carea' id='block_1_15' title="bbox 238 1326 1838 1382">
    <p class='ocr_par' dir='ltr' id='par_1_15' title="bbox 238 1326 1838 1382">
     <span class='ocr_line' id='line_1_15' title="bbox 238 1326 1838 1382; baseline 0.001 -3"><span class='ocrx_word' id='word_1_94' title='bbox 238 1334 443 1381; x_wconf 89' lang='lat' dir='ltr'>strasse</span> <span class='ocrx_word' id='word_1_95' title='bbox 477 1344 491 1380; x_wconf 90' lang='lat'>:</span> <span class='ocrx_word' id='word_1_96' title='bbox 523 1342 711 1381; x_wconf 89' lang='lat' dir='ltr'>coram</span> <span class='ocrx_word' id='word_1_97' title='bbox 736 1326 896 1380; x_wconf 90' lang='lat' dir='ltr'>tantis</span> <span class='ocrx_word' id='word_1_98' title='bbox 938 1334 990 1382; x_wconf 90' lang='lat' dir='ltr'>et</span> <span class='ocrx_word' id='word_1_99' title='bbox 1021 1327 1220 1381; x_wconf 89' lang='lat' dir='ltr'>talibus</span> <span class='ocrx_word' id='word_1_100' title='bbox 1269 1327 1337 1382; x_wconf 89' lang='lat' dir='ltr'>de</span> <span class='ocrx_word' id='word_1_101' title='bbox 1381 1326 1739 1382; x_wconf 88' lang='lat' dir='ltr'>confratribus</span> <span class='ocrx_word' id='word_1_102' title='bbox 1787 1334 1838 1380; x_wconf 90' lang='lat' dir='ltr'>et</span> 
     </span>
    </p>
   </div>
   <div class='ocr_carea' id='block_1_16' title="bbox 241 1414 1838 1487">
    <p class='ocr_par' dir='ltr' id='par_1_16' title="bbox 241 1414 1838 1487">
     <span class='ocr_line' id='line_1_16' title="bbox 241 1414 1838 1487; baseline -0.001 -17"><span class='ocrx_word' id='word_1_103' title='bbox 241 1414 585 1486; x_wconf 89' lang='lat' dir='ltr'>coepiscopis</span> <span class='ocrx_word' id='word_1_104' title='bbox 614 1415 818 1470; x_wconf 91' lang='lat' dir='ltr'>nostris</span> <span class='ocrx_word' id='word_1_105' title='bbox 850 1415 942 1487; x_wconf 91' lang='lat' dir='ltr'>qui</span> <span class='ocrx_word' id='word_1_106' title='bbox 974 1415 1051 1469; x_wconf 91' lang='lat' dir='ltr'>ibi</span> <span class='ocrx_word' id='word_1_107' title='bbox 1081 1416 1324 1485; x_wconf 90' lang='lat' dir='ltr'>aderant,</span> <span class='ocrx_word' id='word_1_108' title='bbox 1359 1431 1495 1487; x_wconf 91' lang='lat' dir='ltr'>quos</span> <span class='ocrx_word' id='word_1_109' title='bbox 1525 1423 1576 1470; x_wconf 91' lang='lat' dir='ltr'>et</span> <span class='ocrx_word' id='word_1_110' title='bbox 1606 1423 1838 1486; x_wconf 89' lang='lat' dir='ltr'>quantos</span> 
     </span>
    </p>
   </div>
   <div class='ocr_carea' id='block_1_17' title="bbox 240 1503 1836 1576">
    <p class='ocr_par' dir='ltr' id='par_1_17' title="bbox 240 1503 1836 1576">
     <span class='ocr_line' id='line_1_17' title="bbox 240 1503 1836 1576; baseline 0.001 -19"><span class='ocrx_word' id='word_1_111' title='bbox 240 1513 292 1558; x_wconf 91' lang='lat' dir='ltr'>tu</span> <span class='ocrx_word' id='word_1_112' title='bbox 324 1503 581 1576; x_wconf 82' lang='lat' dir='ltr'>eligeres,</span> <span class='ocrx_word' id='word_1_113' title='bbox 613 1504 803 1560; x_wconf 89' lang='lat' dir='ltr'>eadem</span> <span class='ocrx_word' id='word_1_114' title='bbox 836 1504 1053 1574; x_wconf 90' lang='lat' dir='ltr'>scripta,</span> <span class='ocrx_word' id='word_1_115' title='bbox 1087 1521 1206 1576; x_wconf 86' lang='lat' dir='ltr'>quae</span> <span class='ocrx_word' id='word_1_116' title='bbox 1236 1519 1340 1576; x_wconf 91' lang='lat' dir='ltr'>ego</span> <span class='ocrx_word' id='word_1_117' title='bbox 1386 1505 1480 1559; x_wconf 91' lang='lat' dir='ltr'>tibi</span> <span class='ocrx_word' id='word_1_118' title='bbox 1525 1512 1578 1558; x_wconf 88' lang='lat' dir='ltr'>et</span> <span class='ocrx_word' id='word_1_119' title='bbox 1618 1504 1836 1558; x_wconf 90' lang='lat' dir='ltr'>Laudu—</span> 
     </span>
    </p>
   </div>
   <div class='ocr_carea' id='block_1_18' title="bbox 237 1591 1833 1663">
    <p class='ocr_par' dir='ltr' id='par_1_18' title="bbox 237 1591 1833 1663">
     <span class='ocr_line' id='line_1_18' title="bbox 237 1591 1833 1663; baseline 0 -17"><span class='ocrx_word' id='word_1_120' title='bbox 237 1591 393 1647; x_wconf 88' lang='lat' dir='ltr'>nensi</span> <span class='ocrx_word' id='word_1_121' title='bbox 424 1592 674 1647; x_wconf 69' lang='lat' dir='ltr'>ecclesiae</span> <span class='ocrx_word' id='word_1_122' title='bbox 703 1608 803 1662; x_wconf 92' lang='lat' dir='ltr'>pro</span> <span class='ocrx_word' id='word_1_123' title='bbox 844 1592 1054 1647; x_wconf 90' lang='lat' dir='ltr'>ratione</span> <span class='ocrx_word' id='word_1_124' title='bbox 1100 1593 1362 1663; x_wconf 66' lang='lat' dir='ltr'>pra-edicta</span> <span class='ocrx_word' id='word_1_125' title='bbox 1405 1592 1833 1658; x_wconf 89' lang='lat' dir='ltr'>transmiseram,</span> 
     </span>
    </p>
   </div>
   <div class='ocr_carea' id='block_1_19' title="bbox 237 1681 1917 1771">
    <p class='ocr_par' dir='ltr' id='par_1_19' title="bbox 237 1681 1917 1771">
     <span class='ocr_line' id='line_1_19' title="bbox 237 1681 1917 1771; baseline -0.001 -35"><span class='ocrx_word' id='word_1_126' title='bbox 237 1681 674 1736; x_wconf 89' lang='lat' dir='ltr'>ostenderentur.</span> <span class='ocrx_word' id='word_1_127' title='bbox 712 1681 818 1736; x_wconf 90' lang='lat' dir='ltr'>Sed</span> <span class='ocrx_word' id='word_1_128' title='bbox 847 1689 900 1736; x_wconf 91' lang='lat' dir='ltr'>et</span> <span class='ocrx_word' id='word_1_129' title='bbox 928 1689 984 1735; x_wconf 93' lang='lat' dir='ltr'>tu</span> <span class='ocrx_word' id='word_1_130' title='bbox 1038 1697 1102 1736; x_wconf 91' lang='lat' dir='ltr'>ea</span> <span class='ocrx_word' id='word_1_131' title='bbox 1149 1699 1268 1753; x_wconf 65' lang='lat' dir='ltr'>quae</span> <span class='ocrx_word' id='word_1_132' title='bbox 1298 1681 1617 1753; x_wconf 89' lang='lat' dir='ltr'>collegeras,</span> <span class='ocrx_word' id='word_1_133' title='bbox 1649 1697 1836 1736; x_wconf 89' lang='lat' dir='ltr'>verum</span> <span class='ocrx_word' id='word_1_134' title='bbox 1865 1713 1917 1771; x_wconf 85' lang='lat' dir='ltr'>B</span> 
     </span>
    </p>
   </div>
   <div class='ocr_carea' id='block_1_20' title="bbox 240 1769 1833 1840">
    <p class='ocr_par' dir='ltr' id='par_1_20' title="bbox 240 1769 1833 1840">
     <span class='ocr_line' id='line_1_20' title="bbox 240 1769 1833 1840; baseline -0.001 -16"><span class='ocrx_word' id='word_1_135' title='bbox 240 1777 289 1824; x_wconf 88' lang='lat' dir='ltr'>et</span> <span class='ocrx_word' id='word_1_136' title='bbox 346 1769 440 1824; x_wconf 88' lang='lat' dir='ltr'>illa</span> <span class='ocrx_word' id='word_1_137' title='bbox 487 1769 688 1840; x_wconf 90' lang='lat' dir='ltr'>quibus</span> <span class='ocrx_word' id='word_1_138' title='bbox 737 1769 1162 1840; x_wconf 86' lang='lat' dir='ltr'>subscripseras,</span> <span class='ocrx_word' id='word_1_139' title='bbox 1214 1778 1267 1825; x_wconf 90' lang='lat' dir='ltr'>et</span> <span class='ocrx_word' id='word_1_140' title='bbox 1309 1769 1575 1825; x_wconf 88' lang='lat' dir='ltr'>subscribi</span> <span class='ocrx_word' id='word_1_141' title='bbox 1603 1769 1833 1836; x_wconf 86' lang='lat' dir='ltr'>feceras,</span> 
     </span>
    </p>
   </div>
   <div class='ocr_carea' id='block_1_21' title="bbox 239 1857 1844 1929">
    <p class='ocr_par' dir='ltr' id='par_1_21' title="bbox 239 1857 1844 1929">
     <span class='ocr_line' id='line_1_21' title="bbox 239 1857 1844 1929; baseline -0.001 -17"><span class='ocrx_word' id='word_1_142' title='bbox 239 1873 340 1914; x_wconf 90' lang='lat' dir='ltr'>nec</span> <span class='ocrx_word' id='word_1_143' title='bbox 368 1873 479 1913; x_wconf 92' lang='lat' dir='ltr'>non</span> <span class='ocrx_word' id='word_1_144' title='bbox 510 1867 563 1912; x_wconf 93' lang='lat' dir='ltr'>et</span> <span class='ocrx_word' id='word_1_145' title='bbox 591 1857 684 1912; x_wconf 90' lang='lat' dir='ltr'>illa</span> <span class='ocrx_word' id='word_1_146' title='bbox 714 1874 815 1928; x_wconf 91' lang='lat' dir='ltr'>per</span> <span class='ocrx_word' id='word_1_147' title='bbox 848 1875 969 1929; x_wconf 77' lang='lat' dir='ltr'>qua:</span> <span class='ocrx_word' id='word_1_148' title='bbox 1001 1859 1202 1929; x_wconf 89' lang='lat' dir='ltr'>scripta</span> <span class='ocrx_word' id='word_1_149' title='bbox 1232 1874 1266 1913; x_wconf 92' lang='lat' dir='ltr'>a</span> <span class='ocrx_word' id='word_1_150' title='bbox 1294 1875 1382 1914; x_wconf 90' lang='lat' dir='ltr'>me</span> <span class='ocrx_word' id='word_1_151' title='bbox 1412 1859 1617 1914; x_wconf 88' lang='lat' dir='ltr'>directa</span> <span class='ocrx_word' id='word_1_152' title='bbox 1647 1867 1698 1914; x_wconf 90' lang='lat' dir='ltr'>te</span> <span class='ocrx_word' id='word_1_153' title='bbox 1727 1858 1844 1912; x_wconf 91' lang='lat' dir='ltr'>dis-</span> 
     </span>
    </p>
   </div>
   <div class='ocr_carea' id='block_1_22' title="bbox 243 1946 1846 2017">
    <p class='ocr_par' dir='ltr' id='par_1_22' title="bbox 243 1946 1846 2017">
     <span class='ocr_line' id='line_1_22' title="bbox 243 1946 1846 2017; baseline 0 -17"><span class='ocrx_word' id='word_1_154' title='bbox 243 1946 473 2002; x_wconf 90' lang='lat' dir='ltr'>solvisse</span> <span class='ocrx_word' id='word_1_155' title='bbox 505 1947 750 2017; x_wconf 82' lang='lat' dir='ltr'>dicebas,</span> <span class='ocrx_word' id='word_1_156' title='bbox 799 1947 852 2001; x_wconf 91' lang='lat' dir='ltr'>in</span> <span class='ocrx_word' id='word_1_157' title='bbox 898 1947 1140 2002; x_wconf 91' lang='lat' dir='ltr'>medium</span> <span class='ocrx_word' id='word_1_158' title='bbox 1188 1948 1360 2001; x_wconf 88' lang='lat' dir='ltr'>nostri</span> <span class='ocrx_word' id='word_1_159' title='bbox 1407 1947 1748 2017; x_wconf 88' lang='lat' dir='ltr'>deportares,</span> <span class='ocrx_word' id='word_1_160' title='bbox 1793 1955 1846 2000; x_wconf 91' lang='lat' dir='ltr'>et</span> 
     </span>
    </p>
   </div>
   <div class='ocr_carea' id='block_1_23' title="bbox 241 2036 1846 2108">
    <p class='ocr_par' dir='ltr' id='par_1_23' title="bbox 241 2036 1846 2108">
     <span class='ocr_line' id='line_1_23' title="bbox 241 2036 1846 2108; baseline 0 -18"><span class='ocrx_word' id='word_1_161' title='bbox 241 2036 559 2108; x_wconf 83' lang='lat' dir='ltr'>legerentur</span> <span class='ocrx_word' id='word_1_162' title='bbox 588 2052 689 2106; x_wconf 93' lang='lat' dir='ltr'>per</span> <span class='ocrx_word' id='word_1_163' title='bbox 721 2037 985 2100; x_wconf 84' lang='lat' dir='ltr'>ordinem,</span> <span class='ocrx_word' id='word_1_164' title='bbox 1025 2043 1078 2090; x_wconf 94' lang='lat' dir='ltr'>et</span> <span class='ocrx_word' id='word_1_165' title='bbox 1107 2036 1367 2108; x_wconf 81' lang='lat' dir='ltr'>quidquid</span> <span class='ocrx_word' id='word_1_166' title='bbox 1398 2043 1526 2092; x_wconf 92' lang='lat' dir='ltr'>tunc</span> <span class='ocrx_word' id='word_1_167' title='bbox 1551 2036 1625 2091; x_wconf 90' lang='lat' dir='ltr'>ibi</span> <span class='ocrx_word' id='word_1_168' title='bbox 1655 2052 1685 2090; x_wconf 89' lang='lat' dir='ltr'>a</span> <span class='ocrx_word' id='word_1_169' title='bbox 1717 2051 1846 2106; x_wconf 68' lang='lat' dir='ltr'>prae-</span> 
     </span>
    </p>
   </div>
   <div class='ocr_carea' id='block_1_24' title="bbox 242 2123 1844 2195">
    <p class='ocr_par' dir='ltr' id='par_1_24' title="bbox 242 2123 1844 2195">
     <span class='ocr_line' id='line_1_24' title="bbox 242 2123 1844 2195; baseline 0 -17"><span class='ocrx_word' id='word_1_170' title='bbox 242 2123 362 2179; x_wconf 85' lang='lat' dir='ltr'>fatis</span> <span class='ocrx_word' id='word_1_171' title='bbox 392 2124 653 2179; x_wconf 88' lang='lat' dir='ltr'>fratribus</span> <span class='ocrx_word' id='word_1_172' title='bbox 685 2133 738 2179; x_wconf 93' lang='lat' dir='ltr'>et</span> <span class='ocrx_word' id='word_1_173' title='bbox 768 2125 1108 2195; x_wconf 90' lang='lat' dir='ltr'>coepiscopis</span> <span class='ocrx_word' id='word_1_174' title='bbox 1148 2125 1349 2178; x_wconf 90' lang='lat' dir='ltr'>nostris</span> <span class='ocrx_word' id='word_1_175' title='bbox 1382 2126 1528 2193; x_wconf 91' lang='lat' dir='ltr'>juste</span> <span class='ocrx_word' id='word_1_176' title='bbox 1579 2133 1631 2179; x_wconf 91' lang='lat' dir='ltr'>et</span> <span class='ocrx_word' id='word_1_177' title='bbox 1680 2124 1844 2178; x_wconf 89' lang='lat' dir='ltr'>ratio-</span> 
     </span>
    </p>
   </div>
   <div class='ocr_carea' id='block_1_25' title="bbox 241 2211 1844 2278">
    <p class='ocr_par' dir='ltr' id='par_1_25' title="bbox 241 2211 1844 2278">
     <span class='ocr_line' id='line_1_25' title="bbox 241 2211 1844 2278; baseline -0.001 -12"><span class='ocrx_word' id='word_1_178' title='bbox 241 2212 493 2268; x_wconf 88' lang='lat' dir='ltr'>nabiliter</span> <span class='ocrx_word' id='word_1_179' title='bbox 522 2214 830 2270; x_wconf 91' lang='lat' dir='ltr'>secundum</span> <span class='ocrx_word' id='word_1_180' title='bbox 861 2229 1073 2268; x_wconf 88' lang='lat' dir='ltr'>sacram</span> <span class='ocrx_word' id='word_1_181' title='bbox 1104 2213 1496 2278; x_wconf 89' lang='lat' dir='ltr'>auctoritatem,</span> <span class='ocrx_word' id='word_1_182' title='bbox 1531 2219 1583 2267; x_wconf 93' lang='lat' dir='ltr'>et</span> <span class='ocrx_word' id='word_1_183' title='bbox 1612 2211 1844 2268; x_wconf 89' lang='lat' dir='ltr'>catholi-</span> 
     </span>
    </p>
   </div>
   <div class='ocr_carea' id='block_1_26' title="bbox 242 2300 1848 2369">
    <p class='ocr_par' dir='ltr' id='par_1_26' title="bbox 242 2300 1848 2369">
     <span class='ocr_line' id='line_1_26' title="bbox 242 2300 1848 2369; baseline -0.002 -12"><span class='ocrx_word' id='word_1_184' title='bbox 242 2318 317 2357; x_wconf 76' lang='lat' dir='ltr'>cae</span> <span class='ocrx_word' id='word_1_185' title='bbox 347 2300 474 2356; x_wconf 77' lang='lat' dir='ltr'>fidei</span> <span class='ocrx_word' id='word_1_186' title='bbox 506 2301 972 2367; x_wconf 90' lang='lat' dir='ltr'>convenientiam,</span> <span class='ocrx_word' id='word_1_187' title='bbox 1017 2301 1296 2356; x_wconf 90' lang='lat' dir='ltr'>inventum</span> <span class='ocrx_word' id='word_1_188' title='bbox 1345 2309 1396 2356; x_wconf 89' lang='lat' dir='ltr'>et</span> <span class='ocrx_word' id='word_1_189' title='bbox 1441 2301 1741 2369; x_wconf 88' lang='lat' dir='ltr'>decretum,</span> <span class='ocrx_word' id='word_1_190' title='bbox 1794 2307 1848 2355; x_wconf 90' lang='lat' dir='ltr'>et</span> 
     </span>
    </p>
   </div>
   <div class='ocr_carea' id='block_1_27' title="bbox 246 2390 1848 2460">
    <p class='ocr_par' dir='ltr' id='par_1_27' title="bbox 246 2390 1848 2460">
     <span class='ocr_line' id='line_1_27' title="bbox 246 2390 1848 2460; baseline -0.001 -17"><span class='ocrx_word' id='word_1_191' title='bbox 246 2391 384 2446; x_wconf 90' lang='lat' dir='ltr'>inter</span> <span class='ocrx_word' id='word_1_192' title='bbox 413 2406 514 2445; x_wconf 90' lang='lat' dir='ltr'>nos</span> <span class='ocrx_word' id='word_1_193' title='bbox 545 2398 874 2446; x_wconf 90' lang='lat' dir='ltr'>conventum</span> <span class='ocrx_word' id='word_1_194' title='bbox 903 2390 1060 2458; x_wconf 91' lang='lat' dir='ltr'>foret,</span> <span class='ocrx_word' id='word_1_195' title='bbox 1108 2390 1418 2446; x_wconf 84' lang='lat' dir='ltr'>voluntarie</span> <span class='ocrx_word' id='word_1_196' title='bbox 1467 2406 1740 2460; x_wconf 86' lang='lat' dir='ltr'>sequerer,</span> <span class='ocrx_word' id='word_1_197' title='bbox 1794 2396 1848 2443; x_wconf 92' lang='lat' dir='ltr'>et</span> 
     </span>
    </p>
   </div>
   <div class='ocr_carea' id='block_1_28' title="bbox 251 2477 1847 2551">
    <p class='ocr_par' dir='ltr' id='par_1_28' title="bbox 251 2477 1847 2551">
     <span class='ocr_line' id='line_1_28' title="bbox 251 2477 1847 2551; baseline -0.002 -17"><span class='ocrx_word' id='word_1_198' title='bbox 251 2495 463 2549; x_wconf 88' lang='lat' dir='ltr'>pacem,</span> <span class='ocrx_word' id='word_1_199' title='bbox 496 2496 657 2551; x_wconf 89' lang='lat' dir='ltr'>quam</span> <span class='ocrx_word' id='word_1_200' title='bbox 689 2488 868 2534; x_wconf 88' lang='lat' dir='ltr'>tecum</span> <span class='ocrx_word' id='word_1_201' title='bbox 898 2479 953 2534; x_wconf 91' lang='lat' dir='ltr'>in</span> <span class='ocrx_word' id='word_1_202' title='bbox 983 2479 1148 2534; x_wconf 91' lang='lat' dir='ltr'>corde</span> <span class='ocrx_word' id='word_1_203' title='bbox 1177 2479 1464 2543; x_wconf 89' lang='lat' dir='ltr'>habebam,</span> <span class='ocrx_word' id='word_1_204' title='bbox 1511 2487 1564 2534; x_wconf 91' lang='lat' dir='ltr'>et</span> <span class='ocrx_word' id='word_1_205' title='bbox 1611 2477 1847 2533; x_wconf 84' lang='lat' dir='ltr'>exterius</span> 
     </span>
    </p>
   </div>
   <div class='ocr_carea' id='block_1_29' title="bbox 246 2565 1849 2638">
    <p class='ocr_par' dir='ltr' id='par_1_29' title="bbox 246 2565 1849 2638">
     <span class='ocr_line' id='line_1_29' title="bbox 246 2565 1849 2638; baseline -0.001 -16"><span class='ocrx_word' id='word_1_206' title='bbox 246 2568 291 2622; x_wconf 91' lang='lat' dir='ltr'>si</span> <span class='ocrx_word' id='word_1_207' title='bbox 322 2569 493 2624; x_wconf 90' lang='lat' dir='ltr'>velles</span> <span class='ocrx_word' id='word_1_208' title='bbox 526 2585 646 2623; x_wconf 91' lang='lat' dir='ltr'>eam</span> <span class='ocrx_word' id='word_1_209' title='bbox 677 2568 774 2622; x_wconf 91' lang='lat' dir='ltr'>tibi</span> <span class='ocrx_word' id='word_1_210' title='bbox 803 2584 912 2622; x_wconf 91' lang='lat' dir='ltr'>non</span> <span class='ocrx_word' id='word_1_211' title='bbox 941 2568 1288 2638; x_wconf 83' lang='lat' dir='ltr'>denegarem,</span> <span class='ocrx_word' id='word_1_212' title='bbox 1324 2575 1494 2623; x_wconf 89' lang='lat' dir='ltr'>etate</span> <span class='ocrx_word' id='word_1_213' title='bbox 1531 2567 1660 2620; x_wconf 88' lang='lat' dir='ltr'>mihi</span> <span class='ocrx_word' id='word_1_214' title='bbox 1695 2565 1849 2621; x_wconf 90' lang='lat' dir='ltr'>obla-</span> 
     </span>
    </p>
   </div>
   <div class='ocr_carea' id='block_1_30' title="bbox 243 2656 1850 2728">
    <p class='ocr_par' dir='ltr' id='par_1_30' title="bbox 243 2656 1850 2728">
     <span class='ocr_line' id='line_1_30' title="bbox 243 2656 1850 2728; baseline -0.001 -18"><span class='ocrx_word' id='word_1_215' title='bbox 243 2665 348 2711; x_wconf 89' lang='lat' dir='ltr'>tam</span> <span class='ocrx_word' id='word_1_216' title='bbox 402 2658 762 2728; x_wconf 89' lang='lat' dir='ltr'>susciperem,</span> <span class='ocrx_word' id='word_1_217' title='bbox 809 2664 860 2712; x_wconf 91' lang='lat' dir='ltr'>et</span> <span class='ocrx_word' id='word_1_218' title='bbox 921 2657 1017 2711; x_wconf 89' lang='lat' dir='ltr'>tibi</span> <span class='ocrx_word' id='word_1_219' title='bbox 1062 2657 1410 2712; x_wconf 90' lang='lat' dir='ltr'>dilectionem</span> <span class='ocrx_word' id='word_1_220' title='bbox 1468 2656 1736 2711; x_wconf 89' lang='lat' dir='ltr'>sinceram</span> <span class='ocrx_word' id='word_1_221' title='bbox 1791 2663 1850 2710; x_wconf 91' lang='lat' dir='ltr'>ut</span> 
     </span>
    </p>
   </div>
   <div class='ocr_carea' id='block_1_31' title="bbox 241 2744 1849 2816">
    <p class='ocr_par' dir='ltr' id='par_1_31' title="bbox 241 2744 1849 2816">
     <span class='ocr_line' id='line_1_31' title="bbox 241 2744 1849 2816; baseline -0.002 -16"><span class='ocrx_word' id='word_1_222' title='bbox 241 2744 394 2800; x_wconf 86' lang='lat' dir='ltr'>fratri</span> <span class='ocrx_word' id='word_1_223' title='bbox 423 2753 477 2800; x_wconf 88' lang='lat' dir='ltr'>et</span> <span class='ocrx_word' id='word_1_224' title='bbox 506 2744 618 2800; x_wconf 87' lang='lat' dir='ltr'>ﬁlio</span> <span class='ocrx_word' id='word_1_225' title='bbox 649 2745 987 2800; x_wconf 86' lang='lat' dir='ltr'>exhiberem.</span> <span class='ocrx_word' id='word_1_226' title='bbox 1022 2746 1106 2799; x_wconf 83' lang='lat' dir='ltr'>Ad</span> <span class='ocrx_word' id='word_1_227' title='bbox 1135 2762 1296 2816; x_wconf 90' lang='lat' dir='ltr'>quam</span> <span class='ocrx_word' id='word_1_228' title='bbox 1325 2760 1503 2799; x_wconf 88' lang='lat' dir='ltr'>meam</span> <span class='ocrx_word' id='word_1_229' title='bbox 1535 2744 1849 2814; x_wconf 92' lang='lat' dir='ltr'>responsio-</span> 
     </span>
    </p>
   </div>
   <div class='ocr_carea' id='block_1_32' title="bbox 237 2832 1849 2903">
    <p class='ocr_par' dir='ltr' id='par_1_32' title="bbox 237 2832 1849 2903">
     <span class='ocr_line' id='line_1_32' title="bbox 237 2832 1849 2903; baseline -0.001 -15"><span class='ocrx_word' id='word_1_230' title='bbox 237 2851 361 2888; x_wconf 90' lang='lat' dir='ltr'>nem</span> <span class='ocrx_word' id='word_1_231' title='bbox 391 2835 488 2888; x_wconf 89' lang='lat' dir='ltr'>tibi</span> <span class='ocrx_word' id='word_1_232' title='bbox 518 2833 887 2903; x_wconf 89' lang='lat' dir='ltr'>referendam,</span> <span class='ocrx_word' id='word_1_233' title='bbox 920 2834 1097 2888; x_wconf 90' lang='lat' dir='ltr'>isdem</span> <span class='ocrx_word' id='word_1_234' title='bbox 1126 2833 1454 2889; x_wconf 89' lang='lat' dir='ltr'>venerabilis</span> <span class='ocrx_word' id='word_1_235' title='bbox 1483 2832 1849 2902; x_wconf 84' lang='lat' dir='ltr'>archiepisco-</span> 
     </span>
    </p>
   </div>
   <div class='ocr_carea' id='block_1_33' title="bbox 237 2919 1850 2994">
    <p class='ocr_par' dir='ltr' id='par_1_33' title="bbox 237 2919 1850 2994">
     <span class='ocr_line' id='line_1_33' title="bbox 237 2919 1850 2994; baseline -0.002 -16"><span class='ocrx_word' id='word_1_236' title='bbox 237 2940 336 2994; x_wconf 90' lang='lat' dir='ltr'>pus</span> <span class='ocrx_word' id='word_1_237' title='bbox 367 2923 590 2978; x_wconf 90' lang='lat' dir='ltr'>Wenilo</span> <span class='ocrx_word' id='word_1_238' title='bbox 613 2923 872 2978; x_wconf 85' lang='lat' dir='ltr'>domuum</span> <span class='ocrx_word' id='word_1_239' title='bbox 906 2922 1229 2978; x_wconf 81' lang='lat' dir='ltr'>Adventium</span> <span class='ocrx_word' id='word_1_240' title='bbox 1274 2923 1570 2994; x_wconf 89' lang='lat' dir='ltr'>gloriosum</span> <span class='ocrx_word' id='word_1_241' title='bbox 1630 2919 1850 2992; x_wconf 84' lang='lat' dir='ltr'>pontifi-</span> 
     </span>
    </p>
   </div>
   <div class='ocr_carea' id='block_1_34' title="bbox 241 3011 1844 3084">
    <p class='ocr_par' dir='ltr' id='par_1_34' title="bbox 241 3011 1844 3084">
     <span class='ocr_line' id='line_1_34' title="bbox 241 3011 1844 3084; baseline -0.002 -18"><span class='ocrx_word' id='word_1_242' title='bbox 241 3029 377 3078; x_wconf 89' lang='lat' dir='ltr'>cem,</span> <span class='ocrx_word' id='word_1_243' title='bbox 415 3012 509 3084; x_wconf 89' lang='lat' dir='ltr'>qui</span> <span class='ocrx_word' id='word_1_244' title='bbox 540 3028 647 3066; x_wconf 87' lang='lat' dir='ltr'>una</span> <span class='ocrx_word' id='word_1_245' title='bbox 678 3028 806 3067; x_wconf 92' lang='lat' dir='ltr'>cum</span> <span class='ocrx_word' id='word_1_246' title='bbox 836 3027 902 3066; x_wconf 92' lang='lat' dir='ltr'>eo</span> <span class='ocrx_word' id='word_1_247' title='bbox 931 3028 1106 3066; x_wconf 90' lang='lat' dir='ltr'>meam</span> <span class='ocrx_word' id='word_1_248' title='bbox 1138 3011 1549 3082; x_wconf 88' lang='lat' dir='ltr'>responsionem</span> <span class='ocrx_word' id='word_1_249' title='bbox 1579 3011 1844 3074; x_wconf 87' lang='lat' dir='ltr'>audierat,</span> 
     </span>
    </p>
   </div>
   <div class='ocr_carea' id='block_1_35' title="bbox 238 3099 1843 3173">
    <p class='ocr_par' dir='ltr' id='par_1_35' title="bbox 238 3099 1843 3173">
     <span class='ocr_line' id='line_1_35' title="bbox 238 3099 1843 3173; baseline -0.001 -19"><span class='ocrx_word' id='word_1_250' title='bbox 238 3101 315 3156; x_wconf 89' lang='lat' dir='ltr'>ire</span> <span class='ocrx_word' id='word_1_251' title='bbox 345 3101 616 3173; x_wconf 91' lang='lat' dir='ltr'>poposcit.</span> <span class='ocrx_word' id='word_1_252' title='bbox 650 3100 809 3169; x_wconf 87' lang='lat' dir='ltr'>Quod</span> <span class='ocrx_word' id='word_1_253' title='bbox 859 3109 911 3155; x_wconf 90' lang='lat' dir='ltr'>et</span> <span class='ocrx_word' id='word_1_254' title='bbox 958 3101 1132 3156; x_wconf 89' lang='lat' dir='ltr'>isdem</span> <span class='ocrx_word' id='word_1_255' title='bbox 1181 3100 1506 3156; x_wconf 89' lang='lat' dir='ltr'>venerabilis</span> <span class='ocrx_word' id='word_1_256' title='bbox 1554 3099 1843 3171; x_wconf 89' lang='lat' dir='ltr'>episcopus</span> 
     </span>
    </p>
   </div>
   <div class='ocr_carea' id='block_1_36' title="bbox 248 3188 1850 3262">
    <p class='ocr_par' dir='ltr' id='par_1_36' title="bbox 248 3188 1850 3262">
     <span class='ocr_line' id='line_1_36' title="bbox 248 3188 1850 3262; baseline -0.002 -18"><span class='ocrx_word' id='word_1_257' title='bbox 248 3190 607 3245; x_wconf 89' lang='lat' dir='ltr'>libentissime</span> <span class='ocrx_word' id='word_1_258' title='bbox 639 3190 773 3262; x_wconf 88' lang='lat' dir='ltr'>egit,</span> <span class='ocrx_word' id='word_1_259' title='bbox 807 3198 860 3244; x_wconf 90' lang='lat' dir='ltr'>et</span> <span class='ocrx_word' id='word_1_260' title='bbox 893 3198 1016 3260; x_wconf 92' lang='lat' dir='ltr'>post</span> <span class='ocrx_word' id='word_1_261' title='bbox 1045 3205 1390 3246; x_wconf 88' lang='lat' dir='ltr'>communem</span> <span class='ocrx_word' id='word_1_262' title='bbox 1434 3188 1850 3244; x_wconf 92' lang='lat' dir='ltr'>collocutionem</span> 
     </span>
    </p>
   </div>
   <div class='ocr_carea' id='block_1_37' title="bbox 241 3277 1848 3349">
    <p class='ocr_par' dir='ltr' id='par_1_37' title="bbox 241 3277 1848 3349">
     <span class='ocr_line' id='line_1_37' title="bbox 241 3277 1848 3349; baseline -0.002 -16"><span class='ocrx_word' id='word_1_263' title='bbox 241 3288 498 3346; x_wconf 81' lang='lat' dir='ltr'>vestram,</span> <span class='ocrx_word' id='word_1_264' title='bbox 546 3279 740 3334; x_wconf 89' lang='lat' dir='ltr'>detulit</span> <span class='ocrx_word' id='word_1_265' title='bbox 789 3279 919 3333; x_wconf 85' lang='lat' dir='ltr'>mihi</span> <span class='ocrx_word' id='word_1_266' title='bbox 965 3295 1031 3333; x_wconf 89' lang='lat' dir='ltr'>ex</span> <span class='ocrx_word' id='word_1_267' title='bbox 1081 3287 1171 3333; x_wconf 91' lang='lat' dir='ltr'>tua</span> <span class='ocrx_word' id='word_1_268' title='bbox 1213 3287 1368 3349; x_wconf 87' lang='lat' dir='ltr'>parte</span> <span class='ocrx_word' id='word_1_269' title='bbox 1398 3277 1726 3332; x_wconf 88' lang='lat' dir='ltr'>venerabilis</span> <span class='ocrx_word' id='word_1_270' title='bbox 1756 3292 1848 3330; x_wconf 90' lang='lat' dir='ltr'>ar-</span> 
     </span>
    </p>
   </div>
   <div class='ocr_carea' id='block_1_38' title="bbox 240 3364 1847 3439">
    <p class='ocr_par' dir='ltr' id='par_1_38' title="bbox 240 3364 1847 3439">
     <span class='ocr_line' id='line_1_38' title="bbox 240 3364 1847 3439; baseline -0.002 -17"><span class='ocrx_word' id='word_1_271' title='bbox 240 3368 622 3439; x_wconf 87' lang='lat' dir='ltr'>chiepiscopus</span> <span class='ocrx_word' id='word_1_272' title='bbox 657 3367 878 3423; x_wconf 90' lang='lat' dir='ltr'>Wenilo</span> <span class='ocrx_word' id='word_1_273' title='bbox 910 3367 1174 3439; x_wconf 90' lang='lat' dir='ltr'>quosdam</span> <span class='ocrx_word' id='word_1_274' title='bbox 1208 3366 1704 3438; x_wconf 88' lang='lat' dir='ltr'>quaterniunculos,</span> <span class='ocrx_word' id='word_1_275' title='bbox 1744 3364 1847 3419; x_wconf 91' lang='lat' dir='ltr'>sibi</span> 
     </span>
    </p>
   </div>
   <div class='ocr_carea' id='block_1_39' title="bbox 239 3454 1845 3527">
    <p class='ocr_par' dir='ltr' id='par_1_39' title="bbox 239 3454 1845 3527">
     <span class='ocr_line' id='line_1_39' title="bbox 239 3454 1845 3527; baseline -0.001 -18"><span class='ocrx_word' id='word_1_276' title='bbox 239 3472 268 3509; x_wconf 88' lang='lat' dir='ltr'>a</span> <span class='ocrx_word' id='word_1_277' title='bbox 294 3465 346 3511; x_wconf 90' lang='lat' dir='ltr'>te</span> <span class='ocrx_word' id='word_1_278' title='bbox 376 3458 430 3511; x_wconf 91' lang='lat' dir='ltr'>in</span> <span class='ocrx_word' id='word_1_279' title='bbox 461 3456 754 3527; x_wconf 74' lang='lat' dir='ltr'>praesentia</span> <span class='ocrx_word' id='word_1_280' title='bbox 784 3473 906 3511; x_wconf 88' lang='lat' dir='ltr'>mea</span> <span class='ocrx_word' id='word_1_281' title='bbox 931 3456 1170 3523; x_wconf 85' lang='lat' dir='ltr'>datos,et</span> <span class='ocrx_word' id='word_1_282' title='bbox 1200 3455 1449 3512; x_wconf 88' lang='lat' dir='ltr'>versibus</span> <span class='ocrx_word' id='word_1_283' title='bbox 1478 3454 1549 3509; x_wconf 91' lang='lat' dir='ltr'>ad</span> <span class='ocrx_word' id='word_1_284' title='bbox 1587 3455 1845 3509; x_wconf 90' lang='lat' dir='ltr'>domnum</span> 
     </span>
    </p>
   </div>
   <div class='ocr_carea' id='block_1_40' title="bbox 235 3543 1846 3618">
    <p class='ocr_par' dir='ltr' id='par_1_40' title="bbox 235 3543 1846 3618">
     <span class='ocr_line' id='line_1_40' title="bbox 235 3543 1846 3618; baseline -0.002 -18"><span class='ocrx_word' id='word_1_285' title='bbox 235 3554 482 3600; x_wconf 90' lang='lat' dir='ltr'>nostrum</span> <span class='ocrx_word' id='word_1_286' title='bbox 508 3562 699 3618; x_wconf 88' lang='lat' dir='ltr'>regem</span> <span class='ocrx_word' id='word_1_287' title='bbox 731 3545 984 3600; x_wconf 88' lang='lat' dir='ltr'>Carolum</span> <span class='ocrx_word' id='word_1_288' title='bbox 1015 3545 1275 3611; x_wconf 89' lang='lat' dir='ltr'>titulatos,</span> <span class='ocrx_word' id='word_1_289' title='bbox 1315 3552 1365 3600; x_wconf 91' lang='lat' dir='ltr'>et</span> <span class='ocrx_word' id='word_1_290' title='bbox 1393 3543 1526 3598; x_wconf 88' lang='lat' dir='ltr'>dixit</span> <span class='ocrx_word' id='word_1_291' title='bbox 1580 3543 1733 3609; x_wconf 86' lang='lat' dir='ltr'>mihi,</span> <span class='ocrx_word' id='word_1_292' title='bbox 1795 3551 1846 3598; x_wconf 91' lang='lat' dir='ltr'>te</span> 
     </span>
    </p>
   </div>
   <div class='ocr_carea' id='block_1_41' title="bbox 233 3633 1847 3707">
    <p class='ocr_par' dir='ltr' id='par_1_41' title="bbox 233 3633 1847 3707">
     <span class='ocr_line' id='line_1_41' title="bbox 233 3633 1847 3707; baseline -0.002 -19"><span class='ocrx_word' id='word_1_293' title='bbox 233 3635 330 3689; x_wconf 91' lang='lat' dir='ltr'>sibi</span> <span class='ocrx_word' id='word_1_294' title='bbox 349 3635 724 3707; x_wconf 88' lang='lat' dir='ltr'>respondisse,</span> <span class='ocrx_word' id='word_1_295' title='bbox 757 3634 1012 3706; x_wconf 91' lang='lat' dir='ltr'>quoniam</span> <span class='ocrx_word' id='word_1_296' title='bbox 1041 3633 1130 3688; x_wconf 91' lang='lat' dir='ltr'>illa</span> <span class='ocrx_word' id='word_1_297' title='bbox 1158 3633 1268 3689; x_wconf 88' lang='lat' dir='ltr'>alia</span> <span class='ocrx_word' id='word_1_298' title='bbox 1298 3633 1498 3705; x_wconf 89' lang='lat' dir='ltr'>scripta</span> <span class='ocrx_word' id='word_1_299' title='bbox 1517 3647 1636 3703; x_wconf 60' lang='lat' dir='ltr'>qua</span> <span class='ocrx_word' id='word_1_300' title='bbox 1664 3633 1847 3703; x_wconf 90' lang='lat' dir='ltr'>requi-</span> 
     </span>
    </p>
   </div>
   <div class='ocr_carea' id='block_1_42' title="bbox 236 3721 1842 3794">
    <p class='ocr_par' dir='ltr' id='par_1_42' title="bbox 236 3721 1842 3794">
     <span class='ocr_line' id='line_1_42' title="bbox 236 3721 1842 3794; baseline -0.002 -16"><span class='ocrx_word' id='word_1_301' title='bbox 236 3725 444 3791; x_wconf 88' lang='lat' dir='ltr'>rebam,</span> <span class='ocrx_word' id='word_1_302' title='bbox 480 3732 532 3780; x_wconf 92' lang='lat' dir='ltr'>te</span> <span class='ocrx_word' id='word_1_303' title='bbox 562 3723 637 3778; x_wconf 89' lang='lat' dir='ltr'>ibi</span> <span class='ocrx_word' id='word_1_304' title='bbox 666 3739 775 3779; x_wconf 91' lang='lat' dir='ltr'>non</span> <span class='ocrx_word' id='word_1_305' title='bbox 809 3723 1033 3791; x_wconf 90' lang='lat' dir='ltr'>habere,</span> <span class='ocrx_word' id='word_1_306' title='bbox 1065 3731 1119 3779; x_wconf 91' lang='lat' dir='ltr'>et</span> <span class='ocrx_word' id='word_1_307' title='bbox 1146 3731 1439 3794; x_wconf 89' lang='lat' dir='ltr'>propterea</span> <span class='ocrx_word' id='word_1_308' title='bbox 1468 3723 1560 3777; x_wconf 90' lang='lat' dir='ltr'>illa</span> <span class='ocrx_word' id='word_1_309' title='bbox 1589 3721 1842 3776; x_wconf 85' lang='lat' dir='ltr'>mihinon</span> 
     </span>
    </p>
   </div>
   <div class='ocr_carea' id='block_1_43' title="bbox 234 3811 1841 3885">
    <p class='ocr_par' dir='ltr' id='par_1_43' title="bbox 234 3811 1841 3885">
     <span class='ocr_line' id='line_1_43' title="bbox 234 3811 1841 3885; baseline -0.002 -18"><span class='ocrx_word' id='word_1_310' title='bbox 234 3815 496 3869; x_wconf 89' lang='lat' dir='ltr'>mitteres.</span> <span class='ocrx_word' id='word_1_311' title='bbox 529 3813 653 3885; x_wconf 89' lang='lat' dir='ltr'>Ego</span> <span class='ocrx_word' id='word_1_312' title='bbox 683 3821 868 3867; x_wconf 88' lang='lat' dir='ltr'>autem</span> <span class='ocrx_word' id='word_1_313' title='bbox 899 3813 1051 3883; x_wconf 91' lang='lat' dir='ltr'>ipsos</span> <span class='ocrx_word' id='word_1_314' title='bbox 1082 3811 1578 3884; x_wconf 89' lang='lat' dir='ltr'>quaterniunculos,</span> <span class='ocrx_word' id='word_1_315' title='bbox 1599 3811 1666 3865; x_wconf 91' lang='lat' dir='ltr'>ad</span> <span class='ocrx_word' id='word_1_316' title='bbox 1683 3826 1841 3865; x_wconf 89' lang='lat' dir='ltr'>man-</span> 
     </span>
    </p>
   </div>
   <div class='ocr_carea' id='block_1_44' title="bbox 236 3899 1841 3971">
    <p class='ocr_par' dir='ltr' id='par_1_44' title="bbox 236 3899 1841 3971">
     <span class='ocr_line' id='line_1_44' title="bbox 236 3899 1841 3971; baseline -0.002 -15"><span class='ocrx_word' id='word_1_317' title='bbox 236 3903 446 3958; x_wconf 88' lang='lat' dir='ltr'>sionem</span> <span class='ocrx_word' id='word_1_318' title='bbox 478 3910 729 3957; x_wconf 90' lang='lat' dir='ltr'>nostram</span> <span class='ocrx_word' id='word_1_319' title='bbox 759 3903 872 3970; x_wconf 89' lang='lat' dir='ltr'>jam</span> <span class='ocrx_word' id='word_1_320' title='bbox 899 3901 1112 3971; x_wconf 89' lang='lat' dir='ltr'>vesperi</span> <span class='ocrx_word' id='word_1_321' title='bbox 1148 3901 1392 3970; x_wconf 87' lang='lat' dir='ltr'>veniens,</span> <span class='ocrx_word' id='word_1_322' title='bbox 1427 3900 1658 3955; x_wconf 86' lang='lat' dir='ltr'>lectione</span> <span class='ocrx_word' id='word_1_323' title='bbox 1687 3899 1841 3954; x_wconf 86' lang='lat' dir='ltr'>citis-</span> 
     </span>
    </p>
   </div>
   <div class='ocr_carea' id='block_1_45' title="bbox 233 3989 1841 4064">
    <p class='ocr_par' dir='ltr' id='par_1_45' title="bbox 233 3989 1841 4064">
     <span class='ocr_line' id='line_1_45' title="bbox 233 3989 1841 4064; baseline -0.002 -18"><span class='ocrx_word' id='word_1_324' title='bbox 233 3992 364 4046; x_wconf 90' lang='lat' dir='ltr'>sima</span> <span class='ocrx_word' id='word_1_325' title='bbox 392 3991 732 4064; x_wconf 87' lang='lat' dir='ltr'>perlustravi</span> <span class='ocrx_word' id='word_1_326' title='bbox 766 4009 777 4043; x_wconf 92' lang='lat'><strong>:</strong></span> <span class='ocrx_word' id='word_1_327' title='bbox 811 3991 881 4046; x_wconf 92' lang='lat' dir='ltr'>de</span> <span class='ocrx_word' id='word_1_328' title='bbox 913 3990 1108 4062; x_wconf 89' lang='lat' dir='ltr'>quibus</span> <span class='ocrx_word' id='word_1_329' title='bbox 1132 3990 1227 4043; x_wconf 91' lang='lat' dir='ltr'>tibi</span> <span class='ocrx_word' id='word_1_330' title='bbox 1249 3990 1305 4044; x_wconf 90' lang='lat' dir='ltr'>in</span> <span class='ocrx_word' id='word_1_331' title='bbox 1327 3989 1586 4053; x_wconf 89' lang='lat' dir='ltr'>crastina,</span> <span class='ocrx_word' id='word_1_332' title='bbox 1613 3989 1666 4042; x_wconf 91' lang='lat' dir='ltr'>in</span> <span class='ocrx_word' id='word_1_333' title='bbox 1689 3989 1841 4044; x_wconf 87' lang='lat' dir='ltr'>sche-</span> 
     </span>
    </p>
   </div>
   <div class='ocr_carea' id='block_1_46' title="bbox 231 4077 1838 4150">
    <p class='ocr_par' dir='ltr' id='par_1_46' title="bbox 231 4077 1838 4150">
     <span class='ocr_line' id='line_1_46' title="bbox 231 4077 1838 4150; baseline -0.001 -16"><span class='ocrx_word' id='word_1_334' title='bbox 231 4081 352 4136; x_wconf 93' lang='lat' dir='ltr'>dula</span> <span class='ocrx_word' id='word_1_335' title='bbox 383 4081 538 4136; x_wconf 84' lang='lat' dir='ltr'>brevi</span> <span class='ocrx_word' id='word_1_336' title='bbox 569 4079 850 4149; x_wconf 87' lang='lat' dir='ltr'>respondi,</span> <span class='ocrx_word' id='word_1_337' title='bbox 885 4095 1047 4150; x_wconf 91' lang='lat' dir='ltr'>quam</span> <span class='ocrx_word' id='word_1_338' title='bbox 1078 4079 1173 4132; x_wconf 91' lang='lat' dir='ltr'>tibi</span> <span class='ocrx_word' id='word_1_339' title='bbox 1223 4095 1321 4149; x_wconf 91' lang='lat' dir='ltr'>per</span> <span class='ocrx_word' id='word_1_340' title='bbox 1355 4077 1638 4148; x_wconf 60' lang='lat' dir='ltr'>praefatum</span> <span class='ocrx_word' id='word_1_341' title='bbox 1668 4094 1838 4132; x_wconf 87' lang='lat' dir='ltr'>vene-</span> 
     </span>
    </p>
   </div>
   <div class='ocr_carea' id='block_1_47' title="bbox 235 4166 1839 4239">
    <p class='ocr_par' dir='ltr' id='par_1_47' title="bbox 235 4166 1839 4239">
     <span class='ocr_line' id='line_1_47' title="bbox 235 4166 1839 4239; baseline -0.003 -15"><span class='ocrx_word' id='word_1_342' title='bbox 235 4170 460 4226; x_wconf 88' lang='lat' dir='ltr'>rabilem</span> <span class='ocrx_word' id='word_1_343' title='bbox 491 4168 966 4239; x_wconf 83' lang='lat' dir='ltr'>archiepiscopum</span> <span class='ocrx_word' id='word_1_344' title='bbox 998 4167 1349 4222; x_wconf 89' lang='lat' dir='ltr'>Wenilonem</span> <span class='ocrx_word' id='word_1_345' title='bbox 1382 4166 1678 4231; x_wconf 87' lang='lat' dir='ltr'>transmisi,</span> <span class='ocrx_word' id='word_1_346' title='bbox 1741 4182 1839 4236; x_wconf 89' lang='lat' dir='ltr'>per</span> 
     </span>
    </p>
   </div>
   <div class='ocr_carea' id='block_1_48' title="bbox 237 4253 1838 4330">
    <p class='ocr_par' dir='ltr' id='par_1_48' title="bbox 237 4253 1838 4330">
     <span class='ocr_line' id='line_1_48' title="bbox 237 4253 1838 4330; baseline -0.004 -16"><span class='ocrx_word' id='word_1_347' title='bbox 237 4276 394 4330; x_wconf 88' lang='lat' dir='ltr'>quem</span> <span class='ocrx_word' id='word_1_348' title='bbox 424 4258 562 4312; x_wconf 86' lang='lat' dir='ltr'>mihi</span> <span class='ocrx_word' id='word_1_349' title='bbox 592 4258 822 4312; x_wconf 90' lang='lat' dir='ltr'>eosdem</span> <span class='ocrx_word' id='word_1_350' title='bbox 854 4256 1340 4328; x_wconf 90' lang='lat' dir='ltr'>quaterniunculos</span> <span class='ocrx_word' id='word_1_351' title='bbox 1370 4256 1621 4310; x_wconf 88' lang='lat' dir='ltr'>miseras.</span> <span class='ocrx_word' id='word_1_352' title='bbox 1685 4253 1838 4321; x_wconf 88' lang='lat' dir='ltr'>Quos</span> 
     </span>
    </p>
   </div>
   <div class='ocr_carea' id='block_1_49' title="bbox 236 4341 1837 4413">
    <p class='ocr_par' dir='ltr' id='par_1_49' title="bbox 236 4341 1837 4413">
     <span class='ocr_line' id='line_1_49' title="bbox 236 4341 1837 4413; baseline -0.004 -12"><span class='ocrx_word' id='word_1_353' title='bbox 236 4349 534 4404; x_wconf 90' lang='lat' dir='ltr'>secundum</span> <span class='ocrx_word' id='word_1_354' title='bbox 565 4347 944 4402; x_wconf 88' lang='lat' dir='ltr'>auctoritatem</span> <span class='ocrx_word' id='word_1_355' title='bbox 976 4362 1038 4400; x_wconf 90' lang='lat' dir='ltr'>ac</span> <span class='ocrx_word' id='word_1_356' title='bbox 1095 4361 1320 4409; x_wconf 89' lang='lat' dir='ltr'>morem,</span> <span class='ocrx_word' id='word_1_357' title='bbox 1381 4351 1437 4399; x_wconf 87' lang='lat' dir='ltr'>ut</span> <span class='ocrx_word' id='word_1_358' title='bbox 1492 4341 1837 4413; x_wconf 86' lang='lat' dir='ltr'>provincialis</span> 
     </span>
    </p>
   </div>
   <div class='ocr_carea' id='block_1_50' title="bbox 1945 439 3533 510">
    <p class='ocr_par' dir='ltr' id='par_1_50' title="bbox 1945 439 3533 510">
     <span class='ocr_line' id='line_1_50' title="bbox 1945 439 3533 510; baseline 0.005 -18"><span class='ocrx_word' id='word_1_359' title='bbox 1945 439 2143 510; x_wconf 88' lang='lat' dir='ltr'>scripta</span> <span class='ocrx_word' id='word_1_360' title='bbox 2171 440 2304 493; x_wconf 89' lang='lat' dir='ltr'>mihi</span> <span class='ocrx_word' id='word_1_361' title='bbox 2331 455 2428 510; x_wconf 89' lang='lat' dir='ltr'>per</span> <span class='ocrx_word' id='word_1_362' title='bbox 2456 439 2689 510; x_wconf 90' lang='lat' dir='ltr'>teipsum</span> <span class='ocrx_word' id='word_1_363' title='bbox 2719 441 2941 507; x_wconf 88' lang='lat' dir='ltr'>tribuas,</span> <span class='ocrx_word' id='word_1_364' title='bbox 2975 448 3027 495; x_wconf 90' lang='lat' dir='ltr'>et</span> <span class='ocrx_word' id='word_1_365' title='bbox 3054 457 3122 496; x_wconf 90' lang='lat' dir='ltr'>ne</span> <span class='ocrx_word' id='word_1_366' title='bbox 3152 442 3354 498; x_wconf 90' lang='lat' dir='ltr'>diutius</span> <span class='ocrx_word' id='word_1_367' title='bbox 3370 443 3533 500; x_wconf 70' lang='lat' dir='ltr'>diffe-</span> 
     </span>
    </p>
   </div>
   <div class='ocr_carea' id='block_1_51' title="bbox 1944 528 3529 599">
    <p class='ocr_par' dir='ltr' id='par_1_51' title="bbox 1944 528 3529 599">
     <span class='ocr_line' id='line_1_51' title="bbox 1944 528 3529 599; baseline 0.005 -19"><span class='ocrx_word' id='word_1_368' title='bbox 1944 542 2032 580; x_wconf 87' lang='lat' dir='ltr'>ras</span> <span class='ocrx_word' id='word_1_369' title='bbox 2065 545 2079 580; x_wconf 91' lang='lat'>:</span> <span class='ocrx_word' id='word_1_370' title='bbox 2112 535 2378 599; x_wconf 88' lang='lat' dir='ltr'>quatenus</span> <span class='ocrx_word' id='word_1_371' title='bbox 2421 529 2528 583; x_wconf 90' lang='lat' dir='ltr'>illis</span> <span class='ocrx_word' id='word_1_372' title='bbox 2557 529 2836 599; x_wconf 83' lang='lat' dir='ltr'>inSpectis,</span> <span class='ocrx_word' id='word_1_373' title='bbox 2872 529 3019 585; x_wconf 88' lang='lat' dir='ltr'>salva</span> <span class='ocrx_word' id='word_1_374' title='bbox 3065 528 3170 584; x_wconf 86' lang='lat' dir='ltr'>fide</span> <span class='ocrx_word' id='word_1_375' title='bbox 3201 538 3254 585; x_wconf 92' lang='lat' dir='ltr'>et</span> <span class='ocrx_word' id='word_1_376' title='bbox 3294 532 3529 588; x_wconf 82' lang='lat' dir='ltr'>auctori-</span> 
     </span>
    </p>
   </div>
   <div class='ocr_carea' id='block_1_52' title="bbox 1943 616 3530 688">
    <p class='ocr_par' dir='ltr' id='par_1_52' title="bbox 1943 616 3530 688">
     <span class='ocr_line' id='line_1_52' title="bbox 1943 616 3530 688; baseline 0.005 -20"><span class='ocrx_word' id='word_1_377' title='bbox 1943 623 2071 684; x_wconf 89' lang='lat' dir='ltr'>tate,</span> <span class='ocrx_word' id='word_1_378' title='bbox 2106 616 2234 671; x_wconf 91' lang='lat' dir='ltr'>inde</span> <span class='ocrx_word' id='word_1_379' title='bbox 2265 617 2425 671; x_wconf 91' lang='lat' dir='ltr'>simul</span> <span class='ocrx_word' id='word_1_380' title='bbox 2471 633 2765 688; x_wconf 89' lang='lat' dir='ltr'>sequamur</span> <span class='ocrx_word' id='word_1_381' title='bbox 2811 617 2957 688; x_wconf 91' lang='lat' dir='ltr'>quod</span> <span class='ocrx_word' id='word_1_382' title='bbox 3005 618 3281 674; x_wconf 84' lang='lat' dir='ltr'>catholicae</span> <span class='ocrx_word' id='word_1_383' title='bbox 3330 629 3383 675; x_wconf 92' lang='lat' dir='ltr'>et</span> <span class='ocrx_word' id='word_1_384' title='bbox 3425 621 3530 677; x_wconf 74' lang='lat' dir='ltr'>fra-</span> 
     </span>
    </p>
   </div>
   <div class='ocr_carea' id='block_1_53' title="bbox 1941 705 3530 779">
    <p class='ocr_par' dir='ltr' id='par_1_53' title="bbox 1941 705 3530 779">
     <span class='ocr_line' id='line_1_53' title="bbox 1941 705 3530 779; baseline 0.005 -22"><span class='ocrx_word' id='word_1_385' title='bbox 1941 711 2108 760; x_wconf 66' lang='lat' dir='ltr'>ternae</span> <span class='ocrx_word' id='word_1_386' title='bbox 2135 705 2257 775; x_wconf 90' lang='lat' dir='ltr'>paci</span> <span class='ocrx_word' id='word_1_387' title='bbox 2304 714 2465 776; x_wconf 90' lang='lat' dir='ltr'>atque</span> <span class='ocrx_word' id='word_1_388' title='bbox 2511 705 2787 762; x_wconf 90' lang='lat' dir='ltr'>dilectioni</span> <span class='ocrx_word' id='word_1_389' title='bbox 2836 706 3130 762; x_wconf 90' lang='lat' dir='ltr'>convenire</span> <span class='ocrx_word' id='word_1_390' title='bbox 3173 708 3530 779; x_wconf 86' lang='lat' dir='ltr'>dignoscitur,</span> 
     </span>
    </p>
   </div>
   <div class='ocr_carea' id='block_1_54' title="bbox 1943 795 3534 868">
    <p class='ocr_par' dir='ltr' id='par_1_54' title="bbox 1943 795 3534 868">
     <span class='ocr_line' id='line_1_54' title="bbox 1943 795 3534 868; baseline 0.007 -23"><span class='ocrx_word' id='word_1_391' title='bbox 1943 802 2232 863; x_wconf 90' lang='lat' dir='ltr'>sequentes</span> <span class='ocrx_word' id='word_1_392' title='bbox 2254 795 2571 864; x_wconf 83' lang='lat' dir='ltr'>Apostolum</span> <span class='ocrx_word' id='word_1_393' title='bbox 2593 795 2866 850; x_wconf 91' lang='lat' dir='ltr'>dicentem</span> <span class='ocrx_word' id='word_1_394' title='bbox 2888 815 2905 850; x_wconf 93' lang='lat'><strong><em>:</em></strong></span> <span class='ocrx_word' id='word_1_395' title='bbox 2927 798 3128 852; x_wconf 85' lang='lat' dir='ltr'>Pacem</span> <span class='ocrx_word' id='word_1_396' title='bbox 3140 799 3461 868; x_wconf 83' lang='lat' dir='ltr'>sequimini,</span> <span class='ocrx_word' id='word_1_397' title='bbox 3479 805 3534 856; x_wconf 88' lang='lat' dir='ltr'>et</span> 
     </span>
    </p>
   </div>
   <div class='ocr_carea' id='block_1_55' title="bbox 1941 883 3528 956">
    <p class='ocr_par' dir='ltr' id='par_1_55' title="bbox 1941 883 3528 956">
     <span class='ocr_line' id='line_1_55' title="bbox 1941 883 3528 956; baseline 0.005 -21"><span class='ocrx_word' id='word_1_398' title='bbox 1941 883 2403 948; x_wconf 73' lang='lat' dir='ltr'>sanctimoniam,</span> <span class='ocrx_word' id='word_1_399' title='bbox 2426 886 2548 938; x_wconf 79' lang='lat' dir='ltr'>sine</span> <span class='ocrx_word' id='word_1_400' title='bbox 2578 902 2687 956; x_wconf 90' lang='lat' dir='ltr'>qua</span> <span class='ocrx_word' id='word_1_401' title='bbox 2708 900 2870 940; x_wconf 87' lang='lat' dir='ltr'>nemo</span> <span class='ocrx_word' id='word_1_402' title='bbox 2903 884 3109 939; x_wconf 85' lang='lat' dir='ltr'>videbit</span> <span class='ocrx_word' id='word_1_403' title='bbox 3131 887 3308 940; x_wconf 90' lang='lat' dir='ltr'>Deum</span> <span class='ocrx_word' id='word_1_404' title='bbox 3346 887 3528 956; x_wconf 81' lang='lat' dir='ltr'>(Joan.</span> 
     </span>
    </p>
   </div>
   <div class='ocr_carea' id='block_1_56' title="bbox 1943 971 3538 1046">
    <p class='ocr_par' dir='ltr' id='par_1_56' title="bbox 1943 971 3538 1046">
     <span class='ocr_line' id='line_1_56' title="bbox 1943 971 3538 1046; baseline 0.006 -24"><span class='ocrx_word' id='word_1_405' title='bbox 1943 983 2022 1038; x_wconf 79' lang='grc' dir='ltr'>ιιι,</span> <span class='ocrx_word' id='word_1_406' title='bbox 2054 971 2166 1040; x_wconf 75' lang='grc'>20).</span> <span class='ocrx_word' id='word_1_407' title='bbox 2197 971 2320 1041; x_wconf 90' lang='lat' dir='ltr'>Ipse</span> <span class='ocrx_word' id='word_1_408' title='bbox 2351 971 2495 1026; x_wconf 91' lang='lat' dir='ltr'>enim</span> <span class='ocrx_word' id='word_1_409' title='bbox 2526 971 2690 1026; x_wconf 88' lang='lat' dir='ltr'>frater</span> <span class='ocrx_word' id='word_1_410' title='bbox 2719 972 2859 1026; x_wconf 90' lang='lat' dir='ltr'>nosti</span> <span class='ocrx_word' id='word_1_411' title='bbox 2881 972 3062 1028; x_wconf 90' lang='lat' dir='ltr'>dicere</span> <span class='ocrx_word' id='word_1_412' title='bbox 3086 972 3388 1040; x_wconf 87' lang='lat' dir='ltr'>veritatem,</span> <span class='ocrx_word' id='word_1_413' title='bbox 3409 975 3538 1046; x_wconf 89' lang='lat' dir='ltr'>quia</span> 
     </span>
    </p>
   </div>
   <div class='ocr_carea' id='block_1_57' title="bbox 1941 1060 3534 1132">
    <p class='ocr_par' dir='ltr' id='par_1_57' title="bbox 1941 1060 3534 1132">
     <span class='ocr_line' id='line_1_57' title="bbox 1941 1060 3534 1132; baseline 0.004 -20"><span class='ocrx_word' id='word_1_414' title='bbox 1941 1061 2125 1113; x_wconf 85' lang='lat' dir='ltr'>omnis</span> <span class='ocrx_word' id='word_1_415' title='bbox 2156 1060 2252 1132; x_wconf 85' lang='lat' dir='ltr'>qui</span> <span class='ocrx_word' id='word_1_416' title='bbox 2279 1061 2427 1114; x_wconf 90' lang='lat' dir='ltr'>male</span> <span class='ocrx_word' id='word_1_417' title='bbox 2458 1061 2574 1131; x_wconf 85' lang='lat' dir='ltr'>agit</span> <span class='ocrx_word' id='word_1_418' title='bbox 2605 1061 2720 1117; x_wconf 89' lang='lat' dir='ltr'>odit</span> <span class='ocrx_word' id='word_1_419' title='bbox 2752 1062 2953 1129; x_wconf 86' lang='lat' dir='ltr'>lucem,</span> <span class='ocrx_word' id='word_1_420' title='bbox 2979 1065 3036 1117; x_wconf 89' lang='lat' dir='ltr'>et</span> <span class='ocrx_word' id='word_1_421' title='bbox 3054 1076 3169 1117; x_wconf 88' lang='lat' dir='ltr'>non</span> <span class='ocrx_word' id='word_1_422' title='bbox 3185 1063 3423 1118; x_wconf 87' lang='lat' dir='ltr'>venitad</span> <span class='ocrx_word' id='word_1_423' title='bbox 3443 1065 3534 1119; x_wconf 85' lang='lat' dir='ltr'>lu-</span> 
     </span>
    </p>
   </div>
   <div class='ocr_carea' id='block_1_58' title="bbox 1941 1151 3538 1222">
    <p class='ocr_par' dir='ltr' id='par_1_58' title="bbox 1941 1151 3538 1222">
     <span class='ocr_line' id='line_1_58' title="bbox 1941 1151 3538 1222; baseline 0.004 -21"><span class='ocrx_word' id='word_1_424' title='bbox 1941 1163 2086 1211; x_wconf 87' lang='lat' dir='ltr'>cem,</span> <span class='ocrx_word' id='word_1_425' title='bbox 2106 1152 2301 1202; x_wconf 85' lang='lat' dir='ltr'>utnon</span> <span class='ocrx_word' id='word_1_426' title='bbox 2321 1153 2640 1219; x_wconf 84' lang='lat' dir='ltr'>arguantur</span> <span class='ocrx_word' id='word_1_427' title='bbox 2659 1166 2826 1221; x_wconf 85' lang='lat' dir='ltr'>opera</span> <span class='ocrx_word' id='word_1_428' title='bbox 2860 1151 2982 1220; x_wconf 84' lang='lat' dir='ltr'>ejus</span> <span class='ocrx_word' id='word_1_429' title='bbox 3005 1169 3023 1204; x_wconf 89' lang='lat'><strong><em>:</em></strong></span> <span class='ocrx_word' id='word_1_430' title='bbox 3040 1151 3136 1222; x_wconf 88' lang='lat' dir='ltr'>qui</span> <span class='ocrx_word' id='word_1_431' title='bbox 3168 1154 3363 1206; x_wconf 86' lang='lat' dir='ltr'>autem</span> <span class='ocrx_word' id='word_1_432' title='bbox 3392 1153 3538 1222; x_wconf 79' lang='lat' dir='ltr'>facit</span> 
     </span>
    </p>
   </div>
   <div class='ocr_carea' id='block_1_59' title="bbox 1938 1237 3536 1312">
    <p class='ocr_par' dir='ltr' id='par_1_59' title="bbox 1938 1237 3536 1312">
     <span class='ocr_line' id='line_1_59' title="bbox 1938 1237 3536 1312; baseline 0.006 -24"><span class='ocrx_word' id='word_1_433' title='bbox 1938 1237 2238 1290; x_wconf 79' lang='lat' dir='ltr'>veritatem</span> <span class='ocrx_word' id='word_1_434' title='bbox 2259 1238 2413 1291; x_wconf 85' lang='lat' dir='ltr'>venit</span> <span class='ocrx_word' id='word_1_435' title='bbox 2451 1237 2522 1291; x_wconf 90' lang='lat' dir='ltr'>ad</span> <span class='ocrx_word' id='word_1_436' title='bbox 2561 1239 2761 1302; x_wconf 85' lang='lat' dir='ltr'>lucem,</span> <span class='ocrx_word' id='word_1_437' title='bbox 2803 1241 2868 1292; x_wconf 90' lang='lat' dir='ltr'>ut</span> <span class='ocrx_word' id='word_1_438' title='bbox 2899 1240 3348 1308; x_wconf 80' lang='lat' dir='ltr'>manifestentur</span> <span class='ocrx_word' id='word_1_439' title='bbox 3367 1257 3536 1312; x_wconf 85' lang='lat' dir='ltr'>opera</span> 
     </span>
    </p>
   </div>
   <div class='ocr_carea' id='block_1_60' title="bbox 1941 1325 3535 1399">
    <p class='ocr_par' dir='ltr' id='par_1_60' title="bbox 1941 1325 3535 1399">
     <span class='ocr_line' id='line_1_60' title="bbox 1941 1325 3535 1399; baseline 0.006 -23"><span class='ocrx_word' id='word_1_440' title='bbox 1941 1325 2082 1394; x_wconf 84' lang='lat' dir='ltr'>ejus,</span> <span class='ocrx_word' id='word_1_441' title='bbox 2103 1326 2234 1396; x_wconf 85' lang='lat' dir='ltr'>quia</span> <span class='ocrx_word' id='word_1_442' title='bbox 2254 1327 2317 1378; x_wconf 87' lang='lat' dir='ltr'>in</span> <span class='ocrx_word' id='word_1_443' title='bbox 2338 1327 2445 1379; x_wconf 83' lang='lat' dir='ltr'>Deo</span> <span class='ocrx_word' id='word_1_444' title='bbox 2461 1329 2600 1379; x_wconf 84' lang='lat' dir='ltr'>sunt</span> <span class='ocrx_word' id='word_1_445' title='bbox 2615 1329 2773 1395; x_wconf 81' lang='lat' dir='ltr'>facta</span> <span class='ocrx_word' id='word_1_446' title='bbox 2790 1326 2969 1394; x_wconf 80' lang='lat' dir='ltr'>(Hebr.</span> <span class='ocrx_word' id='word_1_447' title='bbox 2989 1339 3092 1389; x_wconf 85' lang='lat' dir='ltr'>xn,</span> <span class='ocrx_word' id='word_1_448' title='bbox 3113 1326 3220 1396; x_wconf 79' lang='grc'>14).</span> <span class='ocrx_word' id='word_1_449' title='bbox 3237 1327 3535 1399; x_wconf 83' lang='lat' dir='ltr'>Propterea</span> 
     </span>
    </p>
   </div>
   <div class='ocr_carea' id='block_1_61' title="bbox 1940 1411 3532 1486">
    <p class='ocr_par' dir='ltr' id='par_1_61' title="bbox 1940 1411 3532 1486">
     <span class='ocr_line' id='line_1_61' title="bbox 1940 1411 3532 1486; baseline 0.005 -22"><span class='ocrx_word' id='word_1_450' title='bbox 1940 1411 2239 1477; x_wconf 88' lang='lat' dir='ltr'>sicut,licet</span> <span class='ocrx_word' id='word_1_451' title='bbox 2258 1429 2366 1466; x_wconf 91' lang='lat' dir='ltr'>non</span> <span class='ocrx_word' id='word_1_452' title='bbox 2381 1413 2723 1484; x_wconf 89' lang='lat' dir='ltr'>regulariter,</span> <span class='ocrx_word' id='word_1_453' title='bbox 2761 1413 3325 1486; x_wconf 77' lang='lat' dir='ltr'>ostendistimihiquae</span> <span class='ocrx_word' id='word_1_454' title='bbox 3358 1416 3532 1472; x_wconf 88' lang='lat' dir='ltr'>colle-</span> 
     </span>
    </p>
   </div>
   <div class='ocr_carea' id='block_1_62' title="bbox 1939 1499 3534 1572">
    <p class='ocr_par' dir='ltr' id='par_1_62' title="bbox 1939 1499 3534 1572">
     <span class='ocr_line' id='line_1_62' title="bbox 1939 1499 3534 1572; baseline 0.006 -20"><span class='ocrx_word' id='word_1_455' title='bbox 1939 1499 2066 1571; x_wconf 88' lang='lat' dir='ltr'>gisti</span> <span class='ocrx_word' id='word_1_456' title='bbox 2097 1516 2162 1553; x_wconf 85' lang='lat' dir='ltr'>ex</span> <span class='ocrx_word' id='word_1_457' title='bbox 2192 1501 2505 1571; x_wconf 63' lang='lat' dir='ltr'>apostolica:</span> <span class='ocrx_word' id='word_1_458' title='bbox 2517 1501 2663 1555; x_wconf 88' lang='lat' dir='ltr'>sedis</span> <span class='ocrx_word' id='word_1_459' title='bbox 2676 1500 2988 1571; x_wconf 80' lang='lat' dir='ltr'>pontificum</span> <span class='ocrx_word' id='word_1_460' title='bbox 3003 1502 3264 1572; x_wconf 87' lang='lat' dir='ltr'>epistolis,</span> <span class='ocrx_word' id='word_1_461' title='bbox 3280 1505 3424 1559; x_wconf 91' lang='lat' dir='ltr'>unde</span> <span class='ocrx_word' id='word_1_462' title='bbox 3438 1504 3534 1561; x_wconf 90' lang='lat' dir='ltr'>tibi</span> 
     </span>
    </p>
   </div>
   <div class='ocr_carea' id='block_1_63' title="bbox 1939 1587 3532 1663">
    <p class='ocr_par' dir='ltr' id='par_1_63' title="bbox 1939 1587 3532 1663">
     <span class='ocr_line' id='line_1_63' title="bbox 1939 1587 3532 1663; baseline 0.005 -23"><span class='ocrx_word' id='word_1_463' title='bbox 1939 1587 2212 1644; x_wconf 90' lang='lat' dir='ltr'>succincte</span> <span class='ocrx_word' id='word_1_464' title='bbox 2241 1589 2568 1660; x_wconf 90' lang='lat' dir='ltr'>respondi,si</span> <span class='ocrx_word' id='word_1_465' title='bbox 2597 1605 2824 1645; x_wconf 88' lang='lat' dir='ltr'>necesse</span> <span class='ocrx_word' id='word_1_466' title='bbox 2837 1589 2974 1644; x_wconf 89' lang='lat' dir='ltr'>foret</span> <span class='ocrx_word' id='word_1_467' title='bbox 2987 1590 3143 1644; x_wconf 89' lang='lat' dir='ltr'>latius</span> <span class='ocrx_word' id='word_1_468' title='bbox 3156 1607 3532 1663; x_wconf 84' lang='lat' dir='ltr'>responsurus,</span> 
     </span>
    </p>
   </div>
   <div class='ocr_carea' id='block_1_64' title="bbox 1938 1677 3534 1750">
    <p class='ocr_par' dir='ltr' id='par_1_64' title="bbox 1938 1677 3534 1750">
     <span class='ocr_line' id='line_1_64' title="bbox 1938 1677 3534 1750; baseline 0.003 -19"><span class='ocrx_word' id='word_1_469' title='bbox 1938 1677 2164 1731; x_wconf 89' lang='lat' dir='ltr'>ostende</span> <span class='ocrx_word' id='word_1_470' title='bbox 2193 1677 2358 1731; x_wconf 90' lang='lat' dir='ltr'>etiam</span> <span class='ocrx_word' id='word_1_471' title='bbox 2390 1677 2651 1748; x_wconf 90' lang='lat' dir='ltr'>scriptum</span> <span class='ocrx_word' id='word_1_472' title='bbox 2678 1678 2766 1733; x_wconf 91' lang='lat' dir='ltr'>cui</span> <span class='ocrx_word' id='word_1_473' title='bbox 2785 1678 3172 1750; x_wconf 90' lang='lat' dir='ltr'>subscripsisti,</span> <span class='ocrx_word' id='word_1_474' title='bbox 3204 1687 3258 1734; x_wconf 91' lang='lat' dir='ltr'>et</span> <span class='ocrx_word' id='word_1_475' title='bbox 3295 1681 3534 1737; x_wconf 88' lang='lat' dir='ltr'>subscri-</span> 
     </span>
    </p>
   </div>
   <div class='ocr_carea' id='block_1_65' title="bbox 1944 1763 3537 1838">
    <p class='ocr_par' dir='ltr' id='par_1_65' title="bbox 1944 1763 3537 1838">
     <span class='ocr_line' id='line_1_65' title="bbox 1944 1763 3537 1838; baseline 0.004 -20"><span class='ocrx_word' id='word_1_476' title='bbox 1944 1764 1998 1818; x_wconf 89' lang='lat' dir='ltr'>bi</span> <span class='ocrx_word' id='word_1_477' title='bbox 2027 1763 2221 1833; x_wconf 87' lang='lat' dir='ltr'>fecisti,</span> <span class='ocrx_word' id='word_1_478' title='bbox 2256 1766 2354 1820; x_wconf 89' lang='lat' dir='ltr'>sed</span> <span class='ocrx_word' id='word_1_479' title='bbox 2382 1774 2435 1819; x_wconf 91' lang='lat' dir='ltr'>et</span> <span class='ocrx_word' id='word_1_480' title='bbox 2479 1765 2571 1820; x_wconf 90' lang='lat' dir='ltr'>illa</span> <span class='ocrx_word' id='word_1_481' title='bbox 2616 1782 2718 1836; x_wconf 91' lang='lat' dir='ltr'>per</span> <span class='ocrx_word' id='word_1_482' title='bbox 2767 1783 2884 1838; x_wconf 64' lang='lat' dir='ltr'>qum</span> <span class='ocrx_word' id='word_1_483' title='bbox 2922 1774 2974 1822; x_wconf 93' lang='lat' dir='ltr'>te</span> <span class='ocrx_word' id='word_1_484' title='bbox 3037 1766 3354 1824; x_wconf 90' lang='lat' dir='ltr'>dissolvisse</span> <span class='ocrx_word' id='word_1_485' title='bbox 3399 1768 3537 1826; x_wconf 90' lang='lat' dir='ltr'>dicis</span> 
     </span>
    </p>
   </div>
   <div class='ocr_carea' id='block_1_66' title="bbox 1945 1852 3538 1924">
    <p class='ocr_par' dir='ltr' id='par_1_66' title="bbox 1945 1852 3538 1924">
     <span class='ocr_line' id='line_1_66' title="bbox 1945 1852 3538 1924; baseline 0.004 -18"><span class='ocrx_word' id='word_1_486' title='bbox 1945 1852 2145 1922; x_wconf 88' lang='lat' dir='ltr'>scripta</span> <span class='ocrx_word' id='word_1_487' title='bbox 2174 1868 2204 1907; x_wconf 89' lang='lat' dir='ltr'>a</span> <span class='ocrx_word' id='word_1_488' title='bbox 2233 1870 2321 1908; x_wconf 90' lang='lat' dir='ltr'>me</span> <span class='ocrx_word' id='word_1_489' title='bbox 2347 1853 2446 1907; x_wconf 91' lang='lat' dir='ltr'>tibi</span> <span class='ocrx_word' id='word_1_490' title='bbox 2476 1862 2527 1909; x_wconf 93' lang='lat' dir='ltr'>et</span> <span class='ocrx_word' id='word_1_491' title='bbox 2558 1854 2806 1910; x_wconf 76' lang='lat' dir='ltr'>ecclesiae</span> <span class='ocrx_word' id='word_1_492' title='bbox 2835 1861 2937 1909; x_wconf 71' lang='lat' dir='ltr'>tuae</span> <span class='ocrx_word' id='word_1_493' title='bbox 2967 1853 3189 1924; x_wconf 87' lang='lat' dir='ltr'>directa,</span> <span class='ocrx_word' id='word_1_494' title='bbox 3217 1864 3275 1910; x_wconf 93' lang='lat' dir='ltr'>ut</span> <span class='ocrx_word' id='word_1_495' title='bbox 3301 1856 3538 1913; x_wconf 84' lang='lat' dir='ltr'>manife-</span> 
     </span>
    </p>
   </div>
   <div class='ocr_carea' id='block_1_67' title="bbox 1945 1942 3538 2010">
    <p class='ocr_par' dir='ltr' id='par_1_67' title="bbox 1945 1942 3538 2010">
     <span class='ocr_line' id='line_1_67' title="bbox 1945 1942 3538 2010; baseline 0.003 -14"><span class='ocrx_word' id='word_1_496' title='bbox 1945 1949 2087 1996; x_wconf 91' lang='lat' dir='ltr'>stum</span> <span class='ocrx_word' id='word_1_497' title='bbox 2119 1942 2203 2010; x_wconf 91' lang='lat' dir='ltr'>sit,</span> <span class='ocrx_word' id='word_1_498' title='bbox 2239 1958 2363 1996; x_wconf 90' lang='lat' dir='ltr'>cum</span> <span class='ocrx_word' id='word_1_499' title='bbox 2393 1942 2464 1997; x_wconf 87' lang='lat' dir='ltr'>ad</span> <span class='ocrx_word' id='word_1_500' title='bbox 2493 1942 2670 1998; x_wconf 85' lang='lat' dir='ltr'>lucem</span> <span class='ocrx_word' id='word_1_501' title='bbox 2699 1943 2967 2009; x_wconf 87' lang='lat' dir='ltr'>venerint,</span> <span class='ocrx_word' id='word_1_502' title='bbox 3002 1943 3047 1998; x_wconf 88' lang='lat' dir='ltr'>si</span> <span class='ocrx_word' id='word_1_503' title='bbox 3077 1943 3133 1998; x_wconf 90' lang='lat' dir='ltr'>in</span> <span class='ocrx_word' id='word_1_504' title='bbox 3161 1944 3277 2000; x_wconf 93' lang='lat' dir='ltr'>Deo</span> <span class='ocrx_word' id='word_1_505' title='bbox 3306 1945 3412 1999; x_wconf 92' lang='lat' dir='ltr'>sint</span> <span class='ocrx_word' id='word_1_506' title='bbox 3449 1945 3538 2001; x_wconf 88' lang='lat' dir='ltr'>fa-</span> 
     </span>
    </p>
   </div>
   <div class='ocr_carea' id='block_1_68' title="bbox 1944 2031 3540 2102">
    <p class='ocr_par' dir='ltr' id='par_1_68' title="bbox 1944 2031 3540 2102">
     <span class='ocr_line' id='line_1_68' title="bbox 1944 2031 3540 2102; baseline 0.004 -18"><span class='ocrx_word' id='word_1_507' title='bbox 1944 2038 2048 2084; x_wconf 92' lang='lat' dir='ltr'>cta.</span> <span class='ocrx_word' id='word_1_508' title='bbox 2083 2031 2203 2102; x_wconf 90' lang='lat' dir='ltr'>Ego</span> <span class='ocrx_word' id='word_1_509' title='bbox 2233 2039 2415 2086; x_wconf 87' lang='lat' dir='ltr'>autem</span> <span class='ocrx_word' id='word_1_510' title='bbox 2446 2047 2568 2102; x_wconf 73' lang='lat' dir='ltr'>quae</span> <span class='ocrx_word' id='word_1_511' title='bbox 2599 2031 2693 2086; x_wconf 90' lang='lat' dir='ltr'>tibi</span> <span class='ocrx_word' id='word_1_512' title='bbox 2723 2039 2777 2086; x_wconf 91' lang='lat' dir='ltr'>et</span> <span class='ocrx_word' id='word_1_513' title='bbox 2806 2031 3054 2088; x_wconf 64' lang='lat' dir='ltr'>ecclesiae</span> <span class='ocrx_word' id='word_1_514' title='bbox 3091 2032 3188 2086; x_wconf 90' lang='lat' dir='ltr'>tibi</span> <span class='ocrx_word' id='word_1_515' title='bbox 3231 2033 3540 2091; x_wconf 67' lang='lat' dir='ltr'>commissae</span> 
     </span>
    </p>
   </div>
   <div class='ocr_carea' id='block_1_69' title="bbox 1946 2118 3536 2190">
    <p class='ocr_par' dir='ltr' id='par_1_69' title="bbox 1946 2118 3536 2190">
     <span class='ocr_line' id='line_1_69' title="bbox 1946 2118 3536 2190; baseline 0.004 -18"><span class='ocrx_word' id='word_1_516' title='bbox 1946 2118 2143 2188; x_wconf 90' lang='lat' dir='ltr'>scripsi</span> <span class='ocrx_word' id='word_1_517' title='bbox 2221 2119 2290 2173; x_wconf 89' lang='lat' dir='ltr'>de</span> <span class='ocrx_word' id='word_1_518' title='bbox 2330 2119 2559 2190; x_wconf 67' lang='lat' dir='ltr'>praefata</span> <span class='ocrx_word' id='word_1_519' title='bbox 2603 2119 3159 2176; x_wconf 85' lang='lat' dir='ltr'>excommunicatione</span> <span class='ocrx_word' id='word_1_520' title='bbox 3201 2136 3234 2176; x_wconf 91' lang='lat' dir='ltr'>a</span> <span class='ocrx_word' id='word_1_521' title='bbox 3278 2129 3332 2176; x_wconf 89' lang='lat' dir='ltr'>te</span> <span class='ocrx_word' id='word_1_522' title='bbox 3375 2123 3536 2189; x_wconf 89' lang='lat' dir='ltr'>facta,</span> 
     </span>
    </p>
   </div>
   <div class='ocr_carea' id='block_1_70' title="bbox 1944 2207 3540 2280">
    <p class='ocr_par' dir='ltr' id='par_1_70' title="bbox 1944 2207 3540 2280">
     <span class='ocr_line' id='line_1_70' title="bbox 1944 2207 3540 2280; baseline 0.004 -20"><span class='ocrx_word' id='word_1_523' title='bbox 1944 2207 2178 2276; x_wconf 91' lang='lat' dir='ltr'>primum</span> <span class='ocrx_word' id='word_1_524' title='bbox 2207 2207 2425 2279; x_wconf 89' lang='lat' dir='ltr'>quidem</span> <span class='ocrx_word' id='word_1_525' title='bbox 2458 2208 2526 2263; x_wconf 88' lang='lat' dir='ltr'>ad</span> <span class='ocrx_word' id='word_1_526' title='bbox 2553 2215 2605 2264; x_wconf 91' lang='lat' dir='ltr'>te</span> <span class='ocrx_word' id='word_1_527' title='bbox 2645 2207 2737 2263; x_wconf 91' lang='lat' dir='ltr'>illa</span> <span class='ocrx_word' id='word_1_528' title='bbox 2779 2208 2968 2274; x_wconf 83' lang='lat' dir='ltr'>direxi,</span> <span class='ocrx_word' id='word_1_529' title='bbox 3021 2225 3143 2280; x_wconf 68' lang='lat' dir='ltr'>quae</span> <span class='ocrx_word' id='word_1_530' title='bbox 3187 2225 3298 2265; x_wconf 89' lang='lat' dir='ltr'>non</span> <span class='ocrx_word' id='word_1_531' title='bbox 3340 2226 3406 2266; x_wconf 82' lang='lat' dir='ltr'>ex</span> <span class='ocrx_word' id='word_1_532' title='bbox 3452 2227 3540 2267; x_wconf 91' lang='lat' dir='ltr'>me</span> 
     </span>
    </p>
   </div>
   <div class='ocr_carea' id='block_1_71' title="bbox 1945 2295 3538 2371">
    <p class='ocr_par' dir='ltr' id='par_1_71' title="bbox 1945 2295 3538 2371">
     <span class='ocr_line' id='line_1_71' title="bbox 1945 2295 3538 2371; baseline 0.005 -23"><span class='ocrx_word' id='word_1_533' title='bbox 1945 2295 2036 2348; x_wconf 92' lang='lat' dir='ltr'>illa</span> <span class='ocrx_word' id='word_1_534' title='bbox 2065 2295 2277 2366; x_wconf 90' lang='lat' dir='ltr'>scripsi,</span> <span class='ocrx_word' id='word_1_535' title='bbox 2310 2297 2490 2352; x_wconf 89' lang='lat' dir='ltr'>sciens</span> <span class='ocrx_word' id='word_1_536' title='bbox 2521 2297 2757 2352; x_wconf 90' lang='lat' dir='ltr'>dictum:</span> <span class='ocrx_word' id='word_1_537' title='bbox 2781 2299 3246 2370; x_wconf 81' lang='lat' dir='ltr'>Quiasemetipso</span> <span class='ocrx_word' id='word_1_538' title='bbox 3273 2300 3538 2371; x_wconf 84' lang='lat' dir='ltr'>loquitur,</span> 
     </span>
    </p>
   </div>
   <div class='ocr_carea' id='block_1_72' title="bbox 1945 2385 3542 2458">
    <p class='ocr_par' dir='ltr' id='par_1_72' title="bbox 1945 2385 3542 2458">
     <span class='ocr_line' id='line_1_72' title="bbox 1945 2385 3542 2458; baseline 0.003 -20"><span class='ocrx_word' id='word_1_539' title='bbox 1945 2385 2187 2455; x_wconf 84' lang='lat' dir='ltr'>gloriam</span> <span class='ocrx_word' id='word_1_540' title='bbox 2213 2387 2501 2458; x_wconf 85' lang='lat' dir='ltr'>propriam</span> <span class='ocrx_word' id='word_1_541' title='bbox 2529 2388 2733 2458; x_wconf 71' lang='lat' dir='ltr'>quaerit</span> <span class='ocrx_word' id='word_1_542' title='bbox 2760 2386 2944 2456; x_wconf 83' lang='lat' dir='ltr'>(Joan.</span> <span class='ocrx_word' id='word_1_543' title='bbox 2994 2400 3092 2452; x_wconf 86' lang='lat' dir='ltr'>vu,</span> <span class='ocrx_word' id='word_1_544' title='bbox 3143 2387 3262 2457; x_wconf 70' lang='lat'>18);</span> <span class='ocrx_word' id='word_1_545' title='bbox 3310 2403 3409 2458; x_wconf 92' lang='lat' dir='ltr'>per</span> <span class='ocrx_word' id='word_1_546' title='bbox 3453 2403 3542 2443; x_wconf 91' lang='lat' dir='ltr'>me</span> 
     </span>
    </p>
   </div>
   <div class='ocr_carea' id='block_1_73' title="bbox 1949 2473 3542 2547">
    <p class='ocr_par' dir='ltr' id='par_1_73' title="bbox 1949 2473 3542 2547">
     <span class='ocr_line' id='line_1_73' title="bbox 1949 2473 3542 2547; baseline 0.004 -22"><span class='ocrx_word' id='word_1_547' title='bbox 1949 2478 2149 2536; x_wconf 90' lang='lat' dir='ltr'>autem,</span> <span class='ocrx_word' id='word_1_548' title='bbox 2184 2488 2250 2526; x_wconf 86' lang='lat' dir='ltr'>ex</span> <span class='ocrx_word' id='word_1_549' title='bbox 2281 2473 2602 2545; x_wconf 87' lang='lat' dir='ltr'>evangelica</span> <span class='ocrx_word' id='word_1_550' title='bbox 2646 2474 2892 2540; x_wconf 89' lang='lat' dir='ltr'>veritate,</span> <span class='ocrx_word' id='word_1_551' title='bbox 2943 2481 2996 2529; x_wconf 91' lang='lat' dir='ltr'>et</span> <span class='ocrx_word' id='word_1_552' title='bbox 3041 2474 3336 2545; x_wconf 89' lang='lat' dir='ltr'>apostolica</span> <span class='ocrx_word' id='word_1_553' title='bbox 3378 2483 3542 2547; x_wconf 89' lang='lat' dir='ltr'>atque</span> 
     </span>
    </p>
   </div>
   <div class='ocr_carea' id='block_1_74' title="bbox 1949 2557 3548 2631">
    <p class='ocr_par' dir='ltr' id='par_1_74' title="bbox 1949 2557 3548 2631">
     <span class='ocr_line' id='line_1_74' title="bbox 1949 2557 3548 2631; baseline 0.003 -22"><span class='ocrx_word' id='word_1_554' title='bbox 1949 2557 2263 2626; x_wconf 85' lang='lat' dir='ltr'>prOphetica</span> <span class='ocrx_word' id='word_1_555' title='bbox 2292 2558 2632 2626; x_wconf 86' lang='lat' dir='ltr'>auctoritate,</span> <span class='ocrx_word' id='word_1_556' title='bbox 2687 2559 2785 2613; x_wconf 92' lang='lat' dir='ltr'>sed</span> <span class='ocrx_word' id='word_1_557' title='bbox 2821 2565 2875 2612; x_wconf 92' lang='lat' dir='ltr'>et</span> <span class='ocrx_word' id='word_1_558' title='bbox 2921 2559 3236 2629; x_wconf 73' lang='lat' dir='ltr'>apostolicae</span> <span class='ocrx_word' id='word_1_559' title='bbox 3283 2559 3452 2631; x_wconf 89' lang='lat' dir='ltr'>sedis,</span> <span class='ocrx_word' id='word_1_560' title='bbox 3493 2568 3548 2616; x_wconf 91' lang='lat' dir='ltr'>et</span> 
     </span>
    </p>
   </div>
   <div class='ocr_carea' id='block_1_75' title="bbox 1951 2646 3547 2720">
    <p class='ocr_par' dir='ltr' id='par_1_75' title="bbox 1951 2646 3547 2720">
     <span class='ocr_line' id='line_1_75' title="bbox 1951 2646 3547 2720; baseline 0.004 -23"><span class='ocrx_word' id='word_1_561' title='bbox 1951 2652 2266 2700; x_wconf 89' lang='lat' dir='ltr'>sanctorum</span> <span class='ocrx_word' id='word_1_562' title='bbox 2297 2646 2654 2701; x_wconf 91' lang='lat' dir='ltr'>conciliorum</span> <span class='ocrx_word' id='word_1_563' title='bbox 2683 2646 3178 2716; x_wconf 90' lang='lat' dir='ltr'>constitutionibus,</span> <span class='ocrx_word' id='word_1_564' title='bbox 3209 2646 3304 2702; x_wconf 88' lang='lat' dir='ltr'>illa</span> <span class='ocrx_word' id='word_1_565' title='bbox 3350 2649 3547 2720; x_wconf 87' lang='lat' dir='ltr'>scripta</span> 
     </span>
    </p>
   </div>
   <div class='ocr_carea' id='block_1_76' title="bbox 1952 2733 3546 2793">
    <p class='ocr_par' dir='ltr' id='par_1_76' title="bbox 1952 2733 3546 2793">
     <span class='ocr_line' id='line_1_76' title="bbox 1952 2733 3546 2793; baseline 0.004 -6"><span class='ocrx_word' id='word_1_566' title='bbox 1952 2740 2003 2787; x_wconf 90' lang='lat' dir='ltr'>et</span> <span class='ocrx_word' id='word_1_567' title='bbox 2030 2749 2061 2786; x_wconf 90' lang='lat' dir='ltr'>a</span> <span class='ocrx_word' id='word_1_568' title='bbox 2089 2749 2179 2788; x_wconf 91' lang='lat' dir='ltr'>me</span> <span class='ocrx_word' id='word_1_569' title='bbox 2207 2733 2301 2788; x_wconf 90' lang='lat' dir='ltr'>tibi</span> <span class='ocrx_word' id='word_1_570' title='bbox 2332 2743 2385 2789; x_wconf 90' lang='lat' dir='ltr'>et</span> <span class='ocrx_word' id='word_1_571' title='bbox 2413 2734 2658 2790; x_wconf 76' lang='lat' dir='ltr'>ecclesiae</span> <span class='ocrx_word' id='word_1_572' title='bbox 2689 2735 2786 2789; x_wconf 94' lang='lat' dir='ltr'>tibi</span> <span class='ocrx_word' id='word_1_573' title='bbox 2830 2734 3136 2791; x_wconf 65' lang='lat' dir='ltr'>commissae</span> <span class='ocrx_word' id='word_1_574' title='bbox 3181 2735 3389 2792; x_wconf 80' lang='lat' dir='ltr'>directa</span> <span class='ocrx_word' id='word_1_575' title='bbox 3435 2751 3546 2793; x_wconf 89' lang='lat' dir='ltr'>non</span> 
     </span>
    </p>
   </div>
   <div class='ocr_carea' id='block_1_77' title="bbox 1951 2820 3548 2894">
    <p class='ocr_par' dir='ltr' id='par_1_77' title="bbox 1951 2820 3548 2894">
     <span class='ocr_line' id='line_1_77' title="bbox 1951 2820 3548 2894; baseline 0.005 -21"><span class='ocrx_word' id='word_1_576' title='bbox 1951 2820 2186 2894; x_wconf 89' lang='lat' dir='ltr'>denego,</span> <span class='ocrx_word' id='word_1_577' title='bbox 2219 2822 2400 2879; x_wconf 91' lang='lat' dir='ltr'>sciens</span> <span class='ocrx_word' id='word_1_578' title='bbox 2420 2823 2623 2880; x_wconf 89' lang='lat' dir='ltr'>dictum</span> <span class='ocrx_word' id='word_1_579' title='bbox 2644 2838 2678 2878; x_wconf 89' lang='lat' dir='ltr'>a</span> <span class='ocrx_word' id='word_1_580' title='bbox 2694 2823 2926 2880; x_wconf 89' lang='lat' dir='ltr'>Domino</span> <span class='ocrx_word' id='word_1_581' title='bbox 2947 2839 2960 2879; x_wconf 92' lang='lat'><strong>:</strong></span> <span class='ocrx_word' id='word_1_582' title='bbox 2985 2825 3061 2880; x_wconf 87' lang='lat' dir='ltr'>Tu</span> <span class='ocrx_word' id='word_1_583' title='bbox 3081 2841 3156 2880; x_wconf 90' lang='lat' dir='ltr'>au</span> <span class='ocrx_word' id='word_1_584' title='bbox 3165 2828 3276 2880; x_wconf 89' lang='lat' dir='ltr'>tem</span> <span class='ocrx_word' id='word_1_585' title='bbox 3306 2826 3548 2882; x_wconf 75' lang='lat' dir='ltr'>audiens</span> 
     </span>
    </p>
   </div>
   <div class='ocr_carea' id='block_1_78' title="bbox 1952 2912 3547 2986">
    <p class='ocr_par' dir='ltr' id='par_1_78' title="bbox 1952 2912 3547 2986">
     <span class='ocr_line' id='line_1_78' title="bbox 1952 2912 3547 2986; baseline 0.004 -22"><span class='ocrx_word' id='word_1_586' title='bbox 1952 2912 2245 2966; x_wconf 73' lang='lat' dir='ltr'>nuntiabis</span> <span class='ocrx_word' id='word_1_587' title='bbox 2278 2915 2356 2968; x_wconf 82' lang='lat' dir='ltr'>eis</span> <span class='ocrx_word' id='word_1_588' title='bbox 2382 2929 2456 2968; x_wconf 79' lang='lat' dir='ltr'>ex</span> <span class='ocrx_word' id='word_1_589' title='bbox 2483 2930 2574 2968; x_wconf 88' lang='lat' dir='ltr'>me</span> <span class='ocrx_word' id='word_1_590' title='bbox 2605 2914 2824 2983; x_wconf 67' lang='lat' dir='ltr'>(Ezech.</span> <span class='ocrx_word' id='word_1_591' title='bbox 2859 2927 3067 2978; x_wconf 76' lang='lat' dir='ltr'>xum,</span> <span class='ocrx_word' id='word_1_592' title='bbox 3112 2915 3188 2983; x_wconf 90' lang='lat'>’7).</span> <span class='ocrx_word' id='word_1_593' title='bbox 3241 2915 3547 2986; x_wconf 90' lang='lat' dir='ltr'>Eapropter</span> 
     </span>
    </p>
   </div>
   <div class='ocr_carea' id='block_1_79' title="bbox 1943 2999 3546 3069">
    <p class='ocr_par' dir='ltr' id='par_1_79' title="bbox 1943 2999 3546 3069">
     <span class='ocr_line' id='line_1_79' title="bbox 1943 2999 3546 3069; baseline 0.003 -16"><span class='ocrx_word' id='word_1_594' title='bbox 1943 2999 2240 3069; x_wconf 77' lang='lat' dir='ltr'>justitiam</span> <span class='ocrx_word' id='word_1_595' title='bbox 2255 2999 2372 3068; x_wconf 86' lang='lat' dir='ltr'>ejus</span> <span class='ocrx_word' id='word_1_596' title='bbox 2400 3019 2516 3057; x_wconf 87' lang='lat' dir='ltr'>non</span> <span class='ocrx_word' id='word_1_597' title='bbox 2537 3001 2801 3056; x_wconf 78' lang='lat' dir='ltr'>abscondi</span> <span class='ocrx_word' id='word_1_598' title='bbox 2821 3003 2884 3056; x_wconf 88' lang='lat' dir='ltr'>in</span> <span class='ocrx_word' id='word_1_599' title='bbox 2903 3001 3064 3057; x_wconf 87' lang='lat' dir='ltr'>corde</span> <span class='ocrx_word' id='word_1_600' title='bbox 3081 3015 3223 3067; x_wconf 92' lang='lat' dir='ltr'>meo,</span> <span class='ocrx_word' id='word_1_601' title='bbox 3247 3002 3546 3060; x_wconf 84' lang='lat' dir='ltr'>veritatem</span> 
     </span>
    </p>
   </div>
   <div class='ocr_carea' id='block_1_80' title="bbox 1875 3071 3544 3160">
    <p class='ocr_par' dir='ltr' id='par_1_80' title="bbox 1875 3071 3544 3160">
     <span class='ocr_line' id='line_1_80' title="bbox 1875 3071 3544 3160; baseline 0.004 -20"><span class='ocrx_word' id='word_1_602' title='bbox 1875 3071 1922 3133; x_wconf 75' lang='grc' dir='ltr'>Ο</span> <span class='ocrx_word' id='word_1_603' title='bbox 1945 3087 2060 3154; x_wconf 90' lang='lat' dir='ltr'>ejus</span> <span class='ocrx_word' id='word_1_604' title='bbox 2089 3092 2145 3142; x_wconf 84' lang='lat' dir='ltr'>et</span> <span class='ocrx_word' id='word_1_605' title='bbox 2174 3090 2427 3144; x_wconf 80' lang='lat' dir='ltr'>salutare</span> <span class='ocrx_word' id='word_1_606' title='bbox 2457 3105 2615 3143; x_wconf 91' lang='lat' dir='ltr'>suum</span> <span class='ocrx_word' id='word_1_607' title='bbox 2642 3089 2769 3144; x_wconf 74' lang='lat' dir='ltr'>dixi</span> <span class='ocrx_word' id='word_1_608' title='bbox 2798 3089 2971 3158; x_wconf 82' lang='lat' dir='ltr'>(Psal.</span> <span class='ocrx_word' id='word_1_609' title='bbox 3005 3103 3213 3156; x_wconf 70' lang='lat' dir='ltr'><strong>xxxxx,</strong></span> <span class='ocrx_word' id='word_1_610' title='bbox 3266 3091 3376 3160; x_wconf 81' lang='grc'>11).</span> <span class='ocrx_word' id='word_1_611' title='bbox 3419 3090 3544 3146; x_wconf 82' lang='grc' dir='ltr'>Νοιι</span> 
     </span>
    </p>
   </div>
   <div class='ocr_carea' id='block_1_81' title="bbox 1950 3175 3546 3247">
    <p class='ocr_par' dir='ltr' id='par_1_81' title="bbox 1950 3175 3546 3247">
     <span class='ocr_line' id='line_1_81' title="bbox 1950 3175 3546 3247; baseline 0.004 -19"><span class='ocrx_word' id='word_1_612' title='bbox 1950 3175 2210 3230; x_wconf 90' lang='lat' dir='ltr'>abscondi</span> <span class='ocrx_word' id='word_1_613' title='bbox 2241 3177 2672 3232; x_wconf 89' lang='lat' dir='ltr'>misericordiam</span> <span class='ocrx_word' id='word_1_614' title='bbox 2722 3177 2858 3245; x_wconf 88' lang='lat' dir='ltr'>ejus,</span> <span class='ocrx_word' id='word_1_615' title='bbox 2909 3184 2962 3232; x_wconf 84' lang='lat' dir='ltr'>et</span> <span class='ocrx_word' id='word_1_616' title='bbox 3006 3177 3291 3234; x_wconf 85' lang='lat' dir='ltr'>veritatem</span> <span class='ocrx_word' id='word_1_617' title='bbox 3343 3178 3459 3247; x_wconf 92' lang='lat' dir='ltr'>ejus</span> <span class='ocrx_word' id='word_1_618' title='bbox 3512 3192 3546 3234; x_wconf 89' lang='lat' dir='ltr'>a</span> 
     </span>
    </p>
   </div>
   <div class='ocr_carea' id='block_1_82' title="bbox 1950 3265 3544 3337">
    <p class='ocr_par' dir='ltr' id='par_1_82' title="bbox 1950 3265 3544 3337">
     <span class='ocr_line' id='line_1_82' title="bbox 1950 3265 3544 3337; baseline 0.004 -20"><span class='ocrx_word' id='word_1_619' title='bbox 1950 3265 2180 3319; x_wconf 91' lang='lat' dir='ltr'>concilio</span> <span class='ocrx_word' id='word_1_620' title='bbox 2211 3265 2399 3323; x_wconf 89' lang='lat' dir='ltr'>multo.</span> <span class='ocrx_word' id='word_1_621' title='bbox 2432 3275 2490 3320; x_wconf 89' lang='lat' dir='ltr'>ut</span> <span class='ocrx_word' id='word_1_622' title='bbox 2517 3281 2626 3321; x_wconf 89' lang='lat' dir='ltr'>non</span> <span class='ocrx_word' id='word_1_623' title='bbox 2676 3265 2896 3337; x_wconf 88' lang='lat' dir='ltr'>elonget</span> <span class='ocrx_word' id='word_1_624' title='bbox 2948 3280 2982 3320; x_wconf 90' lang='lat' dir='ltr'>a</span> <span class='ocrx_word' id='word_1_625' title='bbox 3029 3281 3117 3321; x_wconf 90' lang='lat' dir='ltr'>me</span> <span class='ocrx_word' id='word_1_626' title='bbox 3164 3265 3544 3323; x_wconf 87' lang='lat' dir='ltr'>miserationes</span> 
     </span>
    </p>
   </div>
   <div class='ocr_carea' id='block_1_83' title="bbox 1949 3353 3545 3426">
    <p class='ocr_par' dir='ltr' id='par_1_83' title="bbox 1949 3353 3545 3426">
     <span class='ocr_line' id='line_1_83' title="bbox 1949 3353 3545 3426; baseline 0.004 -20"><span class='ocrx_word' id='word_1_627' title='bbox 1949 3368 2090 3420; x_wconf 91' lang='lat' dir='ltr'>suas,</span> <span class='ocrx_word' id='word_1_628' title='bbox 2143 3354 2242 3409; x_wconf 88' lang='lat' dir='ltr'>sed</span> <span class='ocrx_word' id='word_1_629' title='bbox 2290 3354 2667 3410; x_wconf 89' lang='lat' dir='ltr'>misericordia</span> <span class='ocrx_word' id='word_1_630' title='bbox 2713 3361 2768 3410; x_wconf 92' lang='lat' dir='ltr'>et</span> <span class='ocrx_word' id='word_1_631' title='bbox 2814 3353 3015 3410; x_wconf 86' lang='lat' dir='ltr'>veritas</span> <span class='ocrx_word' id='word_1_632' title='bbox 3061 3353 3176 3424; x_wconf 91' lang='lat' dir='ltr'>ejus</span> <span class='ocrx_word' id='word_1_633' title='bbox 3243 3355 3545 3426; x_wconf 84' lang='lat' dir='ltr'>suscipiant</span> 
     </span>
    </p>
   </div>
   <div class='ocr_carea' id='block_1_84' title="bbox 1946 3441 3544 3513">
    <p class='ocr_par' dir='ltr' id='par_1_84' title="bbox 1946 3441 3544 3513">
     <span class='ocr_line' id='line_1_84' title="bbox 1946 3441 3544 3513; baseline 0.003 -18"><span class='ocrx_word' id='word_1_634' title='bbox 1946 3457 2053 3496; x_wconf 91' lang='lat' dir='ltr'>me.</span> <span class='ocrx_word' id='word_1_635' title='bbox 2089 3441 2197 3497; x_wconf 90' lang='lat' dir='ltr'>Sed</span> <span class='ocrx_word' id='word_1_636' title='bbox 2230 3443 2352 3513; x_wconf 88' lang='lat' dir='ltr'>quia</span> <span class='ocrx_word' id='word_1_637' title='bbox 2381 3451 2440 3497; x_wconf 90' lang='lat' dir='ltr'>ut</span> <span class='ocrx_word' id='word_1_638' title='bbox 2478 3443 2660 3508; x_wconf 90' lang='lat' dir='ltr'>homo,</span> <span class='ocrx_word' id='word_1_639' title='bbox 2707 3450 2760 3496; x_wconf 89' lang='lat' dir='ltr'>et</span> <span class='ocrx_word' id='word_1_640' title='bbox 2809 3442 2864 3496; x_wconf 92' lang='lat' dir='ltr'>in</span> <span class='ocrx_word' id='word_1_641' title='bbox 2910 3441 3094 3498; x_wconf 90' lang='lat' dir='ltr'>multis</span> <span class='ocrx_word' id='word_1_642' title='bbox 3136 3441 3305 3498; x_wconf 90' lang='lat' dir='ltr'>divini</span> <span class='ocrx_word' id='word_1_643' title='bbox 3349 3459 3544 3500; x_wconf 86' lang='lat' dir='ltr'>sensus</span> 
     </span>
    </p>
   </div>
   <div class='ocr_carea' id='block_1_85' title="bbox 1946 3529 3544 3603">
    <p class='ocr_par' dir='ltr' id='par_1_85' title="bbox 1946 3529 3544 3603">
     <span class='ocr_line' id='line_1_85' title="bbox 1946 3529 3544 3603; baseline 0.004 -21"><span class='ocrx_word' id='word_1_644' title='bbox 1946 3529 2191 3601; x_wconf 89' lang='lat' dir='ltr'>ignarus,</span> <span class='ocrx_word' id='word_1_645' title='bbox 2221 3547 2402 3588; x_wconf 88' lang='lat' dir='ltr'>errare</span> <span class='ocrx_word' id='word_1_646' title='bbox 2428 3547 2673 3603; x_wconf 90' lang='lat' dir='ltr'>possum,</span> <span class='ocrx_word' id='word_1_647' title='bbox 2708 3531 2854 3602; x_wconf 92' lang='lat' dir='ltr'>quod</span> <span class='ocrx_word' id='word_1_648' title='bbox 2883 3531 2940 3585; x_wconf 89' lang='lat' dir='ltr'>in</span> <span class='ocrx_word' id='word_1_649' title='bbox 2967 3531 3072 3587; x_wconf 88' lang='lat' dir='ltr'>hac</span> <span class='ocrx_word' id='word_1_650' title='bbox 3103 3546 3267 3586; x_wconf 87' lang='lat' dir='ltr'>causa</span> <span class='ocrx_word' id='word_1_651' title='bbox 3309 3548 3398 3588; x_wconf 91' lang='lat' dir='ltr'>me</span> <span class='ocrx_word' id='word_1_652' title='bbox 3441 3533 3544 3588; x_wconf 90' lang='lat' dir='ltr'>ad-</span> 
     </span>
    </p>
   </div>
   <div class='ocr_carea' id='block_1_86' title="bbox 1944 3619 3542 3688">
    <p class='ocr_par' dir='ltr' id='par_1_86' title="bbox 1944 3619 3542 3688">
     <span class='ocr_line' id='line_1_86' title="bbox 1944 3619 3542 3688; baseline 0.003 -15"><span class='ocrx_word' id='word_1_653' title='bbox 1944 3620 2052 3674; x_wconf 93' lang='lat' dir='ltr'>huc</span> <span class='ocrx_word' id='word_1_654' title='bbox 2080 3619 2276 3675; x_wconf 88' lang='lat' dir='ltr'>fecisse</span> <span class='ocrx_word' id='word_1_655' title='bbox 2305 3635 2414 3675; x_wconf 92' lang='lat' dir='ltr'>non</span> <span class='ocrx_word' id='word_1_656' title='bbox 2443 3619 2736 3688; x_wconf 89' lang='lat' dir='ltr'>concredo,</span> <span class='ocrx_word' id='word_1_657' title='bbox 2771 3619 2815 3674; x_wconf 90' lang='lat' dir='ltr'>si</span> <span class='ocrx_word' id='word_1_658' title='bbox 2849 3619 2980 3674; x_wconf 91' lang='lat' dir='ltr'>mihi</span> <span class='ocrx_word' id='word_1_659' title='bbox 2992 3619 3258 3676; x_wconf 90' lang='lat' dir='ltr'>rationem</span> <span class='ocrx_word' id='word_1_660' title='bbox 3277 3628 3330 3675; x_wconf 89' lang='lat' dir='ltr'>et</span> <span class='ocrx_word' id='word_1_661' title='bbox 3349 3628 3542 3678; x_wconf 90' lang='lat' dir='ltr'>aucto-</span> 
     </span>
    </p>
   </div>
   <div class='ocr_carea' id='block_1_87' title="bbox 1943 3707 3540 3781">
    <p class='ocr_par' dir='ltr' id='par_1_87' title="bbox 1943 3707 3540 3781">
     <span class='ocr_line' id='line_1_87' title="bbox 1943 3707 3540 3781; baseline 0.002 -19"><span class='ocrx_word' id='word_1_662' title='bbox 1943 3708 2155 3763; x_wconf 89' lang='lat' dir='ltr'>ritatem</span> <span class='ocrx_word' id='word_1_663' title='bbox 2184 3709 2488 3764; x_wconf 90' lang='lat' dir='ltr'>ostenderis</span> <span class='ocrx_word' id='word_1_664' title='bbox 2519 3707 2821 3764; x_wconf 89' lang='lat' dir='ltr'>secundum</span> <span class='ocrx_word' id='word_1_665' title='bbox 2844 3715 3174 3764; x_wconf 89' lang='lat' dir='ltr'>.sanctarum</span> <span class='ocrx_word' id='word_1_666' title='bbox 3225 3708 3540 3781; x_wconf 88' lang='lat' dir='ltr'>Scriptura-</span> 
     </span>
    </p>
   </div>
   <div class='ocr_carea' id='block_1_88' title="bbox 1942 3797 3540 3870">
    <p class='ocr_par' dir='ltr' id='par_1_88' title="bbox 1942 3797 3540 3870">
     <span class='ocr_line' id='line_1_88' title="bbox 1942 3797 3540 3870; baseline 0.003 -21"><span class='ocrx_word' id='word_1_667' title='bbox 1942 3813 2061 3851; x_wconf 90' lang='lat' dir='ltr'>rum</span> <span class='ocrx_word' id='word_1_668' title='bbox 2091 3797 2383 3867; x_wconf 87' lang='lat' dir='ltr'>tramitem,</span> <span class='ocrx_word' id='word_1_669' title='bbox 2407 3798 2859 3870; x_wconf 89' lang='lat' dir='ltr'>traditionemque</span> <span class='ocrx_word' id='word_1_670' title='bbox 2881 3797 3274 3853; x_wconf 89' lang='lat' dir='ltr'>catholicorum</span> <span class='ocrx_word' id='word_1_671' title='bbox 3299 3799 3540 3865; x_wconf 89' lang='lat' dir='ltr'>Patrum,</span> 
     </span>
    </p>
   </div>
   <div class='ocr_carea' id='block_1_89' title="bbox 1943 3885 3538 3959">
    <p class='ocr_par' dir='ltr' id='par_1_89' title="bbox 1943 3885 3538 3959">
     <span class='ocr_line' id='line_1_89' title="bbox 1943 3885 3538 3959; baseline 0.003 -19"><span class='ocrx_word' id='word_1_672' title='bbox 1943 3901 2107 3957; x_wconf 90' lang='lat' dir='ltr'>quam</span> <span class='ocrx_word' id='word_1_673' title='bbox 2132 3887 2257 3943; x_wconf 91' lang='lat' dir='ltr'>hinc</span> <span class='ocrx_word' id='word_1_674' title='bbox 2285 3887 2518 3942; x_wconf 90' lang='lat' dir='ltr'>debeam</span> <span class='ocrx_word' id='word_1_675' title='bbox 2549 3887 2723 3958; x_wconf 89' lang='lat' dir='ltr'>sequi,</span> <span class='ocrx_word' id='word_1_676' title='bbox 2766 3885 3009 3942; x_wconf 91' lang='lat' dir='ltr'>debitum</span> <span class='ocrx_word' id='word_1_677' title='bbox 3056 3902 3343 3944; x_wconf 89' lang='lat' dir='ltr'>assensum</span> <span class='ocrx_word' id='word_1_678' title='bbox 3389 3903 3538 3959; x_wconf 72' lang='lat' dir='ltr'>pra:-</span> 
     </span>
    </p>
   </div>
   <div class='ocr_carea' id='block_1_90' title="bbox 1942 3975 3531 4049">
    <p class='ocr_par' dir='ltr' id='par_1_90' title="bbox 1942 3975 3531 4049">
     <span class='ocr_line' id='line_1_90' title="bbox 1942 3975 3531 4049; baseline 0.003 -21"><span class='ocrx_word' id='word_1_679' title='bbox 1942 3975 2072 4030; x_wconf 92' lang='lat' dir='ltr'>bere</span> <span class='ocrx_word' id='word_1_680' title='bbox 2100 3992 2210 4030; x_wconf 88' lang='lat' dir='ltr'>non</span> <span class='ocrx_word' id='word_1_681' title='bbox 2237 3976 2433 4043; x_wconf 90' lang='lat' dir='ltr'>abnuo,</span> <span class='ocrx_word' id='word_1_682' title='bbox 2467 3975 2558 4048; x_wconf 89' lang='lat' dir='ltr'>qui</span> <span class='ocrx_word' id='word_1_683' title='bbox 2586 3977 2748 4032; x_wconf 88' lang='lat' dir='ltr'>etiam</span> <span class='ocrx_word' id='word_1_684' title='bbox 2773 3991 2804 4030; x_wconf 89' lang='lat' dir='ltr'>a</span> <span class='ocrx_word' id='word_1_685' title='bbox 2832 3975 3136 4032; x_wconf 90' lang='lat' dir='ltr'>minoribus</span> <span class='ocrx_word' id='word_1_686' title='bbox 3149 3976 3286 4031; x_wconf 91' lang='lat' dir='ltr'>meis</span> <span class='ocrx_word' id='word_1_687' title='bbox 3309 3977 3531 4049; x_wconf 90' lang='lat' dir='ltr'>corrigi,</span> 
     </span>
    </p>
   </div>
   <div class='ocr_carea' id='block_1_91' title="bbox 1940 4064 3532 4142">
    <p class='ocr_par' dir='ltr' id='par_1_91' title="bbox 1940 4064 3532 4142">
     <span class='ocr_line' id='line_1_91' title="bbox 1940 4064 3532 4142; baseline 0.001 -22"><span class='ocrx_word' id='word_1_688' title='bbox 1940 4071 1992 4120; x_wconf 93' lang='lat' dir='ltr'>et</span> <span class='ocrx_word' id='word_1_689' title='bbox 2020 4079 2211 4120; x_wconf 90' lang='lat' dir='ltr'>eorum</span> <span class='ocrx_word' id='word_1_690' title='bbox 2242 4065 2378 4120; x_wconf 91' lang='lat' dir='ltr'>bene</span> <span class='ocrx_word' id='word_1_691' title='bbox 2411 4064 2558 4119; x_wconf 91' lang='lat' dir='ltr'>dicta</span> <span class='ocrx_word' id='word_1_692' title='bbox 2588 4064 2743 4134; x_wconf 89' lang='lat' dir='ltr'>sequi</span> <span class='ocrx_word' id='word_1_693' title='bbox 2772 4079 2891 4142; x_wconf 79' lang='lat' dir='ltr'>non</span> <span class='ocrx_word' id='word_1_694' title='bbox 2931 4079 3103 4120; x_wconf 92' lang='lat' dir='ltr'>renuo</span> <span class='ocrx_word' id='word_1_695' title='bbox 3152 4080 3165 4119; x_wconf 92' lang='lat'>:</span> <span class='ocrx_word' id='word_1_696' title='bbox 3210 4064 3340 4136; x_wconf 90' lang='lat' dir='ltr'>quia</span> <span class='ocrx_word' id='word_1_697' title='bbox 3386 4081 3532 4137; x_wconf 66' lang='lat' dir='ltr'>sepe</span> 
     </span>
    </p>
   </div>
   <div class='ocr_carea' id='block_1_92' title="bbox 1932 4151 3533 4224">
    <p class='ocr_par' dir='ltr' id='par_1_92' title="bbox 1932 4151 3533 4224">
     <span class='ocr_line' id='line_1_92' title="bbox 1932 4151 3533 4224; baseline 0.002 -18"><span class='ocrx_word' id='word_1_698' title='bbox 1932 4153 2133 4220; x_wconf 89' lang='lat' dir='ltr'>juniori</span> <span class='ocrx_word' id='word_1_699' title='bbox 2163 4153 2425 4206; x_wconf 91' lang='lat' dir='ltr'>Dominus</span> <span class='ocrx_word' id='word_1_700' title='bbox 2454 4151 2661 4206; x_wconf 91' lang='lat' dir='ltr'>revelat</span> <span class='ocrx_word' id='word_1_701' title='bbox 2691 4151 2836 4222; x_wconf 91' lang='lat' dir='ltr'>quod</span> <span class='ocrx_word' id='word_1_702' title='bbox 2853 4151 3049 4207; x_wconf 91' lang='lat' dir='ltr'>melius</span> <span class='ocrx_word' id='word_1_703' title='bbox 3069 4160 3169 4220; x_wconf 89' lang='lat' dir='ltr'>est,</span> <span class='ocrx_word' id='word_1_704' title='bbox 3196 4160 3267 4217; x_wconf 90' lang='lat' dir='ltr'>et,</span> <span class='ocrx_word' id='word_1_705' title='bbox 3293 4155 3533 4224; x_wconf 85' lang='lat' dir='ltr'>Aposto-</span> 
     </span>
    </p>
   </div>
   <div class='ocr_carea' id='block_1_93' title="bbox 1937 4239 3528 4311">
    <p class='ocr_par' dir='ltr' id='par_1_93' title="bbox 1937 4239 3528 4311">
     <span class='ocr_line' id='line_1_93' title="bbox 1937 4239 3528 4311; baseline 0.002 -17"><span class='ocrx_word' id='word_1_706' title='bbox 1937 4241 2020 4294; x_wconf 92' lang='lat' dir='ltr'>lus</span> <span class='ocrx_word' id='word_1_707' title='bbox 2050 4241 2179 4295; x_wconf 90' lang='lat' dir='ltr'>dicit</span> <span class='ocrx_word' id='word_1_708' title='bbox 2213 4258 2225 4293; x_wconf 90' lang='lat'><strong>:</strong></span> <span class='ocrx_word' id='word_1_709' title='bbox 2259 4241 2317 4295; x_wconf 89' lang='lat' dir='ltr'>Si</span> <span class='ocrx_word' id='word_1_710' title='bbox 2346 4241 2450 4294; x_wconf 88' lang='lat' dir='ltr'>alii</span> <span class='ocrx_word' id='word_1_711' title='bbox 2477 4241 2790 4294; x_wconf 87' lang='lat' dir='ltr'>revelatum</span> <span class='ocrx_word' id='word_1_712' title='bbox 2805 4241 2985 4309; x_wconf 81' lang='lat' dir='ltr'>fuerit</span> <span class='ocrx_word' id='word_1_713' title='bbox 3003 4239 3242 4305; x_wconf 81' lang='lat' dir='ltr'>sedenti,</span> <span class='ocrx_word' id='word_1_714' title='bbox 3267 4242 3427 4311; x_wconf 86' lang='lat' dir='ltr'>prior</span> <span class='ocrx_word' id='word_1_715' title='bbox 3443 4245 3528 4297; x_wconf 90' lang='lat' dir='ltr'>ta-</span> 
     </span>
    </p>
   </div>
   <div class='ocr_carea' id='block_1_94' title="bbox 1936 4327 3527 4400">
    <p class='ocr_par' dir='ltr' id='par_1_94' title="bbox 1936 4327 3527 4400">
     <span class='ocr_line' id='line_1_94' title="bbox 1936 4327 3527 4400; baseline 0 -17"><span class='ocrx_word' id='word_1_716' title='bbox 1936 4334 2062 4385; x_wconf 88' lang='lat' dir='ltr'>ceat</span> <span class='ocrx_word' id='word_1_717' title='bbox 2087 4330 2137 4399; x_wconf 94' lang='lat' dir='ltr'>(I</span> <span class='ocrx_word' id='word_1_718' title='bbox 2163 4330 2283 4385; x_wconf 87' lang='lat' dir='ltr'>Cor.</span> <span class='ocrx_word' id='word_1_719' title='bbox 2315 4343 2434 4398; x_wconf 73' lang='lat' dir='ltr'>xxv,</span> <span class='ocrx_word' id='word_1_720' title='bbox 2471 4330 2580 4397; x_wconf 93' lang='lat'>30).</span> <span class='ocrx_word' id='word_1_721' title='bbox 2615 4327 3001 4384; x_wconf 80' lang='lat' dir='ltr'>Venerandum</span> <span class='ocrx_word' id='word_1_722' title='bbox 3030 4327 3248 4400; x_wconf 90' lang='lat' dir='ltr'>quippe,</span> <span class='ocrx_word' id='word_1_723' title='bbox 3289 4341 3354 4384; x_wconf 90' lang='lat' dir='ltr'>ac</span> <span class='ocrx_word' id='word_1_724' title='bbox 3402 4343 3527 4385; x_wconf 92' lang='lat' dir='ltr'>cum</span> 
     </span>
    </p>
   </div>
   <div class='ocr_carea' id='block_1_95' title="bbox 235 4417 1843 4508">
    <p class='ocr_par' dir='ltr' id='par_1_95' title="bbox 235 4430 1830 4508">
     <span class='ocr_line' id='line_1_95' title="bbox 235 4430 1830 4508; baseline -0.004 -16"><span class='ocrx_word' id='word_1_725' title='bbox 235 4437 524 4508; x_wconf 89' lang='lat' dir='ltr'>episc0pus</span> <span class='ocrx_word' id='word_1_726' title='bbox 555 4451 654 4491; x_wconf 92' lang='lat' dir='ltr'>suo</span> <span class='ocrx_word' id='word_1_727' title='bbox 684 4434 1091 4505; x_wconf 88' lang='lat' dir='ltr'>archiepiscopo</span> <span class='ocrx_word' id='word_1_728' title='bbox 1138 4433 1316 4488; x_wconf 86' lang='lat' dir='ltr'>facere</span> <span class='ocrx_word' id='word_1_729' title='bbox 1365 4432 1527 4487; x_wconf 90' lang='lat' dir='ltr'>debet</span> <span class='ocrx_word' id='word_1_730' title='bbox 1573 4440 1626 4486; x_wconf 89' lang='lat' dir='ltr'>et</span> <span class='ocrx_word' id='word_1_731' title='bbox 1673 4430 1830 4496; x_wconf 90' lang='lat' dir='ltr'>solet,</span> 
     </span>
    </p>
   </div>
   <div class='ocr_carea' id='block_1_96' title="bbox 1942 4417 3528 4508">
    <p class='ocr_par' dir='ltr' id='par_1_96' title="bbox 1942 4417 3528 4488">
     <span class='ocr_line' id='line_1_96' title="bbox 1942 4417 3528 4488; baseline 0 -15"><span class='ocrx_word' id='word_1_732' title='bbox 1942 4419 2085 4473; x_wconf 89' lang='lat' dir='ltr'>omni</span> <span class='ocrx_word' id='word_1_733' title='bbox 2116 4417 2402 4474; x_wconf 89' lang='lat' dir='ltr'>devotione</span> <span class='ocrx_word' id='word_1_734' title='bbox 2422 4417 2736 4472; x_wconf 91' lang='lat' dir='ltr'>imitandum</span> <span class='ocrx_word' id='word_1_735' title='bbox 2764 4425 2943 4486; x_wconf 89' lang='lat' dir='ltr'>teneo,</span> <span class='ocrx_word' id='word_1_736' title='bbox 2967 4417 3113 4488; x_wconf 91' lang='lat' dir='ltr'>quod</span> <span class='ocrx_word' id='word_1_737' title='bbox 3131 4417 3350 4472; x_wconf 88' lang='lat' dir='ltr'>beatum</span> <span class='ocrx_word' id='word_1_738' title='bbox 3390 4417 3528 4474; x_wconf 88' lang='lat' dir='ltr'>Gre-</span> 
     </span>
    </p>
   </div>
   <div class='ocr_carea' id='block_1_97' title="bbox 236 4518 1836 4594">
    <p class='ocr_par' dir='ltr' id='par_1_97' title="bbox 236 4518 1836 4594">
     <span class='ocr_line' id='line_1_97' title="bbox 236 4518 1836 4594; baseline -0.006 -13"><span class='ocrx_word' id='word_1_739' title='bbox 236 4525 429 4582; x_wconf 82' lang='lat' dir='ltr'>offerre</span> <span class='ocrx_word' id='word_1_740' title='bbox 458 4541 572 4582; x_wconf 91' lang='lat' dir='ltr'>non</span> <span class='ocrx_word' id='word_1_741' title='bbox 599 4523 834 4591; x_wconf 84' lang='lat' dir='ltr'>voluisti,</span> <span class='ocrx_word' id='word_1_742' title='bbox 869 4532 920 4579; x_wconf 92' lang='lat' dir='ltr'>et</span> <span class='ocrx_word' id='word_1_743' title='bbox 948 4523 1090 4578; x_wconf 90' lang='lat' dir='ltr'>velut</span> <span class='ocrx_word' id='word_1_744' title='bbox 1138 4522 1464 4594; x_wconf 88' lang='lat' dir='ltr'>quibusdam</span> <span class='ocrx_word' id='word_1_745' title='bbox 1514 4520 1687 4576; x_wconf 91' lang='lat' dir='ltr'>visum</span> <span class='ocrx_word' id='word_1_746' title='bbox 1737 4518 1836 4574; x_wconf 90' lang='lat' dir='ltr'>fuit</span> 
     </span>
    </p>
   </div>
   <div class='ocr_carea' id='block_1_98' title="bbox 237 4607 1836 4687">
    <p class='ocr_par' dir='ltr' id='par_1_98' title="bbox 237 4607 1836 4687">
     <span class='ocr_line' id='line_1_98' title="bbox 237 4607 1836 4687; baseline -0.004 -20"><span class='ocrx_word' id='word_1_747' title='bbox 237 4613 567 4687; x_wconf 89' lang='lat' dir='ltr'>dedignatus</span> <span class='ocrx_word' id='word_1_748' title='bbox 596 4611 760 4667; x_wconf 89' lang='lat' dir='ltr'>fuisti.</span> <span class='ocrx_word' id='word_1_749' title='bbox 803 4613 923 4682; x_wconf 89' lang='lat' dir='ltr'>Ego</span> <span class='ocrx_word' id='word_1_750' title='bbox 976 4619 1155 4666; x_wconf 87' lang='lat' dir='ltr'>autem</span> <span class='ocrx_word' id='word_1_751' title='bbox 1200 4610 1478 4681; x_wconf 68' lang='lat' dir='ltr'>praefatam</span> <span class='ocrx_word' id='word_1_752' title='bbox 1519 4607 1836 4664; x_wconf 87' lang='lat' dir='ltr'>schedulam</span> 
     </span>
    </p>
   </div>
   <div class='ocr_carea' id='block_1_99' title="bbox 236 4699 1833 4776">
    <p class='ocr_par' dir='ltr' id='par_1_99' title="bbox 236 4699 1833 4776">
     <span class='ocr_line' id='line_1_99' title="bbox 236 4699 1833 4776; baseline -0.004 -19"><span class='ocrx_word' id='word_1_753' title='bbox 236 4705 357 4760; x_wconf 92' lang='lat' dir='ltr'>ideo</span> <span class='ocrx_word' id='word_1_754' title='bbox 389 4721 490 4776; x_wconf 91' lang='lat' dir='ltr'>per</span> <span class='ocrx_word' id='word_1_755' title='bbox 521 4703 789 4773; x_wconf 92' lang='lat' dir='ltr'>meipsum</span> <span class='ocrx_word' id='word_1_756' title='bbox 823 4701 918 4755; x_wconf 90' lang='lat' dir='ltr'>tibi</span> <span class='ocrx_word' id='word_1_757' title='bbox 950 4716 1060 4755; x_wconf 90' lang='lat' dir='ltr'>non</span> <span class='ocrx_word' id='word_1_758' title='bbox 1088 4699 1346 4764; x_wconf 88' lang='lat' dir='ltr'>dandam,</span> <span class='ocrx_word' id='word_1_759' title='bbox 1388 4699 1484 4754; x_wconf 92' lang='lat' dir='ltr'>sed</span> <span class='ocrx_word' id='word_1_760' title='bbox 1532 4715 1631 4768; x_wconf 88' lang='lat' dir='ltr'>per</span> <span class='ocrx_word' id='word_1_761' title='bbox 1688 4713 1833 4763; x_wconf 90' lang='lat' dir='ltr'>eum,</span> 
     </span>
    </p>
   </div>
   <div class='ocr_carea' id='block_1_100' title="bbox 233 4787 1835 4865">
    <p class='ocr_par' dir='ltr' id='par_1_100' title="bbox 233 4787 1835 4865">
     <span class='ocr_line' id='line_1_100' title="bbox 233 4787 1835 4865; baseline -0.005 -17"><span class='ocrx_word' id='word_1_762' title='bbox 233 4809 329 4864; x_wconf 89' lang='lat' dir='ltr'>per</span> <span class='ocrx_word' id='word_1_763' title='bbox 361 4809 526 4865; x_wconf 90' lang='lat' dir='ltr'>quem</span> <span class='ocrx_word' id='word_1_764' title='bbox 555 4791 689 4846; x_wconf 87' lang='lat' dir='ltr'>mihi</span> <span class='ocrx_word' id='word_1_765' title='bbox 719 4807 864 4861; x_wconf 66' lang='lat' dir='ltr'>saepe</span> <span class='ocrx_word' id='word_1_766' title='bbox 894 4789 1031 4844; x_wconf 88' lang='lat' dir='ltr'>fatos</span> <span class='ocrx_word' id='word_1_767' title='bbox 1062 4788 1536 4860; x_wconf 87' lang='lat' dir='ltr'>quaterniunculos</span> <span class='ocrx_word' id='word_1_768' title='bbox 1584 4787 1835 4856; x_wconf 89' lang='lat' dir='ltr'>miseras,</span> 
     </span>
    </p>
   </div>
   <div class='ocr_carea' id='block_1_101' title="bbox 236 4875 1836 4954">
    <p class='ocr_par' dir='ltr' id='par_1_101' title="bbox 236 4875 1836 4954">
     <span class='ocr_line' id='line_1_101' title="bbox 236 4875 1836 4954; baseline -0.003 -19"><span class='ocrx_word' id='word_1_769' title='bbox 236 4882 576 4954; x_wconf 89' lang='lat' dir='ltr'>dirigendam</span> <span class='ocrx_word' id='word_1_770' title='bbox 606 4879 920 4936; x_wconf 90' lang='lat' dir='ltr'>necessario</span> <span class='ocrx_word' id='word_1_771' title='bbox 952 4879 1100 4945; x_wconf 89' lang='lat' dir='ltr'>duxi,</span> <span class='ocrx_word' id='word_1_772' title='bbox 1134 4894 1201 4932; x_wconf 90' lang='lat' dir='ltr'>ne</span> <span class='ocrx_word' id='word_1_773' title='bbox 1233 4877 1278 4931; x_wconf 94' lang='lat' dir='ltr'>si</span> <span class='ocrx_word' id='word_1_774' title='bbox 1307 4877 1374 4932; x_wconf 89' lang='lat' dir='ltr'>de</span> <span class='ocrx_word' id='word_1_775' title='bbox 1407 4893 1525 4932; x_wconf 89' lang='lat' dir='ltr'>mea</span> <span class='ocrx_word' id='word_1_776' title='bbox 1554 4891 1718 4931; x_wconf 89' lang='lat' dir='ltr'>manu</span> <span class='ocrx_word' id='word_1_777' title='bbox 1750 4875 1836 4945; x_wconf 87' lang='lat' dir='ltr'>ip-</span> 
     </span>
    </p>
   </div>
   <div class='ocr_carea' id='block_1_102' title="bbox 234 4963 1840 5040">
    <p class='ocr_par' dir='ltr' id='par_1_102' title="bbox 234 4963 1840 5040">
     <span class='ocr_line' id='line_1_102' title="bbox 234 4963 1840 5040; baseline -0.004 -16"><span class='ocrx_word' id='word_1_778' title='bbox 234 4987 349 5027; x_wconf 88' lang='lat' dir='ltr'>sam</span> <span class='ocrx_word' id='word_1_779' title='bbox 381 4970 701 5028; x_wconf 88' lang='lat' dir='ltr'>schedulam</span> <span class='ocrx_word' id='word_1_780' title='bbox 732 4968 980 5040; x_wconf 91' lang='lat' dir='ltr'>recipere</span> <span class='ocrx_word' id='word_1_781' title='bbox 1008 4967 1296 5033; x_wconf 82' lang='lat' dir='ltr'>refutares,</span> <span class='ocrx_word' id='word_1_782' title='bbox 1331 4966 1618 5032; x_wconf 90' lang='lat' dir='ltr'>malivolis,</span> <span class='ocrx_word' id='word_1_783' title='bbox 1641 4965 1685 5019; x_wconf 93' lang='lat' dir='ltr'>si</span> <span class='ocrx_word' id='word_1_784' title='bbox 1705 4963 1840 5019; x_wconf 84' lang='lat' dir='ltr'>forte</span> 
     </span>
    </p>
   </div>
   <div class='ocr_carea' id='block_1_103' title="bbox 235 5052 1844 5134">
    <p class='ocr_par' dir='ltr' id='par_1_103' title="bbox 235 5052 1844 5134">
     <span class='ocr_line' id='line_1_103' title="bbox 235 5052 1844 5134; baseline -0.005 -20"><span class='ocrx_word' id='word_1_785' title='bbox 235 5061 397 5134; x_wconf 89' lang='lat' dir='ltr'>aliqui</span> <span class='ocrx_word' id='word_1_786' title='bbox 426 5060 674 5129; x_wconf 88' lang='lat' dir='ltr'>aderant,</span> <span class='ocrx_word' id='word_1_787' title='bbox 707 5059 932 5130; x_wconf 91' lang='lat' dir='ltr'>plausus</span> <span class='ocrx_word' id='word_1_788' title='bbox 962 5058 1302 5122; x_wconf 82' lang='lat' dir='ltr'>excitaretur,</span> <span class='ocrx_word' id='word_1_789' title='bbox 1337 5064 1389 5110; x_wconf 91' lang='lat' dir='ltr'>et</span> <span class='ocrx_word' id='word_1_790' title='bbox 1446 5054 1709 5110; x_wconf 89' lang='lat' dir='ltr'>benivolis</span> <span class='ocrx_word' id='word_1_791' title='bbox 1752 5052 1844 5125; x_wconf 90' lang='lat' dir='ltr'>qui</span> 
     </span>
    </p>
   </div>
   <div class='ocr_carea' id='block_1_104' title="bbox 233 5146 1840 5222">
    <p class='ocr_par' dir='ltr' id='par_1_104' title="bbox 233 5146 1840 5222">
     <span class='ocr_line' id='line_1_104' title="bbox 233 5146 1840 5222; baseline -0.007 -15"><span class='ocrx_word' id='word_1_792' title='bbox 233 5151 451 5222; x_wconf 87' lang='lat' dir='ltr'>plurimi</span> <span class='ocrx_word' id='word_1_793' title='bbox 481 5150 730 5218; x_wconf 86' lang='lat' dir='ltr'>aderant,</span> <span class='ocrx_word' id='word_1_794' title='bbox 753 5148 908 5204; x_wconf 92' lang='lat' dir='ltr'>dolor</span> <span class='ocrx_word' id='word_1_795' title='bbox 930 5147 1278 5204; x_wconf 87' lang='lat' dir='ltr'>incuteretur.</span> <span class='ocrx_word' id='word_1_796' title='bbox 1294 5146 1619 5216; x_wconf 86' lang='lat' dir='ltr'>Exspectavi</span> <span class='ocrx_word' id='word_1_797' title='bbox 1660 5152 1840 5199; x_wconf 89' lang='lat' dir='ltr'>autem</span> 
     </span>
    </p>
   </div>
   <div class='ocr_carea' id='block_1_105' title="bbox 237 5235 1844 5312">
    <p class='ocr_par' dir='ltr' id='par_1_105' title="bbox 237 5235 1844 5312">
     <span class='ocr_line' id='line_1_105' title="bbox 237 5235 1844 5312; baseline -0.005 -15"><span class='ocrx_word' id='word_1_798' title='bbox 237 5248 424 5311; x_wconf 89' lang='lat' dir='ltr'>postea</span> <span class='ocrx_word' id='word_1_799' title='bbox 454 5256 628 5312; x_wconf 90' lang='lat' dir='ltr'>usque</span> <span class='ocrx_word' id='word_1_800' title='bbox 654 5238 837 5304; x_wconf 92' lang='lat' dir='ltr'>modo,</span> <span class='ocrx_word' id='word_1_801' title='bbox 871 5245 927 5292; x_wconf 90' lang='lat' dir='ltr'>ut</span> <span class='ocrx_word' id='word_1_802' title='bbox 954 5237 1083 5292; x_wconf 87' lang='lat' dir='ltr'>mihi</span> <span class='ocrx_word' id='word_1_803' title='bbox 1141 5235 1231 5290; x_wconf 88' lang='lat' dir='ltr'>illa</span> <span class='ocrx_word' id='word_1_804' title='bbox 1291 5235 1508 5304; x_wconf 89' lang='lat' dir='ltr'>scripta,</span> <span class='ocrx_word' id='word_1_805' title='bbox 1570 5250 1688 5305; x_wconf 70' lang='lat' dir='ltr'>qua:</span> <span class='ocrx_word' id='word_1_806' title='bbox 1719 5241 1844 5290; x_wconf 89' lang='lat' dir='ltr'>tunc</span> 
     </span>
    </p>
   </div>
   <div class='ocr_carea' id='block_1_106' title="bbox 236 5323 1843 5402">
    <p class='ocr_par' dir='ltr' id='par_1_106' title="bbox 236 5323 1843 5402">
     <span class='ocr_line' id='line_1_106' title="bbox 236 5323 1843 5402; baseline -0.004 -18"><span class='ocrx_word' id='word_1_807' title='bbox 236 5331 381 5402; x_wconf 90' lang='lat' dir='ltr'>apud</span> <span class='ocrx_word' id='word_1_808' title='bbox 411 5339 463 5386; x_wconf 91' lang='lat' dir='ltr'>te</span> <span class='ocrx_word' id='word_1_809' title='bbox 494 5346 605 5384; x_wconf 93' lang='lat' dir='ltr'>non</span> <span class='ocrx_word' id='word_1_810' title='bbox 635 5329 840 5384; x_wconf 86' lang='lat' dir='ltr'>habere</span> <span class='ocrx_word' id='word_1_811' title='bbox 869 5327 1248 5390; x_wconf 89' lang='lat' dir='ltr'>mandaveras,</span> <span class='ocrx_word' id='word_1_812' title='bbox 1282 5324 1542 5378; x_wconf 88' lang='lat' dir='ltr'>mitteres.</span> <span class='ocrx_word' id='word_1_813' title='bbox 1569 5323 1676 5378; x_wconf 91' lang='lat' dir='ltr'>Sed</span> <span class='ocrx_word' id='word_1_814' title='bbox 1711 5339 1843 5394; x_wconf 87' lang='lat' dir='ltr'>quo—</span> 
     </span>
    </p>
   </div>
   <div class='ocr_carea' id='block_1_107' title="bbox 238 5411 1843 5485">
    <p class='ocr_par' dir='ltr' id='par_1_107' title="bbox 238 5411 1843 5485">
     <span class='ocr_line' id='line_1_107' title="bbox 238 5411 1843 5485; baseline -0.005 -12"><span class='ocrx_word' id='word_1_815' title='bbox 238 5420 384 5475; x_wconf 87' lang='lat' dir='ltr'>niam</span> <span class='ocrx_word' id='word_1_816' title='bbox 413 5419 507 5475; x_wconf 90' lang='lat' dir='ltr'>illa</span> <span class='ocrx_word' id='word_1_817' title='bbox 533 5420 804 5475; x_wconf 87' lang='lat' dir='ltr'>hactenus</span> <span class='ocrx_word' id='word_1_818' title='bbox 834 5433 942 5473; x_wconf 91' lang='lat' dir='ltr'>non</span> <span class='ocrx_word' id='word_1_819' title='bbox 973 5415 1188 5481; x_wconf 87' lang='lat' dir='ltr'>misisti,</span> <span class='ocrx_word' id='word_1_820' title='bbox 1237 5413 1461 5485; x_wconf 90' lang='lat' dir='ltr'>dignum</span> <span class='ocrx_word' id='word_1_821' title='bbox 1509 5411 1716 5476; x_wconf 88' lang='lat' dir='ltr'>censui,</span> <span class='ocrx_word' id='word_1_822' title='bbox 1740 5419 1843 5465; x_wconf 89' lang='lat' dir='ltr'>uta</span> 
     </span>
    </p>
   </div>
   <div class='ocr_carea' id='block_1_108' title="bbox 244 5509 1844 5586">
    <p class='ocr_par' dir='ltr' id='par_1_108' title="bbox 244 5509 1844 5586">
     <span class='ocr_line' id='line_1_108' title="bbox 244 5509 1844 5586; baseline -0.006 -13"><span class='ocrx_word' id='word_1_823' title='bbox 244 5529 294 5573; x_wconf 93' lang='lat' dir='ltr'>te</span> <span class='ocrx_word' id='word_1_824' title='bbox 325 5518 457 5573; x_wconf 88' lang='lat' dir='ltr'>mihi</span> <span class='ocrx_word' id='word_1_825' title='bbox 489 5534 553 5573; x_wconf 91' lang='lat' dir='ltr'>ea</span> <span class='ocrx_word' id='word_1_826' title='bbox 584 5516 723 5572; x_wconf 89' lang='lat' dir='ltr'>mitti</span> <span class='ocrx_word' id='word_1_827' title='bbox 781 5531 1129 5586; x_wconf 89' lang='lat' dir='ltr'>reposcerem</span> <span class='ocrx_word' id='word_1_828' title='bbox 1165 5531 1177 5568; x_wconf 94' lang='lat'>:</span> <span class='ocrx_word' id='word_1_829' title='bbox 1212 5521 1264 5568; x_wconf 90' lang='lat' dir='ltr'>et</span> <span class='ocrx_word' id='word_1_830' title='bbox 1283 5511 1485 5566; x_wconf 91' lang='lat' dir='ltr'>idcirco</span> <span class='ocrx_word' id='word_1_831' title='bbox 1516 5510 1612 5564; x_wconf 86' lang='lat' dir='ltr'>has</span> <span class='ocrx_word' id='word_1_832' title='bbox 1633 5509 1844 5564; x_wconf 88' lang='lat' dir='ltr'>litteras</span> 
     </span>
    </p>
   </div>
   <div class='ocr_carea' id='block_1_109' title="bbox 1936 4506 3530 4582">
    <p class='ocr_par' dir='ltr' id='par_1_109' title="bbox 1936 4506 3530 4582">
     <span class='ocr_line' id='line_1_109' title="bbox 1936 4506 3530 4582; baseline -0.001 -19"><span class='ocrx_word' id='word_1_833' title='bbox 1936 4507 2149 4582; x_wconf 89' lang='lat' dir='ltr'>gorium</span> <span class='ocrx_word' id='word_1_834' title='bbox 2197 4508 2400 4562; x_wconf 89' lang='lat' dir='ltr'>dixisse</span> <span class='ocrx_word' id='word_1_835' title='bbox 2445 4507 2571 4580; x_wconf 91' lang='lat' dir='ltr'>lego</span> <span class='ocrx_word' id='word_1_836' title='bbox 2619 4509 2738 4579; x_wconf 90' lang='lat' dir='ltr'>(lib.</span> <span class='ocrx_word' id='word_1_837' title='bbox 2776 4523 2874 4574; x_wconf 84' lang='lat' dir='ltr'>vn,</span> <span class='ocrx_word' id='word_1_838' title='bbox 2922 4507 3042 4562; x_wconf 86' lang='lat' dir='ltr'>ind.</span> <span class='ocrx_word' id='word_1_839' title='bbox 3093 4509 3179 4573; x_wconf 80' lang='lat' dir='ltr'>ll,</span> <span class='ocrx_word' id='word_1_840' title='bbox 3210 4507 3371 4578; x_wconf 87' lang='lat' dir='ltr'>epist.</span> <span class='ocrx_word' id='word_1_841' title='bbox 3423 4506 3530 4575; x_wconf 74' lang='lat'>2):</span> 
     </span>
    </p>
   </div>
   <div class='ocr_carea' id='block_1_110' title="bbox 1944 4593 3525 4670">
    <p class='ocr_par' dir='ltr' id='par_1_110' title="bbox 1944 4593 3525 4670">
     <span class='ocr_line' id='line_1_110' title="bbox 1944 4593 3525 4670; baseline 0.001 -22"><span class='ocrx_word' id='word_1_842' title='bbox 1944 4621 1963 4648; x_wconf 74' lang='grc' dir='ltr'>α</span> <span class='ocrx_word' id='word_1_843' title='bbox 2000 4599 2138 4670; x_wconf 85' lang='lat' dir='ltr'>Ego,</span> <span class='ocrx_word' id='word_1_844' title='bbox 2169 4597 2361 4669; x_wconf 90' lang='lat' dir='ltr'>inquit,</span> <span class='ocrx_word' id='word_1_845' title='bbox 2395 4605 2444 4652; x_wconf 92' lang='lat' dir='ltr'>et</span> <span class='ocrx_word' id='word_1_846' title='bbox 2502 4596 2740 4652; x_wconf 91' lang='lat' dir='ltr'>minores</span> <span class='ocrx_word' id='word_1_847' title='bbox 2794 4611 2967 4659; x_wconf 84' lang='lat' dir='ltr'>meos.</span> <span class='ocrx_word' id='word_1_848' title='bbox 3002 4610 3140 4667; x_wconf 92' lang='lat' dir='ltr'>quos</span> <span class='ocrx_word' id='word_1_849' title='bbox 3194 4595 3263 4648; x_wconf 86' lang='lat' dir='ltr'>ab</span> <span class='ocrx_word' id='word_1_850' title='bbox 3321 4593 3525 4650; x_wconf 88' lang='lat' dir='ltr'>illicitis</span> 
     </span>
    </p>
   </div>
   <div class='ocr_carea' id='block_1_111' title="bbox 1938 4681 3532 4758">
    <p class='ocr_par' dir='ltr' id='par_1_111' title="bbox 1938 4681 3532 4758">
     <span class='ocr_line' id='line_1_111' title="bbox 1938 4681 3532 4758; baseline -0.003 -17"><span class='ocrx_word' id='word_1_851' title='bbox 1938 4687 2223 4758; x_wconf 85' lang='lat' dir='ltr'>prohibeo,</span> <span class='ocrx_word' id='word_1_852' title='bbox 2249 4686 2307 4740; x_wconf 91' lang='lat' dir='ltr'>in</span> <span class='ocrx_word' id='word_1_853' title='bbox 2333 4686 2476 4741; x_wconf 90' lang='lat' dir='ltr'>bono</span> <span class='ocrx_word' id='word_1_854' title='bbox 2508 4685 2706 4741; x_wconf 90' lang='lat' dir='ltr'>imitari</span> <span class='ocrx_word' id='word_1_855' title='bbox 2736 4693 2951 4756; x_wconf 89' lang='lat' dir='ltr'>paratus</span> <span class='ocrx_word' id='word_1_856' title='bbox 2999 4699 3140 4738; x_wconf 86' lang='lat' dir='ltr'>sum.</span> <span class='ocrx_word' id='word_1_857' title='bbox 3193 4681 3397 4738; x_wconf 90' lang='lat' dir='ltr'>Stultus</span> <span class='ocrx_word' id='word_1_858' title='bbox 3449 4691 3532 4739; x_wconf 90' lang='lat' dir='ltr'>est</span> 
     </span>
    </p>
   </div>
   <div class='ocr_carea' id='block_1_112' title="bbox 1940 4770 3526 4846">
    <p class='ocr_par' dir='ltr' id='par_1_112' title="bbox 1940 4770 3526 4846">
     <span class='ocr_line' id='line_1_112' title="bbox 1940 4770 3526 4846; baseline -0.002 -15"><span class='ocrx_word' id='word_1_859' title='bbox 1940 4776 2104 4841; x_wconf 89' lang='lat' dir='ltr'>enim,</span> <span class='ocrx_word' id='word_1_860' title='bbox 2139 4776 2230 4846; x_wconf 90' lang='lat' dir='ltr'>qui</span> <span class='ocrx_word' id='word_1_861' title='bbox 2257 4774 2312 4828; x_wconf 91' lang='lat' dir='ltr'>in</span> <span class='ocrx_word' id='word_1_862' title='bbox 2341 4791 2405 4830; x_wconf 91' lang='lat' dir='ltr'>eo</span> <span class='ocrx_word' id='word_1_863' title='bbox 2436 4791 2494 4830; x_wconf 93' lang='lat' dir='ltr'>se</span> <span class='ocrx_word' id='word_1_864' title='bbox 2526 4775 2757 4846; x_wconf 90' lang='lat' dir='ltr'>primum</span> <span class='ocrx_word' id='word_1_865' title='bbox 2789 4772 3073 4837; x_wconf 86' lang='lat' dir='ltr'>existimat,</span> <span class='ocrx_word' id='word_1_866' title='bbox 3105 4779 3164 4827; x_wconf 89' lang='lat' dir='ltr'>ut</span> <span class='ocrx_word' id='word_1_867' title='bbox 3211 4770 3357 4827; x_wconf 87' lang='lat' dir='ltr'>bona</span> <span class='ocrx_word' id='word_1_868' title='bbox 3404 4788 3526 4845; x_wconf 73' lang='lat' dir='ltr'>quae</span> 
     </span>
    </p>
   </div>
   <div class='ocr_carea' id='block_1_113' title="bbox 1940 4860 2802 4918">
    <p class='ocr_par' dir='ltr' id='par_1_113' title="bbox 1940 4860 2802 4918">
     <span class='ocr_line' id='line_1_113' title="bbox 1940 4860 2802 4918; baseline -0.001 -2"><span class='ocrx_word' id='word_1_869' title='bbox 1940 4862 2136 4918; x_wconf 88' lang='lat' dir='ltr'>viderit</span> <span class='ocrx_word' id='word_1_870' title='bbox 2165 4860 2375 4918; x_wconf 91' lang='lat' dir='ltr'>discere</span> <span class='ocrx_word' id='word_1_871' title='bbox 2403 4867 2731 4917; x_wconf 84' lang='lat' dir='ltr'>contemnat.</span> <span class='ocrx_word' id='word_1_872' title='bbox 2783 4883 2802 4905; x_wconf 86' lang='grc'><strong>››</strong></span> 
     </span>
    </p>
   </div>
   <div class='ocr_carea' id='block_1_114' title="bbox 2569 4997 2894 5054">
    <p class='ocr_par' dir='ltr' id='par_1_114' title="bbox 2569 4997 2894 5054">
     <span class='ocr_line' id='line_1_114' title="bbox 2569 4997 2894 5054; baseline -0.006 0"><span class='ocrx_word' id='word_1_873' title='bbox 2569 4997 2789 5054; x_wconf 82' lang='lat' dir='ltr'>CAPUT</span> <span class='ocrx_word' id='word_1_874' title='bbox 2830 4997 2894 5052; x_wconf 86' lang='lat' dir='ltr'>V.</span> 
     </span>
    </p>
   </div>
   <div class='ocr_carea' id='block_1_115' title="bbox 1942 5113 3530 5190">
    <p class='ocr_par' dir='ltr' id='par_1_115' title="bbox 1942 5113 3530 5190">
     <span class='ocr_line' id='line_1_115' title="bbox 1942 5113 3530 5190; baseline 0 -16"><span class='ocrx_word' id='word_1_875' title='bbox 1942 5120 2017 5174; x_wconf 88' lang='lat' dir='ltr'>De</span> <span class='ocrx_word' id='word_1_876' title='bbox 2046 5117 2252 5175; x_wconf 81' lang='lat' dir='ltr'>duobus</span> <span class='ocrx_word' id='word_1_877' title='bbox 2284 5117 2574 5173; x_wconf 80' lang='lat' dir='ltr'>Hinc-mari</span> <span class='ocrx_word' id='word_1_878' title='bbox 2593 5113 2851 5185; x_wconf 84' lang='lat' dir='ltr'>judiciis,</span> <span class='ocrx_word' id='word_1_879' title='bbox 2886 5130 3007 5187; x_wconf 75' lang='lat' dir='ltr'>quae</span> <span class='ocrx_word' id='word_1_880' title='bbox 3026 5116 3203 5173; x_wconf 78' lang='lat' dir='ltr'>asede</span> <span class='ocrx_word' id='word_1_881' title='bbox 3223 5117 3530 5190; x_wconf 79' lang='lat' dir='ltr'>apostolica</span> 
     </span>
    </p>
   </div>
   <div class='ocr_carea' id='block_1_116' title="bbox 2486 5203 2995 5260">
    <p class='ocr_par' dir='ltr' id='par_1_116' title="bbox 2486 5203 2995 5260">
     <span class='ocr_line' id='line_1_116' title="bbox 2486 5203 2995 5260; baseline 0.004 -2"><span class='ocrx_word' id='word_1_882' title='bbox 2486 5203 2726 5259; x_wconf 78' lang='lat' dir='ltr'>rescissa</span> <span class='ocrx_word' id='word_1_883' title='bbox 2757 5203 2995 5260; x_wconf 87' lang='lat' dir='ltr'>dicebat.</span> 
     </span>
    </p>
   </div>
   <div class='ocr_carea' id='block_1_117' title="bbox 2014 5317 3537 5391">
    <p class='ocr_par' dir='ltr' id='par_1_117' title="bbox 2014 5317 3537 5391">
     <span class='ocr_line' id='line_1_117' title="bbox 2014 5317 3537 5391; baseline -0.001 -15"><span class='ocrx_word' id='word_1_884' title='bbox 2014 5321 2259 5391; x_wconf 90' lang='lat' dir='ltr'>Denique</span> <span class='ocrx_word' id='word_1_885' title='bbox 2287 5319 2490 5374; x_wconf 91' lang='lat' dir='ltr'>dictum</span> <span class='ocrx_word' id='word_1_886' title='bbox 2519 5324 2602 5374; x_wconf 89' lang='lat' dir='ltr'>est</span> <span class='ocrx_word' id='word_1_887' title='bbox 2630 5317 2781 5385; x_wconf 88' lang='lat' dir='ltr'>mihi,</span> <span class='ocrx_word' id='word_1_888' title='bbox 2818 5318 3076 5389; x_wconf 89' lang='lat' dir='ltr'>quoniam</span> <span class='ocrx_word' id='word_1_889' title='bbox 3105 5318 3250 5390; x_wconf 89' lang='lat' dir='ltr'>apud</span> <span class='ocrx_word' id='word_1_890' title='bbox 3271 5318 3537 5390; x_wconf 90' lang='lat' dir='ltr'>plurimos</span> 
     </span>
    </p>
   </div>
   <div class='ocr_carea' id='block_1_118' title="bbox 1945 5406 3538 5482">
    <p class='ocr_par' dir='ltr' id='par_1_118' title="bbox 1945 5406 3538 5482">
     <span class='ocr_line' id='line_1_118' title="bbox 1945 5406 3538 5482; baseline 0 -19"><span class='ocrx_word' id='word_1_891' title='bbox 1945 5409 2218 5482; x_wconf 85' lang='lat' dir='ltr'>glorieris,</span> <span class='ocrx_word' id='word_1_892' title='bbox 2251 5408 2376 5478; x_wconf 88' lang='lat' dir='ltr'>quia</span> <span class='ocrx_word' id='word_1_893' title='bbox 2405 5406 2536 5461; x_wconf 90' lang='lat' dir='ltr'>mihi</span> <span class='ocrx_word' id='word_1_894' title='bbox 2598 5415 2754 5478; x_wconf 90' lang='lat' dir='ltr'>potes</span> <span class='ocrx_word' id='word_1_895' title='bbox 2799 5408 3078 5475; x_wconf 89' lang='lat' dir='ltr'>resistere,</span> <span class='ocrx_word' id='word_1_896' title='bbox 3137 5415 3190 5462; x_wconf 88' lang='lat' dir='ltr'>et</span> <span class='ocrx_word' id='word_1_897' title='bbox 3219 5423 3308 5462; x_wconf 91' lang='lat' dir='ltr'>me</span> <span class='ocrx_word' id='word_1_898' title='bbox 3368 5407 3538 5463; x_wconf 88' lang='lat' dir='ltr'>audes</span> 
     </span>
    </p>
   </div>
   <div class='ocr_carea' id='block_1_119' title="bbox 1946 5495 3539 5567">
    <p class='ocr_par' dir='ltr' id='par_1_119' title="bbox 1946 5495 3539 5567">
     <span class='ocr_line' id='line_1_119' title="bbox 1946 5495 3539 5567; baseline -0.002 -13"><span class='ocrx_word' id='word_1_899' title='bbox 1946 5505 2308 5564; x_wconf 88' lang='lat' dir='ltr'>contemnere,</span> <span class='ocrx_word' id='word_1_900' title='bbox 2342 5496 2477 5552; x_wconf 88' lang='lat' dir='ltr'>sicut</span> <span class='ocrx_word' id='word_1_901' title='bbox 2512 5495 2580 5551; x_wconf 92' lang='lat' dir='ltr'>de</span> <span class='ocrx_word' id='word_1_902' title='bbox 2601 5497 2808 5566; x_wconf 88' lang='lat' dir='ltr'>juvene</span> <span class='ocrx_word' id='word_1_903' title='bbox 2834 5497 3111 5566; x_wconf 66' lang='lat' dir='ltr'>jactantia:</span> <span class='ocrx_word' id='word_1_904' title='bbox 3141 5505 3303 5553; x_wconf 90' lang='lat' dir='ltr'>vento</span> <span class='ocrx_word' id='word_1_905' title='bbox 3334 5495 3539 5567; x_wconf 90' lang='lat' dir='ltr'>repleto</span> 
     </span>
    </p>
   </div>
  </div>
