4072 6296
537 274 641 327 303

1561 265 1904 323 HINCMARI
1939 260 2341 321 RHEMENSIS
2377 262 2922 320 ARCHIEPISCOPI.

3723 260 3837 317 304

539 395 756 465 legitur,
791 392 883 463 qui
911 391 1117 463 Ephesi
1147 392 1368 448 domum
1398 391 1587 447 Dianae
1605 391 1865 457 incendit,
1888 398 1941 446 et
1980 389 2135 444 inter-
2163 385 2218 446 A
2239 387 2590 458 postulaverit
2636 387 2690 442 in
2734 388 2972 443 medium
3043 387 3438 459 proferendas;
3483 387 3630 443 velut
3697 386 3836 441 item

543 489 767 554 rogatus
792 496 893 538 cur
922 480 1026 536 hoc
1055 480 1248 552 egerit,
1284 480 1586 551 respondit,
1619 487 1678 536 ut
1705 479 1830 552 quia
1851 479 2010 535 bonis
2029 493 2138 533 non

543 575 776 641 poterat,
808 567 898 625 vel
924 568 1079 623 malis
1110 568 1491 625 innotesceret.
1524 569 1591 623 Et
1622 568 1692 624 ad
1740 568 1883 623 hanc
1932 565 2135 640 gloria-

540 648 743 714 tionem
772 665 919 712 tuam
940 656 1249 728 respondeo
1264 657 1360 712 tibi
1381 673 1445 712 ex
1469 656 1652 713 verbis
1684 655 1928 727 Apostoli
1953 673 1966 709 :
2016 658 2137 726 fra-

541 750 649 814 ter,
672 762 790 804 non
810 747 952 802 bona
979 746 1241 817 gloriatio
1275 750 1372 802 tua
1403 746 1453 817 (Ι
1481 746 1600 802 Cor.
1625 761 1680 811 v,
1706 745 1780 815 6).
1805 744 1949 813 Quid
1970 743 2134 810 enim,

545 840 810 906 quantum
841 834 947 889 sibi
992 849 1023 889 a
1068 833 1309 905 potentia
1361 850 1595 906 superna
1637 832 1983 905 permittitur,
2028 846 2137 886 non

545 929 727 995 potest
781 921 945 979 homo
1000 921 1288 994 temporali
1365 929 1630 995 potestate
1687 919 1956 988 suffultus,
2046 922 2138 991 qui

542 1012 720 1068 Deum
747 1025 858 1068 non
887 1011 1059 1079 timet,
1091 1019 1142 1067 et
1171 1011 1444 1067 hominem
1474 1026 1581 1067 non
1621 1017 1903 1066 reveretur
1927 1008 1956 1063 ?
2001 1009 2137 1066 Nam

540 1107 594 1155 et
622 1114 725 1155 nos
754 1098 959 1171 aliquid
988 1115 1299 1171 possumus,
1333 1099 1432 1155 sed
1458 1098 1665 1155 utinam
1695 1114 1914 1169 semper
1941 1097 1996 1153 in
2021 1098 2138 1153 Deo

542 1187 817 1259 possimus
847 1187 938 1260 qui
983 1203 1086 1243 nos
1132 1187 1419 1244 confortat.
1480 1187 1550 1243 Et
1592 1188 1845 1260 quoniam
1890 1202 2000 1242 non
2056 1193 2141 1241 est

545 1275 917 1347 potestas‘nisi
943 1291 972 1331 a
1002 1276 1134 1342 Deo,
1169 1275 1590 1333 discernendum
1620 1284 1701 1331 est
1748 1276 1804 1331 in
1845 1281 2135 1346 potestate,

543 1365 671 1436 quid
700 1364 859 1420 nobis
887 1365 1036 1421 Deus
1082 1365 1350 1421 concedat
1370 1365 1653 1437 propitius,
1689 1364 1884 1436 etquid
1914 1363 2138 1436 permit-

540 1460 617 1507 tat
645 1453 830 1519 iratus,
864 1460 924 1508 ut
953 1468 1219 1510 concessa
1247 1469 1371 1509 cum
1399 1454 1595 1510 timore
1626 1461 1678 1509 et
1703 1462 1933 1509 tremore
1963 1452 2141 1508 humi-

537 1540 663 1597 liter
692 1556 1071 1613 exsequamur,
1121 1549 1174 1598 et
1216 1542 1485 1614 permissa
1534 1542 1591 1597 in
1635 1542 1805 1597 nostri
1840 1541 2140 1612 perniciem

539 1645 649 1687 non
695 1631 1004 1698 abutamur,
1052 1638 1105 1687 et
1135 1631 1227 1703 qui
1257 1631 1523 1704 gloriatur
1551 1631 1607 1686 in
1634 1639 1921 1703 potestate,
1954 1631 2009 1687 in
2029 1632 2139 1687 Do-

2238 476 2501 547 scriptum
2530 484 2640 532 est:
2664 478 2823 534 Sicut
2844 477 3010 549 spina
3030 477 3093 533 in
3113 493 3291 532 manu
3313 477 3632 542 temulenti,
3656 477 3745 531 ita
3761 476 3830 530 in

2227 581 2289 619 re
2319 566 2489 620 stulti
2511 567 2781 637 parabola
2833 566 3013 638 (Prov.
3052 581 3212 632 xxvr,
3247 564 3833 637 9):quiatemulentus

2238 653 2449 724 spinam
2476 653 2531 707 in
2562 669 2727 709 manu
2758 662 2980 727 gestans
3008 654 3161 726 prius
3192 654 3433 726 seipsum
3462 654 3730 720 vulnerat,
3756 653 3836 707 ita

2238 749 2291 796 et
2319 748 2394 811 tu,
2419 741 2466 796 si
2493 741 2609 798 haec
2638 742 2793 812 dicis,
2827 759 2938 799 non
2965 759 3053 799 me
3081 750 3307 813 tantum,
3340 743 3438 799 sed
3468 751 3520 799 et
3567 742 3837 814 plurimos

2236 829 2585 899 plurimarum
2614 830 3018 901 provinciarum
3048 832 3358 903 episcOpos,
3379 832 3488 888 imo
3504 839 3558 887 et
3572 832 3833 904 teipsum,

2239 918 2383 989 quod
2415 934 2523 973 non
2551 919 2816 992 denegas,
2838 921 2963 993 quia
2982 928 3035 976 et
3048 920 3459 994 denegarenon
3476 928 3654 993 potes,
3679 935 3838 977 com-

2238 1006 2554 1078 participem
2595 1007 2653 1062 in
2695 1009 2948 1064 omnibus
2992 1008 3200 1078 judicio
3247 1017 3433 1065 nostro
3495 1008 3838 1066 mendaciter

2239 1095 2473 1167 impetis,
2508 1112 2616 1152 non
2648 1097 2841 1153 videns
2870 1112 2977 1170 quo
3007 1105 3059 1153 te
3084 1098 3282 1170 laqueo
3312 1099 3636 1170 strangules,
3690 1113 3839 1171 quo—

2238 1178 2386 1234 niam
2406 1180 2669 1248 judicium
2698 1190 2941 1237 nostrum
2971 1197 3004 1236 a
3031 1183 3252 1253 majoris
3282 1182 3620 1239 auctoritatis
3645 1182 3839 1253 judice

2240 1266 2530 1336 immutari,
2562 1284 2671 1326 non
2704 1279 2885 1326 autem
2911 1270 3070 1326 aliter
3121 1271 3329 1327 cassari
3371 1271 3629 1328 canonice
3670 1279 3839 1343 pote-

2240 1365 2340 1423 rat,
2374 1357 2421 1413 si
2449 1365 2637 1414 contra
2666 1359 2887 1432 regulas
2917 1359 3137 1415 inimico
3165 1360 3368 1429 animo,
3392 1360 3478 1417 vel
3507 1360 3691 1434 aliqua
3732 1378 3840 1417 cu-

2240 1445 2464 1516 piditate
2496 1454 2585 1501 aut
2615 1448 2808 1519 gratia,
2860 1448 3215 1519 depravatum
3265 1449 3549 1506 nobiscum
3591 1458 3644 1505 te
3690 1449 3843 1520 judi-

2243 1549 2401 1590 casse
2431 1535 2726 1607 conﬁteris,
2759 1537 3088 1603 decernente
3128 1537 3383 1595 Africano
3413 1539 3643 1595 concilio
3679 1539 3838 1611 (ean.

2241 1624 2331 1695 91)
2359 1624 2428 1679 de
2467 1625 2745 1696 episcopo,
2796 1624 2889 1697 qui
2921 1642 2979 1681 se
2997 1626 3194 1684 dixerit
3221 1628 3534 1685 mentiendo
3562 1643 3659 1685 eos
3688 1644 3844 1685 com-

540 1719 689 1775 mino
719 1718 857 1776 sicut
886 1727 939 1775 et
966 1719 1024 1774 in
1052 1714 1174 1775 aliis
1206 1719 1492 1791 glorietur,
1543 1729 1707 1791 atque
1750 1721 1905 1789 juxta
1932 1720 2133 1776 dictum
2164 1743 2217 1803 Β
2242 1712 2573 1803 ωμηίρεδεεν,
2608 1729 2767 1803 quoe.
2797 1730 2863 1770 eo
2884 1715 3108 1781 sciente,
3129 1731 3239 1771 non
3255 1717 3686 1775 communicasse
3707 1733 3843 1775 con-

538 1807 802 1880 sapientis
825 1808 1024 1880 (Boet.,
1057 1808 1123 1864 de
1154 1809 1314 1866 Cons.
1346 1808 1515 1881 phil.,
1538 1808 1633 1863 lib.
1668 1822 1749 1876 m,
1771 1816 1902 1865 met.
1923 1808 1978 1880 5)
2022 1826 2035 1862 :

946 1912 1037 1969 Qui
1059 1922 1115 1959 se
1143 1912 1276 1959 volet
1316 1922 1429 1959 esse
1462 1914 1737 1969 potentem.

950 1991 1160 2037 Animos
1181 1990 1247 2036 do
1263 1993 1368 2037 met
1385 1990 1475 2036 ille
1496 1992 1691 2037 feroces
1715 2008 1726 2047 ;

539 2080 668 2152 quia
696 2079 839 2136 beati
868 2080 1028 2137 mites
1073 2080 1331 2152 quoniam
1378 2081 1484 2152 ipsi
1529 2081 1888 2153 possidebunt
1934 2090 2136 2140 terram

540 2176 759 2224 aeternae
786 2168 991 2224 scilicet
1019 2169 1365 2225 haereditatis.
1400 2169 1458 2226 Si
1506 2170 1651 2227 enim
1696 2170 1948 2243 gloriaris
2013 2172 2140 2243 quia

539 2256 671 2312 mihi
718 2265 875 2328 potes
905 2258 1181 2323 resistere,
1217 2258 1347 2314 time
1385 2255 1513 2330 quia
1541 2258 1598 2312 in
1627 2275 1733 2330 quo
1779 2259 1910 2314 mihi
1948 2268 2139 2316 contra

538 2344 762 2417 regulas
790 2360 975 2401 sacras
1002 2346 1229 2412 resistis,
1262 2347 1362 2401 Dei
1388 2346 1716 2402 ordinationi
1764 2347 1995 2415 resistis,
2047 2349 2139 2420 qui

537 2448 639 2504 per
666 2447 856 2491 sacros
885 2449 1124 2490 canones
1153 2434 1358 2505 Spiritu
1407 2435 1509 2490 Dei
1558 2436 1825 2506 conditos,
1873 2444 1929 2493 et
1973 2438 2139 2493 totius

534 2522 725 2578 mundi
756 2523 1063 2579 reverentia
1092 2530 1462 2590 consecratos,
1516 2539 1604 2579 me
1655 2524 1751 2579 tibi
1816 2526 2134 2597 praeposuit,

534 2617 591 2665 et
619 2617 670 2665 te
698 2611 831 2665 mihi
860 2612 1163 2682 supposuit.
1196 2612 1265 2666 Et
1292 2611 1338 2666 si
1368 2612 1622 2684 gloriaris
1654 2614 1783 2684 quia
1832 2629 1921 2669 me
1968 2614 2138 2670 audes

538 2705 903 2764 contemnere,
937 2699 1087 2769 time,
1122 2700 1379 2771 quoniam
1412 2700 1583 2767 illum,
1618 2702 1710 2772 qui
1740 2717 1841 2757 suo
1883 2702 2014 2758 vitio
2053 2703 2137 2757 fa-

547 2793 667 2841 ctus
711 2795 793 2841 est
836 2794 895 2842 ut
912 2786 1122 2842 nullum
1142 2787 1370 2856 timeret,
1405 2797 1458 2843 et
1488 2789 1795 2859 specialiter
1824 2790 1881 2844 in
1912 2790 2004 2845 illo
2027 2790 2138 2847 ﬁlio

536 2874 856 2944 perditionis
888 2874 980 2947 qui
1010 2876 1358 2931 antichristus
1406 2876 1604 2932 dicitur
1649 2878 1964 2948 operabitur
2011 2879 2139 2934 imi-

539 2961 688 3028 taris,
722 2967 780 3019 et
805 2980 980 3031 nunc,
1013 2964 1188 3035 inquit
1215 2966 1453 3020 Joannes
1481 2964 1779 3036 apostolus,
1806 2968 2145 3023 antichristi

542 3052 717 3106 multi
746 3056 884 3107 sunt
914 3052 965 3125 (Ι
990 3053 1153 3109 Joan.
1188 3067 1245 3119 ιι,
1284 3052 1371 3125 18)
1396 3071 1411 3121 ;
1434 3060 1559 3109 etut
1581 3054 1710 3109 item
1730 3055 1995 3126 scriptum
2016 3064 2098 3111 est
2123 3074 2135 3111 :

1956 3161 2014 3215 ιι,
2027 3145 2138 3216 25),
2171 3105 2221 3169 C

535 3227 690 3284 Unde
719 3229 766 3282 si
794 3228 1047 3299 gloriaris
1087 3230 1215 3300 quia
1244 3238 1433 3286 contra
1463 3248 1551 3286 me
1589 3240 1784 3299 tumes,
1810 3251 2007 3307 meque
2049 3243 2139 3290 tu-

538 3316 742 3370 mendo
769 3318 1093 3382 contemnis,
1127 3333 1193 3374 ac
1223 3334 1322 3390 per
1350 3320 1456 3374 hoc
1486 3320 1586 3375 Dei
1614 3322 1939 3377 ordinationi
1996 3324 2140 3378 resi-

550 3403 668 3471 stis,
703 3405 962 3475 quoniam
989 3405 1303 3476 humilibus,
1335 3407 1533 3478 quibus
1561 3409 1708 3464 Deus
1752 3409 1843 3465 dat
1890 3411 2138 3482 gratiam,

546 3499 600 3548 et
624 3508 728 3564 pro
758 3494 985 3551 veritate
1011 3493 1382 3566 loquentibus,
1415 3503 1468 3551 et
1497 3497 1581 3551 his
1604 3497 1697 3569 qui
1724 3504 1914 3553 contra
1942 3500 2143 3555 verita-

546 3589 657 3637 tem
687 3599 747 3638 se
792 3583 1007 3656 erigunt
1054 3584 1452 3653 resistentibus,
1503 3586 1748 3657 aperitur
1793 3586 2013 3653 caelum,
2055 3587 2143 3644 vel

538 3670 754 3739 occulta
781 3672 940 3726 nobis
970 3672 1057 3726 vel
1085 3673 1372 3729 manifesta
1400 3673 1584 3729 divina
1612 3675 1947 3746 operatione,
2006 3676 2145 3732 sicut

542 3757 613 3813 de
642 3757 805 3813 beato
827 3758 1103 3829 Stephano
1124 3760 1359 3832 legimus
1376 3763 1520 3830 (Act.
1541 3762 1598 3832 7)
1622 3781 1635 3817 :
1662 3764 1927 3834 Superbis
1939 3772 2140 3834 autem,

543 3845 740 3916 quibus
771 3847 919 3902 Deus
949 3848 1168 3917 resistit,
1195 3858 1247 3903 et
1268 3850 1368 3904 Dei
1390 3850 1717 3907 ordinationi
1739 3854 2143 3921 resistentibus,

549 3941 845 4005 contraque
871 3936 1109 4004 majores
1139 3952 1268 3993 suos
1301 3939 1651 4005 tumentibus,
1683 3940 1770 3995 vel
1798 3942 2011 3997 occulta
2039 3959 2143 3998 no-

544 4020 630 4076 bis
658 4021 745 4078 vel
774 4023 1055 4080 manifesta
1084 4024 1268 4081 divina
1297 4026 1613 4097 operatione
1660 4027 1903 4085 infernus
1958 4031 2143 4102 aperi-

545 4117 650 4177 tur,
698 4110 837 4167 sicut
878 4111 947 4167 de
997 4112 1193 4182 Chore,
1245 4114 1458 4170 Datban
1514 4124 1568 4171 et
1623 4117 1826 4174 Abiron
1910 4118 2144 4193 legimus

548 4197 738 4270 (Nam.
756 4201 865 4272 16),
899 4216 1036 4272 quos
1064 4202 1379 4259 dehiscente
1408 4204 1508 4259 sub
1528 4206 1760 4275 pedibus
1788 4223 1978 4263 eorum
2000 4216 2145 4265 terra

549 4286 799 4343 infernus
824 4289 1120 4345 absorbuit.
1153 4291 1439 4348 Dementia
1468 4308 1682 4366 quoque
1712 4304 1823 4362 tua,
1879 4297 1958 4353 sic
2001 4297 2145 4353 enim

551 4380 779 4429 vocatur
805 4389 838 4429 a
867 4372 1137 4445 plurimis,
1165 4390 1266 4446 per
1293 4391 1389 4431 ora
1418 4377 1712 4435 multorum
1744 4380 1948 4447 volitat,
1965 4381 2146 4437 dicen-

2242 1801 2457 1871 stiterit,
2491 1802 2654 1857 etiam
2687 1802 3065 1875 episcopatum
3107 1805 3336 1861 amittat.

2313 1898 2451 1967 Quia
2481 1916 2610 1957 vero
2649 1901 2791 1972 apud
2841 1918 2900 1958 se
2945 1903 3164 1959 humilis
3212 1912 3266 1960 et
3314 1904 3601 1972 discretus,
3654 1905 3841 1963 sciens

2240 1988 2548 2059 scriptum:
2602 1992 2833 2058 Tempus
2880 1993 3125 2060 tacendi,
3174 1997 3234 2049 et
3299 1998 3520 2068 tempus
3578 1995 3848 2069 loquendi

2240 2077 2444 2146 (Eccle.
2478 2093 2560 2148 Ill,
2592 2078 2669 2149 7),
2704 2079 2967 2151 gloriatur
2992 2081 3047 2135 in
3094 2081 3348 2150 Domino,
3390 2083 3578 2140 dicens
3612 2102 3626 2139 :
3676 2085 3845 2140 Dedit

2238 2164 2371 2219 mihi
2404 2166 2669 2221 Dominus
2698 2166 2941 2240 linguam
2971 2169 3255 2238 eruditam,
3287 2179 3346 2227 ut
3375 2171 3546 2229 sciam
3589 2172 3647 2227 in
3695 2181 3844 2229 tem-

2238 2268 2370 2324 pore
2398 2253 2644 2325 proferre
2674 2272 3001 2324 sermonem,
3052 2259 3325 2315 succincte
3366 2260 3464 2315 tibi
3505 2262 3843 2333 respondeo,

2241 2342 2366 2413 quia
2394 2350 2637 2399 nostrum
2661 2344 2944 2416 judicium,
2964 2363 3063 2418 per
3082 2348 3299 2421 regulas
3320 2358 3656 2420 exsecutum,
3678 2352 3845 2407 sedes

2236 2427 2506 2498 postolica
2536 2444 2645 2483 non
2674 2431 2909 2486 cassavit
2952 2449 2965 2485 :
3016 2432 3113 2487 sed
3156 2433 3420 2500 Rothado,
3465 2435 3557 2505 qui
3600 2435 3673 2490 ad
3720 2451 3847 2493 eam

2238 2514 2368 2571 fecit
2401 2516 2733 2590 confugium,
2767 2519 3042 2576 humiliter
3086 2522 3333 2592 poscenti
3364 2522 3641 2595 (quoniam
3672 2525 3845 2598 legati

2242 2604 2436 2671 nostri,
2470 2605 2560 2676 qui
2590 2621 2809 2662 causam
2842 2608 2958 2677 ejus
2990 2610 3435 2679 examinavimus,
3467 2628 3587 2668 cum
3620 2612 3843 2685 litteris,

2241 2691 2379 2748 sicut
2408 2694 2731 2766 praecipiunt
2758 2710 3020 2765 canones,
3049 2698 3204 2769 prius
3232 2716 3343 2755 non
3372 2709 3641 2757 venerunt
3660 2703 3848 2759 clusas

2239 2781 2474 2836 transire
2509 2783 2785 2853 prohibiti,
2817 2802 2977 2857 quam
3007 2787 3077 2841 ab
3106 2802 3193 2856 eo,
3227 2788 3324 2843 sed
3353 2797 3405 2845 et
3433 2789 3502 2845 ab
3549 2790 3674 2847 aliis
3720 2791 3849 2863 plu-

2240 2868 2412 2935 rimis,
2446 2872 2857 2944 suggestionem
2885 2873 3013 2930 inde
3043 2876 3387 2949 susciperet),
3421 2878 3560 2934 sicut
3590 2896 3692 2936 suo
3749 2897 3847 2937 sa-

2239 2956 2578 3027 pientissimo
2635 2961 2865 3016 consilio
2904 2963 3189 3032 judicavit,
3240 2966 3418 3021 solatii
3448 2966 3851 3041 benignitatem

2240 3044 2520 3116 impendit.
2554 3069 2582 3103 «
2628 3049 2904 3116 Quoniam
2951 3055 3248 3119 universaz,
3301 3055 3474 3127 inquit
3517 3057 3627 3113 Leo
3676 3075 3846 3132 papa,

2248 3136 2349 3189 viae
2378 3137 2610 3193 Domini
2640 3141 3031 3197 misericordia
3061 3147 3117 3198 et
3134 3146 3360 3211 veritas,
3386 3146 3639 3219 cogimur
3655 3163 3852 3205 secun-

2243 3223 2373 3279 dum
2404 3226 2554 3280 sedis
2586 3228 2900 3298 apostolicae
2927 3230 3200 3301 pietatem,
3232 3232 3308 3289 ita
3344 3242 3587 3290 nostram
3633 3244 3852 3310 tempe-

2241 3328 2361 3369 rare
2388 3315 2734 3384 sententiam,
2792 3325 2851 3373 ut
2906 3319 3164 3377 trutinato
3206 3322 3451 3394 pondere
3496 3324 3845 3394 delictorum,

2243 3417 2365 3473 quae
2396 3412 2644 3459 constant
2685 3421 2797 3461 non
2850 3407 3011 3463 unius
3066 3425 3190 3466 esse
3242 3428 3533 3480 mensurae,
3591 3416 3850 3486 quzedam

2243 3488 2572 3547 diﬂiniamus
2602 3500 2877 3566 utcunque
2907 3496 3210 3568 toleranda,
3245 3500 3496 3571 quaedam
3524 3518 3659 3558 vero
3688 3505 3847 3575 peni-

2243 3585 2327 3632 tus
2356 3582 2687 3650 amputanda
2721 3599 2733 3638 :
2770 3591 2824 3638 et
2852 3586 3102 3642 remissio
3130 3589 3337 3659 peccati
3383 3606 3494 3646 non
3531 3591 3626 3647 dat
3667 3592 3848 3650 licen-

2242 3664 2373 3720 tiam
2403 3667 2774 3742 delinquendi,
2808 3689 2909 3729 nec
2965 3676 3111 3746 quod
3166 3677 3336 3747 potuit
3392 3679 3575 3751 aliqua
3633 3682 3848 3740 ratione

2244 3756 2488 3825 concedi,
2543 3759 2773 3829 amplius
2815 3761 3081 3832 patiemur
3140 3764 3360 3837 impune
3423 3770 3707 3826 committi.
3780 3772 3851 3828 Et

2243 3852 2431 3899 nostra
2460 3846 2801 3915 unanimitas,
2836 3858 2892 3905 ut
2921 3867 3024 3922 par
3052 3861 3133 3909 est
3164 3863 3217 3910 et
3253 3856 3457 3928 regulae
3502 3860 3845 3931 praecipiunt,

2244 3933 2631 3990 venerabiliter
2660 3952 2726 3993 ac
2754 3938 3032 3996 humiliter
3085 3944 3446 4014 praecellentis
3502 3949 3847 4006 auctoritatis
3909 4005 3921 4025 ,

2245 4019 2523 4078 decretum
2552 4026 2866 4096 apostolica
2896 4030 3045 4085 sedis
3077 4032 3209 4103 (cui,
3229 4041 3286 4088 ut
3331 4034 3683 4092 Innocentius
3709 4039 3848 4095 scri-

2246 4107 2341 4178 bit,
2374 4110 2430 4165 in
2459 4112 2715 4169 omnibus
2743 4117 2923 4172 causis
2953 4119 3116 4175 debet
3148 4123 3453 4178 reverentia
3482 4126 3768 4194 custodiri,
3792 4136 3854 4184 et

2244 4197 2313 4252 ad
2343 4215 2506 4270 quam
2536 4201 2604 4257 de
2633 4204 2929 4272 majoribus
2962 4208 3160 4275 causis,
3195 4211 3242 4266 si
3269 4211 3467 4267 fuerint
3494 4213 3552 4268 in
3602 4215 3848 4273 medium

2246 4286 2533 4358 devolutos,
2566 4290 2708 4347 sicut
2738 4296 2979 4365 synodus
3010 4298 3210 4366 statuit,
3241 4307 3293 4355 et
3318 4308 3473 4357 vetus
3504 4306 3847 4363 consuetudo

2246 4375 2431 4447 exigit,
2452 4386 2577 4449 post
2602 4379 2867 4449 judicium
2906 4386 3216 4458 episcopale
3253 4388 3416 4445 debet
3444 4390 3655 4463 referri,
3708 4393 3849 4451 sicut

551 4460 688 4517 tium
715 4468 770 4518 te
800 4462 954 4533 quasi
982 4471 1162 4518 mente
1191 4473 1407 4535 captum
1453 4465 1831 4538 disseminare,
1890 4470 2145 4541 quoniam
2174 4462 2226 4523 D
2249 4472 2302 4519 et
2331 4466 2654 4539 scribentes,
2687 4470 2996 4529 Bonifacius
3024 4475 3093 4529 ad
3135 4476 3467 4549 Gallicanos,
3519 4488 3573 4536 et
3617 4460 3729 4539 Leo
3778 4483 3847 4540 ad

553 4550 601 4604 si
629 4549 698 4606 de
728 4550 911 4623 aliqua
938 4566 1097 4607 causa
1126 4558 1178 4608 te
1207 4552 1263 4608 in
1293 4554 1501 4626 synodo
1530 4555 1950 4627 compellavero,
1983 4558 2028 4613 si
2058 4559 2144 4614 vi-

556 4654 679 4694 sum
705 4638 803 4695 tibi
831 4655 942 4697 non
972 4639 1154 4709 fuerit,
1185 4641 1319 4697 mihi
1360 4659 1471 4701 non
1515 4644 1893 4715 respondebis,
1945 4662 2047 4718 pro
2079 4663 2145 4704 eo

554 4727 700 4797 quod
721 4728 834 4799 jam
865 4728 973 4785 duo
1028 4745 1155 4786 mea
1204 4729 1408 4800 judicia
1463 4748 1497 4788 a
1534 4733 1665 4789 sede
1704 4733 2001 4805 apostolica
2041 4728 2148 4791 sint

555 4823 784 4871 cessata.
818 4818 973 4874 Unde
990 4818 1084 4874 tibi
1103 4819 1355 4889 breviter,
1378 4821 1556 4893 potius
1577 4820 1958 4895 significando,
1982 4840 2146 4898 quam

553 4901 776 4975 plenam
803 4906 1066 4963 rationem
1096 4908 1398 4977 reddendo,
1431 4910 1619 4967 censui
1647 4911 1997 4984 respondere,
2048 4915 2145 4972 do-

553 5005 655 5048 nec
684 4999 779 5049 aut
805 4993 923 5065 ipse
952 4995 1085 5050 mihi
1113 4998 1218 5054 hoc
1246 4998 1395 5055 dicas
1425 4998 1481 5053 in
1510 5000 1743 5070 synodo,
1774 5002 2026 5073 autquod
2046 5019 2147 5059 nu-

552 5078 625 5135 do
655 5096 910 5137 sermone
939 5082 1139 5140 diceris
1168 5101 1464 5153 susurrare,
1498 5086 1775 5159 alligatum
1807 5090 2005 5162 scripto
2042 5092 2144 5149 de-

551 5162 773 5236 liberes,
806 5170 951 5243 quod
980 5185 1089 5227 non
1120 5174 1350 5243 aestimo,
1383 5174 1628 5232 intimare
1675 5177 1844 5249 (nam,
1895 5188 1950 5235 ut
1999 5180 2146 5237 Scri-

549 5263 705 5328 ptura
725 5256 855 5314 dicit
880 5277 893 5313 :
907 5261 1121 5316 Parata
1133 5266 1270 5319 sunt
1281 5262 1619 5321 derisoribus
1621 5266 1861 5338 judicia,
1880 5272 1937 5325 et
1946 5270 2148 5326 mallei

548 5348 936 5418 percutientes
973 5350 1279 5407 stultorum
1310 5354 1629 5426 corporibus
1663 5354 1842 5427 [Ρνου.
1875 5371 1998 5424 xxx,
2030 5357 2141 5431 29],

548 5432 728 5492 habeo
755 5435 883 5492 hinc
913 5446 1126 5509 paratas
1138 5439 1429 5509 judiciales
1478 5444 1790 5512 sententias,
1823 5444 2144 5504 malleorum

550 5522 671 5586 vice
713 5524 912 5583 cordiae
962 5534 1067 5586 tuae
1107 5528 1386 5585 stultitiam
1461 5533 1850 5603 percutientes,
1911 5536 1956 5592 si
2006 5536 2143 5595 ratio

2244 4555 2617 4623 Anastasium,
2650 4566 2703 4613 et
2733 4560 2804 4615 ad
2834 4562 3055 4619 Mauros
3112 4564 3421 4639 episcOpos,
3455 4569 3842 4644 decreverunt)

2244 4643 2360 4699 sine
2390 4644 2495 4699 ulla
2522 4648 2864 4705 contentione
2893 4652 2981 4708 vel
3008 4654 3360 4713 resultatione
3386 4659 3647 4731 suscepit,
3697 4643 3848 4735 quoé,

2241 4731 2387 4787 niam
2401 4734 2481 4790 sic
2499 4743 2552 4790 et
2566 4737 2807 4808 synodus
2822 4740 3028 4812 statuit,
3045 4750 3098 4798 et
3116 4751 3273 4800 vetus
3293 4749 3629 4805 consuetudo
3651 4731 3842 4826 exigit;

2244 4819 2516 4890 Quoniam
2530 4825 2752 4897 quidem
2764 4843 2920 4884 sacra
2932 4838 2985 4885 et
2997 4832 3227 4903 mystica
3242 4834 3462 4891 Nicaena
3474 4819 3844 4909 synodus,cui

2243 4912 2405 4966 cessit
2455 4913 2510 4968 in
2559 4913 2795 4971 decretis
2838 4918 3192 4990 synodalibus
3223 4923 3400 4979 omnis
3446 4926 3763 4996 antiquitas,
3796 4937 3849 4986 et

2245 5013 2408 5070 quam
2436 5001 2492 5055 in
2524 5001 2651 5057 ﬁdei
2696 5003 3033 5077 diﬁinitione,
3080 5009 3166 5066 vel
3205 5010 3390 5085 legum
3414 5013 3659 5084 latione,
3705 5034 3844 5075 con-

2243 5088 2447 5146 vellere
2493 5105 2601 5147 non
2638 5097 2986 5168 praesumpsit
3051 5100 3322 5158 catholica
3369 5102 3481 5159 ulla
3523 5108 3840 5177 posteritas,

2244 5187 2578 5251 suggerente
2608 5181 2710 5237 sibi
2741 5193 2930 5242 sancto
2962 5187 3165 5259 Spiritu
3197 5192 3406 5247 censuit
3449 5194 3601 5266 (can.
3655 5199 3729 5267 6).
3775 5199 3844 5256 Ut

2244 5268 2542 5324 secundum
2596 5272 2873 5345 antiquam
2923 5278 3393 5349 consuetudinem,
3440 5281 3844 5343 Alexandrinus

2244 5355 2531 5447 episcopus
2564 5375 2787 5418 suorum
2817 5364 3062 5421 omnium
3093 5366 3289 5424 habeat
3316 5379 3664 5444 potestatem,
3714 5375 3843 5447 quia

2246 5451 2300 5501 et
2328 5446 2587 5521 episcopo
2615 5450 2862 5509 Romano
2917 5454 3107 5526 parilis
3158 5474 3279 5515 mos
3333 5468 3432 5517 est.
3498 5446 3763 5523 Similiter
3789 5473 3843 5522 et

2243 5543 2387 5619 apud
2414 5546 2759 5606 Antiochiam
2787 5559 3122 5627 caterasque
3150 5558 3462 5630 provincias
3492 5559 3608 5618 suis
3665 5561 3839 5636 privi-
