4072 6334
277 233 382 288 305

991 231 1233 292 OPUSC.
1293 235 1384 292 ET
1427 236 1645 293 EPIST.
1704 236 1779 292 IN
1836 236 2064 295 CAUSA
2108 241 2450 301 HINCMABJ
2495 245 2798 305 LAUDUN.

3485 252 3590 312 306
3644 252 3649 255 ’

285 355 429 430 legia
457 362 747 412 serventur
774 356 1057 414 Ecclesiis.
1098 378 1121 408 ι
1154 359 1223 415 Et
1239 358 1368 416 inde
1398 368 1692 433 sequentes
1712 362 1892 419 sancti
1918 364 1974 423 A
1994 363 2041 418 si
2066 380 2296 423 necesse
2323 366 2400 422 illi
2429 367 2610 440 fuerit,
2642 372 2994 442 apostolicam
3041 375 3187 432 beati
3215 377 3359 434 Petri
3389 377 3580 436 sedem

287 461 548 513 canones,
582 453 635 502 et
660 445 717 501 in
748 446 984 503 decretis
1014 447 1127 504 suis
1150 449 1410 505 Romanae
1430 450 1578 506 sedis
1609 451 1899 521 pontifices

288 533 783 608 promulgaverunt
812 535 1080 605 (leest.,
1114 554 1200 609 ep.
1240 541 1294 604 2,
1327 555 1378 594 e.
1414 540 1466 606 4;
1500 538 1698 607 Bonif.,
1733 556 1820 613 ep.
1841 544 1894 608 3;

290 639 449 679 eone.
514 623 799 695 Carthag.,
846 639 896 679 c.
958 626 1045 691 16;
1078 624 1277 693 Bonif.,
1313 643 1398 700 ep.
1433 631 1487 694 2;
1522 627 1732 695 Innoc.,
1796 646 1886 701 ep.

288 712 530 778 deeret.,
556 713 704 782 c.10)
732 726 745 766 :
775 732 797 762 α
820 712 891 767 Ut
909 728 1250 786 unaquaeque
1279 715 1559 786 provincia
1576 732 1675 772 suo
1704 725 1899 773 metro-

287 799 530 872 politano
558 799 832 856 contentia
879 800 966 867 sit,
1001 817 1102 857 nec
1148 803 1489 873 usurpationi
1532 805 1688 861 locus
1737 805 1896 861 alicui

290 889 565 945 sacerdoti
594 888 649 943 in
679 889 903 944 alterius
933 890 1264 947 concedatur
1308 892 1526 961 injuria.
1562 894 1643 949 Sit
1672 909 1896 950 conces-

294 977 369 1032 sis
396 977 501 1032 sibi
560 985 845 1033 contentus
899 978 1270 1051 unusquisque
1325 980 1604 1051 limitibus,
1648 982 1787 1037 alter
1840 982 1897 1037 in

292 1066 516 1121 alterius
544 1067 829 1138 provincia
856 1066 991 1121 nihil
1019 1078 1330 1138 praesumat,
1363 1070 1461 1124 sed
1497 1070 1897 1142 metropolitani

292 1154 375 1211 sui
403 1171 743 1227 unaquaeque
770 1155 1049 1227 provincia
1107 1157 1165 1211 in
1190 1158 1442 1213 omnibus
1472 1160 1635 1215 rebus
1671 1160 1895 1215 ordina—

292 1244 496 1300 tionem
528 1261 746 1316 semper
775 1253 1072 1316 exspectet.
1105 1247 1174 1301 Et
1231 1248 1476 1319 quisquis
1516 1248 1895 1320 epiSCOporum

291 1342 598 1399 accusatur,
634 1334 704 1388 ad
732 1334 1020 1405 primatem
1044 1335 1338 1406 provinciae
1367 1336 1539 1408 ipsius
1587 1337 1894 1393 accusatio-

292 1439 421 1479 nem
449 1421 663 1478 deferat
691 1431 994 1491 accusator,
1030 1432 1082 1479 et
1124 1433 1409 1481 accusatus
1438 1426 1527 1481 die
1575 1434 1773 1481 statuta
1801 1427 1894 1482 lit-

291 1511 422 1567 teris
453 1512 780 1585 regulariter
836 1520 1113 1579 evocatus,
1174 1530 1416 1585 praesens
1445 1514 1492 1569 si
1549 1514 1769 1571 confidit
1824 1516 1895 1570 ad

294 1600 506 1669 objecta
534 1600 885 1671 respondeat.
920 1601 1028 1656 Sed
1058 1609 1112 1657 et
1140 1602 1186 1655 si
1212 1619 1332 1674 quae
1362 1619 1541 1659 causae
1555 1604 1643 1659 vel
1672 1612 1896 1660 conten-

1994 453 2248 523 appellet,
2279 463 2484 512 etcum
2512 459 2876 529 appellatione
2939 478 3036 518 sua
3082 465 3151 520 ad
3207 454 3585 524 sueceSsorem

1994 536 2136 624 illius
2166 538 2461 611 confugiat,
2493 550 2551 597 ut
2580 542 2717 614 ipse,
2750 544 2818 600 de
2847 547 3259 617 provincialium
3300 558 3586 624 metropo-

1993 623 2280 682 litanarum
2309 629 2522 684 sedium
2548 631 2711 703 atque
2741 633 3119 706 episcoporum
3140 637 3381 710 judiciis,
3411 623 3586 697 mise-

1995 713 2170 769 ricors
2198 723 2250 771 et
2281 717 2488 785 justum
2525 719 2788 777 decernat
2835 723 3120 792 judicium,
3179 727 3304 798 quia
3330 727 3387 782 in
3440 728 3584 785 illius

1994 803 2229 873 primatu
2258 804 2376 875 ipse
2402 805 2597 862 beatus
2627 809 2819 865 Petrus
2847 818 3164 868 cunctorum
3191 828 3361 870 onera
3387 823 3582 886 portat,

1995 891 2146 959 cujus
2164 892 2492 964 principatus
2517 897 2836 954 auctoritate
2892 900 3162 957 mediator
3189 901 3287 957 Dei
3321 910 3374 958 et
3408 904 3590 961 homi-

1994 995 2125 1035 num
2151 981 2315 1037 homo
2344 982 2591 1039 Christus
2624 986 2781 1041 Jesus
2837 988 3026 1043 sedem
3082 989 3382 1046 Romanam
3426 977 3591 1063 super

1994 1083 2185 1124 omnes
2224 1070 2385 1125 sedes
2441 1072 2764 1141 sublimavit,
2824 1075 3246 1133 Alexandrinam
3289 1080 3585 1147 decoravit,

1994 1157 2388 1214 Antiochenam
2418 1160 2774 1230 continuavit,
2807 1171 2859 1219 et
2886 1180 2987 1235 per
3015 1173 3244 1222 caeteras
3275 1168 3587 1239 provincias

1992 1244 2278 1319 privilegia
2305 1248 2417 1302 suis
2444 1249 2708 1306 Ecclesiis
2765 1254 3076 1308 conservari
3124 1271 3188 1311 ac
3243 1256 3589 1312 corroborari

1993 1332 2255 1389 decrevit.
2292 1335 2552 1392 Ordinem
2583 1347 2760 1394 autem
2811 1342 3142 1413 exsequendi
3165 1343 3355 1411 judicii
3391 1344 3460 1400 de
3488 1360 3589 1417 ap-

1990 1421 2226 1492 pellante
2257 1424 2514 1497 episcopo
2557 1427 2702 1482 idem
2731 1429 3017 1484 concilium
3059 1430 3312 1502 explanat
3355 1432 3544 1489 dicens
3574 1450 3589 1488 :

1999 1530 2021 1560 ι
2056 1510 2259 1567 Placuit
2294 1520 2349 1567 ut
2380 1514 2424 1568 si
2472 1515 2760 1587 episcopus
2811 1526 3098 1574 accusatus
3127 1518 3306 1586 fuerit,
3359 1528 3413 1576 et
3436 1521 3588 1590 judi-

1946 1616 1953 1623 '
1993 1599 2236 1655 caverint
2268 1603 2589 1674 congregati
2629 1604 2870 1677 episcopi
2916 1607 3171 1679 regionis
3200 1608 3390 1679 ipsius,
3431 1617 3482 1664 et
3520 1608 3590 1665 de

294 1688 473 1744 tiones
520 1688 663 1744 inter
691 1689 934 1756 Iclericos
964 1697 1072 1744 tam
1120 1691 1415 1762 superioris
1472 1692 1677 1747 ordinis
1731 1708 1893 1764 quam
1923 1719 1976 1778 Β
1998 1689 2172 1758 gradu
2202 1704 2301 1743 suo
2330 1706 2453 1744 eum
2474 1691 2790 1761 dejecerint,
2824 1695 2869 1747 si
2908 1694 3265 1766 appellaverit
3312 1697 3405 1767 qui
3433 1696 3589 1765 deje-

297 1778 460 1834 etiam
490 1776 767 1833 inferioris
797 1778 996 1834 fuerint
1024 1786 1240 1845 exortae,
1274 1781 1618 1853 congregatis
1652 1782 1897 1850 ejusdem

296 1866 594 1938 provinciae
624 1866 916 1939 episcopis,
944 1868 1183 1940 jurgium
1207 1869 1523 1924 terminetur
1557 1887 1568 1924 :
1604 1886 1708 1926 nec
1736 1871 1894 1925 alicui

298 1955 483 2022 liceat,
516 1956 726 2012 relictis
753 1957 838 2010 his
870 1956 1267 2024 sacerdotibus,
1321 1958 1410 2029 qui
1457 1958 1513 2012 in
1543 1959 1737 2014 eadem
1764 1975 1895 2030 pro-

295 2044 477 2100 vincia
504 2044 607 2099 Dei
639 2045 944 2101 Ecclesiam
966 2053 1097 2100 nutu
1124 2046 1309 2102 divino
1326 2047 1651 2119 gubernant,
1675 2048 1743 2102 ad
1762 2048 1896 2102 alias

296 2133 589 2190 convolare
620 2133 947 2204 provincias.
986 2157 1008 2180 ι

344 2222 562 2278 Eodem
592 2231 779 2278 saneto
810 2222 1012 2293 Spiritu
1042 2222 1361 2294 inspirante,
1393 2239 1500 2295 quo
1530 2231 1583 2279 et
1613 2224 1899 2295 praemissa

294 2311 530 2367 diversis
561 2311 751 2366 oribus
780 2311 1121 2383 diversisque
1137 2312 1473 2383 temporibus
1505 2314 1722 2369 decreta
1753 2321 1895 2380 sunt,

293 2401 666 2457 venerandum
686 2400 1013 2456 Sardicense
1041 2400 1324 2456 concilium
1357 2402 1540 2457 statuit
1561 2402 1739 2473 (conc.
1762 2403 1898 2458 Sar-

295 2490 425 2557 die.,
446 2506 570 2560 cap.
592 2493 648 2561 3)
669 2507 681 2544 :
707 2511 728 2541 α
749 2491 818 2545 Ut
837 2489 882 2544 si
903 2490 958 2544 in
974 2490 1152 2562 aliqua
1172 2490 1451 2561 provincia
1472 2491 1668 2562 aliquis
1689 2491 1899 2561 episco-

293 2596 393 2652 pus
423 2588 617 2635 contra
644 2577 864 2634 fratrem
911 2594 1067 2633 suum
1095 2579 1412 2650 episcopum
1434 2580 1583 2634 litem
1622 2579 1895 2647 habuerit,

298 2684 365 2723 ne
395 2684 539 2722 unus
571 2684 601 2723 e
624 2668 836 2722 duobus
867 2682 930 2722 ex
962 2666 1065 2722 alia
1111 2668 1390 2739 provincia
1421 2668 1649 2724 advocet
1688 2669 1898 2738 episco—

293 2772 424 2828 pum
452 2756 812 2829 cognitorem.
837 2756 997 2824 Quod
1028 2756 1075 2810 si
1104 2755 1300 2827 aliquis
1321 2756 1609 2828 episcopus
1626 2757 1898 2825 judicatus

296 2845 455 2901 fuerit
481 2845 541 2900 in
568 2845 748 2917 aliqua
791 2860 974 2912 causa,
1021 2854 1074 2900 et
1126 2853 1277 2917 putat
1318 2862 1379 2900 se
1428 2845 1624 2901 bonam
1675 2861 1898 2902 causam

291 2935 499 2991 habere
528 2942 585 2989 ut
612 2935 811 2989 iterum
838 2933 1125 2990 concilium
1157 2942 1469 3003 renovetur,
1534 2934 1706 2991 sancti
1753 2935 1898 2990 Petri

298 3023 531 3096 apostoli
587 3022 699 3095 (cui
755 3024 824 3078 ob
882 3024 1048 3078 robur
1099 3022 1443 3078 solidissimte
1473 3022 1598 3079 fidei
1653 3023 1899 3078 Christus

295 3122 449 3185 petra
478 3128 512 3168 a
533 3129 593 3168 se
614 3128 815 3168 nomen
834 3113 979 3167 Petri
999 3112 1212 3179 indidit,
1242 3112 1431 3169 dicens
1452 3129 1464 3166 :
1486 3114 1562 3168 Tu
1583 3129 1639 3169 es
1673 3115 1896 3179 Petrus,

300 3206 355 3259 et
381 3219 553 3275 super
582 3203 730 3258 hanc
755 3205 1001 3274 petram,
1026 3201 1233 3257 scilicet
1262 3209 1426 3256 rectae
1444 3200 1586 3267 fidei,
1614 3217 1776 3272 quam
1796 3201 1898 3254 Pa-

300 3299 376 3347 tre
404 3291 504 3346 tibi
526 3291 806 3346 revelante
822 3289 1106 3345 confessus
1136 3307 1217 3357 es,
1279 3290 1557 3359 aediﬁcabo
1586 3290 1898 3345 Ecclesiam

301 3398 507 3447 meam,
527 3385 587 3436 et
600 3381 703 3436 tibi
719 3381 853 3436 dabo
864 3381 1047 3436 claves
1067 3380 1227 3452 regni
1247 3380 1516 3435 caelorum
1533 3377 1751 3450 [Matth.
1774 3393 1894 3446 xvr,

303 3469 504 3543 18,19];
530 3477 585 3524 et
614 3486 629 3524 :
659 3471 737 3525 Tu
752 3470 1054 3542 aliquando
1073 3484 1373 3525 conversus
1393 3467 1667 3536 conﬁrma
1686 3470 1899 3538 fratres

302 3565 420 3616 tuos
449 3558 608 3633 [Lua
659 3573 804 3625 xxn,
856 3558 987 3630 32L"
1016 3557 1270 3614 videlicet
1325 3559 1496 3613 Pasce
1555 3572 1678 3612 oves
1744 3572 1900 3613 meas

298 3650 476 3723 [lea-ri.
507 3663 633 3715 xxx,
679 3646 793 3720 26],
814 3647 1136 3703 memoriam
1178 3645 1434 3702 honorari
1484 3645 1779 3702 constituit.
1832 3647 1900 3702 Ut

301 3738 569 3794 scribatur
597 3738 778 3810 (eone.
837 3736 1075 3803 Sardie.,
1109 3752 1232 3792 can.
1266 3739 1317 3804 3,
1356 3735 1408 3805 4)
1439 3734 1509 3790 ab
1530 3734 1615 3789 his
1644 3734 1735 3806 qui
1766 3749 1899 3789 cau-

300 3844 417 3884 sam
444 3826 824 3884 examinarunt
852 3826 1094 3881 Romano
1112 3824 1389 3896 episcopo,
1412 3831 1464 3878 et
1493 3822 1538 3877 si
1578 3822 1903 3894 judicaverit

300 3916 675 3973 renovandum
697 3931 819 3971 esse
844 3914 1127 3985 judicium,
1153 3920 1448 3969 renovetur
1467 3920 1517 3968 et
1540 3913 1631 3968 det
1645 3912 1896 3982 judices;

302 4005 345 4061 si
373 4014 559 4062 autem
613 4004 926 4077 probaverit
949 4004 1130 4075 "talem
1158 4018 1283 4058 esse
1311 4017 1550 4068 causam,
1586 4009 1643 4057 ut
1670 4016 1780 4056 non
1809 4016 1900 4055 re-

301 4094 560 4152 fricentur
590 4111 711 4167 quae
740 4101 862 4149 acta
891 4101 1033 4159 sunt,
1071 4108 1190 4165 qua:
1232 4091 1539 4147 decreverit
1586 4088 1905 4145 conﬁrmata

302 4193 476 4241 erunt.
506 4185 580 4239 Et
636 4199 762 4240 cum
800 4182 995 4255 aliquis
1058 4181 1347 4253 episcopus
1403 4179 1684 4250 depositus
1741 4177 1903 4233 fuerit

302 4291 491 4331 eorum
540 4273 926 4345 episcoporum
972 4270 1198 4341 judicio,
1258 4269 1351 4342 qui
1407 4268 1463 4323 in
1518 4267 1708 4323 vicinis
1766 4266 1903 4322 locis

302 4369 726 4431 commorantur,
763 4369 815 4417 et
844 4359 1258 4433 proclamaverit
1286 4358 1564 4431 agendum
1592 4355 1696 4410 sibi
1723 4371 1900 4428 nego-

1998 1784 2116 1832 ctus
2145 1784 2243 1843 est,
2278 1786 2330 1833 et
2358 1778 2663 1853 confugerit
2688 1782 2756 1836 ad
2778 1783 3081 1852 episcorum
3120 1785 3377 1840 Romana:
3396 1785 3589 1841 Eccle-

1997 1865 2110 1934 siae,
2143 1874 2196 1921 et
2223 1867 2453 1922 voluerit
2482 1884 2542 1923 se
2570 1869 2762 1935 audiri,
2810 1870 2856 1924 si
2887 1872 3092 1940 justum
3119 1873 3391 1943 putaverit
3419 1881 3475 1928 ut
3503 1890 3591 1929 re-

1996 1962 2225 2010 novetur
2253 1971 2500 2020 examen,
2534 1957 2778 2013 scribere
2806 1958 2892 2013 his
2921 1960 3193 2031 episcOpis
3220 1960 3474 2032 dignetur
3503 1961 3595 2033 qui

1994 2042 2051 2097 in
2077 2042 2305 2099 finitima
2335 2053 2387 2099 et
2405 2046 2710 2118 propinqua
2747 2047 3030 2118 provincia
3075 2057 3217 2117 sunt,
3249 2057 3310 2104 ut
3338 2049 3442 2120 ipsi
3471 2049 3593 2104 dili~

1998 2138 2192 2203 genter
2237 2148 2457 2189 omnino
2512 2134 2809 2205 requirant,
2873 2144 2922 2191 et
2964 2137 3117 2206 juxta
3164 2137 3330 2193 fidem
3358 2137 3595 2193 veritatis

1998 2218 2275 2275 diﬂiniant.
2301 2219 2457 2290 Quod
2489 2222 2535 2276 si
2564 2222 2610 2277 is
2673 2223 2763 2294 qui
2792 2232 2952 2297 rOgat
2983 2240 3206 2281 causam
3236 2242 3390 2281 suam
3421 2225 3594 2282 audiri

1998 2307 2213 2375 iterum,
2239 2310 2622 2380 deprecatione
2652 2328 2746 2366 sua
2773 2314 3003 2381 moverit
3031 2314 3348 2385 episcopum
3386 2316 3592 2370 Roma-

2000 2413 2148 2461 num,
2181 2405 2238 2453 ut
2293 2414 2324 2453 e
2366 2398 2538 2454 latere
2570 2416 2668 2455 suo
2720 2402 3095 2471 presbyterum
3149 2402 3342 2472 mittat,
3400 2402 3501 2458 erit
3536 2402 3593 2457 in

1999 2493 2265 2556 potestate
2312 2486 2554 2558 episcopi
2585 2489 2715 2559 quid
2745 2489 2890 2557 velit,
2929 2497 2980 2545 et
3010 2490 3141 2561 quid
3168 2490 3397 2545 mstimet
3428 2509 3442 2557 ;
3476 2498 3530 2546 et
3550 2491 3597 2545 si

2000 2573 2302 2643 decreverit
2330 2575 2621 2631 mittendos
2650 2593 2772 2632 esse
2801 2579 2892 2648 qui
2941 2586 3241 2648 praesentes
3299 2594 3422 2634 cum
3472 2579 3594 2650 epi-

2001 2663 2182 2733 scopis
2242 2663 2503 2731 judicent,
2562 2665 2823 2721 habentes
2882 2665 2999 2735 ejus
3016 2667 3396 2722 auctoritatem
3427 2683 3587 2738 aquo

2001 2751 2255 2806 destinati
2284 2759 2427 2818 sunt,
2478 2753 2578 2808 erit
2634 2753 2690 2807 in
2718 2769 2817 2809 suo
2871 2755 3108 2811 arbitrio.
3167 2754 3224 2810 Si
3252 2771 3384 2811 vero
3412 2754 3596 2811 credi-

2001 2838 2142 2894 derit
2173 2840 2461 2911 episcOpos
2490 2841 2755 2909 sufﬁcere,
2823 2851 2882 2897 ut
2910 2843 3130 2916 negotio
3172 2843 3458 2899 terminum
3489 2844 3597 2899 im-

2001 2937 2220 2999 ponant,
2253 2928 2412 2986 faciet
2461 2931 2605 3002 quod
2649 2931 3048 3002 sapientissimo
3105 2932 3332 2988 consilio
3380 2933 3597 3002 judica-

2001 3017 2158 3073 verit.
2198 3040 2218 3067 υ

2075 3106 2219 3179 Lege
2268 3106 2552 3177 epistolam
2599 3107 2770 3178 ipsius
2839 3108 3179 3164 Sardicensis
3250 3108 3465 3166 concilii
3529 3109 3599 3164 ad

2000 3208 2189 3249 omnes
2248 3211 2481 3265 usquam
2534 3195 2839 3267 episcopos,
2901 3203 2950 3250 et
2978 3196 3223 3252 invenies
3283 3198 3387 3253 hoc
3432 3196 3598 3253 modo

2000 3277 2354 3333 Athanasium
2384 3279 2830 3347 Alexandrinum,
2867 3288 2918 3335 et
2957 3280 3181 3335 Paulum
3213 3280 3602 3338 Constantino-

2000 3367 2318 3438 politanum,
2352 3368 2451 3423 sed
2480 3376 2532 3423 et
2558 3369 2696 3424 alios
2743 3368 3055 3440 apostolica
3103 3369 3251 3425 sedis
3289 3370 3604 3427 auctoritate

1999 3457 2056 3510 in
2085 3457 2277 3511 eadem
2298 3457 2508 3528 synodo
2538 3457 2818 3513 absolutos
2875 3472 2939 3514 ac
2984 3459 3272 3514 restitutos.
3324 3459 3469 3532 Lege
3498 3459 3601 3516 de-

2001 3546 2256 3602 cretalem
2302 3546 2586 3616 epistolam
2612 3546 2807 3602 Leonis
2855 3547 2922 3601 ad
2962 3547 3252 3618 episc0pos
3280 3564 3381 3619 per
3419 3548 3598 3604 Caesa-

2002 3633 2240 3690 riensem
2298 3634 2670 3690 Mauritaniam
2731 3634 3050 3690 constitutos
3115 3636 3304 3710 (epist.
3373 3636 3483 3708 91),
3545 3644 3600 3693 et

2002 3722 2247 3780 invenies
2270 3723 2915 3795 Lupicinum,secundum
2934 3724 3094 3794 hujus
3116 3724 3310 3796 synodi
3331 3733 3596 3792 tenorem,

1999 3811 2056 3868 in
2113 3811 2397 3883 provincia
2439 3813 2651 3882 jussum
2697 3812 2888 3880 audiri,
2947 3829 3074 3869 cum
3124 3813 3343 3870 ratione
3383 3813 3593 3871 reddita

2003 3917 2171 3974 quare
2201 3900 2637 3958 communionem
2666 3908 2791 3957 ante
2835 3901 3162 3958 suditionem
3203 3910 3491 3958 meruerat.
3531 3903 3604 3958 Et

2002 4005 2111 4046 non
2139 3990 2503 4062 prmjudicatis
2543 3990 2856 4062 apostolicae
2903 3991 3050 4046 sedis
3077 3991 3303 4058 statutis,
3333 4007 3435 4048 nec
3461 4008 3599 4062 prae-

2003 4079 2353 4135 decessorum
2384 4094 2605 4134 suorum
2634 4079 2856 4150 suisque
2886 4078 3142 4145 decretis,
3176 4080 3444 4135 Donatum
3466 4079 3600 4136 Sali-

2003 4168 2280 4223 cinensem
2310 4182 2637 4223 conversum
2664 4167 2871 4222 directo
2914 4166 3041 4221 ﬁdei
3070 4166 3253 4223 libello
3284 4168 3442 4240 gregi
3479 4168 3596 4222 Do-

2001 4255 2199 4310 minico
2254 4255 2597 4326 praesedisse.
2631 4254 2926 4309 Maximum
2956 4254 3137 4321 etiam,
3170 4270 3236 4309 ex
3266 4255 3403 4310 laico
3423 4271 3601 4326 repre-

2001 4343 2337 4400 hensibiliter
2363 4342 2690 4412 ordinatum,
2725 4342 2969 4397 similiter
2998 4343 3126 4398 dato
3141 4341 3346 4409 libello,
3378 4342 3446 4397 ab
3479 4342 3599 4413 epi-

548 4453 686 4507 urbe
715 4418 906 4517 Iliom‘a,
932 4449 1068 4505 alter
1096 4418 1386 4521 episcopus
1435 4446 1489 4500 in
1535 4445 1781 4514 ejusdem
1795 4418 1899 4500 ea-
1929 4430 1981 4490 D
2005 4432 2229 4505 scopall,
2261 4447 2423 4504 quam
2446 4418 2833 4505 ‘quoquomodo
2856 4431 3083 4503 adeptus
3114 4430 3305 4521 fuerat,
3337 4430 3600 4504 dignitate

304 4543 510 4610 thedra,
542 4549 671 4614 post
699 4539 1124 4612 appellationem
1154 4539 1272 4607 ejus
1294 4536 1385 4609 qui
1414 4534 1627 4592 videtur
1655 4549 1776 4588 esse
1807 4533 1901 4589 de-

298 4631 526 4704 positus,
560 4630 784 4687 omnino
816 4645 925 4685 non
973 4628 1265 4696 ordinetur,
1311 4624 1416 4680 nisi
1465 4639 1630 4680 causa
1660 4621 1819 4678 fuerit
1848 4623 1904 4677 in

297 4721 501 4791 judicio
557 4718 802 4791 episcOpi
858 4716 1091 4775 Romani
1167 4714 1538 4771 determinata.
1601 4733 1623 4762 υ
1692 4712 1902 4767 Iustum

303 4825 539 4883 namque
597 4824 663 4865 ac
719 4808 923 4864 ratione
976 4804 1353 4877 plenissimum
1399 4800 1718 4858 Sardicense
1772 4800 1905 4856 vidit

304 4899 612 4967 concilium,
648 4905 705 4954 ut
734 4896 860 4970 quia
887 4896 1188 4953 secundum
1237 4907 1421 4949 sacros
1450 4891 1701 4947 Nicaenos
1733 4905 1903 4946 cano-

305 5004 423 5057 nes,
460 5003 801 5061 unaquaaque
838 4985 1119 5059 provincia
1164 4998 1262 5040 suo
1291 4979 1703 5051 metropolitano
1746 4978 1905 5034 debet

307 5094 427 5134 esse
456 5076 752 5143 contentia,
783 5091 887 5132 nec
906 5073 1244 5146 usurpationi
1272 5072 1427 5127 locus
1444 5067 1603 5124 alicui
1633 5067 1905 5124 sacerdoti

306 5166 363 5222 in
390 5166 612 5223 alterius
641 5164 958 5222 conceditur
984 5162 1197 5233 injuria,
1231 5174 1407 5233 neque
1436 5166 1493 5213 ut
1519 5158 1655 5213 alter
1682 5157 1739 5212 in
1768 5157 1904 5213 alte-

306 5256 415 5311 rius
442 5254 729 5328 provincia
755 5253 1010 5327 quiddam
1067 5257 1377 5324 praesumat,
1420 5246 1517 5303 sed
1570 5262 1906 5319 unaquaeque

312 5344 589 5418 provincia
619 5342 1018 5416 metropolitani
1047 5340 1131 5398 sui
1160 5341 1216 5395 in
1261 5336 1512 5395 omnibus
1541 5334 1706 5390 rebus
1755 5338 1905 5392 ordi-

308 5435 580 5492 nationem
599 5450 819 5506 semper
837 5440 1136 5505 exspectet,
1168 5447 1238 5486 ne
1276 5428 1549 5501 judicatus
1594 5426 1649 5485 in
1682 5426 1906 5501 provin-

311 5522 432 5581 ciali
455 5522 666 5594 judicio
695 5521 921 5598 quilibet
974 5522 1237 5579 innocens
1281 5520 1571 5576 damnetur
1590 5517 1902 5592 episcOpus,

2002 4538 2110 4578 non
2160 4521 2370 4594 repelli.
2413 4522 2614 4595 Aggari
2665 4521 2898 4594 denique
2947 4529 2999 4577 et
3036 4520 3311 4576 Tiberiani
3355 4535 3597 4589 causam,

2003 4612 2094 4684 qui
2124 4628 2222 4683 per
2247 4611 2509 4667 tumultus
2553 4619 2605 4667 et
2636 4611 2931 4667 seditiones
2973 4609 3292 4665 dicebantur
3343 4607 3597 4675 ordinati,

2003 4700 2417 4773 provincialium
2430 4701 2812 4772 episc0porum
2837 4698 3040 4769 judicio
3067 4697 3415 4753 commissam
3433 4696 3603 4753 fuisse

2005 4799 2057 4846 et
2082 4791 2152 4845 ad
2183 4790 2539 4862 apostolicam
2570 4789 2755 4845 sedem
2805 4794 3002 4842 statuta
3051 4784 3338 4841 referenda
3387 4802 3598 4858 praece-

2003 4888 2157 4952 ptum
2176 4878 2343 4935 fuisse
2387 4879 2651 4946 invenies,
2702 4884 2755 4932 et
2784 4875 2829 4929 si
2859 4891 2980 4946 quae
3031 4889 3210 4930 causae
3256 4876 3599 4943 emerserint,

2007 4985 2128 5042 quae
2157 4969 2227 5024 ad
2257 4977 2451 5023 statum
2481 4964 2868 5028 Ecclesiarum,
2902 4971 2956 5017 et
2984 4963 3054 5019 ad
3084 4965 3434 5021 concordiam
3468 4982 3601 5037 per-

2005 5058 2212 5113 tineant
2242 5058 2607 5121 sacerdotum,
2637 5053 2693 5108 in
2721 5051 2998 5124 provincia
3028 5052 3131 5108 sub
3161 5053 3353 5109 timore
3384 5054 3602 5109 Domini

2005 5146 2275 5215 ventilari,
2310 5153 2360 5201 et
2389 5145 2456 5199 de
2487 5135 2802 5213 cOmpositis
2832 5157 2897 5198 ac
2926 5142 3319 5214 componendis
3349 5142 3601 5223 omnibus

2004 5238 2073 5292 ad
2103 5236 2292 5293 sedem
2319 5231 2667 5305 apostolicam
2695 5231 3064 5305 plenissimam
3094 5232 3414 5288 relationem
3440 5230 3600 5300 mitti,

2005 5333 2062 5381 ut
2110 5341 2173 5379 ea
2202 5340 2323 5396 quae
2332 5322 2483 5392 juxta
2512 5320 2943 5379 ecclesiasticum
2971 5336 3182 5376 morem
3223 5320 3367 5390 juste
3398 5327 3450 5374 et
3507 5337 3598 5375 ra-

2004 5412 2332 5468 tionabiliter
2384 5408 2582 5465 fuerint
2635 5409 2879 5481 diﬁinita,
2911 5409 3083 5482 ipsius
3133 5408 3399 5465 sententia
3429 5408 3602 5464 robo-

2006 5517 2211 5568 rentur.
2266 5508 2373 5566 Sed
2402 5514 2455 5564 et
2484 5508 2552 5564 de
2582 5508 2754 5566 altero
2786 5508 3021 5566 Maximo
3051 5523 3084 5563 a
3103 5515 3289 5564 sancto
3318 5503 3595 5561 Bonifacio
