4072 6304
533 291 639 344 307

1311 289 1655 347 HINCMARI
1685 287 2087 347 RHEMENSIS
2114 286 2646 346 ARCHIEPISCOPI

3727 292 3836 343 308

533 415 812 470 decretum
841 413 1086 472 invenies
1118 415 1381 486 (Bonifac.
1415 417 1458 483 Ι,
1482 419 1643 490 epist.
1675 416 1753 487 2),
1777 417 1956 472 «intra
1989 431 2116 486 pro-
2146 411 2203 472 A
2223 414 2289 469 ad
2321 415 2466 470 diem
2495 416 2576 470 sui
2615 416 2793 471 obitus
2834 415 3062 472 deberet
3108 414 3337 483 retrudi,
3383 414 3577 470 viatico
3617 422 3834 470 tantum

530 501 765 560 vinciam
781 518 905 560 esse
921 503 1122 558 debere
1135 504 1420 573 judicium,
1435 512 1485 560 et
1496 506 1821 579 congregari
1833 505 2120 577 synodum,

532 597 592 647 ut
620 590 668 646 si
699 591 894 648 adesse
924 591 1158 648 voluerit
1185 609 1452 663 praesens,
1483 595 1528 650 si
1545 594 1786 662 confidit,
1816 594 1885 649 ad
1913 594 2122 663 objecta

531 679 858 751 respondeat
877 697 890 735 :
905 680 952 735 si
967 680 1162 738 adesse
1177 682 1500 756 negligeret,
1517 683 1827 738 dilationem
1841 683 2121 739 sententia

533 769 603 824 de
619 768 869 825 absentia
895 785 1003 825 non
1017 769 1336 828 lucraretur.
1358 771 1428 826 Et
1449 772 1709 844 quidquid
1729 773 1798 828 de
1809 787 1876 828 eo
1901 771 2120 843 provin-

534 856 701 914 ciales
721 857 964 929 episcopi
976 859 1234 916 ducerent
1247 861 1672 928 decernendum,
1687 861 1758 916 ad
1769 859 2119 931 apostolicam

533 945 724 1003 sedem
747 945 1034 1014 referrent,
1070 955 1128 1004 ut
1159 949 1277 1018 ejus
1305 949 1616 1006 auctoritate
1647 949 1971 1005 ﬁrmaretur.
1996 969 2018 999 ι

585 1071 646 1125 In
673 1069 908 1127 decretis
929 1087 1148 1144 quoque
1176 1072 1474 1130 Innocentii
1507 1074 1810 1139 (Innocent.
1843 1076 1884 1142 Ι,
1917 1091 2001 1147 ep.
2027 1078 2117 1142 27,

532 1158 590 1214 in
647 1156 777 1229 ﬁne)
799 1180 806 1188 ο
830 1159 1136 1228 Photinum,
1195 1161 1264 1216 de
1320 1177 1428 1233 quo
1485 1162 1601 1218 sedi
1653 1162 1964 1234 apostolica
2021 1181 2122 1235 per

528 1245 728 1302 falsum
797 1263 1070 1304 rumorem
1131 1249 1447 1322 subreptum
1495 1259 1549 1307 et
1597 1251 1834 1308 elicitum
1880 1267 1980 1323 per
2031 1253 2120 1308 in—

527 1334 692 1390 sidias
721 1335 1023 1406 dicebatur,
1055 1339 1183 1410 quia
1211 1352 1373 1394 causa
1401 1340 1473 1394 ad
1495 1339 1722 1396 salutem
1749 1341 2007 1411 redierat,
2040 1343 2122 1398 in-

523 1423 712 1480 venies
742 1423 1064 1480 restitutum.
1098 1425 1206 1482 Sed
1236 1434 1288 1482 et
1315 1443 1346 1482 a
1373 1427 1551 1485 Felice
1608 1445 1749 1501 papa
1797 1429 1970 1501 (Felix
2025 1431 2116 1500 III,

525 1513 689 1585 epist.
725 1513 797 1584 4),
832 1528 941 1568 non
972 1529 1072 1584 per
1100 1514 1526 1587 subreptionem,
1587 1517 1685 1573 sed
1733 1534 1834 1589 per
1863 1519 2120 1576 rationem

525 1598 837 1656 damnatum
882 1601 1169 1670 Misenum,
1220 1612 1478 1676 suscepto
1523 1605 1596 1660 ab
1623 1622 1690 1662 eo
1726 1605 1911 1662 libello
1939 1608 2118 1680 poeni-

2223 520 2450 559 munere
2482 505 2799 560 redonatus.

2292 593 2437 666 Lege
2499 609 2712 666 quoque
2742 594 2964 650 decreta
3020 593 3242 660 Gelasii,
3307 601 3361 648 et
3408 592 3654 649 invenies
3702 609 3830 648 eum

2221 696 2654 738 commemorare
2685 699 2806 754 qua
2843 683 3008 756 longe
3053 690 3178 737 ante
3219 697 3314 736 sua
3344 689 3588 752 tempora
3619 681 3828 736 consti-

2220 777 2420 838 terunt,
2443 772 2512 826 de
2543 771 2858 839 Athanasio,
2889 771 2958 826 de
2973 771 3180 827 Joanne
3201 769 3826 841 Constantinopolitano,

2219 867 2384 930 atque
2412 858 2690 930 Flaviano,
2723 859 2970 916 eamdem
2997 859 3231 931 primam
3255 859 3443 915 sedem
3464 859 3664 932 egisse,
3686 859 3830 914 sicut

2221 956 2274 1003 et
2299 947 2368 1004 de
2394 949 2576 1003 multis
2604 949 2724 1003 aliis
2769 949 2825 1004 in
2863 949 3206 1006 documentis
3251 948 3572 1006 certissimis
3610 948 3827 1020 reperi-

2220 1053 2362 1091 mus.
2387 1038 2532 1110 Lege
2563 1037 2726 1094 etiam
2750 1037 2984 1110 qualiter
3010 1037 3334 1094 Athanasius
3365 1037 3422 1092 in
3451 1037 3660 1108 synodo
3693 1035 3829 1092 Hie-

2220 1126 2628 1196 rosolymitana,
2663 1127 2760 1182 sed
2793 1134 2846 1181 et
2875 1127 2930 1181 in
2961 1126 3344 1197 Alexandrina,
3378 1142 3491 1182 sua
3518 1125 3828 1181 absolutio-

2218 1215 2304 1270 nis
2333 1229 2399 1270 ac
2436 1215 2794 1271 restitutionis
2840 1216 3219 1272 auctoritatem
3261 1233 3291 1270 a
3341 1215 3473 1271 sede
3518 1214 3826 1286 apostolica

2221 1313 2507 1376 sumptam,
2540 1313 2594 1360 et
2621 1305 2676 1360 in
2707 1305 3012 1360 Sardicensi
3043 1306 3252 1377 synodo
3269 1311 3581 1360 exsecutam
3601 1303 3824 1378 relegit,

2221 1401 2272 1449 et
2301 1393 2713 1450 unanimitatem
2752 1393 3098 1448 fraternitatis
3147 1393 3412 1466 quaesivit,
3473 1392 3613 1449 sicut
3669 1401 3723 1448 et
3764 1394 3824 1447 in

2220 1489 2406 1537 nostra
2436 1483 2645 1554 synodo
2675 1483 2743 1538 de
2772 1482 2943 1538 fratre
2973 1491 3026 1538 et
3070 1483 3466 1538 consacerdote
3511 1489 3701 1562 nostro
3749 1482 3822 1536 de

2220 1587 2328 1642 quo
2387 1571 2564 1642 agitur
2619 1570 2817 1628 factum
2876 1571 2992 1628 fuit.
3029 1569 3170 1640 Quia
3221 1572 3362 1628 sicut
3389 1579 3442 1626 et
3484 1571 3553 1626 de
3598 1571 3821 1627 redem-

519 1683 722 1750 tentia,
753 1684 990 1757 legimus
1018 1702 1049 1741 a
1076 1659 1237 1743 nam
1261 1659 1492 1744 ’eaaa
1511 1659 2122 1764 εδεόιὶιιῖιιηῖὲὶιτεῇἇὸ-
2218 1667 2584 1764 mrem”?
2614 1659 2671 1714 in
2727 1659 3014 1764 Ei‘ifmiele
3056 1659 3336 1764 ,PrOIZhe?a
3370 1659 3618 1764 ,ίθείωῖίδ
3661 1660 3823 1728 (ω’

521 1771 590 1829 do
619 1775 772 1830 Rom.
770 1774 823 1845 ).
854 1774 916 1829 In
961 1782 1180 1848 regesto
1206 1777 1559 1834 nihilominus
1579 1779 1721 1834 beati
1759 1779 2038 1852 Gregorii,

517 1861 745 1932 epistola
774 1862 844 1918 ad
873 1863 1182 1932 Maximum,
1213 1865 1498 1922 manifesta
1527 1867 1760 1924 lectione
1779 1869 2018 1940 reperies
2037 1870 2120 1924 di-

517 1963 666 2018 cere,
699 1950 1012 2008 nullomodo
1041 1969 1206 2024 posse
1223 1955 1639 2025 ordinationem,
1659 1973 1778 2028 qua
1806 1958 1874 2012 ab
1901 1973 2118 2016 excom-

517 2039 806 2095 municatis
835 2040 891 2094 in
922 2043 1390 2100 excommunicato
1409 2053 1492 2100 est
1521 2053 1668 2103 acta.
1706 2047 1776 2102 Et
1801 2046 1856 2102 in
1887 2048 2117 2118 epistola

518 2128 589 2182 ad
619 2127 940 2185 Columbum
959 2131 1079 2202 (lib.
1115 2147 1154 2199 ι,
1177 2135 1341 2204 epist.
1361 2134 1660 2204 33),oblata
1680 2136 1781 2191 sibi
1801 2137 2062 2208 petitione
2081 2154 2115 2194 a

520 2216 840 2274 diaconibus
879 2219 1141 2277 Ecclesia
1186 2223 1553 2291 Pudentiana,
1580 2225 1742 2294 jussit
1770 2225 1826 2281 in
1861 2226 2114 2282 Numidia

515 2305 798 2377 provincia
826 2323 951 2363 cum
979 2309 1150 2365 misso
1180 2327 1278 2367 suo
1306 2311 1615 2370 universale
1645 2314 1931 2370 concilium
1974 2331 2110 2371 con-

511 2394 754 2467 gregari,
805 2403 858 2451 et
927 2397 1310 2456 Maximianum
1389 2401 1707 2474 episcopum
1789 2403 2110 2476 regulariter

515 2481 820 2538 convictum
878 2485 1077 2558 deponi
1137 2505 1150 2540 :
1209 2496 1265 2544 et
1319 2490 1368 2544 si
1425 2499 1771 2548 accusatores
1842 2509 1944 2565 pro
2010 2509 2108 2549 sua

511 2569 672 2642 culpa
700 2569 931 2630 feriendi
960 2574 1157 2645 forent,
1188 2593 1287 2648 pro
1312 2593 1379 2635 eo
1407 2581 1552 2652 quod
1580 2597 1639 2636 se
1659 2582 1888 2638 Romam
1917 2581 2106 2656 fatiga-

511 2667 705 2714 verunt
733 2676 844 2717 non
873 2663 953 2719 eis
1009 2681 1132 2721 esse
1159 2668 1520 2738 parcendum.
1580 2671 1650 2726 Et
1678 2671 1734 2726 in
1773 2672 2001 2744 epistola
2037 2672 2104 2728 ad

506 2747 772 2804 Joannem
803 2750 1203 2822 Syracusanum
1233 2756 1352 2827 (lib.
1377 2773 1476 2824 vn,
1503 2760 1624 2816 ind.
1664 2764 1748 2828 Η,
1782 2765 1946 2834 epist.
1988 2762 2098 2830 62),

505 2835 773 2893 Lucillum
819 2841 1136 2899 Melicitana
1166 2844 1396 2913 civitatis
1453 2847 1786 2920 episcopum,
1847 2853 2102 2910 adhibitis

515 2939 700 2981 secum
723 2926 896 2984 tribus
916 2930 1003 2986 vel
1028 2940 1257 3004 quatuor
1275 2934 1698 3007 coepiscopis,ut
1716 2938 1849 3010 ipsis
1859 2957 2102 3011 prasen-

508 3011 656 3070 tibus
685 3016 962 3074 satisfacto.
990 3020 1232 3093 veritate,
1263 3023 1464 3080 debere
1494 3025 1692 3097 deponi
1729 3044 1742 3082 :
1801 3037 1853 3084 et
1881 3029 2014 3086 alter
2044 3031 2099 3086 in

508 3101 626 3196 ejus
645 3103 771 3196 loco
796 3107 1078 3180 pacipitur
1095 3110 1242 3183 eligi,
1267 3112 1415 3185 quia,
1435 3123 1492 3170 ut
1520 3114 1639 3187 ipse
1668 3116 1855 3172 beatus
1876 3119 2094 3191 Grego-
2125 3128 2176 3196 α

501 3190 616 3247 rius
640 3193 707 3248 ad
723 3195 1108 3268 Neapolitanos
1129 3201 1316 3258 scribit
1345 3203 1464 3275 (lib.
1489 3219 1572 3272 χι,
1607 3222 1692 3278 ep.
1717 3208 1792 3278 3),
1831 3230 1852 3257 α
1874 3190 2097 3265 canoni-~

505 3279 584 3335 cis
613 3290 696 3337 est
719 3285 924 3356 regulis
967 3290 1333 3362 constitutum,
1383 3301 1442 3348 ut
1471 3293 1724 3351 defuncto
1769 3297 1858 3352 vel
1882 3299 2095 3356 sublato

501 3376 740 3440 pastore,
759 3372 1009 3430 Ecclesia
1036 3377 1128 3432 diu
1157 3381 1437 3436 sacerdote
1466 3382 1662 3452 privari
1685 3400 1796 3440 non
1822 3385 2037 3444 debeat.
2068 3411 2090 3440 ι

503 3456 574 3512 Et
597 3457 655 3513 in
685 3460 915 3532 epistola
951 3465 1019 3520 ad
1047 3466 1298 3524 Natalem
1328 3469 1695 3527 Salonitanum
1724 3473 2094 3545 archiepisco-

501 3559 654 3618 pum,
687 3551 786 3606 sed
809 3561 862 3608 et
890 3553 946 3609 in
975 3555 1206 3627 epistola
1231 3558 1300 3614 ad
1332 3560 1661 3616 Antoninum
1703 3561 2094 3620 subdiaconum

503 3633 622 3705 (lib.
657 3653 739 3705 χι,
775 3641 893 3698 ind.
929 3647 1016 3711 11,
1049 3661 1134 3719 ep.
1187 3650 1238 3716 8,
1291 3649 1367 3719 9),
1415 3648 1603 3718 habes,
1663 3657 1723 3705 ut
1763 3651 2096 3710 Florentium

499 3723 815 3798 episcopum
841 3746 872 3784 a
895 3731 1216 3803 quibusdam
1246 3736 1301 3791 in
1329 3736 1699 3793 criminalibus
1727 3740 1906 3796 causis
1936 3758 2098 3798 accu-

498 3819 696 3881 satum,
729 3824 782 3871 et
810 3818 972 3874 nullis
1011 3823 1288 3880 canonicis
1334 3826 1745 3896 probationibus
1793 3831 2091 3902 exquisitis,

500 3917 606 3959 nec
641 3907 994 3964 sacerdotalis
1041 3912 1254 3967 concilii
1306 3915 1660 3984 proveniente
1679 3917 1904 3986 judicio,
1955 3936 1985 3975 a
2012 3922 2095 3978 sui

496 4007 622 4048 eum
658 3993 884 4051 honoris
913 3996 1106 4069 oﬂicio,
1141 4017 1249 4057 non
1273 4001 1398 4070 jure
1428 4004 1526 4059 sed
1575 4012 1840 4076 potestate
1869 4008 2092 4080 deposi-

498 4087 639 4172 tum,
669 4083 805 4172 quia
823 4101 934 4141 non
973 4095 1154 4158 potest
1183 4090 1470 4162 quisquam
1522 4093 1868 4168 episcopatus
1895 4099 2088 4172 gradu,

494 4169 600 4226 nisi
620 4170 880 4242 justis'ex
908 4176 1088 4232 causis
1119 4193 1352 4236 concors
1381 4183 1730 4240 sacerdotum
1769 4169 2092 4245 submovere

491 4262 776 4331 sententia,
809 4266 1062 4322 eumdem
1085 4267 1415 4326 Florentium
1445 4271 1770 4346 episcopum
1797 4276 1870 4330 ab
1899 4277 2091 4334 exsilio

491 4365 600 4421 quo
631 4359 746 4406 erat
773 4361 1019 4411 retrusus
1041 4357 1240 4414 debere
1261 4359 1400 4431 ejici,
1421 4369 1476 4417 et
1504 4377 1724 4418 causam
1746 4366 1862 4432 ejus
1878 4365 2092 4437 episco-

488 4437 602 4511 pali
647 4439 1042 4513 disceptatione
1086 4447 1327 4519 perquiri
1375 4469 1389 4516 ;
1422 4457 1473 4506 et
1517 4451 1563 4505 si
1594 4451 1648 4506 in
1673 4453 1778 4523 his,
1811 4454 1866 4508 in
1895 4455 2090 4526 quibus

486 4537 776 4586 accusatus
804 4531 998 4600 fuerat,
1021 4536 1282 4592 canonica
1327 4536 1465 4594 foret
1512 4540 1834 4611 probatione
1897 4545 2088 4600 convi-

487 4631 624 4693 ctus,
657 4622 918 4679 canonica
971 4625 1162 4696 procul
1192 4625 1358 4684 dubio
1385 4627 1589 4684 ultione
1629 4629 1992 4701 plectendum,
2037 4642 2091 4690 et

480 4712 691 4784 prafati
721 4712 1120 4786 archiepiscopi
1148 4713 1205 4770 in
1227 4731 1352 4772 eum
1381 4718 1664 4790 proprium
1677 4721 1844 4775 robur
1873 4722 2087 4779 obtine-

478 4817 541 4856 re
561 4801 763 4857 debere
785 4803 1126 4870 sententiam;
1161 4805 1246 4860 sin
1267 4813 1447 4861 autem
1475 4807 1724 4878 generali
1743 4809 1946 4878 judicio
1963 4811 2086 4868 fuis.

478 4897 563 4947 set
591 4889 890 4957 absolutus,
948 4893 1147 4949 nullius
1177 4893 1440 4967 deinceps
1485 4897 1802 4967 prajudicio
1831 4901 2084 4970 subjace-

482 4986 579 5046 ret,
615 4985 670 5035 et
696 4995 810 5036 sua
841 4995 930 5035 res
960 4981 1062 5036 sibi
1092 4983 1528 5040 restituerentur.
1581 4987 1652 5041 Et
1680 4986 1737 5041 in
1761 4989 1986 5059 epistola
2015 4993 2084 5046 ad

483 5068 751 5126 Joannem
779 5067 970 5140 prima
997 5069 1316 5128 Justiniana
1359 5073 1830 5147 archiepiscopum
1859 5080 1978 5149 (lib.
2021 5096 2080 5151 x,

477 5180 564 5238 ep.
601 5165 710 5238 33),
742 5165 810 5222 de
833 5164 1001 5222 Paulo
1023 5167 1266 5225 Diadina
1287 5169 1521 5227 civitatis
1543 5172 1798 5246 episcopo
1812 5175 2079 5244 invenies,

473 5269 531 5318 ut
560 5262 653 5335 qui
680 5257 802 5334 post
822 5263 1219 5334 depositionem
1239 5282 1413 5335 suam,
1436 5269 1799 5327 inverecunde
1817 5288 1882 5329 ac
1901 5284 2081 5331 mente

464 5374 742 5433 perversa
765 5361 834 5414 de
865 5359 1180 5434 episcopatu
1217 5363 1364 5436 loqui
1393 5373 1476 5421 est
1501 5381 1686 5438 ausus,
1719 5376 1774 5424 et
1802 5386 1988 5426 rursus
2009 5372 2081 5428 ad

475 5459 578 5516 hoc
608 5459 853 5530 aspirare
896 5462 1260 5534 praesumpsit,
1316 5472 1375 5518 ut
1421 5466 1693 5524 Dominici
1741 5470 1988 5541 corporis
2028 5481 2080 5526 et

478 5555 760 5631 sanguinis
780 5559 1160 5618 communione
1179 5560 1440 5634 privatus,
1473 5562 1528 5622 in
1549 5567 1885 5624 monasterio
1905 5583 2082 5640 usque

2060 1747 2114 1836 in
2141 1749 2308 1835 Bch.
2377 1749 2586 1818 XLVII),
2630 1749 2928 1820 apostolica
2975 1749 3136 1804 sedes
3185 1747 3483 1804 funiculum
3547 1747 3604 1803 in
3649 1763 3822 1804 manu

2219 1845 2429 1905 tenens,
2481 1837 2676 1894 dixina
2723 1838 3094 1908 dispositionis
3140 1837 3351 1905 intuitu,
3398 1837 3629 1892 alterum
3675 1837 3821 1893 intra

2217 1941 2526 1981 mensuram
2573 1927 2871 1983 electorum
2927 1926 3305 1983 misericordia
3358 1925 3595 1994 asciscit,
3648 1933 3702 1981 et
3733 1926 3820 1981 al-

2216 2022 2390 2069 terum
2433 2015 2638 2084 judicio
2685 2014 2832 2070 foras
2882 2015 3138 2086 relinquit
3200 2033 3214 2069 :
3265 2023 3324 2070 ut
3367 2023 3420 2070 et
3483 2015 3820 2086 Redemptor

2215 2110 2417 2168 noster,
2452 2105 2580 2158 dum
2637 2103 2776 2158 alios
2824 2119 2854 2158 a
2885 2103 2999 2158 suis
3027 2103 3401 2176 iniquitatibus
3431 2103 3713 2184 abstrahit,
3763 2113 3820 2160 et

2215 2191 2350 2247 alios
2397 2191 2453 2246 in
2496 2209 2590 2246 sua
2619 2191 2898 2264 iniquitate
2945 2191 3290 2265 derelinquit,
3341 2192 3467 2248 alibi
3509 2193 3816 2249 funiculum

2212 2280 2393 2345 trahit,
2428 2289 2480 2336 et
2510 2280 2728 2336 aliunde
2760 2281 3064 2347 retrahit,et
3091 2283 3196 2337 huc
3225 2281 3373 2337 ducit
3401 2298 3563 2353 quem
3582 2282 3806 2338 aliunde

2211 2369 2480 2435 subducit,
2513 2369 2770 2442 quoniam
2799 2370 2855 2425 in
2884 2371 3075 2426 eadem
3107 2371 3236 2426 sede
3265 2369 3551 2438 Dominus,
3583 2370 3737 2426 velut
3759 2371 3816 2426 in

2209 2458 2404 2514 throno
2448 2474 2546 2514 suo
2599 2459 2921 2530 praesidens,
2956 2460 3183 2515 aliorum
3230 2459 3376 2516 facta
3435 2461 3725 2529 examinat,
3762 2469 3816 2516 et

2208 2555 2400 2602 cuncta
2430 2547 2768 2616 mirabiliter,
2799 2557 2857 2603 ut
2884 2548 3137 2605 videlicet
3165 2549 3233 2604 de
3265 2549 3396 2605 sede
3427 2565 3546 2615 sua,
3578 2549 3811 2621 dispen-

2207 2643 2310 2692 sat.
2343 2637 2546 2692 Verum
2576 2637 2719 2692 sicut
2774 2653 2876 2692 nos
2924 2639 3096 2710 ipsius
3144 2637 3454 2709 apostolica
3485 2639 3634 2694 sedis
3662 2655 3813 2710 pra-

2206 2725 2455 2781 stantiam
2485 2725 2683 2782 fuimus
2712 2727 2966 2798 amplexi,
2989 2727 3062 2782 ita
3093 2735 3144 2782 et
3172 2727 3288 2798 ipsa
3317 2728 3478 2783 sedes
3507 2729 3814 2799 apostolica

2204 2815 2406 2886 scripto
2437 2830 2718 2870 sacrorum
2740 2831 3008 2871 canonum
3036 2816 3408 2872 auctoritatem
3430 2817 3588 2874 nobis
3609 2833 3815 2890 repen-

2203 2903 2301 2970 dit,
2334 2912 2388 2958 et
2418 2903 2813 2976 benignitatem
2843 2904 3180 2974 paternitatis
3211 2905 3470 2975 exhibuit,
3503 2905 3655 2962 velut
3683 2923 3818 2963 con-

2203 2991 2384 3048 cilium
2407 2993 2837 3064 Carthaginense
2859 2993 3099 3050 decrevit
3117 2995 3294 3065 (conc.
3325 2996 3668 3067 Carthag.,c.
3693 2997 3809 3070 i5):

2200 3080 2428 3148 Placuit,
2462 3081 2732 3154 inquiens,
2757 3090 2816 3137 ut
2843 3100 2873 3136 a
2895 3083 3308 3156 quibuscunque
3331 3083 3604 3153 judicibus
3637 3085 3812 3142 eccle-

2199 3169 2430 3226 siasticis
2459 3172 2526 3225 ad
2555 3171 2692 3227 alios
2707 3171 2921 3241 judices
2940 3171 3357 3240 ecclesiasticos,
3391 3173 3482 3228 ubi
3513 3182 3598 3229 est
3626 3175 3812 3244 major

2199 3260 2508 3326 auctoritas,
2540 3260 2705 3315 fuerit
2735 3268 3106 3332 provocatum,
3158 3277 3266 3317 non
3299 3262 3378 3318 eis
3403 3262 3546 3317 obsit
3573 3279 3808 3334 quorum

2196 3348 2356 3403 fuerit
2378 3349 2551 3404 soluta
2581 3349 2866 3418 sententia,
2899 3349 2945 3404 si
2987 3350 3237 3406 convinci
3265 3367 3374 3406 non
3414 3351 3688 3422 potuerint
3717 3354 3807 3409 vel

2197 3435 2415 3492 inimico
2461 3438 2642 3493 animo
2679 3439 2976 3508 judicasse,
3038 3439 3124 3495 vel
3170 3438 3347 3511 aliqua
3377 3439 3672 3511 cupiditate
3711 3451 3806 3498 aut

2195 3526 2373 3598 gratia
2404 3526 2704 3597 depravati.
2741 3528 2884 3584 Sane
2913 3527 2960 3582 si
2990 3544 3056 3584 ex
3094 3543 3366 3584 consensu
3385 3527 3620 3600 partium
3639 3530 3804 3588 electi

2195 3611 2392 3669 fuerint
2414 3614 2646 3683 judices,
2680 3615 2844 3672 etiam
2874 3633 2904 3670 a
2934 3617 3189 3688 pauciore
3216 3633 3446 3674 numero
3476 3634 3640 3689 quam
3669 3635 3806 3675 con-

2196 3702 2437 3757 stitutum
2468 3711 2568 3770 est,
2603 3703 2809 3760 scilicet
2835 3705 2890 3760 in
2921 3706 3191 3776 superiori
3215 3707 3472 3778 capitulo,
3505 3722 3616 3763 non
3635 3706 3805 3767 liceat

2193 3791 2506 3862 provocari.
2546 3792 2910 3864 Quapropter,
2947 3795 3200 3865 quoniam
3229 3795 3539 3868 benignitas
3570 3805 3803 3868 aposto-

2194 3878 2314 3935 lica
2343 3880 2487 3936 sedis
2515 3897 2614 3937 nos
2645 3881 2864 3938 inimico
2917 3883 3120 3948 animo,
3170 3885 3256 3940 vel
3286 3884 3469 3956 aliqua
3506 3885 3804 3958 cupiditate

2194 3977 2286 4024 aut
2329 3970 2502 4040 gratia
2567 3971 2890 4042 depravatos
2917 3972 3193 4041 judicasse
3217 3989 3326 4028 non
3361 3973 3584 4044 invenit,
3617 3991 3803 4048 neque

2195 4073 2521 4116 succensere
2551 4059 2796 4116 decrevit
2843 4079 2857 4114 :
2893 4069 2945 4115 et
2977 4062 3110 4118 sicut
3145 4071 3346 4118 sancta
3373 4064 3658 4120 memoria
3697 4066 3802 4122 do-

2192 4147 2340 4201 mino
2371 4163 2528 4218 papa
2572 4148 2802 4204 Nicolao
2832 4149 3030 4205 litteris
3058 4151 3258 4206 nostris
3279 4153 3640 4209 communiter
3674 4153 3805 4210 inti-

2192 4235 2474 4302 mavimus,
2506 4253 2669 4293 causa
2699 4238 2858 4308 hujus
2897 4240 3202 4306 sententia,
3239 4241 3292 4296 in
3322 4241 3443 4297 loco
3473 4239 3660 4298 fratris
3689 4260 3800 4299 no-

2192 4325 2292 4378 stri
2317 4327 2595 4382 ordinatus
2622 4328 2875 4397 decessit,
2899 4329 2967 4383 ad
2998 4345 3056 4384 se
3087 4329 3422 4404 confugienti
3455 4345 3569 4388 sua
3598 4340 3798 4389 aucto-

2191 4412 2366 4470 ritatis
2397 4431 2617 4470 manum
2665 4418 2930 4488 porrexit,
2965 4426 3018 4474 et
3049 4419 3196 4491 quod
3259 4420 3665 4491 sapientissimo
3695 4439 3799 4479 suo

2118 4489 2172 4551 D
2195 4503 2424 4560 consilio
2447 4505 2959 4580 judicavit,exsequi
2987 4489 3341 4579 procuravit;
3356 4517 3408 4564 et
3437 4509 3596 4566 nobis
3627 4527 3798 4569 exse-

2192 4599 2316 4648 cuta
2345 4609 2564 4649 servare
2593 4596 2871 4651 mandavit
2903 4597 3093 4666 :cujus
3139 4599 3564 4670 praceptionem
3601 4610 3797 4658 nostra

2189 4681 2484 4748 humilitas,
2507 4691 2564 4738 ut
2592 4685 2816 4758 dignum
2847 4685 2963 4752 fuit,
3006 4687 3324 4744 obedienter
3368 4689 3627 4760 suscepit.
3659 4689 3798 4762 Quis

2189 4769 2330 4824 enitr
2362 4786 2486 4826 cum
2517 4773 2746 4841 Christo,
2781 4775 2872 4846 qui
2901 4783 2984 4830 est
3003 4792 3105 4846 pax
3135 4784 3346 4843 nostra,
3380 4785 3432 4833 et
3461 4778 3638 4835 soluto
3667 4797 3794 4836 me-

2187 4858 2278 4914 dio
2306 4861 2510 4930 pariete
2541 4860 2668 4917 fecit
2713 4871 2941 4934 utraque
2983 4881 3152 4919 unum
3188 4867 3408 4938 (Ephes.
3457 4867 3541 4939 u),
3591 4883 3793 4939 pacem

2185 4947 2386 5004 habere
2417 4949 2754 5020 desiderans,
2785 4967 2892 5006 non
2923 4952 3277 5024 amplectatur
3306 4954 3450 5025 quod
3471 4955 3603 5012 dicit
3633 4959 3792 5030 Apo-

2186 5037 2386 5093 stolus:
2408 5038 2654 5094 Solliciti
2677 5056 2900 5096 servare
2921 5042 3202 5098 unitatem
3224 5045 3462 5116 spiritus
3479 5047 3540 5101 in
3559 5048 3792 5105 vinculo

2185 5128 2340 5196 pacis
2371 5131 2394 5181 ?
2452 5127 2673 5199 (Ephes.
2709 5144 2786 5196 IV,
2819 5130 2896 5200 3.)
2945 5129 3103 5200 Quod
3135 5131 3204 5187 ab
3234 5134 3495 5203 Apostolo
3525 5145 3674 5192 recte
3699 5137 3790 5193 di-

2184 5221 2347 5282 ctum,
2381 5223 2439 5270 tu
2469 5216 2522 5270 in
2555 5218 2792 5287 quadam
2821 5220 3236 5290 prasumptiosa
3266 5222 3673 5294 subscriptione
3695 5234 3788 5281 tua

2182 5301 2477 5376 incongrue
2523 5306 2768 5376 posuisti.
2822 5306 2955 5376 Quis
2999 5309 3264 5366 Ecclesia
3317 5311 3598 5368 catholica
3641 5312 3788 5369 filius

2181 5405 2291 5445 non
2315 5393 2592 5462 potissime
2623 5395 2899 5451 desiderat
2932 5395 3110 5453 fratris
3142 5400 3558 5466 correctionem,
3621 5417 3787 5475 atque

2182 5480 2532 5548 erectionem,
2567 5491 2617 5538 et
2664 5499 2770 5540 non
2818 5484 2996 5540 doleat
3025 5487 3384 5557 dejectionem
3431 5490 3458 5544 ?
3488 5490 3622 5559 Quis
3672 5507 3786 5548 non

2180 5571 2305 5625 totis
2355 5573 2674 5643 pracordiis
2745 5577 3085 5646 congaudeat
3128 5578 3180 5634 in
3242 5579 3385 5636 omni
3450 5580 3780 5650 Christiano,
