4072 6340
233 266 335 321 309

947 266 1192 326 OPUSC.
1250 271 1341 326 ET
1391 271 1612 333 EPIST.
1669 273 1744 328 IN
1791 273 2019 330 CAUSA
2073 274 2415 332 HINCMARI
2468 276 2777 334 LAUDUN.

3433 283 3540 338 310

235 390 475 447 maxime
517 399 700 448 autem
747 391 801 448 in
842 392 1124 450 ministerii
1157 394 1387 469 collega,
1438 397 1846 468 benignissimis
1859 403 1916 464 Α
1945 413 2067 469 qua
2123 414 2158 453 a
2211 398 2370 454 nobis
2417 401 2745 457 unanimiter
2771 401 2826 458 in
2857 405 3064 475 synodo
3095 420 3395 478 consensa,
3433 415 3486 462 et
3514 423 3546 462 a

237 479 574 551 evangelicis
614 480 898 537 sententiis
932 481 1164 553 piissimi
1199 483 1416 540 Domini
1457 500 1550 540 ore
1578 485 1801 556 prolatis
1833 504 1847 541 :

240 567 470 638 Oportet
497 572 558 625 et
587 573 661 632 te,
693 569 886 642 inquit,
909 571 1014 641 ﬁli,
1065 573 1328 643 gaudere,
1358 575 1491 646 quia
1510 577 1696 646 frater
1717 579 1848 631 tuus

236 660 499 713 mortuus
529 662 800 729 fueratet
829 660 1060 726 revixit,
1103 663 1356 732 perierat
1389 666 1444 718 et
1475 665 1745 719 inventus
1763 667 1850 719 est

238 746 396 816 (Luc.
415 761 518 813 xv,
535 746 648 818 32).
669 747 738 802 Et
750 747 894 818 quod
911 755 1101 804 sanato
1122 749 1252 806 dicit
1271 767 1286 804 :
1302 753 1440 807 Ecce
1455 767 1630 807 sanus
1659 756 1850 824 factus

237 849 314 901 es,
335 837 469 906 jam
487 837 742 907 amplius
756 838 878 892 noli
890 853 1145 910 peccare,
1160 855 1232 894 ne
1243 839 1496 897 deterius
1514 841 1616 896 tibi
1632 841 1850 914 aliquid

237 925 539 996 contingat
557 926 724 994 (toan
742 939 794 992 v,
825 927 912 997 14)
936 943 952 992 ;
975 933 1028 982 et
1051 942 1064 982 :
1097 927 1236 983 Vade
1252 929 1318 983 in
1337 928 1570 984 domum
1593 933 1774 996 tuam,
1795 933 1852 986 et

234 1013 754 1086 annuntiaquanta
772 1015 872 1070 tibi
887 1017 1370 1086 feceritDominus
1389 1020 1412 1072 ?
1431 1017 1628 1088 (Marc.
1653 1034 1708 1073 v.
1737 1019 1850 1089 19.)

303 1101 384 1156 De
414 1101 595 1156 altero
623 1110 808 1158 autem
842 1103 1000 1176 quasi
1046 1119 1171 1160 meo
1213 1104 1422 1174 judicio
1444 1149 1457 1170 ,
1493 1107 1641 1178 quod
1667 1106 1848 1164 dicere

236 1189 438 1246 diceris
487 1206 557 1246 ex
586 1190 848 1248 Wulfado
877 1199 930 1248 et
960 1192 1080 1261 ejus
1125 1192 1374 1266 collegis,
1416 1202 1630 1250 cassato
1659 1211 1690 1250 a
1721 1195 1852 1252 sede

239 1277 562 1348 apostolica,
597 1279 790 1335 sentiri
815 1287 1004 1360 potest
1032 1281 1180 1353 quod
1209 1280 1470 1337 Salomon
1509 1283 1640 1339 dicit
1671 1299 1686 1338 :
1724 1284 1847 1351 Qui,

235 1366 509 1438 inquiens,
525 1369 669 1442 quod
677 1371 836 1425 novit
857 1372 1123 1442 loquitur,
1150 1371 1328 1426 index
1337 1373 1590 1442 justitice
1618 1377 1736 1440 est;
1757 1377 1854 1445 qui

236 1459 431 1512 autem
441 1458 918 1526 mentitur,testis
929 1462 1014 1514 est
1025 1459 1436 1529 fraudulentus
1449 1460 1633 1532 (Prov.
1649 1459 1853 1532 111,17)

235 1543 480 1600 Etitem:
509 1547 794 1612 Jaculum,
819 1551 879 1602 et
902 1547 1147 1618 gladius,
1171 1552 1228 1604 et
1247 1551 1462 1620 sagitta
1477 1553 1666 1616 acuta,
1694 1550 1854 1606 homo

234 1635 328 1706 qui
340 1634 601 1706 loquitur
619 1639 818 1693 contra
832 1637 1166 1708 proximum
1185 1652 1356 1692 suum
1371 1639 1590 1708 falsum
1611 1639 1857 1694 testimo-

235 1723 399 1778 nium
439 1723 629 1794 (Prov.
673 1739 812 1790 xxv,
838 1723 948 1795 18).
971 1724 1041 1779 Et
1059 1732 1116 1780 ut
1149 1725 1388 1780 ostendit
1415 1725 1696 1798 apostolus
1722 1728 1852 1783 :His

239 1813 332 1883 qui
351 1812 662 1868 charitatis
673 1815 975 1869 veritatem
991 1829 1108 1869 non
1123 1815 1430 1886 recipiunt,
1446 1815 1715 1871 immittit
1731 1815 1850 1871 illis

236 1900 400 1965 Deus,
442 1899 656 1956 scilicet
685 1915 752 1956 ex
789 1899 1150 1958 retributione
1185 1901 1425 1970 justitia,
1466 1905 1850 1976 operationem

238 1989 466 2057 erroris,
480 1991 550 2044 ut
562 1989 802 2046 credant
810 1990 1196 2057 mendacio,ut
1203 1991 1543 2062 judicentur
1551 2007 1744 2048 omnes
1756 1995 1850 2065 qui

237 2091 351 2133 non
362 2077 624 2134 eredider
633 2081 744 2134 unt
762 2079 998 2133 veritati
1007 2079 1104 2134 sed
1124 2084 1536 2136 consenserunt
1551 2081 1850 2152 iniquitati

239 2163 314 2236 (II
331 2165 524 2222 Thess.
541 2181 604 2234 ιι,
631 2167 742 2238 10).
789 2163 911 2221 Non
939 2166 1212 2223 debueras
1266 2183 1501 2239 namque
1527 2167 1736 2236 fallere,
1759 2177 1851 2224 aut

242 2253 354 2309 falli
381 2268 572 2325 posse,
610 2255 758 2328 quod
802 2255 1026 2310 auribus
1055 2255 1251 2312 audisti
1275 2298 1288 2323 ,
1338 2257 1587 2313 manibus
1625 2265 1846 2313 contre-

240 2343 411 2412 ctasti,
451 2342 631 2400 oculis
678 2343 916 2417 legendo
962 2343 1166 2409 vidisti,
1201 2345 1299 2400 sed
1328 2361 1438 2400 non
1466 2345 1574 2400 illis
1601 2345 1843 2412 auribus,

241 2447 424 2503 neque
457 2431 569 2488 illis
589 2432 859 2500 oculis,de
881 2433 1078 2504 quibus
1095 2433 1360 2489 Dominus
1379 2435 1657 2504 prepheta
1676 2435 1806 2490 dicit
1831 2452 1843 2489 :

245 2521 490 2578 Auribus
515 2522 629 2578 tuis
643 2521 798 2588 audi,
813 2526 872 2578 et
888 2524 1069 2579 oculis
1091 2525 1208 2578 tuis
1219 2524 1340 2578 vide
1355 2523 1576 2594 (Ezech.
1593 2537 1748 2594 κων,
1767 2525 1842 2595 5).

249 2607 389 2677 Quia
409 2609 562 2666 unde
616 2609 797 2683 agitur
829 2610 998 2679 judex
1024 2626 1133 2666 non
1157 2610 1252 2677 fui,
1281 2611 1423 2667 inter
1445 2611 1660 2680 judices
1707 2626 1844 2668 con-

249 2705 570 2754 numeratus
589 2714 700 2754 non
734 2698 934 2766 exstiti,
970 2699 1024 2754 in
1055 2699 1178 2754 loco
1191 2699 1391 2768 judicis
1408 2715 1518 2755 non
1545 2699 1681 2765 sedi,
1691 2700 1843 2770 judi-

247 2787 387 2842 cium
442 2785 574 2842 inde
607 2803 719 2842 non
747 2787 1055 2853 terminavi,
1103 2802 1228 2844 cum
1295 2788 1569 2858 judicibus
1597 2789 1682 2843 vel
1726 2788 1845 2844 aliis

246 2874 714 2931 consentientibus
762 2891 875 2932 non
921 2876 1244 2948 subscripsi.
1295 2876 1405 2933 Sed
1442 2877 1696 2948 quoniam
1725 2877 1844 2933 sedi

243 2963 561 3036 apostolica
603 2980 714 3020 non
759 2964 962 3035 placuit
1006 2965 1132 3020 inde
1163 2980 1284 3021 cum
1326 2965 1412 3020 his
1441 2966 1533 3036 qui
1555 2966 1842 3035 judicave-

244 3060 380 3122 runt,
404 3059 458 3109 et
479 3051 690 3122 judicio
719 3053 798 3108 illi
827 3053 1289 3125 subscripserunt,
1326 3054 1588 3110 rationem
1613 3055 1838 3121 habere,

245 3148 296 3198 et
323 3141 652 3214 quibusdam
691 3142 1060 3210 suadentibus,
1103 3158 1192 3198 me
1224 3143 1408 3210 voluit,
1433 3143 1578 3216 quod
1605 3143 1708 3198 sibi
1737 3143 1841 3197 bo-

247 3246 368 3286 num
399 3231 707 3301 videbatur,
737 3239 792 3288 et
832 3232 1073 3304 episcopi
1103 3233 1391 3304 regionum
1437 3240 1764 3302 nostrarum,
1791 3240 1843 3288 ct

245 3319 500 3392 princeps
556 3327 717 3376 terra
763 3321 1000 3390 volebat,
1033 3321 1361 3376 unanimiter
1388 3321 1716 3388 consentire,
1749 3336 1843 3376 se-

246 3409 480 3464 cundum
517 3409 898 3466 auctoritatem
929 3411 1073 3466 sacri
1099 3409 1309 3466 Nicani
1349 3409 1584 3476 concilii,
1613 3417 1666 3466 et
1691 3409 1842 3464 Afri-

245 3511 393 3554 cana
419 3498 722 3570 provincia
759 3514 1047 3566 canonum,
1077 3516 1200 3571 qua
1227 3499 1296 3556 de
1343 3499 1669 3571 quibusdam
1691 3499 1844 3568 juxta

244 3585 557 3644 instantiam
600 3588 861 3660 temporis
915 3587 1314 3655 decreverunt,
1347 3588 1600 3644 consensi
1623 3630 1637 3659 ,
1685 3588 1860 3651 obte-,

251 3682 420 3732 stante
448 3677 735 3748 Apostolo,
767 3682 837 3734 ut
861 3677 1114 3752 idipsum
1133 3679 1388 3735 dicamus
1413 3694 1624 3744 omnes,
1646 3682 1702 3733 et
1729 3693 1845 3734 non

253 3767 367 3822 sint
387 3769 454 3823 in
470 3767 630 3823 nobis
653 3767 964 3823 schismata
1001 3767 1054 3838 (Ι
1080 3767 1198 3823 Cor.
1249 3783 1286 3834 ι,
1320 3768 1430 3837 10).
1467 3765 1569 3836 Qui
1608 3765 1844 3821 ostendit

251 3855 391 3926 quod
418 3855 606 3925 jussit,
645 3854 843 3910 iterum
880 3854 1070 3912 dicens
1107 3855 1268 3912 etiam
1291 3856 1406 3912 suis
1432 3854 1732 3910 minoribus
1754 3855 1846 3910 :Si

253 3945 572 4018 cuialiquid
599 3945 872 4011 donastis,
893 3948 948 4002 et
967 3961 1097 4018 ego;
1123 3949 1180 4002 et
1195 3961 1289 4017 ego
1309 3945 1451 4018 quod
1471 3944 1694 4010 donavi,
1716 3959 1844 4016 pro-

251 4037 373 4106 pter
384 4049 478 4092 vos
492 4035 558 4089 in
566 4049 810 4107 persona
827 4034 1056 4100 Christi,
1071 4037 1137 4089 ut
1149 4049 1264 4090 non
1275 4035 1794 4090 circumveniamur
1809 4050 1844 4088 a

254 4123 466 4180 Satana
491 4140 504 4177 :
526 4139 647 4180 non
687 4125 846 4180 enim
876 4124 1203 4196 ignoramus
1221 4125 1467 4179 astutias
1501 4125 1623 4195 ejus
1645 4122 1696 4192 (Ι
1715 4123 1834 4178 Cor.

254 4227 293 4267 ιι
335 4212 448 4284 20),
496 4211 591 4284 qui
631 4226 778 4284 sape
817 4212 1012 4267 suadet
1057 4220 1116 4266 ut
1155 4211 1298 4266 unde
1342 4210 1483 4268 alter
1528 4211 1840 4279 miseretur,

256 4300 387 4358 alter
420 4301 708 4358 irascatur.
754 4299 959 4356 Contra
989 4316 1124 4373 quas
1153 4299 1353 4355 diaboli
1397 4299 1624 4355 astutias
1652 4313 1846 4370 pacem

253 4391 404 4463 sequi
445 4390 712 4447 debemus
741 4397 794 4446 et
819 4389 1252 4460 sanctimoniam,
1285 4389 1402 4444 sine
1450 4403 1555 4460 qua
1583 4404 1744 4445 nemo
1765 4388 1846 4444 vi-

248 4479 392 4536 debit
420 4481 618 4537 Deum.

317 4568 478 4640 Quod
505 4585 609 4642 pro
628 4567 850 4625 modulo
879 4584 1004 4625 meo
1033 4569 1188 4642 sequi
1219 4569 1382 4626 etiam
1409 4569 1465 4624 in
1492 4568 1596 4624 hoc
1622 4565 1844 4640 negotio

258 4657 454 4725 studui,
514 4658 658 4715 sicut
699 4657 985 4714 advertere
1023 4661 1260 4729 poteriis,
1308 4657 1355 4713 si
1385 4659 1454 4714 de
1495 4657 1602 4712 alia
1629 4657 1842 4729 sagina,

251 4763 409 4820 quam
429 4755 652 4804 sanctus
669 4747 906 4818 postulat
925 4747 1114 4804 dicens
1139 4764 1154 4800 :
1185 4747 1346 4804 Sicut
1365 4747 1526 4820 adipe
1543 4749 1600 4802 et
1613 4749 1846 4820 pingue-

251 4837 681 4906 dinerepleatur
698 4837 897 4892 anima
915 4853 1043 4892 mea
1059 4835 1230 4907 (Psal.
1256 4838 1413 4904 an),
1438 4835 1848 4910 corimpingua-

251 4932 362 4981 tam
415 4941 528 4982 non
576 4925 830 4994 haberes,
883 4925 1007 4998 quia
1037 4925 1314 4998 synodalis
1353 4925 1580 4998 epistola
1632 4926 1758 4980 hinc
1813 4940 1847 4980 a

252 5015 406 5070 nobis
433 5013 800 5071 communiter
845 5015 1032 5080 missa,
1064 5014 1134 5070 ita
1176 5031 1276 5086 per
1307 5015 1486 5070 omnia
1517 5015 1745 5083 sincera,
1778 5013 1845 5068 ad

252 5103 394 5160 sedis
418 5102 739 5176 apostolica
767 5102 1076 5170 lectionem,
1106 5119 1244 5160 mea
1271 5102 1656 5160 inﬁrmationis
1687 5112 1740 5160 et
1769 5103 1848 5160 al-

253 5193 414 5249 terius
435 5190 867 5249 conﬁrmationis
893 5207 1063 5250 causa
1093 5209 1202 5248 non
1229 5193 1396 5262 venit,
1435 5193 1599 5249 veluti
1629 5210 1693 5250 ex
1726 5193 1846 5264 epi-

252 5281 403 5337 stolis
428 5281 591 5337 nobis
621 5297 654 5336 a
682 5281 815 5337 sede
845 5281 1147 5353 apostolica
1176 5283 1246 5337 de
1283 5297 1348 5338 ea
1391 5297 1449 5336 re
1483 5281 1700 5354 scriptis
1728 5281 1846 5337 evi-

253 5369 441 5426 denter
467 5369 938 5440 ostenditur,sicut
957 5386 1142 5427 coram
1156 5387 1290 5442 rege
1311 5377 1366 5425 et
1383 5371 1541 5426 nobis
1560 5371 1616 5426 in
1637 5371 1848 5442 synodo

257 5457 432 5516 releca
456 5459 576 5515 fuit.
608 5459 678 5515 Et
705 5467 890 5517 tamen
921 5460 1048 5516 inde
1086 5460 1292 5516 nullam
1327 5459 1681 5532 quastionem
1725 5476 1850 5516 mo-

251 5563 402 5620 vere,
429 5547 517 5605 vel
545 5549 950 5607 contentionem
982 5565 1305 5607 consersere
1333 5547 1500 5617 volui,
1524 5564 1626 5605 nec
1652 5549 1720 5605 de
1740 5549 1846 5619 his,

1951 487 2082 542 sede
2133 487 2436 558 apostolica
2493 489 2718 545 difﬁnita
2773 500 2912 558 sunt,
2945 493 2999 547 in
3044 504 3370 565 perpetuum
3395 495 3542 566 volo,

1951 574 2080 645 quia
2111 575 2267 631 bona
2287 577 2567 632 memoria
2597 577 2806 633 Nicolai
2833 595 2991 651 papa
3016 581 3230 650 littera,
3261 591 3547 655 postquam

1950 663 2075 748 inde
2103 663 2382 719 veritatem
2412 665 2650 748 rescivit,
2683 683 2784 737 per
2832 683 3014 723 meum
3041 668 3266 725 missum
3300 671 3543 748 directa,

1949 745 2082 801 mihi
2127 747 2592 804 abundantissime
2641 748 2989 806 suffecerunt.
3021 751 3131 808 Sed
3157 761 3210 808 et
3237 753 3371 810 alias
3402 745 3549 810 litteL

1951 850 2040 890 ras
2070 835 2382 906 synodicas,
2434 852 2570 908 quas
2617 839 2837 907 audisti,
2869 855 2970 911 per
3022 841 3276 896 eumdem
3324 843 3550 898 missum

1951 922 2082 978 mihi
2111 923 2326 991 direxit,
2359 925 2558 997 quibus
2589 925 2657 982 de
2707 927 3116 984 collectionibus
3146 929 3218 984 ab
3246 945 3312 986 eo
3343 946 3553 1001 prace-

1952 1011 2078 1083 ptis,
2111 1027 2222 1068 non
2247 1013 2400 1081 mihi,
2431 1022 2491 1069 ut
2512 1015 2767 1084 jusserat,
2793 1017 2891 1072 sed
2911 1017 3052 1090 regi,
3075 1025 3132 1073 ut
3153 1018 3248 1073 tibi
3277 1019 3344 1072 ad
3373 1027 3552 1076 osten-

1955 1100 2216 1156 tationem
2252 1109 2395 1158 tuam
2424 1103 2644 1172 placuit,
2679 1105 2964 1174 porrectis,
2985 1121 3295 1178 quanquam
3333 1106 3413 1163 eis
3439 1123 3550 1164 non

1952 1188 2298 1261 indiguerim,
2332 1191 2470 1246 sicut
2509 1191 2701 1247 solitus
2730 1209 2790 1247 es
2820 1193 3073 1250 obedisti.
3107 1193 3250 1262 Quin
3281 1202 3336 1250 et
3365 1195 3434 1251 de
3461 1195 3546 1252 his

1956 1293 2078 1349 qua
2107 1277 2163 1331 in
2192 1279 2404 1350 synodo
2433 1280 2765 1348 Tricassina,
2797 1283 2852 1336 in
2865 1298 2971 1354 qua
3001 1299 3122 1356 qua
3141 1299 3253 1338 non
3279 1285 3454 1355 rapui,
3478 1285 3548 1341 de

1953 1365 2038 1419 his
2066 1365 2331 1422 rationem
2361 1367 2662 1435 reddendo,
2697 1386 2818 1441 qua
2845 1371 2916 1425 ad
2943 1387 3030 1426 me
3061 1387 3170 1426 non
3185 1371 3548 1443 pertinebant,

1955 1453 2156 1510 relictis
2199 1456 2279 1511 eis
2331 1473 2560 1528 quorum
2601 1457 2728 1513 inde
2771 1458 3050 1525 intererat,
3100 1459 3328 1516 exsolvi.
3363 1461 3472 1517 Sed
3501 1468 3556 1517 et

1954 1541 2023 1598 de
2055 1543 2139 1597 his
2166 1561 2288 1614 qua
2316 1553 2437 1615 post
2467 1561 2713 1602 eamnem
2743 1547 3013 1618 synodum
3034 1557 3117 1603 est
3145 1549 3439 1604 adversum
3465 1565 3555 1606 me

1953 1631 2246 1698 actitatum,
2279 1632 2463 1688 domui
2493 1633 2720 1688 Adriani
2751 1651 2907 1706 papa
2933 1651 3034 1706 per
3055 1638 3350 1692 Actardum
3381 1653 3553 1694 vene-

1879 1719 2182 1820 Brabilem
2237 1721 2556 1792 episcopum
2615 1723 2860 1793 epistola
2913 1724 3116 1794 missa,
3149 1725 3286 1782 adeo
3333 1740 3553 1782 omnem

1951 1807 2174 1880 angoris
2227 1808 2481 1864 nebulam
2511 1825 2542 1864 a
2569 1818 2749 1866 mente
2796 1827 2920 1867 mea
2951 1813 3168 1869 sudario
3199 1829 3314 1869 sua
3341 1829 3556 1886 magna

1949 1895 2303 1969 benignitatis
2331 1897 2726 1966 absterserunt,
2751 1907 2809 1954 ut
2838 1899 3208 1970 placidissima
3244 1903 3540 1958 voluntate.

1951 1985 2106 2056 sequi
2153 2001 2241 2040 me
2269 1985 2434 2041 libeat
2473 1987 2620 2058 quod
2674 1995 2862 2043 monet
2907 1989 3247 2061 Apostolus:
3280 1991 3436 2047 Nihil
3452 2007 3554 2063 per

1949 2074 2370 2131 contentionem
2399 2091 2577 2146 neque
2603 2092 2708 2147 per
2739 2077 2972 2132 inanem
2993 2077 3256 2149 gloriam.
3309 2079 3541 2150 (Philip.

1949 2176 2009 2227 Il,
2033 2162 2112 2228 3,)
2137 2179 2149 2228 ;
2172 2167 2228 2218 et
2261 2179 2272 2216 :
2305 2163 2424 2219 Non
2455 2165 2768 2234 efﬁciamur
2799 2166 2992 2220 inanis
3009 2167 3204 2238 gloriae
3223 2165 3430 2240 cupidi,
3465 2169 3556 2222 in-

1948 2253 2126 2306 vicem
2142 2255 2530 2322 provocantes,
2550 2254 2792 2308 invicem
2813 2254 3130 2310 invidentes
3151 2253 3295 2326 (Gal.
3320 2270 3375 2324 v,
3402 2258 3470 2311 26
3493 2259 3512 2327 )
3536 2274 3550 2321 ;

1948 2347 2002 2394 et
2023 2339 2169 2410 quod
2189 2339 2316 2394 item
2338 2340 2595 2410 scriptum
2619 2349 2701 2396 est
2725 2359 2739 2394 :
2763 2342 2885 2397 Non
2905 2359 3124 2414 quaras
3144 2343 3552 2409 ultionem,nec

1947 2443 2161 2484 memor
2190 2429 2302 2483 eris
2325 2429 2556 2498 injuria:
2577 2429 2785 2485 civium
2803 2433 3032 2486 tuorum
3053 2432 3254 2500 (Levit.
3278 2445 3402 2500 xxx,
3430 2431 3544 2501 18),

1947 2524 2106 2586 atque
2136 2515 2300 2571 totius
2319 2515 2570 2570 medullis
2599 2517 2780 2572 cordis
2810 2517 3042 2574 Domino
3061 2519 3245 2574 dicere
3280 2536 3294 2572 :
3323 2518 3551 2574 Exulta-

1946 2611 2140 2659 verunt
2167 2601 2291 2658 ﬁlia
2320 2603 2472 2660 Juda
2500 2605 2556 2658 in
2585 2605 2837 2661 omnibus
2875 2606 3096 2674 judiciis
3127 2606 3265 2672 tuis,
3298 2607 3550 2674 Domine,

1947 2699 1998 2746 et
2029 2689 2121 2746 ﬁat
2143 2707 2249 2762 pax
2279 2693 2334 2747 in
2366 2693 2560 2748 virtute
2590 2694 2950 2760 Hierusalem,
2987 2711 3107 2766 qua
3138 2694 3326 2763 virtus,
3351 2703 3409 2749 ut
3439 2699 3549 2751 Au-

1946 2780 2196 2852 gustinus
2217 2781 2436 2852 exponit
2456 2781 2541 2852 (in
2556 2782 2888 2854 psal.cxx1),
2913 2777 3148 2838 Charitas
3179 2791 3278 2848 est,
3301 2783 3388 2839 cui
3417 2799 3550 2838 san-

1945 2877 2048 2923 cta
2093 2869 2318 2937 civitati,
2350 2868 2602 2926 videlicet
2628 2877 2830 2926 sancta
2859 2871 3140 2940 Ecclesia,
3174 2871 3379 2928 dictum
3407 2880 3491 2928 est
3525 2891 3538 2926 :

1943 2959 2070 3032 Fiat
2106 2975 2226 3030 pax
2267 2959 2331 3013 in
2360 2959 2571 3014 virtute
2593 2963 2713 3027 tua,
2739 2963 2804 3015 et
2823 2959 3176 3016 abundantia
3207 2963 3269 3016 in
3301 2961 3552 3017 turribus

1949 3048 2060 3101 tuis
2089 3048 2262 3117 (Psal.
2288 3061 2443 3116 cxxr,
2488 3047 2563 3117 7).
2611 3048 2822 3103 Intento
2845 3048 3038 3102 mentis
3067 3047 3249 3116 oculo,
3280 3049 3548 3105 sollicitu-

1873 3113 1922 3176 C
1945 3134 2072 3189 dine
2100 3113 2198 3204 ‘pia
2247 3113 2552 3204 suspiciens
2587 3135 2733 3206 quod
2755 3135 2822 3190 de
2851 3137 3062 3191 actione
3091 3113 3401 3205 hujusmodi
3430 3137 3540 3192 Leo

1943 3223 2070 3277 dicit
2083 3223 2268 3292 (epist.
2289 3225 2376 3289 91,
2397 3225 2669 3294 episcopis
2685 3240 2785 3293 per
2798 3226 3000 3280 Cassar.
3017 3224 3374 3295 Mauritan.):
3399 3246 3424 3277 σι
3443 3225 3544 3281 Su-

1940 3319 2122 3382 perest
2150 3319 2206 3365 ut
2221 3311 2480 3368 concordi
2495 3312 2806 3368 obedientia
2821 3313 3066 3368 salubres
3084 3314 3388 3385 suscipiatis
3415 3315 3544 3370 bor-

1942 3408 2104 3466 tatus,
2153 3407 2206 3455 et
2255 3401 2388 3455 nihil
2447 3417 2547 3472 per
2605 3401 3006 3458 contentionem
3047 3411 3296 3476 agentes,
3329 3403 3426 3458 sed
3471 3403 3540 3458 ad

1943 3503 2104 3545 omne
2135 3489 2372 3544 studium
2400 3489 2706 3545 devotionis
2740 3490 3041 3556 unanimes,
3085 3491 3282 3546 divinis
3329 3500 3383 3546 et
3413 3506 3546 3562 apo-

1944 3578 2148 3634 stolicis
2190 3577 2666 3637 constitutionibus
2715 3579 2984 3647 servietis,
3013 3587 3066 3633 et
3096 3579 3150 3633 in
3182 3579 3332 3635 nullo
3361 3579 3542 3650 patia-

1943 3675 2075 3730 mini
2101 3675 2194 3746 pia
2247 3690 2517 3731 canonum
2547 3676 2772 3731 decreta
2817 3675 3030 3732 violari.
3065 3675 3199 3745 Qua
3229 3677 3372 3733 enim
3399 3693 3544 3734 nunc

1944 3772 2213 3820 certarum
2243 3763 2552 3819 remisimus
2591 3765 3023 3821 consideratione
3052 3780 3362 3833 causarum,
3401 3767 3544 3821 anti-

1945 3851 2066 3925 quis
2098 3853 2357 3924 deinceps
2401 3853 2758 3910 custodienda
2787 3863 2912 3910 sunt
2940 3855 3164 3926 regulis,
3195 3871 3266 3910 ne
3295 3855 3440 3928 quod
3468 3855 3540 3910 ad

1945 3949 2158 4014 tempus
2190 3943 2280 4014 pia
2323 3941 2542 3998 lenitate
2585 3945 2977 4012 concessimus,
3005 3945 3149 4012 justa
3192 3945 3419 4016 posthac
3447 3944 3534 3999 ul-

1944 4039 2089 4096 tione
2107 4041 2428 4111 plectamur,
2458 4061 2480 4092 »
2513 4049 2567 4097 et
2602 4041 2828 4112 reliqua.

2581 4165 2806 4220 CAPUT
2833 4165 2923 4220 VI.

1946 4282 2023 4336 De
2067 4295 2127 4334 eo
2173 4279 2314 4352 quod
2345 4279 2562 4335 dicebat
2590 4279 2961 4334 Hincmarum
2993 4279 3292 4351 degradari
3327 4281 3538 4337 debere.

2016 4394 2230 4449 Dictum
2257 4401 2339 4449 est
2368 4393 2532 4448 etiam
2561 4393 2694 4449 mihi
2720 4401 2772 4450 te
2791 4392 3042 4465 plurimis
3063 4393 3243 4450 solere
3271 4393 3456 4450 dicere
3484 4401 3542 4448 ut

1871 4472 1926 4532 D
1949 4483 2206 4556 quoniam
2237 4498 2358 4554 qua
2396 4482 2452 4537 in
2488 4489 2582 4538 tua
2621 4482 2883 4554 parochia
2911 4482 3114 4556 ligasti,
3147 4483 3264 4539 sine
3285 4490 3377 4539 tuo
3407 4498 3544 4538 con-

1941 4588 2106 4628 sensu
2137 4571 2382 4641 dissolvi,
2408 4572 2536 4644 quin
2565 4571 2746 4644 potius
2777 4589 2896 4644 qua
2928 4581 3116 4628 contra
3140 4571 3358 4644 regulas
3389 4587 3548 4626 exor-

1942 4661 2159 4731 dinasti,
2195 4661 2497 4718 secundum
2528 4661 2750 4733 regulas
2766 4660 3032 4726 ordinavi,
3056 4661 3160 4716 hoc
3181 4674 3345 4731 agere
3375 4667 3428 4714 et
3452 4659 3545 4714 ob-

1941 4751 2116 4807 tinere
2158 4750 2382 4822 poteris,
2428 4757 2483 4805 et
2511 4765 2645 4823 ages
2685 4757 2737 4805 et
2765 4748 3054 4814 obtinebis,
3087 4755 3146 4801 ut
3175 4763 3280 4820 ego
3318 4747 3541 4804 missam

1943 4855 2052 4896 non
2086 4847 2320 4904 cantem,
2365 4848 2418 4894 et
2453 4839 2499 4894 si
2527 4853 2632 4909 ego
2653 4838 2803 4892 illam
2829 4845 3144 4903 cantavero,
3169 4845 3226 4890 tu
3253 4836 3402 4892 illam
3432 4853 3542 4894 non

1945 4928 2208 4986 cantabis.
2241 4929 2325 4983 Ad
2355 4927 2499 5000 quod
2531 4927 2624 4981 tibi
2653 4925 2836 4980 mitius
2865 4925 3274 4994 responderem,
3310 4927 3544 4982 nisiira-

1945 5027 2056 5074 tum
2085 5018 2252 5073 fuisse
2293 5016 2580 5072 Dominum
2608 5021 2798 5070 contra
2845 5013 2984 5080 Heli,
3010 5015 3102 5086 qui
3129 5013 3272 5072 filios
3302 5032 3430 5072 suos
3462 5017 3546 5072 le-

1945 5108 2068 5162 nius
2099 5123 2262 5178 quam
2293 5104 2541 5162 debuerit
2567 5103 2907 5174 corripuerat
2931 5104 2979 5172 (Ι
2993 5105 3117 5176 Reg.
3149 5106 3225 5176 3),
3245 5105 3541 5178 legissem:

1947 5205 1999 5252 et
2046 5197 2274 5268 proinde
2306 5194 2431 5249 hinc
2463 5191 2576 5258 tibi,
2629 5191 2674 5246 si
2707 5199 2886 5248 tamen
2916 5193 3020 5248 hoc
3048 5193 3204 5262 dicis,
3240 5195 3546 5268 respondeo

1951 5287 2094 5358 quod
2124 5286 2193 5340 de
2221 5283 2380 5338 Moab
2399 5281 2659 5350 scriptum
2694 5288 2778 5337 est
2823 5299 2836 5336 :
2869 5282 3200 5339 Audivimus
3229 5267 3548 5354 superbiam

1950 5373 2098 5430 Moab
2115 5390 2128 5426 :
2145 5371 2412 5442 superbus
2425 5373 2510 5426 est
2527 5371 2706 5438 valde,
2721 5373 3028 5444 superbiae
3024 5373 3123 5444 jus
3139 5377 3194 5428 et
3215 5373 3544 5444 arrogantia

1947 5463 2068 5534 ejus
2088 5463 2215 5532 plus
2236 5476 2404 5532 quam
2431 5461 2708 5530 fortitudo
2748 5463 2870 5534 ejus
2913 5462 3042 5530 (Isa.
3065 5475 3185 5526 xvr,
3211 5463 3284 5530 6).
3317 5461 3383 5514 Et
3417 5461 3464 5514 si
3493 5467 3549 5514 tu

1947 5567 2035 5606 me
2082 5549 2394 5623 degradare
2421 5563 2586 5620 posse
2643 5558 2698 5606 te
2742 5549 2968 5604 minaris
3013 5547 3243 5622 arrogas
3280 5548 3374 5602 tibi
3429 5549 3551 5619 plus
