4072 6300
577 257 675 311 311

1606 244 1949 306 ΗΙΝΟΜᾹΒΙ
1984 243 2383 305 RHEMENSIS
2419 242 2970 304 ARCHIEPISCOPI.

3779 259 3885 315 312

587 393 751 450 quam
782 376 962 449 possis
996 395 1011 444 ;
1045 388 1113 432 ac
1140 390 1243 450 per
1270 375 1377 432 hoc
1404 374 1461 430 in
1486 376 1589 431 hac
1616 390 1781 431 causa
1811 374 2070 447 superbia
2096 382 2187 429 tua
2213 373 2270 434 A
2289 372 2404 428 ritis
2430 416 2442 440 ,
2476 381 2531 428 et
2558 389 2743 429 meum
2813 380 2896 430 est
2954 372 3318 432 ordinandum
3389 379 3702 438 examinare
3731 422 3745 450 ,
3780 398 3896 439 non

582 481 635 529 et
664 472 976 546 arrogantia
1005 479 1098 528 tua
1128 472 1252 543 plus
1281 479 1365 526 est
1394 486 1553 542 quam
1581 469 1839 527 fortitudo
1866 478 1975 525 tua.
2008 469 2177 525 Citius

578 562 722 618 enim
769 561 952 617 facere
996 568 1152 633 potes
1182 567 1240 614 ut
1271 566 1328 614 tu
1358 558 1582 614 missam
1639 573 1748 614 non
1776 566 1985 624 cantes,
2019 574 2178 629 quam

580 649 763 706 facere
787 657 846 705 ut
874 664 980 721 ego
1008 648 1343 721 degradatus
1400 646 1569 712 ﬁam;
1600 647 1710 703 imo
1738 649 1844 703 hoc
1872 646 2054 702 facere
2079 663 2177 718 po-

578 746 665 795 tes
682 746 743 795 ut
760 746 817 793 tu
843 737 1070 793 missam
1089 751 1199 791 non
1228 743 1437 803 cantes,
1470 736 1568 791 sed
1597 736 1702 792 hoc
1722 735 1905 792 facere
1934 750 2044 791 non
2072 750 2177 807 po-

580 834 666 882 tes
684 834 742 882 ut
770 840 877 899 ego
904 824 1197 898 degrader:
1225 826 1349 881 Non
1372 839 1434 880 es
1462 824 1608 880 enim
1627 825 1759 879 mihi
1773 824 2051 895 pralatus,
2080 824 2179 879 sed

581 915 719 971 velis
748 914 888 969 nolis
918 914 976 969 in
991 913 1201 969 ordinis
1216 913 1474 997 dignitate
1496 914 1789 982 subjectus,
1806 921 1861 968 et
1875 912 1944 969 de
1964 912 2179 967 illorum

576 998 834 1055 societate
862 998 917 1052 in
946 998 1155 1054 ordinis
1202 998 1480 1069 qualitate,
1513 997 1710 1068 quibus
1756 997 1897 1053 sacri
1938 1011 2179 1053 canones

579 1102 688 1143 non
710 1087 1024 1158 permittunt
1054 1086 1194 1157 apud
1224 1103 1282 1142 se
1313 1087 1595 1142 celebrare
1627 1086 1873 1156 concilia,
1894 1093 1947 1141 et
1974 1085 2043 1141 de
2063 1085 2180 1157 qui-

580 1175 685 1232 bus
713 1191 910 1247 magna
937 1174 1179 1245 synodus
1209 1175 1669 1231 Chalcedonensis
1696 1175 1827 1231 dicit
1869 1176 2020 1246 (can.
2053 1176 2176 1244 19):

587 1286 612 1316 ιι
646 1265 902 1321 Decrevit
931 1270 1121 1319 sancta
1177 1263 1420 1335 synodus
1479 1264 1777 1319 secundum
1806 1278 2042 1319 canones
2070 1264 2179 1318 Pa-

578 1360 743 1418 trum,
776 1352 862 1407 bis
890 1353 946 1407 in
974 1368 1120 1408 anno
1158 1351 1445 1423 episcopos
1493 1352 1548 1406 in
1589 1352 1823 1423 idipsum
1842 1352 1899 1406 in
1929 1364 2177 1422 unaqua-

579 1457 684 1514 que
728 1440 1009 1512 provincia
1066 1440 1379 1507 convenire,
1431 1455 1540 1512 quo
1567 1439 2018 1512 metropolitanus
2042 1440 2180 1494 anti-

584 1544 696 1593 stes
721 1535 1054 1608 probaverit,
1088 1542 1140 1590 et
1171 1536 1451 1608 corrigere
1480 1536 1776 1609 singula,si
1804 1534 2180 1607 quafortassis

583 1625 924 1691 emerserint,
954 1645 976 1675 ιο
1010 1631 1063 1680 et
1092 1624 1319 1697 reliqua.
1352 1626 1475 1697 Ego
1503 1632 1556 1679 te
1584 1623 1652 1679 ad
1707 1625 1975 1695 synodum
2006 1623 2180 1683 debeo

579 1728 903 1780 convocare,
935 1721 990 1767 tu
1019 1730 1106 1768 me
1136 1728 1244 1769 non
1274 1722 1431 1785 potes
1458 1712 1526 1767 ad
1556 1714 1823 1783 synodum
1844 1712 2170 1785 regulariter
2187 1735 2239 1795 Β

578 1816 900 1873 provocare,
936 1810 988 1857 et
1018 1802 1063 1856 si
1094 1801 1165 1857 ad
1194 1803 1462 1873 synodum
1486 1818 1515 1855 a
1540 1817 1629 1856 me
1676 1808 1902 1857 vocatus
1935 1817 2045 1856 non
2073 1816 2173 1857 ve-

579 1890 750 1956 neris,
782 1897 873 1945 aut
927 1889 1152 1963 dignam
1206 1890 1612 1945 excusationem
1640 1904 1764 1945 cum
1794 1889 2051 1944 tractoria
2072 1905 2173 1961 per

579 1978 1011 2034 comministrum
1041 1986 1190 2032 tuum
1219 1978 1351 2032 mihi
1381 1978 1609 2044 directa,
1631 1978 1810 2049 inqua
1831 1978 2170 2048 impossibili-

576 2066 702 2122 tatis
738 2066 827 2123 vel
881 2066 1223 2123 necessitatis
1280 2074 1385 2123 tua
1414 2080 1606 2123 causas
1662 2068 1941 2134 ostendas,
1976 2081 2076 2123 cur
2104 2067 2173 2122 ad

580 2155 847 2227 synodum
876 2168 986 2211 non
1032 2155 1245 2223 venisti,
1279 2169 1389 2211 non
1431 2154 1667 2226 miseris,
1700 2171 1806 2228 ego
1842 2164 1895 2211 te
1936 2156 2092 2212 valeo
2119 2161 2173 2212 et

578 2244 755 2301 debeo
778 2244 1056 2314 judicare:
1089 2251 1145 2300 tu
1174 2259 1277 2317 pro
1296 2244 1607 2313 hujusmodi
1625 2245 1713 2301 vel
1740 2260 1838 2315 pro
1859 2243 1966 2300 alia
1984 2258 2169 2312 causa,

581 2339 673 2388 tua
701 2333 1024 2389 auctoritate
1052 2349 1139 2389 me
1184 2348 1295 2389 non
1320 2334 1592 2405 pravales
1616 2332 1879 2402 judicare.
1908 2334 1979 2388 Et
2008 2333 2056 2388 si
2082 2348 2171 2390 ac-

575 2423 848 2478 cusandus
874 2422 1063 2492 fueris,
1095 2431 1380 2479 accusator
1393 2431 1516 2479 tuus
1544 2424 1616 2479 ad
1630 2438 1719 2479 me
1732 2423 2017 2493 primatem
2043 2437 2171 2495 pro-

577 2510 769 2566 vincia
797 2511 868 2567 de
897 2518 949 2565 te
979 2511 1380 2568 accusationem
1411 2510 1575 2568 debet
1604 2510 1852 2579 deferre;
1885 2526 2048 2567 nemo
2067 2525 2169 2567 au-

572 2608 683 2655 tem
702 2614 789 2656 me
820 2600 961 2670 apud
989 2607 1042 2655 te
1067 2600 1389 2671 regulariter
1417 2600 1486 2656 ad
1534 2600 1885 2669 judicandum
1914 2600 2173 2672 pravalet

576 2703 855 2744 accusare.
887 2688 1013 2743 Non
1070 2689 1214 2745 enim
1243 2697 1393 2744 tuum
1449 2697 1533 2744 est
1560 2691 1628 2743 de
1656 2705 1745 2745 me
1768 2688 2035 2757 judicare,
2068 2704 2171 2745 nec

573 2775 706 2832 mihi
730 2775 941 2845 judices
970 2776 1123 2843 dare,
1157 2776 1286 2849 quia
1313 2777 1452 2833 sicut
1490 2778 1752 2849 scriptum
1780 2785 1883 2843 est,
1916 2781 2108 2834 minor
2135 2795 2169 2834 a

575 2868 790 2938 majore
810 2864 1159 2921 benedicitur
1185 2865 1370 2935 (Hebr.
1414 2881 1517 2936 vn,
1545 2868 1624 2936 '1),
1657 2866 1733 2923 ita
1788 2874 1841 2922 et
1874 2866 2165 2935 judicatur,

572 2954 729 3010 Unde
760 2954 901 3011 sacri
930 2968 1170 3009 canones
1192 2962 1245 3010 et
1273 2948 1498 3011 decreta
1532 2954 1847 3027 apostolicae
1902 2955 2049 3011 sedis
2079 2971 2167 3013 me

571 3042 642 3097 ad
674 3042 953 3114 sequentis
981 3042 1213 3099 civitatis
1242 3043 1488 3115 episc0pi
1510 3043 1775 3113 judicium
1817 3043 1914 3099 ira
1938 3043 2167 3101 invitum

2279 470 2448 518 tuum.
2481 462 2653 517 Tuum
2708 470 2794 519 est
2849 472 3032 520 autem
3081 480 3205 520 cum
3236 465 3359 521 aliis
3388 484 3599 525 mccum
3629 470 3894 528 ordinare

2279 551 2614 622 episcopum,
2646 559 2701 607 et
2744 550 2940 607 litteris
2985 554 3286 621 canonicis,
3320 572 3458 627 quas
3489 558 3780 614 ordinatus
3814 561 3887 615 ab

2278 638 2683 699 ordinatoribus
2713 640 2824 696 suis
2847 641 3069 710 jubetur
3114 642 3391 714 accipere,
3428 655 3552 715 post
3578 663 3669 702 me
3699 648 3757 704 in
3791 656 3886 704 tuo

2279 726 2400 783 loco
2432 727 2780 784 subscribere
2822 746 2837 785 :
2871 729 2963 800 qui
2992 746 3101 786 non
3128 730 3299 788 debes
3329 732 3423 787 ulli
3452 749 3607 790 nova
3634 736 3737 801 rei,
3763 752 3890 808 qua

2279 816 2350 871 ad
2379 816 2697 887 generalem
2725 817 3125 875 observantiam
3152 820 3374 876 Domini
3389 822 3738 880 sacerdotum
3756 841 3891 896 per-

2280 905 2488 973 tinent,
2523 906 2639 961 sine
2677 907 3009 962 conscientia
3038 908 3126 963 vel
3177 911 3449 966 sententia
3475 926 3600 967 mea
3630 914 3886 970 subscri-

2281 993 2440 1050 bere.
2479 993 2557 1048 Tu
2580 994 2793 1062 juberis
2821 1011 2853 1049 a
2878 995 3055 1051 sacris
3086 996 3315 1069 regulis,
3338 998 3561 1056 decreto
3610 1000 3698 1057 vel
3728 1002 3884 1058 rela-

2280 1081 2412 1137 tioni
2449 1097 2607 1148 mea,
2666 1083 2712 1137 si
2757 1099 3076 1155 pracepero
3133 1084 3248 1151 tibi,
3297 1085 3449 1143 salva
3494 1087 3603 1144 ﬁde
3631 1090 3885 1147 subscri-

2281 1170 2428 1239 bere,
2460 1177 2645 1227 etnon
2672 1186 2778 1244 ego
2808 1179 2901 1227 tuo
2920 1172 3143 1229 decreto
3161 1173 3249 1230 vel
3262 1174 3513 1231 relationi
3534 1177 3885 1236 subscribere

2280 1259 2457 1314 debeo
2490 1275 2502 1313 :
2531 1259 2661 1331 quia
2689 1268 2745 1316 tu
2774 1261 3017 1328 decreto,
3041 1261 3128 1319 vel
3156 1262 3406 1320 relationi
3436 1264 3762 1343 cuicunque,
3793 1269 3885 1325 vel

2281 1350 2670 1421 cujuscunque,
2704 1348 2774 1404 de
2819 1349 2904 1403 his
2958 1366 3080 1422 qua
3133 1351 3204 1406 ad
3246 1353 3562 1423 parochiam
3590 1362 3740 1410 tuam
3769 1370 3881 1414 non

2279 1436 2573 1507 pertinent,
2602 1445 2804 1507 prater
2830 1454 2919 1494 me
2947 1454 3058 1494 non
3089 1439 3260 1496 debes
3289 1441 3654 1499 subscribere.
3689 1444 3806 1501 Sed
3831 1454 3884 1502 et

2279 1539 2383 1581 nec
2411 1525 2480 1581 de
2509 1532 2602 1581 tua
2631 1526 2909 1598 parochia,
2931 1527 3036 1583 nisi
3064 1528 3134 1585 de
3163 1529 3327 1585 rebus
3358 1539 3412 1587 et
3436 1533 3882 1602 possessionibus

2282 1628 2419 1685 quas
2445 1628 2573 1670 cum
2602 1615 2788 1669 notitia
2821 1616 3272 1688 presbyterorum
3298 1626 3351 1675 et
3376 1619 3739 1677 diaconorum
3764 1622 3880 1679 Ec-

2278 1702 2460 1758 clesiae
2489 1710 2592 1758 tua
2619 1719 2815 1775 regere
2837 1705 3007 1761 debes
3034 1713 3089 1761 et
3115 1707 3875 1778 dispensare,velcommuta-

2276 1790 2512 1847 tionibus
2539 1807 2730 1848 earum
2768 1809 2893 1850 cum
2920 1795 3228 1852 cohibentia
3273 1797 3599 1854 clericorum
3628 1801 3877 1857 subscri-

2276 1878 2427 1936 bere.
2460 1881 2541 1936 De
2573 1889 2667 1937 tuo
2715 1882 2922 1951 judicio
2962 1883 3189 1952 judicati
3216 1885 3305 1942 vel
3347 1886 3630 1954 judicandi
3689 1889 3763 1945 ad
3789 1906 3878 1948 me

2272 1976 2520 2041 possunt,
2554 1978 2607 2025 et
2635 1970 2682 2024 si
2722 1972 3023 2028 necessitas
3062 1972 3142 2028 eis
3168 1972 3331 2030 fuerit
3356 1974 3426 2031 ad
3454 1992 3543 2032 me
3572 1992 3878 2048 provocare

2272 2058 2490 2124 debent,
2525 2074 2635 2114 non
2659 2068 2841 2116 autem
2868 2060 2937 2116 de
2961 2076 3087 2117 meo
3111 2062 3316 2131 judicio
3344 2063 3415 2120 ad
3444 2073 3591 2121 tuum
3614 2067 3879 2136 judicium

2273 2147 2395 2219 quis
2425 2149 2764 2217 provocabit.
2785 2148 2866 2206 Tu
2886 2150 2955 2205 de
2976 2150 3138 2206 rebus
3160 2152 3423 2209 Ecclesia
3444 2160 3551 2209 tua
3570 2156 3878 2213 vendendis

2272 2234 2358 2291 vel
2385 2235 2750 2292 distrahendis
2779 2254 2867 2293 me
2890 2239 3102 2308 juberis
3123 2240 3429 2309 consulere,
3451 2258 3559 2316 ego
3589 2244 3661 2301 de
3689 2246 3875 2316 hujus-

2271 2324 2420 2379 modi
2446 2339 2616 2381 causa
2663 2327 2731 2381 ad
2768 2334 2918 2383 tuum
2965 2328 3273 2385 consultum
3301 2330 3379 2385 ire
3409 2346 3518 2388 non
3558 2332 3782 2401 jubeor.
3817 2336 3871 2391 Si

2272 2420 2327 2468 tu
2356 2413 2755 2486 presbyterum,
2801 2416 2888 2472 vel
2916 2415 3221 2485 diaconem,
3253 2418 3339 2476 vel
3371 2419 3537 2477 alium
3566 2438 3873 2494 quemcun-

2272 2517 2377 2573 que
2404 2504 2982 2573 excommunicaveris,
3016 2514 3068 2562 et
3110 2509 3375 2578 patienter
3400 2511 3651 2582 accipere
3678 2512 3873 2570 nolue-

2269 2591 2342 2646 ris
2371 2600 2427 2646 ut
2453 2607 2555 2664 per
2583 2591 2841 2653 finitimos
2872 2594 3162 2667 episcopos
3212 2598 3493 2671 negotium
3525 2598 3870 2669 discutiatur,

2270 2687 2322 2735 et
2344 2679 2429 2734 vel
2466 2681 2730 2752 probetur
2758 2684 3029 2740 sententia
3056 2691 3147 2741 tua
3168 2700 3201 2741 a
3219 2687 3468 2757 plurimis
3487 2689 3575 2744 vel
3595 2692 3867 2748 emende-

2269 2774 2373 2836 tur,
2407 2777 2460 2824 et
2489 2769 2585 2825 tibi
2614 2778 2737 2827 ante
2767 2772 3036 2843 synodum
3065 2788 3176 2831 non
3202 2775 3466 2846 placuerit
3492 2778 3873 2837 humaniorem

2268 2872 2369 2927 pro
2391 2872 2457 2913 eo
2487 2857 2629 2914 ferre
2659 2863 3001 2929 sententiam,
3045 2864 3396 2937 congregatis
3421 2868 3725 2936 provincia
3751 2870 3873 2941 epi-

2268 2947 2468 3017 scopis,
2500 2962 2610 3002 una
2637 2965 2760 3004 cum
2788 2950 2889 3018 eis,
2921 2950 2968 3006 si
2998 2952 3312 3010 rationabile
3338 2955 3498 3011 nobis
3534 2956 3719 3013 visum
3750 2958 3872 3015 fue-

2268 3034 2355 3102 rit,
2381 3049 2675 3106 possumus
2705 3045 2759 3093 et
2800 3040 3083 3111 debemus,
3134 3042 3298 3098 etiam
3348 3044 3394 3097 si
3422 3044 3689 3114 nolueris,
3725 3056 3870 3105 tuam

565 3146 675 3187 non
704 3097 999 3203 patiuntur.
1031 3130 1099 3189 Et
1144 3132 1193 3189 si
1221 3097 1293 3188 de
1336 3097 1460 3190 meo
1503 3097 1624 3205 quis
1657 3133 1862 3202 judicio
1892 3134 2155 3206 queritur,
2196 3097 2552 3181 Cimmutare
2583 3134 2635 3182 et
2664 3127 2886 3183 alteram
2914 3128 3165 3201 proferre
3197 3132 3540 3189 sententiam.

563 3220 841 3277 evidenter
869 3221 1077 3294 regula
1106 3228 1410 3277 monstrant
1441 3221 1667 3293 qualiter
1696 3231 1749 3279 et
1778 3237 1811 3278 a
1838 3223 2035 3295 quibus
2056 3223 2156 3280 de-

562 3309 691 3365 beat
718 3310 1012 3365 retractari.
1066 3310 1187 3381 Ego
1224 3324 1356 3366 vero
1402 3310 1501 3366 tibi
1538 3310 1770 3381 judices,
1802 3318 1895 3366 aut
1922 3327 2158 3367 consen-

561 3397 663 3453 tire
691 3397 917 3463 electos,
968 3404 1061 3452 aut
1089 3412 1120 3452 a
1147 3412 1235 3452 me
1269 3398 1432 3453 etiam
1488 3399 1775 3471 deputatos
1802 3398 1933 3455 dare
1959 3399 2154 3466 debeo,

560 3484 606 3541 si
635 3500 802 3542 causa
829 3485 1161 3557 poposcerit.
1185 3485 1308 3559 Ego
1338 3486 1519 3542 locum
1548 3486 1725 3543 debeo
1755 3493 1806 3541 et
1822 3501 2050 3558 possum
2069 3488 2157 3544 eli-

557 3590 711 3648 gere,
742 3574 1057 3648 ubicunque
1087 3575 1221 3631 mihi
1241 3575 1419 3631 visum
1444 3574 1627 3640 fuerit,
1660 3575 1849 3631 intota
1876 3590 2002 3631 mea
2029 3590 2156 3647 pro-

554 3663 732 3719 vincia
761 3663 832 3717 ad
876 3663 1144 3734 synodum
1174 3664 1601 3731 convocandam,
1634 3663 1723 3719 vel
1755 3662 1828 3719 ad
1857 3662 2154 3720 ordinatio-

554 3765 682 3806 nem
710 3748 1115 3820 celebrandam,
1148 3767 1255 3823 quo
1283 3751 1332 3808 si
1359 3759 1412 3807 te
1432 3766 1704 3809 vocavero
1738 3750 1906 3807 debes
1930 3766 2154 3809 concur-

555 3854 700 3894 rere.
749 3837 925 3894 Tuum
968 3855 1079 3894 non
1108 3847 1191 3895 est
1237 3840 1418 3898 locum
1447 3840 1515 3896 ad
1544 3840 1812 3911 synodum
1841 3854 2151 3897 convocan-

555 3925 700 3996 dam,
733 3925 821 3982 vel
849 3926 920 3981 ad
947 3927 1344 3984 ordinationem
1372 3928 1772 3995 celebrandam,
1806 3929 2025 4000 eligere,
2050 3945 2153 3987 nec

548 4030 619 4072 ne
651 4029 757 4087 quo
777 4021 831 4070 tu
859 4016 1172 4073 decreveris
1211 4030 1463 4074 evocare.
1505 4016 1562 4073 Si
1589 4017 1645 4073 in
1706 4018 1999 4075 Rhemensi
2026 4035 2152 4090 pro-

550 4103 729 4161 vincia
780 4113 980 4175 prater
1024 4120 1203 4161 meam
1256 4107 1577 4163 sententiam
1608 4107 1730 4179 quis
1771 4106 1933 4163 fuerit
1961 4123 1993 4162 a
2021 4109 2149 4181 qui-

548 4193 865 4266 buscunque
894 4201 947 4249 et
983 4194 1413 4268 quantiscunque
1441 4196 1736 4267 provincia
1758 4197 1919 4267 hujus
1942 4198 2147 4269 episco-

546 4283 631 4355 pis
671 4282 845 4340 factus
883 4282 1190 4355 episcopus,
1224 4284 1363 4340 sicut
1393 4285 1624 4357 mystica
1653 4286 1876 4342 Nicana
1905 4287 2145 4358 synodus

548 4371 793 4429 diﬂinivit
821 4372 965 4444 (cap.
999 4374 1075 4441 6),
1106 4388 1221 4429 non
1250 4378 1465 4445 oportet
1494 4391 1625 4431 eum
1653 4390 1772 4431 esse
1799 4378 2139 4448 episcopum.

2335 3213 2446 3270 Sed
2474 3222 2526 3270 et
2555 3214 2648 3270 illa
2676 3231 2788 3271 non
2817 3216 2956 3272 bene
2982 3217 3239 3290 intelligis
3266 3228 3325 3276 ut
3361 3221 3417 3277 in
3445 3222 3555 3278 tuis
3591 3224 3867 3284 collectio-

2260 3302 2422 3358 nibus
2464 3304 2754 3376 potiusque
2800 3306 3275 3378 compilationibus
3316 3310 3532 3380 inveni,
3568 3320 3629 3369 ut
3657 3331 3768 3387 ego
3797 3317 3866 3371 ad

2260 3398 2408 3446 tuam
2436 3393 2749 3462 parochiam
2775 3393 2881 3449 nisi
2909 3403 3013 3452 ate
3042 3396 3299 3453 invitatus
3365 3413 3476 3454 non
3538 3402 3779 3473 veniam,
3820 3413 3870 3460 et

2259 3494 2381 3552 quae
2417 3481 2749 3553 corrigenda
2795 3483 2870 3538 ibi
2899 3492 3025 3540 sunt
3081 3486 3389 3559 corrigam;
3421 3495 3476 3544 et
3501 3489 3651 3547 hunc
3675 3506 3864 3563 prava

2261 3566 2635 3640 intelligentiae
2662 3578 2769 3628 tua
2796 3587 3039 3641 sensum,
3071 3583 3127 3630 et
3170 3576 3327 3646 plura
3357 3591 3647 3636 sacrorum
3675 3583 3864 3640 conci-

2256 3655 2330 3711 lia
2360 3671 2649 3725 canonum,
2682 3667 2733 3717 et
2760 3662 3076 3733 apostolicae
3096 3664 3242 3720 sedis
3261 3666 3481 3723 decreta
3501 3668 3858 3742 redarguunt,

2256 3745 2541 3802 revincunt
2592 3754 2754 3820 atque
2812 3749 3099 3821 repellunt.
3160 3754 3218 3809 Si
3274 3769 3436 3811 causa
3491 3756 3551 3811 in
3576 3759 3862 3829 provincia

2253 3849 2374 3890 mea
2402 3843 2521 3891 orta
2541 3835 2719 3907 fuerit,
2755 3846 2849 3894 aut
2884 3839 2940 3894 in
2968 3841 3201 3898 concilio
3228 3842 3472 3914 perfecto
3524 3846 3691 3903 debet
3718 3846 3861 3905 ﬁniri

2253 3923 2273 3988 (
2298 3946 2320 3970 υ
2354 3923 2677 3994 perfectum,
2700 3926 2876 3999 inquit
2904 3943 3080 3985 canon
3112 3931 3290 4003 [conc.
3312 3935 3577 3993 Antioch.
3596 3951 3721 3992 can.
3746 3938 3855 4011 16],

2252 4011 2542 4070 concilium
2595 4014 2730 4072 illud
2782 4024 2864 4073 est
2920 4018 3015 4075 ubi
3059 4019 3363 4078 interfuerit
3406 4025 3858 4096 metropolitanus

2250 4099 2476 4157 antistes
2500 4122 2521 4153 ν
2548 4104 2567 4174 )
2597 4146 2610 4170 ,
2635 4111 2728 4160 aut
2753 4121 2851 4177 per
2879 4107 3172 4181 episcopos
3196 4111 3429 4183 judices,
3455 4112 3570 4169 sive
3588 4130 3730 4186 quos
3751 4132 3856 4190 ego

2248 4190 2694 4261 conquirentibus
2752 4194 2987 4263 dedero,
3031 4198 3147 4254 sive
3180 4215 3316 4270 quos
3371 4201 3478 4272 ipsi
3525 4202 3738 4260 vicinos
3790 4222 3855 4262 ex

2246 4293 2515 4335 consensu
2543 4280 2863 4355 delegerint.
2895 4285 3024 4341 Mihi
3046 4286 3350 4345 sollicitudo
3382 4291 3856 4363 totiusprovincia

2244 4374 2327 4423 est
2356 4369 2644 4426 commissa
2669 4390 2683 4439 ;
2713 4381 2932 4445 propter
2988 4375 3135 4446 quod
3163 4378 3234 4433 ad
3259 4393 3348 4435 me
3391 4393 3583 4436 omnes
3612 4382 3855 4455 undique

548 4460 606 4516 Si
634 4468 837 4527 autem,
868 4461 1144 4517 communi
1174 4470 1492 4519 caterorum
1526 4464 1747 4521 decreto
1768 4464 2150 4535 episcoporum
2177 4458 2229 4518 D
2248 4472 2313 4511 ex
2346 4464 2455 4513 tota
2484 4460 2781 4529 provincia,
2818 4462 2910 4532 qui
2938 4465 3161 4535 negotia
3197 4467 3567 4525 ecclesiastica
3594 4470 3853 4527 videntur

541 4549 852 4607 rationabili
882 4557 934 4604 et
949 4550 1248 4606 secundum
1268 4552 1518 4624 regulam
1540 4552 1972 4609 ecclesiasticam
1995 4568 2145 4610 com-

538 4638 789 4710 probato,
822 4646 881 4695 tu
908 4646 997 4695 aut
1025 4638 1115 4694 alii
1171 4639 1280 4695 duo
1336 4640 1414 4695 tui
1460 4640 1755 4712 complices
1809 4648 1989 4697 tecum
2019 4657 2143 4713 pro-

538 4734 660 4796 pter
679 4728 1096 4785 constitutiones
1115 4728 1371 4800 proprias
1387 4729 1845 4795 contradixeritis,
1867 4746 1988 4786 mea
2016 4745 2142 4788 cum

540 4813 786 4885 pluribus
814 4817 886 4871 ad
941 4817 1306 4873 ordinandum
1362 4819 1685 4889 episcopum
1714 4818 1979 4875 obtinebit
2006 4835 2139 4877 sen-

541 4902 727 4969 tentia,
760 4911 812 4959 et
839 4904 971 4959 mihi
1001 4920 1111 4963 non
1151 4906 1247 4961 tibi
1284 4906 1510 4962 ﬁrmitas
1557 4922 1749 4963 eorum
1777 4923 1899 4979 qua
1926 4924 2136 4981 gerun-

534 4998 642 5058 tur,
686 4992 754 5048 de
801 4992 1233 5051 ordinationibus
1261 4995 1349 5052 vel
1376 4995 1495 5050 aliis
1552 4996 1716 5052 rebus
1747 4996 2136 5055 ecclesiasticis

531 5080 585 5135 in
615 5080 909 5137 Rhcmensi
926 5082 1212 5153 provincia
1238 5084 1523 5141 tribuetur.
1548 5085 1607 5139 In
1633 5101 1740 5157 qua
1772 5086 1816 5141 si
1846 5086 2005 5143 fuerit
2032 5089 2134 5145 de-

527 5167 742 5227 functus
771 5170 1081 5243 episcopus,
1112 5188 1219 5246 ego
1250 5181 1302 5229 et
1331 5188 1439 5229 non
1469 5182 1526 5229 ut
1553 5173 1886 5232 visitatorem
1914 5176 2019 5249 ipsi
2047 5177 2133 5233 vi-

530 5258 705 5315 duata
733 5258 1041 5332 designabo
1068 5260 1356 5329 Ecclesia,
1393 5261 1715 5319 electionem
1747 5280 1871 5320 cum
1908 5266 2131 5323 decreto

525 5347 787 5403 canonico
816 5348 1130 5421 praecipiam
1176 5348 1312 5419 ﬁeri,
1343 5358 1399 5406 et
1427 5350 1473 5406 si
1503 5350 1560 5407 in
1613 5361 1795 5425 partes
1824 5369 1883 5410 se
1915 5352 2130 5427 eligen-

521 5435 658 5491 tium
684 5444 810 5492 vota
840 5436 1138 5505 diviserint,
1181 5454 1365 5496 meum
1394 5447 1450 5495 et
1477 5456 1588 5498 non
1608 5449 1759 5498 tuum
1781 5442 1882 5499 erit
1899 5442 2126 5517 eligere,

519 5524 611 5597 qui
642 5525 941 5595 majoribus
975 5528 1045 5583 ad
1074 5527 1437 5586 ordinandum
1464 5530 1656 5587 studiis
1680 5532 1901 5601 juvetur
1930 5540 1983 5589 et
2012 5548 2128 5589 me-

2250 4544 2475 4613 habere,
2521 4547 2722 4604 debent
2776 4565 3116 4622 concurrere,
3163 4562 3219 4611 et
3272 4571 3379 4629 ego
3407 4557 3624 4614 illorum
3656 4576 3851 4617 causas

2247 4632 2384 4689 sicut
2423 4635 2563 4692 etde
2594 4644 2687 4693 tua
2714 4641 2991 4711 parochia,
3025 4643 3200 4700 debeo
3238 4646 3565 4719 regulariter
3594 4648 3844 4707 difﬁnire.

2244 4722 2323 4777 Tu
2341 4732 2521 4780 autem
2552 4733 2839 4783 contentus
2870 4746 2992 4785 esse
3021 4732 3194 4789 debes
3223 4743 3281 4790 ut
3310 4752 3475 4808 regas
3508 4745 3656 4793 tuam
3681 4754 3845 4811 paro-

2242 4812 2420 4868 chiam
2444 4815 2594 4884 juxta
2632 4819 2993 4875 reverentiam
3040 4821 3269 4895 singulis
3337 4833 3763 4897 competentem,
3795 4838 3846 4886 et

2238 4902 2643 4971 providentiam
2671 4920 2835 4977 geras
2862 4908 3039 4964 omnis
3078 4912 3444 4982 possessionis
3473 4932 3596 4987 qua
3627 4917 3729 4972 sub
3759 4925 3849 4975 tua

2239 4998 2320 5046 est
2348 4999 2633 5063 potestate,
2666 4993 2737 5048 ita
2764 5003 2819 5051 ut
2850 4998 3200 5069 presbyteros
3230 5008 3283 5057 et
3298 5001 3561 5060 diaconos
3591 5006 3836 5075 ordines,

2237 5087 2289 5134 et
2319 5095 2428 5136 non
2475 5082 2785 5151 exordines,
2836 5092 2892 5140 et
2931 5087 3167 5160 singula,
3207 5106 3315 5146 non
3345 5101 3522 5149 autem
3542 5097 3841 5166 provincia

2235 5169 2534 5240 generalia,
2568 5178 2658 5227 tuo
2683 5172 2890 5241 judicio
2925 5177 3385 5248 comprehendas.
3423 5181 3541 5238 Nec
3563 5184 3663 5240 tibi
3687 5184 3829 5252 licet,

2235 5257 2281 5312 si
2301 5266 2493 5315 contra
2522 5259 2741 5318 fratrem
2771 5271 2922 5320 tuum
2950 5265 3190 5338 aliquem
3211 5270 3530 5342 episcopum
3561 5273 3713 5330 litem
3745 5276 3835 5331 ha-

2232 5345 2436 5417 bueris,
2470 5364 2536 5404 ex
2555 5350 2657 5405 alia
2685 5352 2960 5422 provincia
2990 5356 3261 5415 advocare
3286 5359 3605 5431 episcopum
3646 5365 3836 5438 cogni-

2234 5441 2424 5504 torem,
2457 5454 2558 5495 nec
2593 5439 2754 5496 etiam
2790 5441 2886 5497 tibi
2941 5442 3068 5502 licet
3122 5463 3219 5517 pro
3270 5448 3610 5506 terminando
3653 5453 3831 5526 jurgio

2229 5541 2425 5603 praeter
2460 5552 2545 5592 me
2572 5537 2638 5593 ad
2659 5538 2795 5594 alias
2833 5542 3124 5599 convolare
3153 5545 3475 5616 provincias.
3522 5547 3633 5605 Sed
3666 5551 3713 5606 si
3740 5567 3831 5608 ne-
