4072 6294
274 255 376 310 313

995 250 1237 310 OPUSC.
1296 252 1386 310 ET
1431 252 1648 310 EPIST.
1709 253 1784 309 IN
1839 251 2064 310 CAUSA
2109 252 2453 313 HINCMARI
2516 257 2826 316 LAUDUN.

3470 263 3573 320 314

291 392 450 434 cesse
487 377 667 446 fuerit,
700 391 802 449 pro
829 391 967 434 meas
997 379 1293 450 provinciae
1321 378 1684 451 ambiguitatis
1715 379 1882 434 abso-
1913 379 1969 440 A
1988 379 2086 435 lari
2116 381 2372 436 comitatu
2402 381 2603 438 ascitus
2623 383 2678 438 in
2701 384 2862 439 aliam
2888 385 3224 457 provinciam
3249 389 3538 460 perrexisti
3561 409 3594 458 ς,

287 467 512 534 lutione,
537 483 644 538 ego
677 483 710 522 a
737 467 916 522 vicina
935 468 1218 538 provincia
1241 468 1475 538 judices,
1501 469 1548 523 si
1566 469 1879 532 decrevere,

286 570 588 612 convocare
634 556 922 626 pravaleo.
971 558 1040 610 Et
1084 556 1131 610 si
1178 573 1299 612 cum
1349 557 1606 628 episcopo
1663 557 1883 611 alterius

281 644 577 715 provinciae
607 644 676 699 de
705 660 866 699 causa
889 644 1254 713 contenderis,
1287 653 1340 700 et
1367 647 1421 701 in
1452 661 1575 701 mea
1601 645 1883 716 provincia

282 747 451 788 causa
480 733 727 801 conjacet
756 731 1011 800 ﬁnienda,
1046 750 1152 807 ego
1173 735 1349 790 debeo
1377 735 1506 790 dare
1529 734 1761 803 judices,
1793 734 1882 805 qui

282 821 476 876 eadem
507 836 728 877 causam
774 822 1100 894 regulariter
1142 822 1350 890 ﬁniant,
1392 822 1526 878 nihil
1569 831 1748 878 autem
1776 823 1881 877 ho-

281 926 402 964 rum
432 909 510 964 tui
542 918 622 963 est
650 909 931 980 pontiﬁcii.
962 912 1082 983 Ego
1113 912 1180 966 de
1211 911 1390 966 dubiis
1421 919 1472 966 et
1503 912 1750 967 obscuris
1787 927 1881 966 re-

277 997 397 1066 bus,
432 998 501 1051 de
540 997 736 1068 quibus
780 1005 987 1053 certam
1030 998 1402 1055 difﬁnitionem
1444 1016 1552 1054 non
1596 1000 1878 1066 habemus,

277 1088 322 1140 si
352 1086 494 1140 forte
523 1087 861 1152 emerserint,
896 1095 945 1142 et
975 1089 1044 1142 de
1074 1089 1157 1142 his
1198 1106 1319 1160 qua:
1363 1089 1479 1144 sine
1521 1088 1882 1160 plurimorum

270 1175 483 1243 judicio
513 1175 896 1245 episcOporum
928 1175 1070 1230 finiri
1110 1192 1220 1231 non
1257 1185 1504 1247 possunt,
1538 1194 1661 1232 cum
1692 1177 1882 1247 coepi-

280 1263 462 1334 scopis
520 1264 844 1333 provincize,
887 1264 1026 1318 inter
1064 1281 1202 1335 quos
1241 1266 1648 1331 annumeraris,
1705 1266 1880 1320 debeo

279 1351 568 1408 consilium
617 1369 888 1422 quarere,
949 1354 1180 1424 qualiter
1229 1355 1302 1407 ita
1351 1354 1622 1420 finiantur,
1673 1363 1729 1408 ut
1781 1370 1881 1408 nec

277 1441 563 1512 praeceptis
596 1441 927 1513 evangelicis
966 1443 1298 1498 contrarium
1336 1459 1438 1498 nec
1477 1443 1713 1498 decretis
1752 1459 1880 1496 san—

280 1538 495 1584 ctorum
524 1529 828 1584 inveniatur
861 1531 1150 1587 adversum
1180 1533 1332 1600 (Leo,
1364 1548 1450 1605 ep.
1486 1535 1597 1601 92).
1631 1531 1748 1586 Tibi
1779 1547 1880 1586 au-

278 1627 384 1673 tem
414 1617 470 1672 in
501 1619 680 1672 causis
712 1635 830 1689 qum
858 1621 927 1673 ad
959 1621 1268 1690 generalem
1312 1621 1717 1676 observantiam
1746 1637 1879 1691 per-

1985 476 2039 524 et
2066 469 2114 523 si
2142 470 2253 524 vim
2283 471 2351 524 ab
2381 471 2564 542 aliquo
2589 471 2736 527 fuisti
2753 489 3070 544 perpessus,
3103 484 3161 531 ut
3189 477 3258 531 ab
3290 493 3352 532 ea
3371 477 3580 551 irregu-

1984 556 2169 612 lariter
2198 559 2282 614 vel
2312 567 2538 615 coactus
2568 560 2767 627 exires,
2800 562 2933 616 nihil
2961 565 3102 634 apud
3131 581 3239 631 me,
3269 565 3407 622 sicut
3433 583 3576 637 prae-

1982 645 2186 716 cipiunt
2211 648 2453 718 regulas,
2501 649 2626 703 inde
2670 659 2892 721 questus
2930 651 3097 721 fuisti,
3148 654 3244 708 sed
3289 661 3578 726 antequam

1983 735 2154 789 scires
2202 736 2333 806 quid
2381 754 2445 792 ex
2491 738 2684 793 eodem
2729 739 2950 811 negotio
2989 749 3205 796 acturus
3249 759 3460 812 essem,
3492 743 3579 799 vel

1984 823 2112 894 quid
2143 824 2385 880 obtinere
2416 826 2686 895 valerem,
2732 827 2850 882 sine
2893 844 3013 883 mea
3044 829 3376 886 conscientia
3395 872 3410 899 ,
3443 832 3580 888 sicut

1983 920 2034 966 et
2058 913 2173 981 jam
2203 914 2370 968 altera
2401 915 2517 970 vice
2545 915 2738 983 fecisti,
2791 917 3234 972 reclamationem
3261 919 3330 972 ad
3357 927 3579 989 aposto-

1982 1000 2144 1056 licam
2176 1003 2361 1057 sedem
2391 1003 2605 1070 misisti,
2630 1021 2752 1072 eum
2781 1005 3097 1076 pracipiant
3125 1007 3331 1079 regula:
3359 1008 3577 1080 (Greg.,

1987 1091 2079 1144 lib.
2130 1105 2226 1155 vn,
2280 1092 2400 1146 ind.
2448 1095 2503 1158 2,
2537 1109 2623 1164 cp.
2657 1093 2755 1164 8):
2787 1095 2856 1149 Ut
2900 1095 3080 1149 nullus
3127 1095 3414 1167 episcopus
3459 1113 3581 1152 me-

1983 1177 2363 1248 tr0politanum
2427 1195 2584 1235 suum
2636 1182 2692 1235 in
2748 1182 2932 1254 aliquo
2999 1192 3288 1253 praesumat
3353 1193 3580 1255 postpo—

1982 1282 2147 1332 nere,
2208 1275 2434 1338 excepto
2491 1269 2536 1323 si
2591 1278 2782 1324 contra
2838 1287 2962 1324 eum
3019 1271 3224 1342 aliquid
3263 1288 3444 1328 causae
3473 1289 3583 1328 non

1983 1355 2262 1424 habuerit,
2318 1364 2377 1410 ut
2427 1357 2496 1411 ob
2542 1358 2647 1412 hoc
2692 1359 2838 1413 sedis
2886 1359 3196 1429 apostolicae
3241 1368 3390 1430 petat
3432 1362 3580 1430 judi-

1984 1443 2144 1510 cium,
2207 1445 2354 1514 quod
2411 1461 2508 1515 per
2562 1462 2797 1501 canones
2850 1447 3190 1518 antiquorum
3236 1450 3454 1504 Patrum
3501 1461 3582 1507 est

1982 1531 2316 1588 institutione
2361 1535 2708 1604 permissum.
2744 1536 2947 1590 Verum
2997 1544 3050 1590 et
3090 1537 3408 1608 priusquam
3454 1539 3580 1596 inde

1984 1637 2305 1690 responsum
2350 1623 2648 1693 acciperes,
2689 1624 2874 1679 relicto
2916 1625 3312 1692 ecclesiastico,
3359 1627 3563 1697 publici

274 1707 478 1772 tinent,
522 1707 738 1761 Domini
786 1710 1147 1777 sacerdotum,
1183 1709 1315 1764 nihil
1364 1717 1565 1780 praeter
1594 1725 1682 1764 me
1712 1726 1880 1782 agere
1908 1709 2216 1792 Bjudicio,
2269 1710 2521 1766 videlicet
2575 1712 2892 1782 principalis
2937 1715 3216 1783 potestatis
3264 1715 3572 1785 reipublicai

275 1795 419 1856 licet,
458 1796 551 1867 qui
583 1811 684 1851 nec
714 1797 862 1851 vales
906 1797 1154 1868 implere.
1191 1798 1244 1853 Si
1276 1798 1330 1851 in
1363 1798 1541 1852 causis
1587 1797 1765 1852 dubiis
1797 1799 1881 1854 vel

279 1885 528 1940 obscuris
560 1885 764 1956 aliquid
803 1885 1020 1940 dubitas
1041 1929 1054 1952 ,
1095 1903 1182 1941 me
1213 1888 1381 1942 debes
1411 1887 1788 1958 interrogare;
1830 1896 1882 1942 et

280 1973 325 2027 si
355 1989 462 2044 ego
490 1974 758 2039 nesciero,
786 1990 890 2047 ego
925 1976 1066 2044 apud
1098 1975 1255 2042 alios,
1280 1976 1366 2030 vel
1397 1975 1440 2030 si
1467 1991 1694 2031 necesse
1725 1976 1882 2030 fuerit

278 2062 421 2132 apud
453 2063 642 2117 sedem
671 2064 1021 2134 apostolicam
1065 2065 1240 2119 debeo
1271 2065 1542 2137 requirere
1573 2073 1623 2119 et
1652 2065 1746 2118 tibi
1779 2065 1880 2119 ab-

283 2150 514 2205 solvere.
556 2151 635 2206 Tu
673 2160 854 2208 autem
891 2153 1008 2207 sine
1047 2169 1134 2208 me
1172 2154 1240 2207 de
1279 2153 1457 2208 causis
1495 2153 1878 2225 generalibus,

281 2255 381 2294 nec
439 2240 603 2294 etiam
644 2241 714 2295 ad
753 2242 940 2300 sedem
977 2242 1331 2312 apostolicam
1370 2243 1539 2297 debes
1584 2242 1865 2313 requirere

277 2334 574 2398 antequam
605 2330 826 2384 studeas
857 2346 945 2385 me
975 2330 1102 2385 inde
1130 2331 1440 2396 consulere;
1476 2338 1526 2385 et
1560 2331 1604 2384 si
1627 2347 1727 2401 pro
1757 2345 1883 2386 cau-

279 2417 351 2470 sis
399 2417 644 2487 propriis
687 2418 994 2489 ubicunque
1032 2419 1250 2491 longius
1288 2427 1517 2491 cogente
1557 2420 1881 2475 necessitate

281 2504 373 2559 tibi
404 2504 572 2560 fuerit
601 2507 1008 2572 ambulandum,
1040 2525 1070 2561 a
1096 2524 1182 2562 me
1215 2508 1514 2563 secundum
1561 2508 1818 2563 indiciam
1851 2523 1883 2562 a

279 2595 482 2650 sanctis
514 2595 766 2649 Patribus
795 2596 1046 2668 regulam
1092 2603 1276 2666 petere
1308 2597 1580 2651 licentiam
1610 2597 1796 2661 debes,
1831 2606 1883 2651 et

278 2684 343 2737 ad
374 2683 678 2754 quamlibet
716 2685 1045 2754 provinciam
1077 2685 1194 2740 sine
1223 2686 1359 2740 meis
1391 2685 1581 2740 litteris
1610 2686 1881 2756 regulari-

281 2781 360 2828 ter
389 2771 663 2844 proficisci
693 2774 780 2829 vel
809 2774 1024 2828 mittere
1054 2773 1269 2846 longius
1299 2775 1369 2828 ad
1395 2775 1705 2830 comitatum
1735 2790 1882 2830 com-

277 2861 585 2916 ministrum
617 2871 766 2916 tuum
796 2877 905 2918 non
951 2871 1142 2933 potes,
1177 2879 1276 2918 nec
1307 2879 1395 2918 me
1429 2862 1482 2917 in
1514 2864 1694 2934 aliquo
1725 2872 1880 2934 post-

279 2964 482 3021 ponere
513 2951 685 3006 debes
727 2968 1078 3021 prazsumere,
1113 2959 1338 3023 excepto
1372 2952 1416 3006 si
1446 2960 1634 3007 contra
1664 2969 1751 3007 me
1779 2953 1881 3006 ali-

281 3040 407 3110 quid
441 3055 620 3094 causas
652 3055 762 3095 non
788 3041 1066 3107 habueris,
1091 3049 1148 3094 ut
1169 3040 1239 3096 ob
1260 3042 1364 3096 hoc
1393 3041 1706 3112 apostolica:
1736 3040 1880 3095 sedis

272 3128 542 3196 judicium
571 3129 897 3200 regulariter
940 3138 1179 3200 expetas,
1229 3130 1367 3185 sicut
1407 3129 1761 3184 Sardicenses
1790 3145 1880 3184 ca-

282 3233 454 3272 nones
493 3225 826 3284 monstrant,
869 3226 921 3274 et
960 3218 1305 3274 Innocentius
1343 3219 1413 3272 ad
1443 3218 1787 3286 Victricium,
1831 3226 1883 3272 et

283 3306 579 3378 Gregorius
619 3315 672 3360 et
709 3307 889 3362 cateri
944 3307 1172 3363 Romani
1229 3306 1516 3377 pontifices
1553 3306 1607 3360 in
1647 3306 1882 3361 decretis

282 3395 390 3450 suis
423 3404 881 3461 commemorant,
925 3404 1087 3467 atque
1126 3396 1279 3467 leges
1319 3394 1716 3466 imperatoriae,
1752 3411 1884 3466 quas

281 3483 668 3540 ecclesiastica:
697 3485 900 3554 regulas
930 3485 1248 3556 approbant,
1274 3483 1553 3540 evidenter
1574 3483 1880 3538 ostendunt.

281 3574 397 3645 Ego
445 3589 547 3644 pro
596 3573 908 3643 hujusmodi
955 3575 1195 3644 negotio,
1229 3589 1331 3629 nec
1361 3581 1453 3628 tua
1495 3572 1731 3638 licentia,
1784 3587 1886 3627 nec

283 3661 473 3717 litteris
515 3671 619 3717 tuae
659 3662 1046 3733 singularitatis
1084 3663 1322 3735 indigeo.
1377 3663 1456 3717 De
1513 3661 1596 3715 his
1653 3661 1885 3732 denique

283 3767 342 3806 ex
374 3751 574 3822 quibus
613 3760 796 3806 certas
828 3760 879 3806 et
907 3751 1254 3815 manifestas,
1303 3759 1463 3822 atque
1507 3749 1889 3805 inviolabiliter

281 3848 329 3894 et
370 3839 835 3912 irrefragabiliter
873 3840 990 3896 sine
1027 3840 1138 3895 ulla
1175 3840 1549 3895 immutatione
1589 3838 1883 3906 tenendas,

284 3930 584 3985 secundum
629 3929 900 3984 tramitem
947 3930 1370 4000 Scripturarum,
1405 3937 1717 3984 sanctorum
1748 3944 1884 3984 con-

285 4018 529 4073 ciliorum
564 4026 616 4072 et
646 4018 924 4088 postolicae
972 4019 1120 4074 sedis
1167 4018 1430 4073 habemus
1481 4017 1795 4082 sententias,
1846 4017 1893 4070 si

288 4115 468 4162 contra
499 4122 596 4163 eas
627 4105 842 4173 feceris,
870 4123 977 4162 non
1011 4108 1184 4162 debeo
1215 4115 1528 4178 exspectare
1560 4103 1891 4176 provinciale

286 4197 366 4252 vel
390 4195 651 4268 generale
675 4196 987 4262 concilium,
1012 4196 1098 4252 vel
1119 4196 1562 4267 coepiscororum
1583 4203 1892 4250 nostrorum

286 4285 595 4340 consultum
653 4285 767 4340 sive
827 4285 1150 4350 consilium,
1212 4285 1309 4339 sed
1366 4285 1543 4338 statim
1593 4282 1893 4338 secundum

288 4375 557 4443 majorum
618 4383 670 4429 et
728 4374 1153 4430 orthodoxorum
1209 4375 1424 4427 Patrum
1480 4371 1781 4436 sententia,
1833 4385 1893 4425 ea

1911 3089 1960 3151 C

1981 1798 2339 1867 prasidentis,
2375 1801 2444 1854 de
2474 1801 2558 1853 his
2591 1817 2712 1871 quae
2751 1801 2846 1854 tibi
2895 1802 3041 1856 illata
3089 1801 3304 1856 fuerant
3331 1803 3577 1876 purgari,

1981 1893 2037 1940 ut
2067 1888 2430 1957 quorumdam
2479 1889 2639 1942 etiam
2689 1890 3033 1945 saecularium
3080 1891 3382 1946 interventu
3411 1908 3471 1947 ac
3500 1891 3582 1947 rei

1980 1983 2243 2045 proventu
2276 1976 2470 2031 claruit
2513 1978 2763 2047 expetisti
2797 1996 2811 2032 :
2845 1978 2972 2049 quia
3003 1994 3125 2033 eum
3153 1979 3236 2032 bis
3265 1980 3332 2034 ad
3363 1988 3413 2034 te
3443 1980 3581 2034 mis-

1982 2080 2073 2118 sos
2119 2072 2172 2119 et
2217 2064 2419 2119 litteras
2467 2066 2730 2130 miserim,
2774 2075 2827 2120 et
2872 2067 3093 2138 quidam
3142 2075 3356 2122 tuorum
3403 2076 3584 2124 tecum

1981 2151 2238 2223 loquendi
2277 2154 2563 2208 habuerint
2592 2153 2922 2221 facultatem,
2962 2165 3013 2210 et
3045 2164 3221 2211 tecum
3253 2156 3416 2211 locuti
3461 2156 3583 2211 fue-

1982 2240 2109 2306 rint,
2143 2257 2244 2297 nec
2274 2259 2456 2297 meum
2490 2243 2575 2298 vel
2604 2243 3054 2314 coepiscoporum
3085 2252 3393 2300 nostrorum
3422 2261 3585 2316 expe-

1981 2329 2094 2382 tisti
2125 2331 2403 2396 auxilium,
2440 2347 2542 2387 nec
2579 2340 2768 2386 nostro
2816 2333 3032 2387 voluisti
3060 2334 3136 2387 uti
3167 2333 3412 2398 consilio,
3447 2334 3585 2390 sicut

1977 2419 2089 2487 jam
2129 2419 2245 2473 aliis
2297 2419 2504 2474 vicibus
2552 2421 2730 2492 egisti,
2782 2421 2998 2491 quando
3027 2437 3126 2491 pro
3153 2429 3204 2476 te
3237 2430 3289 2476 et
3316 2422 3502 2478 verbis
3533 2431 3586 2478 et

1985 2507 2198 2577 scriptis
2230 2509 2375 2577 apud
2405 2509 2663 2563 domuum
2696 2525 2886 2580 regem
2919 2510 3238 2582 sategimus,
3271 2519 3322 2565 et
3352 2526 3586 2566 commo-

1983 2594 2185 2650 tionem
2245 2595 2388 2650 illius
2443 2612 2475 2650 a
2529 2605 2580 2650 te
2638 2597 2756 2652 sine
2826 2614 2990 2652 causa
3047 2606 3098 2653 et
3151 2598 3586 2654 irrationabiliter

1985 2684 2268 2739 excitatam
2325 2685 2690 2755 placavimus,
2752 2687 2888 2741 Hinc
2931 2695 3110 2742 autem
3159 2687 3586 2744 ecclesiasticum

1985 2781 2241 2844 expetere
2271 2773 2646 2845 contempsisti
2685 2775 2969 2844 judicium,
3003 2784 3056 2830 et
3086 2777 3400 2846 episcopali,
3447 2777 3585 2833 sicut

1983 2861 2306 2932 praecipiunt
2335 2863 2558 2934 regulae,
2593 2863 2670 2916 uti
2695 2863 2914 2918 noluisti
2945 2864 3191 2930 consilio,
3216 2881 3395 2935 neque
3421 2865 3585 2919 ullam

1983 2950 2108 3005 inde
2138 2958 2327 3020 postea
2359 2950 2784 3007 satisfactionem
2813 2952 3077 3008 Ecclesia
3097 2953 3183 3007 vel
3204 2953 3585 3009 ecclesiasticis

1985 3038 2194 3110 regulis
2239 3039 2526 3093 exhibuisti
2563 3056 2574 3093 :
2611 3041 2709 3095 sed
2737 3048 2797 3094 ut
2827 3041 3084 3111 scriptum
3112 3049 3194 3095 est
3237 3040 3306 3095 de
3347 3057 3416 3096 ea
3463 3056 3585 3111 quae

1982 3128 2145 3197 tergit
2183 3143 2245 3182 os
2283 3144 2462 3196 suum,
2497 3135 2550 3182 et
2580 3127 2750 3183 dicit:
2784 3129 2909 3183 Non
2952 3145 3072 3182 sum
3113 3137 3339 3198 operata
3379 3129 3585 3184 malum

1984 3216 2164 3285 (Prov.
2201 3231 2342 3284 xxx,
2377 3215 2491 3285 20),
2525 3216 2600 3270 ita
2629 3225 2716 3270 aut
2745 3232 2855 3271 non
2893 3217 3223 3288 intelligens,
3255 3225 3350 3272 aut
3379 3217 3583 3273 intelli-

1984 3321 2117 3376 gere
2156 3304 2466 3374 pervicacia
2513 3313 2603 3360 tua
2649 3305 3015 3375 dissimulans,
3047 3307 3308 3362 hactenus
3340 3307 3396 3360 in
3424 3306 3586 3361 indo-

1984 3391 2167 3446 mabili
2214 3393 2555 3449 contumacia
2601 3401 2696 3448 tua
2735 3394 3020 3465 persistis;
3053 3410 3141 3450 me
3173 3411 3389 3466 quoque
3431 3403 3588 3466 post-

1984 3480 2194 3552 posito,
2254 3498 2315 3536 ac
2383 3481 2587 3537 relictis
2651 3483 2948 3552 provinciae
3014 3499 3151 3538 meae
3215 3484 3589 3540 communibus

1987 3569 2344 3640 coepiscopis,
2379 3571 2584 3626 scilicet
2622 3572 2758 3626 meis
2801 3587 2864 3627 ac
2910 3571 3035 3637 tuis,
3069 3572 3123 3625 in
3152 3571 3257 3626 alia
3285 3573 3586 3642 provincia,

1989 3668 2040 3713 et
2067 3659 2295 3713 aliarum
2337 3659 2742 3729 provinciarum
2789 3659 3167 3731 episcoporum
3198 3661 3324 3716 inde
3355 3661 3433 3716 uti
3460 3676 3591 3718 con-

1990 3747 2109 3802 silio
2146 3747 2326 3820 magis
2364 3763 2528 3819 quam
2566 3756 2752 3804 nostro
2791 3757 2983 3804 contra
3034 3749 3253 3821 regulas
3303 3750 3588 3822 delegisti,

1989 3852 2114 3892 cum
2144 3852 2250 3909 ego
2280 3837 2336 3891 in
2365 3836 2640 3893 vicinitate
2686 3837 2792 3893 loci
2839 3837 2933 3892 ubi
2976 3838 3208 3893 domnus
3257 3855 3348 3894 rex
3397 3839 3591 3895 immo-

1990 3926 2212 3979 rabatur
2275 3933 2400 3981 tunc
2460 3925 2692 3993 fuerim,
2751 3936 2803 3981 et
2859 3926 3082 3998 quidam
3121 3927 3592 3999 coepiscoporum

1991 4022 2302 4069 nostrorum
2345 4030 2470 4069 cum
2507 4015 2600 4070 illo
2644 4015 2948 4085 deguerint.
3003 4016 3199 4087 Sicque
3229 4017 3347 4071 sine
3376 4031 3502 4072 mea
3530 4030 3596 4072 ac

1992 4103 2444 4173 coepiscoporum
2493 4103 2787 4172 provincia-3
2843 4120 2979 4158 meae
3033 4104 3300 4158 sententia
3346 4120 3411 4160 ac
3457 4121 3594 4160 con-

1991 4191 2217 4244 scientia
2238 4233 2250 4255 ,
2287 4189 2554 4245 transiens
2599 4204 2758 4245 secus
2800 4191 2983 4245 locum
3025 4192 3080 4244 in
3111 4207 3218 4262 quo
3250 4207 3424 4256 eram,
3457 4193 3594 4246 adeo

1994 4279 2087 4333 tibi
2130 4279 2436 4348 proximum
2467 4287 2524 4333 ut
2553 4294 2639 4333 me
2687 4278 2871 4334 videre
2918 4294 3111 4349 posses
3142 4279 3186 4334 si
3216 4278 3385 4335 velles
3405 4324 3418 4346 ,
3471 4280 3598 4351 quia

1993 4375 2044 4422 te
2074 4367 2204 4434 vidi,
2240 4367 2459 4438 quando
2489 4367 2607 4422 sine
2636 4366 2746 4422 ulla
2776 4367 3122 4434 necessitate,
3157 4367 3399 4424 velocius
3431 4383 3594 4440 quam

287 4463 567 4537 corrigere
598 4463 774 4518 debeo
806 4478 926 4534 quae
955 4470 1148 4517 contra
1179 4478 1362 4517 eorum
1395 4460 1765 4516 difﬁnitionem
1796 4458 1893 4512 ad-
1919 4449 1970 4510 D
1993 4456 2290 4528 episcopali
2346 4456 2593 4528 gravitati
2643 4456 2949 4525 conveniat,
2998 4474 3096 4529 per
3136 4457 3262 4512 inde
3307 4455 3596 4522 transiens,

289 4553 518 4618 miseris,
573 4551 718 4624 quia,
769 4559 826 4606 ut
873 4551 1064 4607 beatus
1107 4559 1372 4606 monstrat
1417 4550 1684 4617 Gelasius,
1719 4550 1775 4603 in
1801 4550 1886 4604 his

288 4657 388 4696 non
416 4657 576 4698 novae
597 4640 998 4697 constitutionis
1021 4648 1228 4706 auctor,
1255 4640 1351 4695 sed
1381 4639 1581 4695 veteris
1611 4638 1887 4695 constituti

289 4738 571 4788 exsecutor
599 4729 850 4786 existam.

897 4861 1121 4918 CAPUT
1168 4862 1282 4916 VII.

292 4981 361 5036 De
391 4997 450 5037 eo
481 4979 626 5053 quod
665 4980 930 5036 sceculari
968 4979 1262 5036 consultus
1303 4979 1539 5050 purgari
1582 4977 1884 5049 quaesierit.

357 5098 434 5151 Tu
461 5104 645 5152 autem
674 5103 859 5151 contra
889 5103 1100 5151 veteres
1131 5094 1562 5160 constitutiones,
1587 5108 1696 5148 non
1716 5093 1892 5147 solum

294 5186 474 5252 toties,
526 5193 583 5240 ut
630 5184 905 5256 praemisi,
957 5201 988 5237 a
1035 5182 1314 5254 provincia
1359 5183 1725 5247 Rhemorum,
1775 5181 1890 5236 sine

293 5273 505 5330 licentia
552 5273 830 5345 regulari,
876 5272 1185 5328 inordinate
1233 5287 1406 5339 more,
1448 5286 1548 5341 pro
1572 5270 1892 5342 quibusdam

295 5362 523 5435 negotiis
577 5362 717 5418 sicut
773 5362 869 5415 tibi
920 5362 1096 5417 visum
1129 5359 1304 5415 fuerat
1333 5358 1742 5429 deprOperasti,
1796 5359 1892 5414 sed

298 5460 346 5505 et
374 5460 562 5521 postea
592 5451 720 5507 inde
741 5449 858 5506 sine
881 5467 1004 5506 meo
1022 5467 1086 5507 ac
1107 5449 1561 5520 coepiscoporum
1581 5452 1890 5503 nostrorum

301 5540 545 5597 consultu
575 5540 689 5596 sive
718 5555 1007 5607 consensu,
1039 5556 1148 5596 non
1180 5537 1554 5596 ecclesiastico
1586 5536 1682 5591 sed
1713 5552 1891 5592 saecu-

1987 4545 2366 4617 irregulariter
2425 4546 2496 4601 ad
2547 4547 2736 4601 sedem
2793 4553 2936 4602 tuam
2995 4546 3236 4613 rediisti,
3311 4553 3598 4616 antequam

1990 4634 2288 4706 episcopali
2334 4634 2567 4690 examini
2609 4635 2868 4690 redderes
2911 4635 3176 4690 rationem
3199 4677 3211 4700 ,
3246 4649 3349 4705 qua
3378 4634 3447 4690 de
3478 4649 3540 4689 re
3567 4649 3598 4688 a

1987 4725 2244 4795 parochia
2291 4732 2412 4790 tua,
2461 4733 2513 4779 et
2551 4724 2844 4780 Rbemensi
2890 4721 3171 4793 provincia
3220 4721 3597 4794 irregulariter

1989 4821 2082 4868 aut
2126 4813 2400 4868 voluntate
2443 4813 2798 4878 abscesseris,
2833 4819 2924 4866 aut
2951 4811 3019 4865 de
3052 4824 3377 4883 quacunque
3429 4827 3594 4868 causa

1986 4919 2016 4957 a
2048 4918 2372 4974 quocunque
2403 4909 2685 4974 reputatus
2707 4901 2759 4956 vi
2777 4899 3040 4954 abductus
3071 4900 3359 4956 exstiteris.
3392 4923 3414 4953 α
3441 4902 3589 4967 Ideo,

1991 4991 2162 5063 inquit
2206 4999 2425 5048 sanctus
2475 4990 2723 5046 Gelasius
2771 4990 2917 5060 (cap.
2949 4988 3063 5060 20),
3096 4997 3322 5046 vocatur
3350 4991 3418 5044 ad
3440 4990 3591 5059 judi-

1991 5081 2135 5137 cium
2189 5089 2336 5137 certe
2397 5090 2732 5151 quaecunque
2791 5092 3058 5147 persona,
3117 5085 3174 5132 ut
3227 5087 3319 5133 aut
3373 5077 3599 5134 fateatur

1992 5170 2236 5241 objecta,
2288 5177 2381 5224 aut
2426 5165 2789 5223 convincatur
2835 5166 3079 5236 objectis.
3116 5188 3139 5217 ι
3171 5167 3242 5222 Et
3281 5166 3604 5224 Antiocheni

1996 5273 2233 5315 canones
2267 5276 2280 5312 :
2319 5279 2341 5307 α
2375 5258 2436 5310 In
2466 5253 2735 5322 conciliis,
2769 5255 3036 5327 inquiunt,
3069 5255 3248 5310 adsint
3276 5271 3467 5311 omnes
3513 5257 3605 5327 qui

1999 5364 2059 5401 se
2083 5348 2243 5401 laesos
2273 5344 2599 5418 existimant,
2627 5351 2680 5399 et
2701 5344 2896 5416 synodi
2927 5344 3270 5416 experiantur
3290 5359 3535 5400 examen.
3573 5363 3595 5393 υ

1999 5434 2277 5490 Debueras
2327 5433 2490 5506 igitur
2525 5419 2604 5488 'de
2647 5450 2789 5490 nova
2835 5434 3048 5490 noviter
3095 5449 3290 5499 causa,
3339 5433 3427 5488 vel
3470 5448 3504 5488 a
3549 5440 3600 5487 te

1992 5540 2140 5603 acta,
2173 5531 2259 5587 vel
2304 5530 2401 5585 tibi
2452 5531 2634 5598 illata,
2687 5541 2943 5605 expetere
2991 5531 3291 5602 synodum,
3327 5538 3385 5587 ut
3412 5537 3502 5586 aut
3528 5529 3597 5585 de
