4072 6294
502 311 607 366 315

512 445 832 504 quacunque
859 424 1165 496 objectione
1191 428 1280 477 aut
1323 420 1390 475 de
1429 417 1652 474 laesione
1697 411 1892 486 synodi
1935 423 2104 479 expe-

504 519 690 576 rireris
739 532 998 581 examen;
1044 513 1141 569 sed
1171 519 1226 566 tu
1255 517 1496 574 econtra,
1533 502 1837 560 inconsulte
1884 497 2100 554 rediens

501 609 571 666 ad
599 609 788 664 sedem
825 613 1006 669 tuam,
1040 604 1264 658 decreto
1311 605 1500 654 contra
1551 608 1736 648 sacros
1783 603 2020 646 canones
2051 593 2104 640 et

503 697 790 754 constituta
838 693 986 749 sedis
1032 692 1292 747 Romanae
1335 683 1650 757 pontiﬁcum
1693 673 2064 748 subscripsisti
2085 716 2098 740 ,

503 793 557 842 et
585 783 832 842 ecclesiae
858 789 966 837 tum
995 779 1223 836 clericos
1253 773 1597 831 subscribere
1623 768 1816 824 fecisti.

1099 892 1323 950 CAPUT
1361 889 1502 944 VIII.

506 995 582 1048 De
629 989 879 1063 epistolis
921 1001 1085 1058 papae
1109 997 1211 1054 pro
1242 981 1364 1052 ejus
1392 973 1802 1033 reclamatione
1849 968 2100 1040 scriptis.

575 1089 848 1162 Epistolas
877 1101 1110 1160 quoque,
1145 1083 1345 1137 domno
1374 1077 1496 1150 regi
1525 1084 1578 1131 et
1607 1073 1740 1130 mihi
1777 1088 1878 1162 pro
1920 1069 2103 1126 recla-

507 1161 747 1236 matione
791 1185 878 1232 tua
924 1191 953 1229 a
1002 1175 1202 1229 domno
1248 1167 1546 1239 apostolico
1592 1181 1692 1235 per
1737 1161 1936 1216 missos
1983 1165 2104 1212 tuos

506 1269 775 1334 directas,
837 1280 944 1318 non
1002 1259 1302 1316 secundum
1359 1255 1546 1311 domni
1601 1268 1755 1324 papae
1802 1248 2108 1319 jussionem

507 1357 659 1422 mihi,
689 1363 748 1410 ut
769 1355 924 1422 jussa
951 1350 1098 1406 illius
1127 1360 1480 1417 exsequerer,
1514 1341 1631 1397 dari
1661 1338 1854 1404 fecisti,
1893 1336 1990 1390 sed
2011 1350 2108 1406 per

507 1446 732 1501 aliarum
761 1450 815 1497 et
840 1441 1002 1496 etiam
1034 1437 1456 1508 longinquarum
1495 1431 1784 1502 regionum
1831 1423 2106 1494 archiepi—

505 1549 703 1605 scopos
742 1531 942 1593 domno
976 1527 1098 1600 regi
1122 1533 1176 1581 et
1203 1523 1336 1578 mibi
1367 1523 1423 1576 in
1453 1517 1712 1592 parochia
1743 1531 1886 1581 mea,
1920 1515 1972 1567 in
2005 1529 2108 1584 qua

506 1602 861 1695 degebamus,
906 1617 1030 1672 dari
1069 1612 1367 1677 obtinuisti,
1402 1618 1456 1666 et
1485 1624 1606 1665 cum
1639 1607 1872 1662 domnus
1901 1619 1996 1658 rex
2041 1602 2108 1656 de

507 1711 594 1766 his
621 1727 686 1766 ex
715 1709 910 1781 quibus
939 1721 1065 1762 eum
1095 1704 1164 1758 ad
1197 1702 1382 1757 sedem
1425 1697 1773 1770 apostolicam
1821 1689 2107 1756 accusasti,

505 1799 646 1856 sicut
669 1779 942 1852 indomni
969 1791 1256 1864 apostolici
1305 1787 1534 1859 epistola
1563 1785 1666 1840 sibi
1696 1783 1904 1838 directa
1951 1779 2108 1834 inve-

505 1889 606 1954 nit,
639 1887 783 1958 apud
810 1901 900 1940 me
925 1883 1209 1954 primatem
1250 1879 1581 1934 lihemorum
1627 1870 1924 1943 provinciae
1972 1883 2110 1940 que-

511 1957 690 2032 relam
711 1971 1042 2044 deposuerit,
1075 1969 1200 2040 quia
1228 1972 1417 2023 contra
1448 1963 1713 2018 rationem
1733 1967 1786 2014 et
1805 1957 2108 2025 veritatem,

510 2063 814 2120 inconsulte
873 2067 1037 2131 atque
1091 2055 1464 2129 irregulariter
1513 2051 1665 2106 illum
1735 2045 2074 2104 accusaveris
2096 2087 2108 2110 ,

513 2152 673 2209 etiam
719 2157 844 2221 post
886 2148 989 2203 sibi
1018 2162 1048 2201 a
1087 2154 1139 2201 te
1187 2143 1489 2216 praestitum
1537 2143 1973 2201 sacramentum,
2027 2133 2113 2188 cui

512 2239 788 2297 accusatio
816 2245 909 2293 tua
955 2236 1150 2292 dicitur
1193 2233 1450 2297 obviare,
1497 2229 1614 2284 sine
1665 2241 1788 2281 meo
1815 2224 1902 2280 vel
1931 2221 2114 2292 coepi-

512 2343 805 2400 scoporum
853 2332 1167 2380 nostrorum
1217 2319 1446 2378 consilio
1482 2334 1547 2374 ac
1571 2315 1776 2386 judicio
1795 2357 1810 2382 ,
1841 2320 1894 2368 et
1923 2312 1977 2366 in
2007 2311 2116 2366 alia

511 2398 820 2490 provincia,
873 2413 1050 2469 eidem
1099 2408 1384 2482 principali
1432 2405 1683 2478 potestati
1733 2398 2115 2458 satisfactionis

513 2505 756 2570 modum,
802 2503 938 2558 sicut
980 2508 1106 2556 tunc
1150 2498 1306 2554 vobis
1349 2496 1525 2552 visum
1555 2493 1671 2558 fuit,
1705 2491 1964 2547 exhibere
1990 2504 2113 2544 ma-

511 2593 680 2660 luisti,
712 2608 834 2648 cum
862 2597 1046 2645 notum
1071 2588 1140 2643 sit
1161 2587 1292 2658 quid
1321 2601 1490 2640 sacra:
1521 2581 1722 2654 regulae
1743 2581 1810 2634 de
1831 2577 2117 2648 cujuslibet

515 2681 722 2738 ordinis
751 2679 950 2736 clerico
987 2677 1186 2742 dicant,
1221 2675 1314 2746 qui
1343 2673 1457 2728 sive
1487 2673 1555 2727 de
1586 2667 1871 2735 criminali,
1905 2667 2018 2722 sive
2048 2665 2116 2720 de

515 2769 662 2826 civili
689 2783 872 2834 causa,
913 2765 1101 2821 relicto
1151 2761 1536 2824 ecclesiastico,
1585 2758 1798 2828 publico
1829 2772 1888 2810 se
1911 2753 2116 2824 judicio

515 2857 740 2930 purgari
785 2854 1050 2920 voluerit,
1099 2853 1186 2908 vel
1233 2851 1326 2922 qui
1371 2865 1472 2920 pro
1521 2845 1862 2903 terminando
1906 2843 2113 2914 jurgio,
2189 2896 2194 2898 _

515 2929 722 3002 relictis
747 2944 832 2999 his
863 2941 1239 2998 sacerdotibus
1271 2938 1361 3010 qui
1388 2938 1445 2992 in
1473 2937 1664 2992 eadem
1706 2931 1988 3004 provincia
2019 2929 2119 2984 Dei

515 3033 820 3091 Ecclesiam
839 3040 972 3087 nutu
993 3031 1178 3086 divino
1193 3028 1517 3100 gubernant,
1539 3024 1608 3080 ad
1631 3023 1764 3078 alias
1785 3028 2120 3093 praesumunt

517 3123 806 3180 convolare
851 3119 1184 3192 provincias.
1233 3117 1368 3186 Qum
1416 3115 1676 3188 ignorare
1717 3127 1826 3167 non
1863 3117 2081 3181 poteras
2101 3151 2114 3174 ,
2141 3114 2190 3176 C

518 3213 776 3285 quoniam
825 3209 1045 3282 quando
1073 3217 1124 3262 te
1155 3207 1222 3261 ad
1263 3222 1352 3260 me
1395 3201 1735 3267 reclamasti,
1787 3199 2036 3270 quaedam
2086 3213 2118 3252 a

519 3301 720 3356 domno
771 3314 922 3369 rege,
957 3298 1052 3352 sed
1083 3304 1136 3351 et
1163 3295 1231 3348 ab
1261 3294 1382 3348 aliis
1423 3291 1760 3363 quibusque,
1808 3288 1905 3342 tibi
1949 3287 2116 3352 illata,

521 3389 652 3460 quid
697 3388 768 3443 de
812 3387 1021 3442 eisdem
1069 3385 1165 3439 tibi
1193 3382 1375 3447 illatis,
1409 3389 1460 3436 et
1491 3377 1872 3434 ecclesiasticae
1915 3375 2122 3446 regulae

521 3485 575 3534 et
598 3478 724 3547 jura
751 3475 971 3548 publica
1001 3473 1208 3540 dicant,
1243 3469 1572 3550 sufficienter
1597 3467 1652 3520 in
1678 3465 1878 3536 scripto
1921 3463 2122 3517 domno

521 3567 642 3638 regi
669 3583 700 3621 a
728 3581 814 3620 me
845 3579 954 3619 una
983 3578 1108 3618 cum
1139 3557 1535 3616 venerabilibus
1557 3551 1898 3626 coepiscopis
1923 3550 2124 3606 nostris

523 3656 666 3726 apud
693 3654 871 3708 Pistas
899 3658 1152 3724 porrecto
1180 3647 1380 3719 legisti,
1413 3646 1557 3702 unde
1603 3641 1931 3700 obtinuimus
1980 3639 2124 3710 quod

525 3743 684 3800 nobis
713 3741 890 3797 visum
922 3740 1019 3794 fuit
1048 3738 1142 3792 tibi
1173 3745 1296 3792 tunc
1329 3733 1630 3790 suffecisse.
1655 3733 1795 3787 Nam
1826 3737 1880 3785 et
1909 3727 2125 3800 quando

524 3831 720 3887 eadem
758 3827 1077 3899 principalis
1119 3831 1387 3896 potestas,
1421 3839 1524 3877 nec
1552 3837 1659 3877 non
1691 3828 1742 3874 et
1771 3817 1948 3874 omnis
1988 3833 2126 3886 prae-

524 3917 735 3974 fectura
783 3916 944 3973 totius
985 3915 1145 3987 regni
1191 3913 1313 3978 sui,
1364 3909 1656 3964 insolentia
1701 3915 1791 3983 tua
1839 3906 2122 3977 exigente,

525 4015 714 4064 contra
760 4013 813 4060 te
857 4003 1011 4060 fuere
1055 4008 1341 4059 commotae
1367 3999 1421 4053 in
1455 3997 1736 4054 Vermeria
1779 3994 1995 4066 palatio,
2029 3994 2126 4048 ite-

525 4113 650 4151 rum
677 4095 803 4151 inde
833 4093 1089 4166 scriptum
1123 4090 1268 4163 quod
1297 4087 1478 4160 legisti
1509 4085 1742 4158 porrexi.

1145 4207 1369 4262 CAPUT
1407 4205 1503 4258 IX.

633 4302 713 4356 De
737 4297 1012 4356 monacho
1041 4313 1076 4352 α
1105 4294 1474 4352 Laudunensi
1503 4292 2016 4348 excommunicato.

600 4407 708 4462 Sed
736 4413 789 4460 et
819 4420 943 4460 cum
987 4403 1220 4456 domnus
1250 4417 1347 4455 rex
1375 4399 1704 4454 monachum
1735 4412 1800 4453 ac
1835 4395 2126 4466 presbyte-

1504 288 1850 348 HINCMARI
1875 277 2280 342 RHEMENSIS
2309 271 2862 334 ARCHIEPISCOPI.

3700 261 3809 315 316

2134 405 2416 465 Amorem
2445 397 2703 456 Ecclesiae
2745 403 2976 461 nostrae,
3029 407 3152 448 cum
3196 389 3324 445 fidei
3370 384 3716 459 professione
3747 398 3816 438 ac

2201 488 2600 560 subscriptione
2641 484 2920 560 professus
2968 479 3144 548 fuisti,
3194 494 3259 534 ac
3307 473 3710 546 subscripsisti,
3759 479 3815 526 te

2201 559 2548 634 obediturum
2589 572 2914 646 regulariter
2958 566 3246 641 privilegio
3293 563 3610 634 metropolis
3657 559 3812 616 sedis

2200 668 2555 722 Rhemorum.
2589 663 2659 718 Et
2689 662 2734 716 si
2759 660 3002 731 jurgium
3032 655 3255 728 aliquod
3302 654 3446 708 inter
3475 660 3525 706 te
3555 657 3609 706 et
3637 649 3812 705 alium

2201 757 2435 828 aliquem
2464 763 2573 809 tam
2602 748 2900 822 superioris
2921 763 3080 820 quam
3105 743 3378 800 inferioris
3405 739 3614 796 ordinis
3640 737 3810 806 foret,

2201 825 2326 901 meo
2357 859 2422 900 ac
2452 840 2899 912 coepiscoporum
2927 842 3236 891 nostrorum
3257 829 3483 887 consilio
3510 843 3577 883 ac
3602 825 3815 896 judicio

2204 931 2481 990 terminari
2527 930 2804 994 debuerat,
2853 933 2908 980 et
2952 924 3022 979 de
3069 939 3098 976 a
3143 928 3193 976 te
3240 916 3707 976 excommunicato
3755 913 3820 968 in

2205 1031 2296 1078 tua
2325 1020 2474 1077 vela
2505 1027 2596 1074 tua
2643 1013 2934 1087 parochia,
2971 1012 3018 1067 si
3043 1018 3200 1066 antea
3245 1007 3345 1062 tibi
3384 1021 3496 1062 non
3540 1003 3812 1076 placeret,

2205 1117 2298 1165 tua
2351 1115 2544 1180 sponte
2592 1105 2680 1162 vel
2737 1103 3089 1158 ﬁnitimorum
3147 1097 3524 1169 episcoporum
3579 1090 3816 1148 consilio

2170 1205 2354 1254 ‘tuam
2403 1200 2688 1252 immutare
2741 1189 3081 1258 sententiam,
3114 1203 3238 1242 meo
3265 1201 3329 1241 ac
3359 1183 3817 1255 coepiscoporum

2206 1294 2513 1342 nostrorum
2545 1281 2776 1339 consilio
2804 1279 2892 1336 vel
2913 1277 3118 1348 judicio
3149 1272 3458 1332 confirmari
3487 1271 3576 1327 vel
3603 1271 3814 1325 immu-

2206 1375 2307 1430 tari
2355 1372 2656 1430 secundum
2700 1367 2920 1440 regulas
2968 1381 3160 1421 sacras
3209 1363 3454 1419 deburat.
3501 1358 3636 1428 Qua:
3678 1372 3820 1412 vero

2202 1463 2405 1534 judicia
2435 1462 2503 1516 de
2532 1457 2842 1529 hujusmodi
2880 1453 3195 1512 cxcessibus
3239 1449 3447 1524 regula:
3489 1463 3658 1503 sacrae
3688 1460 3820 1502 sen-

2208 1551 2392 1608 tentiis
2439 1547 2733 1605 difﬁnitivis
2777 1545 3094 1604 decernant.
3125 1541 3214 1598 hic
3243 1537 3558 1594 intentando
3603 1550 3820 1606 ponere

2209 1639 2421 1706 differo,
2449 1637 2577 1709 quia
2606 1636 2747 1692 sicut
2775 1649 2920 1706 papa
2951 1629 3261 1702 Simplicius
3289 1627 3417 1682 dicit
3448 1627 3635 1698 (epist.
3671 1623 3764 1694 16)
3805 1640 3819 1676 :

2130 1760 2182 1820 B
2215 1751 2236 1780 α
2267 1728 2534 1784 Nolumus
2565 1737 2906 1794 exaggerare
2938 1736 3058 1792 qua!
3089 1726 3242 1790 gesta
3275 1723 3416 1782 sunt,
3449 1730 3520 1770 ne
3551 1727 3822 1783 cogamur

2206 1817 2454 1888 judicare
2485 1830 2606 1887 quae
2629 1813 2779 1882 justa
2809 1817 2952 1865 sunt.
2991 1828 3013 1859 ι

2848 1923 3075 1980 CAPUT
3111 1923 3183 1977 Χ.

2214 2033 2288 2087 De
2337 2028 2752 2101 compilatione
2780 2039 2854 2080 ex
2881 2022 3176 2101 epistolis
3204 2018 3523 2101 apostolicae
3556 2014 3704 2101 sedis
3753 2014 3820 2101 ὶτξ

2285 2085 2783 2174 quaterpiunculis
2812 2085 3022 2159 missis,
3055 2096 3114 2148 et
3142 2092 3206 2147 de
3238 2085 3394 2146 uerbo
3423 2085 3737 2160 promulgo,
3761 2087 3822 2140 et

2286 2167 2536 2244 capitqu
2569 2167 2766 2224 Leonis
2791 2182 2970 2238 papae.

2285 2282 2432 2338 Haw'
2469 2287 2646 2335 autem
2705 2293 2826 2348 quae
2879 2290 3055 2345 nuper
3109 2279 3301 2328 contra
3355 2267 3576 2342 regulas
3635 2283 3824 2322 sacras

2217 2371 2409 2442 egisti,
2461 2369 2518 2422 in
2566 2365 2967 2436 subscriptione
3013 2359 3320 2416 detestandi
3367 2357 3606 2422 decreti,
3659 2363 3714 2412 et
3767 2356 3824 2410 in

2217 2456 2598 2529 compilatione
2638 2453 2994 2526 quarumdam
3041 2449 3432 2506 sententiarum
3471 2463 3538 2500 ex
3574 2443 3824 2516 epistolis

2217 2546 2530 2618 apostolicae
2577 2543 2722 2598 sedis
2769 2539 3118 2612 pontiﬁcum,
3169 2553 3330 2610 quam
3373 2534 3538 2604 mihi,
3571 2541 3629 2588 ut
3659 2549 3824 2604 supra

2219 2629 2675 2702 commemoravi,
2726 2630 2958 2696 misisti,
3003 2635 3194 2684 contra
3240 2623 3582 2696 privilegium
3613 2630 3825 2678 metro-

2218 2723 2359 2795 polis
2416 2730 2546 2789 tuae,
2609 2720 2800 2774 volens
2852 2717 2944 2771 illa
3006 2717 3291 2770 adversum
3357 2711 3528 2767 sancti
3596 2710 3828 2780 Spiritus

2219 2813 2352 2868 scita
2380 2809 2690 2874 defendere,
2742 2823 2862 2878 quae
2908 2805 3006 2860 tibi
3051 2821 3161 2860 non
3205 2802 3356 2858 licuit
3385 2816 3570 2872 agere,
3609 2798 3828 2854 silentio

2218 2899 2498 2973 praeterire
2527 2913 2635 2952 non
2661 2896 2840 2952 valeo.
2869 2894 3100 2949 Attende
3147 2891 3309 2964 igitur
3337 2889 3629 2961 diligenter
3659 2895 3826 2961 atque

2219 2989 2606 3059 intelligenter,
2641 2985 2770 3056 quid
2816 2985 3009 3038 beatus
3059 2983 3168 3036 Leo
3197 2981 3266 3036 ad
3297 2995 3488 3035 omnes
3535 2977 3829 3050 episcopos

2219 3095 2320 3152 per
2349 3078 2631 3132 universas
2661 3073 2970 3146 provincias
2993 3071 3311 3128 constitutos
3331 3069 3472 3124 dicat
3491 3067 3561 3122 de
3581 3067 3829 3123 omnium

2223 3169 2580 3224 decessorum
2629 3179 2846 3218 suorum
2895 3161 3140 3232 epistolis
3188 3160 3376 3232 (epist.
3425 3161 3476 3222 1,
3524 3155 3580 3211 in
3629 3155 3765 3226 line)
3813 3174 3827 3210 :

2229 3280 2252 3306 ι
2284 3255 2498 3324 Omnia,
2531 3253 2800 3324 inquiens,
2835 3250 3126 3306 decretalia
3175 3247 3482 3315 constituta,
3515 3253 3625 3300 tam
3657 3245 3830 3301 beatae

2223 3343 2615 3401 recordationis
2645 3339 2944 3396 Innocentii
2975 3354 3139 3410 quam
3181 3336 3422 3392 omnium
3468 3335 3831 3390 decessorum

2224 3442 2553 3499 nostrorum,
2587 3447 2707 3504 qua:
2739 3431 2806 3485 de
2835 3426 3214 3484 ecclesiasticis
3257 3423 3540 3480 ordinibus
3583 3431 3639 3480 et
3668 3440 3832 3478 cano-

2224 3539 2354 3576 num
2400 3519 2736 3592 promulgata
2784 3525 2906 3573 sunt
2954 3515 3286 3587 disciplinis,
3337 3514 3413 3568 ita
3449 3531 3480 3568 a
3508 3521 3696 3569 vestra
3746 3513 3835 3568 di-

2224 3609 2455 3665 lectione
2487 3607 2744 3664 custodiri
2795 3606 2998 3661 debere
3045 3605 3391 3669 mandamus,
3423 3611 3480 3657 ut
3509 3602 3556 3658 si
3587 3603 3713 3675 quis
3743 3601 3832 3656 illa

2225 3697 2629 3768 contempserit,
2649 3695 2866 3751 veniam
2887 3694 3262 3764 sibideinceps
3279 3692 3486 3747 noverit
3506 3691 3828 3763 denegari.»

2225 3789 2461 3843 Adverte
2492 3785 2746 3858 quoniam
2775 3785 2863 3838 illa
2903 3783 3030 3838 dicit
3061 3782 3400 3838 observanda
3425 3797 3547 3852 qua:
3576 3797 3610 3836 a
3641 3783 3834 3838 deces-

2227 3877 2445 3932 soribus
2495 3875 2606 3929 suis
2637 3875 2706 3928 de
2737 3871 3122 3928 ecclesiasticis
3165 3871 3449 3927 ordinibus
3479 3879 3531 3926 et
3558 3886 3836 3926 canonum

2224 3964 2576 4036 promulgata
2621 3969 2747 4016 sunt
2793 3959 3112 4032 disciplinis.
3167 3959 3530 4032 Quapropter,
3577 3960 3836 4032 quoniam

2226 4054 2295 4109 de
2324 4069 2465 4108 novo
2493 4059 2611 4106 utre
2643 4059 2732 4106 tuo
2776 4051 2954 4105 adhuc
3004 4049 3372 4121 grammaticas
3417 4049 3546 4104 artis
3593 4056 3836 4104 mustum

2231 4151 2283 4198 et
2302 4140 2723 4214 ponderationes
2755 4139 3049 4196 verborum
3095 4138 3376 4209 ebulliunt,
3428 4138 3606 4210 primo
3655 4137 3842 4194 videa-

2226 4249 2346 4287 mus
2377 4231 2446 4286 de
2471 4230 2640 4287 verbo
2684 4229 2998 4302 promngo,
3033 4227 3178 4282 unde
3204 4225 3262 4282 fit
3291 4244 3389 4298 per
3431 4227 3836 4300 conjugationis

2227 4320 2551 4377 deductione
2595 4319 3038 4391 promulgatum,
3073 4333 3136 4370 ex
3167 4315 3322 4386 cujus
3364 4315 3558 4387 plurali
3604 4331 3835 4372 numero

2224 4409 2312 4464 hic
2339 4410 2446 4464 Leo
2473 4407 2652 4479 posuit
2679 4407 3059 4479 promulgata,
3091 4405 3219 4477 quia
3248 4405 3409 4460 etiam
3431 4404 3596 4476 panni
3617 4413 3833 4460 veteres

527 4511 648 4550 Tum
691 4491 982 4566 quemdam
1024 4491 1165 4544 ίηίθΐ
1212 4504 1340 4544 suos
1385 4486 1703 4560 religiosum
1735 4501 1800 4540 ex
1827 4481 2128 4540 Venerabili
2155 4475 2439 4566 unmsiti
2475 4475 2608 4546 sunt
2659 4475 2854 4562 quibus
2901 4475 3167 4545 Ieremias
3215 4475 3496 4555 suffultus,
3547 4489 3736 4544 sanius
3775 4505 3836 4544 ac

527 4582 859 4640 monasterio
889 4580 944 4636 S.
979 4577 1242 4650 Dionysii,
1275 4577 1343 4632 ad
1369 4575 1760 4632 monasterium
1789 4574 1845 4626 in
1875 4573 2130 4628 Lauduno

529 4673 724 4741 situm,
758 4671 828 4726 ad
871 4668 1135 4725 doctrinae
1177 4675 1338 4738 atque
1379 4664 1662 4736 religionis
1701 4661 2090 4716 institutionem
2113 4703 2125 4726 ,

529 4776 638 4814 non
667 4769 847 4814 autem
877 4759 945 4813 ad
976 4756 1338 4828 irregularem
1367 4753 1740 4825 praelationem
1779 4749 2044 4814 accersiit,
2079 4756 2130 4803 et

529 4847 834 4903 inconsulte
875 4847 1042 4914 illum,
1083 4861 1182 4918 pro
1221 4843 1583 4908 animositate,
1631 4856 1792 4912 quam
1833 4847 2018 4894 contra
2048 4853 2130 4892 re-
2171 4882 2180 4890 .

531 4953 657 5009 gem
684 4937 948 5006 habebas,
975 4933 1472 4998 excommunicasti,
1491 4932 1678 5001 jussus
1697 4945 1727 4982 a
1747 4929 1946 4983 domno
1977 4942 2126 5000 rege,

531 5024 773 5082 adhibito
805 5041 1014 5080 mecum
1058 5023 1222 5078 fratre
1253 5031 1306 5078 et
1336 5020 1664 5092 coepiscopo
1692 5025 1878 5072 nostro
1917 5015 2126 5084 Odone,

531 5123 586 5170 te
614 5113 801 5170 monui
831 5120 1100 5184 quatenus
1129 5111 1553 5167 irrationabilem
1574 5116 1718 5162 tuam
1749 5115 1984 5160 mutares
2013 5122 2130 5160 sen-

530 5203 752 5259 tentiam
783 5219 796 5258 :
833 5202 930 5257 sed
959 5201 1092 5256 nihil
1136 5201 1280 5272 apud
1309 5209 1360 5255 te
1391 5199 1516 5254 inde
1561 5197 1807 5252 obtinere
1852 5195 2126 5266 praevalui.

535 5293 881 5364 QuaprOpter
921 5291 1151 5346 domnus
1181 5305 1276 5344 rex
1306 5288 1451 5343 misit
1495 5286 1629 5342 alios
1659 5285 1962 5356 episcopos,
1999 5284 2131 5340 alia-

532 5397 655 5437 rum
703 5379 863 5435 etiam
911 5379 1214 5450 regionum,
1247 5377 1314 5432 ad
1344 5385 1394 5431 te
1423 5392 1546 5447 pro,
1566 5376 1664 5431 hac
1709 5375 1897 5431 eadem
1943 5391 2128 5438 causa,

533 5485 768 5544 quorum
793 5468 1014 5524 monitis
1043 5466 1296 5533 obedisti,
1328 5465 1622 5521 ostendens
1653 5465 1798 5537 quod
1845 5463 2132 5534 metropoli

533 5569 638 5626 tuae
687 5558 909 5616 obedire
956 5557 1012 5612 in
1059 5573 1148 5612 me
1195 5572 1302 5612 non
1351 5555 1624 5628 digneris,
1679 5553 1771 5626 qui
1831 5552 2133 5610 secundum

2231 4581 2446 4637 suavius
2502 4581 2824 4636 educeretur
2877 4579 2943 4634 de
2990 4579 3108 4634 lacu
3167 4579 3222 4634 in
3275 4595 3382 4650 quo
3427 4578 3629 4633 missus
3659 4577 3837 4634 fuerat

2231 4671 2364 4740 (Jer.
2399 4669 2672 4738 xxxvm),
2705 4669 2830 4741 quia
2875 4669 3086 4724 locutus
3117 4667 3214 4723 fuit
3243 4668 3298 4722 in
3327 4669 3545 4723 nomine
3593 4667 3832 4732 Domini,

2232 4759 2524 4832 quaerenda
2562 4758 2722 4813 nobis
2743 4765 2827 4812 est
2847 4758 3152 4828 priscorum
3181 4757 3470 4812 auctoritas
3493 4764 3545 4811 et
3565 4757 3833 4823 doctrina,

2233 4849 2426 4920 quibus
2459 4848 2738 4903 valeamus
2785 4847 2950 4902 tutius
2995 4845 3237 4918 expediri
3263 4863 3293 4900 a
3323 4845 3708 4917 circumposita
3737 4861 3837 4900 no-

2232 4938 2316 4993 bis
2373 4937 2623 4992 omnibus
2681 4935 3111 5006 metropolitanis
3139 4943 3250 4990 ate
3279 4933 3598 5004 muscipula.
3659 4935 3731 4990 Et
3779 4942 3836 4988 ut

2231 5027 2431 5083 certius
2478 5026 2670 5080 credas
2719 5041 2840 5096 qua:
2869 5025 2936 5079 de
2980 5025 3084 5079 hoc
3133 5023 3292 5078 etiam
3339 5023 3508 5078 verbo
3557 5023 3832 5088 dicemus,

2231 5117 2452 5172 revolve
2479 5114 2646 5168 libros
2673 5122 2937 5179 veterum,
2969 5121 3021 5168 et
3048 5113 3199 5167 illum
3221 5112 3568 5167 nihilominus
3589 5112 3836 5168 codicem

2233 5205 2471 5278 quodam
2517 5219 2718 5268 meum,
2753 5219 2785 5257 a
2821 5202 3041 5258 sobrino
3088 5209 3179 5256 tuo
3221 5201 3480 5256 Anselmo
3529 5210 3833 5272 receptum,

2234 5303 2286 5351 et
2306 5293 2401 5348 tibi
2423 5308 2454 5347 a
2475 5309 2563 5347 me
2584 5291 2890 5363 prestitum,
2923 5291 3020 5346 sed
3049 5299 3238 5362 postea
3271 5289 3410 5346 sicut
3438 5306 3540 5345 nec
3570 5291 3838 5362 quosdam

2233 5377 2368 5432 alios
2419 5377 2572 5431 tibia
2601 5393 2689 5432 me
2718 5377 3088 5432 commodatos
3137 5375 3434 5440 obtentum,
3487 5383 3541 5429 et
3589 5373 3835 5431 invenies

2233 5465 2436 5521 dixisse
2457 5473 2672 5522 veteres
2689 5466 3000 5538 promulgo,
3023 5481 3216 5537 promo
3237 5465 3415 5535 vulgo,
3442 5462 3556 5518 sive
3579 5465 3834 5536 primum

2231 5557 2296 5612 in
2309 5557 2504 5628 vulgus
2517 5557 2633 5623 edo,
2649 5563 2702 5612 et
2713 5571 2835 5610 esse
2852 5555 3187 5610 hocverbum
3199 5553 3512 5627 promulgo,
3527 5553 3829 5611 secundum
