  <div class='ocr_page' id='page_1' title='image "/cluster/home/n/w/nwhite01/storage/ocr_20150623/126/umn.31951002477419r/192.png"; bbox 0 0 4072 6288; ppageno 0'>
   <div class='ocr_carea' id='block_1_1' title="bbox 215 284 314 338">
    <p class='ocr_par' dir='ltr' id='par_1_1' title="bbox 215 284 314 338">
     <span class='ocr_line' id='line_1_1' title="bbox 215 284 314 338; baseline -0.02 0"><span class='ocrx_word' id='word_1_1' title='bbox 215 284 314 338; x_wconf 79' lang='grc'>317</span> 
     </span>
    </p>
   </div>
   <div class='ocr_carea' id='block_1_2' title="bbox 929 281 2831 347">
    <p class='ocr_par' dir='ltr' id='par_1_2' title="bbox 929 281 2831 347">
     <span class='ocr_line' id='line_1_2' title="bbox 929 281 2831 347; baseline 0.005 -9"><span class='ocrx_word' id='word_1_2' title='bbox 929 281 1176 339; x_wconf 91' lang='lat' dir='ltr'>OPUSC.</span> <span class='ocrx_word' id='word_1_3' title='bbox 1227 281 1319 338; x_wconf 90' lang='lat' dir='ltr'><strong>ET</strong></span> <span class='ocrx_word' id='word_1_4' title='bbox 1372 282 1590 340; x_wconf 87' lang='lat' dir='ltr'>EPIST.</span> <span class='ocrx_word' id='word_1_5' title='bbox 1648 284 1723 339; x_wconf 92' lang='lat' dir='ltr'>IN</span> <span class='ocrx_word' id='word_1_6' title='bbox 1782 283 2010 341; x_wconf 79' lang='lat' dir='ltr'>CAUSA</span> <span class='ocrx_word' id='word_1_7' title='bbox 2057 285 2402 343; x_wconf 85' lang='lat' dir='ltr'>HINCMARI</span> <span class='ocrx_word' id='word_1_8' title='bbox 2443 288 2747 346; x_wconf 86' lang='lat' dir='ltr'>LAUDUN.</span> <span class='ocrx_word' id='word_1_9' title='bbox 2826 341 2831 347; x_wconf 90' lang='lat'>.</span> 
     </span>
    </p>
   </div>
   <div class='ocr_carea' id='block_1_3' title="bbox 3413 294 3516 346">
    <p class='ocr_par' dir='ltr' id='par_1_3' title="bbox 3413 294 3516 346">
     <span class='ocr_line' id='line_1_3' title="bbox 3413 294 3516 346; baseline 0 -1"><span class='ocrx_word' id='word_1_10' title='bbox 3413 294 3516 346; x_wconf 81' lang='grc'>318</span> 
     </span>
    </p>
   </div>
   <div class='ocr_carea' id='block_1_4' title="bbox 222 406 3522 483">
    <p class='ocr_par' dir='ltr' id='par_1_4' title="bbox 222 406 3522 483">
     <span class='ocr_line' id='line_1_4' title="bbox 222 406 3522 483; baseline 0.003 -20"><span class='ocrx_word' id='word_1_11' title='bbox 222 406 470 481; x_wconf 87' lang='lat' dir='ltr'>regulam</span> <span class='ocrx_word' id='word_1_12' title='bbox 486 406 867 480; x_wconf 61' lang='lat' dir='ltr'>grammatica</span> <span class='ocrx_word' id='word_1_13' title='bbox 881 407 1011 462; x_wconf 89' lang='lat' dir='ltr'>artis</span> <span class='ocrx_word' id='word_1_14' title='bbox 1027 407 1405 479; x_wconf 91' lang='lat' dir='ltr'>compositum,</span> <span class='ocrx_word' id='word_1_15' title='bbox 1427 416 1484 463; x_wconf 92' lang='lat' dir='ltr'>ut</span> <span class='ocrx_word' id='word_1_16' title='bbox 1504 408 1826 481; x_wconf 89' lang='lat' dir='ltr'>quibusdam</span> <span class='ocrx_word' id='word_1_17' title='bbox 1844 408 1901 471; x_wconf 84' lang='lat' dir='ltr'><strong>A</strong></span> <span class='ocrx_word' id='word_1_18' title='bbox 1928 409 2240 469; x_wconf 85' lang='lat' dir='ltr'>incendium</span> <span class='ocrx_word' id='word_1_19' title='bbox 2280 411 2481 468; x_wconf 89' lang='lat' dir='ltr'>furoris</span> <span class='ocrx_word' id='word_1_20' title='bbox 2529 412 2799 483; x_wconf 81' lang='lat' dir='ltr'>exstinxit,</span> <span class='ocrx_word' id='word_1_21' title='bbox 2847 428 3142 471; x_wconf 89' lang='lat' dir='ltr'>conversus</span> <span class='ocrx_word' id='word_1_22' title='bbox 3187 415 3366 471; x_wconf 89' lang='lat' dir='ltr'>minas</span> <span class='ocrx_word' id='word_1_23' title='bbox 3418 415 3522 472; x_wconf 87' lang='lat' dir='ltr'>de-</span> 
     </span>
    </p>
   </div>
   <div class='ocr_carea' id='block_1_5' title="bbox 220 495 1827 570">
    <p class='ocr_par' dir='ltr' id='par_1_5' title="bbox 220 495 1827 570">
     <span class='ocr_line' id='line_1_5' title="bbox 220 495 1827 570; baseline 0.001 -19"><span class='ocrx_word' id='word_1_24' title='bbox 220 495 439 569; x_wconf 91' lang='lat' dir='ltr'>placuit,</span> <span class='ocrx_word' id='word_1_25' title='bbox 468 511 537 552; x_wconf 86' lang='lat' dir='ltr'>ex</span> <span class='ocrx_word' id='word_1_26' title='bbox 565 496 780 552; x_wconf 86' lang='lat' dir='ltr'>duobus</span> <span class='ocrx_word' id='word_1_27' title='bbox 797 497 1069 567; x_wconf 80' lang='lat' dir='ltr'>comptis</span> <span class='ocrx_word' id='word_1_28' title='bbox 1085 513 1279 569; x_wconf 85' lang='lat' dir='ltr'>promo</span> <span class='ocrx_word' id='word_1_29' title='bbox 1296 505 1349 553; x_wconf 90' lang='lat' dir='ltr'>et</span> <span class='ocrx_word' id='word_1_30' title='bbox 1365 499 1544 569; x_wconf 80' lang='lat' dir='ltr'>vulgo,</span> <span class='ocrx_word' id='word_1_31' title='bbox 1570 505 1623 554; x_wconf 90' lang='lat' dir='ltr'>et</span> <span class='ocrx_word' id='word_1_32' title='bbox 1638 506 1696 553; x_wconf 91' lang='lat' dir='ltr'>ut</span> <span class='ocrx_word' id='word_1_33' title='bbox 1713 497 1827 570; x_wconf 84' lang='lat' dir='ltr'>qui-</span> 
     </span>
    </p>
   </div>
   <div class='ocr_carea' id='block_1_6' title="bbox 220 583 1824 659">
    <p class='ocr_par' dir='ltr' id='par_1_6' title="bbox 220 583 1824 659">
     <span class='ocr_line' id='line_1_6' title="bbox 220 583 1824 659; baseline 0.002 -19"><span class='ocrx_word' id='word_1_34' title='bbox 220 584 454 640; x_wconf 89' lang='lat' dir='ltr'>busdam</span> <span class='ocrx_word' id='word_1_35' title='bbox 467 584 697 657; x_wconf 78' lang='lat' dir='ltr'>placuit,</span> <span class='ocrx_word' id='word_1_36' title='bbox 711 601 776 640; x_wconf 82' lang='lat' dir='ltr'>ex</span> <span class='ocrx_word' id='word_1_37' title='bbox 796 583 1010 641; x_wconf 91' lang='lat' dir='ltr'>duobus</span> <span class='ocrx_word' id='word_1_38' title='bbox 1028 585 1277 656; x_wconf 83' lang='lat' dir='ltr'>integris,</span> <span class='ocrx_word' id='word_1_39' title='bbox 1294 586 1501 642; x_wconf 89' lang='lat' dir='ltr'>scilicet</span> <span class='ocrx_word' id='word_1_40' title='bbox 1508 604 1610 659; x_wconf 87' lang='lat' dir='ltr'>pro</span> <span class='ocrx_word' id='word_1_41' title='bbox 1620 602 1824 658; x_wconf 85' lang='lat' dir='ltr'>praepo-</span> 
     </span>
    </p>
   </div>
   <div class='ocr_carea' id='block_1_7' title="bbox 220 672 1825 745">
    <p class='ocr_par' dir='ltr' id='par_1_7' title="bbox 220 672 1825 745">
     <span class='ocr_line' id='line_1_7' title="bbox 220 672 1825 745; baseline 0.001 -16"><span class='ocrx_word' id='word_1_42' title='bbox 220 673 416 729; x_wconf 90' lang='lat' dir='ltr'>sitione</span> <span class='ocrx_word' id='word_1_43' title='bbox 433 680 489 728; x_wconf 93' lang='lat' dir='ltr'>et</span> <span class='ocrx_word' id='word_1_44' title='bbox 504 674 687 744; x_wconf 83' lang='lat' dir='ltr'>vulgo,</span> <span class='ocrx_word' id='word_1_45' title='bbox 707 672 843 728; x_wconf 87' lang='lat' dir='ltr'>sicut</span> <span class='ocrx_word' id='word_1_46' title='bbox 854 679 907 728; x_wconf 90' lang='lat' dir='ltr'>et</span> <span class='ocrx_word' id='word_1_47' title='bbox 923 673 1168 745; x_wconf 81' lang='lat' dir='ltr'>produco</span> <span class='ocrx_word' id='word_1_48' title='bbox 1190 692 1209 728; x_wconf 91' lang='lat'><strong><em>:</em></strong></span> <span class='ocrx_word' id='word_1_49' title='bbox 1228 689 1261 728; x_wconf 90' lang='lat' dir='ltr'>a</span> <span class='ocrx_word' id='word_1_50' title='bbox 1286 689 1395 744; x_wconf 93' lang='lat' dir='ltr'>quo</span> <span class='ocrx_word' id='word_1_51' title='bbox 1414 674 1646 745; x_wconf 90' lang='lat' dir='ltr'>simplici</span> <span class='ocrx_word' id='word_1_52' title='bbox 1656 674 1825 731; x_wconf 91' lang='lat' dir='ltr'>verbo</span> 
     </span>
    </p>
   </div>
   <div class='ocr_carea' id='block_1_8' title="bbox 218 761 1825 834">
    <p class='ocr_par' dir='ltr' id='par_1_8' title="bbox 218 761 1825 834">
     <span class='ocr_line' id='line_1_8' title="bbox 218 761 1825 834; baseline -0.001 -16"><span class='ocrx_word' id='word_1_53' title='bbox 218 762 379 833; x_wconf 82' lang='lat' dir='ltr'><strong><em>vulgo</em></strong></span> <span class='ocrx_word' id='word_1_54' title='bbox 409 761 758 832; x_wconf 85' lang='lat' dir='ltr'>componitur</span> <span class='ocrx_word' id='word_1_55' title='bbox 777 768 829 817; x_wconf 90' lang='lat' dir='ltr'>et</span> <span class='ocrx_word' id='word_1_56' title='bbox 850 762 1090 833; x_wconf 88' lang='lat' dir='ltr'>divulgo.</span> <span class='ocrx_word' id='word_1_57' title='bbox 1114 762 1268 818; x_wconf 86' lang='lat' dir='ltr'>Unde</span> <span class='ocrx_word' id='word_1_58' title='bbox 1289 761 1501 830; x_wconf 87' lang='lat' dir='ltr'>Cicero,</span> <span class='ocrx_word' id='word_1_59' title='bbox 1524 763 1825 834; x_wconf 85' lang='lat' dir='ltr'>explanans</span> 
     </span>
    </p>
   </div>
   <div class='ocr_carea' id='block_1_9' title="bbox 220 849 1825 917">
    <p class='ocr_par' dir='ltr' id='par_1_9' title="bbox 220 849 1825 917">
     <span class='ocr_line' id='line_1_9' title="bbox 220 849 1825 917; baseline 0 -11"><span class='ocrx_word' id='word_1_60' title='bbox 220 849 518 907; x_wconf 83' lang='lat' dir='ltr'>verborum</span> <span class='ocrx_word' id='word_1_61' title='bbox 547 865 792 916; x_wconf 87' lang='lat' dir='ltr'>sensum,</span> <span class='ocrx_word' id='word_1_62' title='bbox 825 850 956 909; x_wconf 72' lang='lat' dir='ltr'>dicit</span> <span class='ocrx_word' id='word_1_63' title='bbox 987 867 1002 905; x_wconf 91' lang='lat'><strong>:</strong></span> <span class='ocrx_word' id='word_1_64' title='bbox 1033 850 1332 917; x_wconf 89' lang='lat' dir='ltr'>Proditum,</span> <span class='ocrx_word' id='word_1_65' title='bbox 1363 852 1643 907; x_wconf 68' lang='lat' dir='ltr'>memoriae</span> <span class='ocrx_word' id='word_1_66' title='bbox 1670 852 1825 907; x_wconf 88' lang='lat' dir='ltr'>tradi-</span> 
     </span>
    </p>
   </div>
   <div class='ocr_carea' id='block_1_10' title="bbox 220 937 1820 1011">
    <p class='ocr_par' dir='ltr' id='par_1_10' title="bbox 220 937 1820 1011">
     <span class='ocr_line' id='line_1_10' title="bbox 220 937 1820 1011; baseline 0.002 -18"><span class='ocrx_word' id='word_1_67' title='bbox 220 947 351 1007; x_wconf 90' lang='lat' dir='ltr'>tum,</span> <span class='ocrx_word' id='word_1_68' title='bbox 386 937 799 1011; x_wconf 86' lang='lat' dir='ltr'>provulgatum,</span> <span class='ocrx_word' id='word_1_69' title='bbox 834 938 1197 1011; x_wconf 89' lang='lat' dir='ltr'>provulgavit,</span> <span class='ocrx_word' id='word_1_70' title='bbox 1248 940 1517 1011; x_wconf 87' lang='lat' dir='ltr'>exposuit,</span> <span class='ocrx_word' id='word_1_71' title='bbox 1561 940 1820 1010; x_wconf 77' lang='lat' dir='ltr'>prodidit,</span> 
     </span>
    </p>
   </div>
   <div class='ocr_carea' id='block_1_11' title="bbox 221 1025 1819 1095">
    <p class='ocr_par' dir='ltr' id='par_1_11' title="bbox 221 1025 1819 1095">
     <span class='ocr_line' id='line_1_11' title="bbox 221 1025 1819 1095; baseline 0 -13"><span class='ocrx_word' id='word_1_72' title='bbox 221 1027 471 1083; x_wconf 81' lang='lat' dir='ltr'>elocutus</span> <span class='ocrx_word' id='word_1_73' title='bbox 503 1035 606 1095; x_wconf 90' lang='lat' dir='ltr'>est,</span> <span class='ocrx_word' id='word_1_74' title='bbox 639 1025 834 1083; x_wconf 75' lang='lat' dir='ltr'>effatus</span> <span class='ocrx_word' id='word_1_75' title='bbox 865 1034 967 1095; x_wconf 90' lang='lat' dir='ltr'>est,</span> <span class='ocrx_word' id='word_1_76' title='bbox 1014 1027 1210 1093; x_wconf 89' lang='lat' dir='ltr'>retulit,</span> <span class='ocrx_word' id='word_1_77' title='bbox 1243 1028 1509 1095; x_wconf 88' lang='lat' dir='ltr'>narravit,</span> <span class='ocrx_word' id='word_1_78' title='bbox 1538 1028 1819 1094; x_wconf 83' lang='lat' dir='ltr'>nuntiavit,</span> 
     </span>
    </p>
   </div>
   <div class='ocr_carea' id='block_1_12' title="bbox 220 1115 1823 1185">
    <p class='ocr_par' dir='ltr' id='par_1_12' title="bbox 220 1115 1823 1185">
     <span class='ocr_line' id='line_1_12' title="bbox 220 1115 1823 1185; baseline 0.001 -14"><span class='ocrx_word' id='word_1_79' title='bbox 220 1115 502 1182; x_wconf 89' lang='lat' dir='ltr'>indicavit,</span> <span class='ocrx_word' id='word_1_80' title='bbox 535 1115 749 1171; x_wconf 90' lang='lat' dir='ltr'>locutus</span> <span class='ocrx_word' id='word_1_81' title='bbox 779 1123 879 1185; x_wconf 90' lang='lat' dir='ltr'>est,</span> <span class='ocrx_word' id='word_1_82' title='bbox 928 1116 1158 1171; x_wconf 87' lang='lat' dir='ltr'>verbum</span> <span class='ocrx_word' id='word_1_83' title='bbox 1202 1115 1347 1183; x_wconf 87' lang='lat' dir='ltr'>fecit,</span> <span class='ocrx_word' id='word_1_84' title='bbox 1390 1116 1661 1184; x_wconf 85' lang='lat' dir='ltr'>disseruit,</span> <span class='ocrx_word' id='word_1_85' title='bbox 1705 1117 1823 1172; x_wconf 90' lang='lat' dir='ltr'>dis-</span> 
     </span>
    </p>
   </div>
   <div class='ocr_carea' id='block_1_13' title="bbox 219 1204 1822 1276">
    <p class='ocr_par' dir='ltr' id='par_1_13' title="bbox 219 1204 1822 1276">
     <span class='ocr_line' id='line_1_13' title="bbox 219 1204 1822 1276; baseline 0 -17"><span class='ocrx_word' id='word_1_86' title='bbox 219 1205 448 1276; x_wconf 80' lang='lat' dir='ltr'>putavit,</span> <span class='ocrx_word' id='word_1_87' title='bbox 481 1205 756 1271; x_wconf 85' lang='lat' dir='ltr'>tractavit,</span> <span class='ocrx_word' id='word_1_88' title='bbox 790 1219 1098 1261; x_wconf 87' lang='lat' dir='ltr'>sermonem</span> <span class='ocrx_word' id='word_1_89' title='bbox 1128 1204 1330 1274; x_wconf 86' lang='lat' dir='ltr'>habuit,</span> <span class='ocrx_word' id='word_1_90' title='bbox 1378 1206 1675 1261; x_wconf 88' lang='lat' dir='ltr'>orationem</span> <span class='ocrx_word' id='word_1_91' title='bbox 1719 1206 1822 1260; x_wconf 90' lang='lat' dir='ltr'>ha-</span> 
     </span>
    </p>
   </div>
   <div class='ocr_carea' id='block_1_14' title="bbox 221 1292 1824 1365">
    <p class='ocr_par' dir='ltr' id='par_1_14' title="bbox 221 1292 1824 1365">
     <span class='ocr_line' id='line_1_14' title="bbox 221 1292 1824 1365; baseline 0 -17"><span class='ocrx_word' id='word_1_92' title='bbox 221 1293 354 1360; x_wconf 90' lang='lat' dir='ltr'>buit,</span> <span class='ocrx_word' id='word_1_93' title='bbox 389 1307 559 1349; x_wconf 87' lang='lat' dir='ltr'>orsus</span> <span class='ocrx_word' id='word_1_94' title='bbox 588 1300 689 1348; x_wconf 90' lang='lat' dir='ltr'>est.</span> <span class='ocrx_word' id='word_1_95' title='bbox 719 1293 788 1349; x_wconf 93' lang='lat' dir='ltr'>Et</span> <span class='ocrx_word' id='word_1_96' title='bbox 814 1293 973 1363; x_wconf 90' lang='lat' dir='ltr'>hujus</span> <span class='ocrx_word' id='word_1_97' title='bbox 1002 1293 1157 1349; x_wconf 88' lang='lat' dir='ltr'>verbi</span> <span class='ocrx_word' id='word_1_98' title='bbox 1186 1292 1448 1365; x_wconf 87' lang='lat' dir='ltr'>simplicis</span> <span class='ocrx_word' id='word_1_99' title='bbox 1493 1294 1824 1365; x_wconf 65' lang='lat' dir='ltr'>praeteritum</span> 
     </span>
    </p>
   </div>
   <div class='ocr_carea' id='block_1_15' title="bbox 222 1381 1823 1455">
    <p class='ocr_par' dir='ltr' id='par_1_15' title="bbox 222 1381 1823 1455">
     <span class='ocr_line' id='line_1_15' title="bbox 222 1381 1823 1455; baseline 0 -17"><span class='ocrx_word' id='word_1_100' title='bbox 222 1381 435 1439; x_wconf 84' lang='lat' dir='ltr'>Nonius</span> <span class='ocrx_word' id='word_1_101' title='bbox 464 1382 758 1439; x_wconf 81' lang='lat' dir='ltr'>Marcellus</span> <span class='ocrx_word' id='word_1_102' title='bbox 787 1381 842 1437; x_wconf 89' lang='lat' dir='ltr'>in</span> <span class='ocrx_word' id='word_1_103' title='bbox 871 1382 1012 1438; x_wconf 92' lang='lat' dir='ltr'>libro</span> <span class='ocrx_word' id='word_1_104' title='bbox 1040 1399 1203 1454; x_wconf 87' lang='lat' dir='ltr'>quem</span> <span class='ocrx_word' id='word_1_105' title='bbox 1250 1382 1523 1455; x_wconf 87' lang='lat' dir='ltr'>inscripsit</span> <span class='ocrx_word' id='word_1_106' title='bbox 1568 1383 1639 1438; x_wconf 92' lang='lat' dir='ltr'>de</span> <span class='ocrx_word' id='word_1_107' title='bbox 1684 1384 1823 1439; x_wconf 90' lang='lat' dir='ltr'>Pro-</span> 
     </span>
    </p>
   </div>
   <div class='ocr_carea' id='block_1_16' title="bbox 225 1462 1823 1544">
    <p class='ocr_par' dir='ltr' id='par_1_16' title="bbox 225 1462 1823 1544">
     <span class='ocr_line' id='line_1_16' title="bbox 225 1462 1823 1544; baseline 0.001 -17"><span class='ocrx_word' id='word_1_108' title='bbox 225 1471 452 1544; x_wconf 91' lang='lat' dir='ltr'>prietate</span> <span class='ocrx_word' id='word_1_109' title='bbox 476 1486 814 1537; x_wconf 89' lang='lat' dir='ltr'>sermonum,</span> <span class='ocrx_word' id='word_1_110' title='bbox 844 1462 1067 1542; x_wconf 10' lang='lat' dir='ltr'>ponens;</span> <span class='ocrx_word' id='word_1_111' title='bbox 1085 1471 1216 1526; x_wconf 84' lang='lat' dir='ltr'>dixit</span> <span class='ocrx_word' id='word_1_112' title='bbox 1249 1489 1263 1526; x_wconf 87' lang='lat'><strong>:</strong></span> <span class='ocrx_word' id='word_1_113' title='bbox 1298 1474 1572 1544; x_wconf 78' lang='lat' dir='ltr'>vulgavit,</span> <span class='ocrx_word' id='word_1_114' title='bbox 1594 1473 1823 1529; x_wconf 87' lang='lat' dir='ltr'>honeste</span> 
     </span>
    </p>
   </div>
   <div class='ocr_carea' id='block_1_17' title="bbox 220 1561 1824 1634">
    <p class='ocr_par' dir='ltr' id='par_1_17' title="bbox 220 1561 1824 1634">
     <span class='ocr_line' id='line_1_17' title="bbox 220 1561 1824 1634; baseline 0 -18"><span class='ocrx_word' id='word_1_115' title='bbox 220 1563 492 1634; x_wconf 85' lang='lat' dir='ltr'>positum,</span> <span class='ocrx_word' id='word_1_116' title='bbox 527 1561 639 1616; x_wconf 90' lang='lat' dir='ltr'>vile</span> <span class='ocrx_word' id='word_1_117' title='bbox 660 1561 873 1626; x_wconf 79' lang='lat' dir='ltr'>habuit,</span> <span class='ocrx_word' id='word_1_118' title='bbox 907 1565 963 1616; x_wconf 90' lang='lat' dir='ltr'>et</span> <span class='ocrx_word' id='word_1_119' title='bbox 1007 1563 1169 1633; x_wconf 83' lang='lat' dir='ltr'>quasi</span> <span class='ocrx_word' id='word_1_120' title='bbox 1212 1562 1277 1615; x_wconf 86' lang='lat' dir='ltr'>in</span> <span class='ocrx_word' id='word_1_121' title='bbox 1313 1562 1510 1632; x_wconf 90' lang='lat' dir='ltr'>vulgus</span> <span class='ocrx_word' id='word_1_122' title='bbox 1539 1562 1710 1617; x_wconf 82' lang='lat' dir='ltr'>dedit.</span> <span class='ocrx_word' id='word_1_123' title='bbox 1743 1561 1824 1616; x_wconf 90' lang='lat' dir='ltr'>De</span> 
     </span>
    </p>
   </div>
   <div class='ocr_carea' id='block_1_18' title="bbox 224 1648 1820 1721">
    <p class='ocr_par' dir='ltr' id='par_1_18' title="bbox 224 1648 1820 1721">
     <span class='ocr_line' id='line_1_18' title="bbox 224 1648 1820 1721; baseline 0 -16"><span class='ocrx_word' id='word_1_124' title='bbox 224 1648 531 1721; x_wconf 88' lang='lat' dir='ltr'>composito</span> <span class='ocrx_word' id='word_1_125' title='bbox 579 1655 762 1704; x_wconf 90' lang='lat' dir='ltr'>autem</span> <span class='ocrx_word' id='word_1_126' title='bbox 806 1649 913 1705; x_wconf 90' lang='lat' dir='ltr'>hoc</span> <span class='ocrx_word' id='word_1_127' title='bbox 956 1649 1148 1717; x_wconf 90' lang='lat' dir='ltr'>verbo,</span> <span class='ocrx_word' id='word_1_128' title='bbox 1202 1648 1347 1720; x_wconf 92' lang='lat' dir='ltr'>quod</span> <span class='ocrx_word' id='word_1_129' title='bbox 1391 1657 1473 1704; x_wconf 93' lang='lat' dir='ltr'>est</span> <span class='ocrx_word' id='word_1_130' title='bbox 1507 1650 1820 1721; x_wconf 87' lang='lat' dir='ltr'>promulgo,</span> 
     </span>
    </p>
   </div>
   <div class='ocr_carea' id='block_1_19' title="bbox 223 1722 1823 1810">
    <p class='ocr_par' dir='ltr' id='par_1_19' title="bbox 223 1722 1823 1810">
     <span class='ocr_line' id='line_1_19' title="bbox 223 1722 1823 1810; baseline 0 -17"><span class='ocrx_word' id='word_1_131' title='bbox 223 1737 418 1794; x_wconf 87' lang='lat' dir='ltr'>Paulus</span> <span class='ocrx_word' id='word_1_132' title='bbox 448 1737 503 1792; x_wconf 92' lang='lat' dir='ltr'>in</span> <span class='ocrx_word' id='word_1_133' title='bbox 535 1722 749 1793; x_wconf 79' lang='lat' dir='ltr'>Glossis</span> <span class='ocrx_word' id='word_1_134' title='bbox 779 1737 893 1793; x_wconf 91' lang='lat' dir='ltr'>suis</span> <span class='ocrx_word' id='word_1_135' title='bbox 929 1737 1059 1793; x_wconf 86' lang='lat' dir='ltr'>dicit</span> <span class='ocrx_word' id='word_1_136' title='bbox 1086 1739 1192 1794; x_wconf 88' lang='lat' dir='ltr'>hoc</span> <span class='ocrx_word' id='word_1_137' title='bbox 1217 1738 1382 1794; x_wconf 93' lang='lat' dir='ltr'>modo</span> <span class='ocrx_word' id='word_1_138' title='bbox 1416 1755 1430 1794; x_wconf 91' lang='lat'><strong>:</strong></span> <span class='ocrx_word' id='word_1_139' title='bbox 1463 1740 1823 1810; x_wconf 88' lang='lat' dir='ltr'>Promulgari</span> 
     </span>
    </p>
   </div>
   <div class='ocr_carea' id='block_1_20' title="bbox 226 1826 1824 1899">
    <p class='ocr_par' dir='ltr' id='par_1_20' title="bbox 226 1826 1824 1899">
     <span class='ocr_line' id='line_1_20' title="bbox 226 1826 1824 1899; baseline -0.001 -16"><span class='ocrx_word' id='word_1_140' title='bbox 226 1828 367 1899; x_wconf 83' lang='lat' dir='ltr'>leges</span> <span class='ocrx_word' id='word_1_141' title='bbox 398 1826 697 1896; x_wconf 87' lang='lat' dir='ltr'>dicuntur,</span> <span class='ocrx_word' id='word_1_142' title='bbox 729 1843 859 1883; x_wconf 89' lang='lat' dir='ltr'>cum</span> <span class='ocrx_word' id='word_1_143' title='bbox 872 1827 937 1881; x_wconf 87' lang='lat' dir='ltr'>in</span> <span class='ocrx_word' id='word_1_144' title='bbox 950 1827 1153 1898; x_wconf 88' lang='lat' dir='ltr'>vulgus</span> <span class='ocrx_word' id='word_1_145' title='bbox 1173 1826 1440 1882; x_wconf 88' lang='lat' dir='ltr'>eduntur.</span> <span class='ocrx_word' id='word_1_146' title='bbox 1465 1827 1638 1883; x_wconf 86' lang='lat' dir='ltr'>Habet</span> <span class='ocrx_word' id='word_1_147' title='bbox 1658 1826 1824 1899; x_wconf 83' lang='lat' dir='ltr'>igitur</span> 
     </span>
    </p>
   </div>
   <div class='ocr_carea' id='block_1_21' title="bbox 224 1914 1820 1989">
    <p class='ocr_par' dir='ltr' id='par_1_21' title="bbox 224 1914 1820 1989">
     <span class='ocr_line' id='line_1_21' title="bbox 224 1914 1820 1989; baseline 0 -18"><span class='ocrx_word' id='word_1_148' title='bbox 224 1931 447 1971; x_wconf 89' lang='lat' dir='ltr'>sensum</span> <span class='ocrx_word' id='word_1_149' title='bbox 476 1914 820 1986; x_wconf 86' lang='lat' dir='ltr'>compositio,</span> <span class='ocrx_word' id='word_1_150' title='bbox 844 1916 1222 1987; x_wconf 81' lang='lat' dir='ltr'>promulgare,</span> <span class='ocrx_word' id='word_1_151' title='bbox 1239 1916 1302 1970; x_wconf 86' lang='lat' dir='ltr'>in</span> <span class='ocrx_word' id='word_1_152' title='bbox 1330 1917 1531 1987; x_wconf 85' lang='lat' dir='ltr'>vulgus</span> <span class='ocrx_word' id='word_1_153' title='bbox 1542 1931 1820 1989; x_wconf 82' lang='lat' dir='ltr'>promere,</span> 
     </span>
    </p>
   </div>
   <div class='ocr_carea' id='block_1_22' title="bbox 223 2004 1822 2076">
    <p class='ocr_par' dir='ltr' id='par_1_22' title="bbox 223 2004 1822 2076">
     <span class='ocr_line' id='line_1_22' title="bbox 223 2004 1822 2076; baseline 0 -17"><span class='ocrx_word' id='word_1_154' title='bbox 223 2005 375 2071; x_wconf 83' lang='lat' dir='ltr'>dare,</span> <span class='ocrx_word' id='word_1_155' title='bbox 409 2006 789 2076; x_wconf 82' lang='lat' dir='ltr'>manifestare</span> <span class='ocrx_word' id='word_1_156' title='bbox 819 2007 878 2060; x_wconf 89' lang='lat' dir='ltr'>et</span> <span class='ocrx_word' id='word_1_157' title='bbox 905 2004 1087 2060; x_wconf 91' lang='lat' dir='ltr'>edere.</span> <span class='ocrx_word' id='word_1_158' title='bbox 1114 2004 1313 2060; x_wconf 91' lang='lat' dir='ltr'>Glossa</span> <span class='ocrx_word' id='word_1_159' title='bbox 1342 2012 1542 2070; x_wconf 90' lang='lat' dir='ltr'>autem,</span> <span class='ocrx_word' id='word_1_160' title='bbox 1564 2005 1822 2075; x_wconf 88' lang='lat' dir='ltr'>promul-</span> 
     </span>
    </p>
   </div>
   <div class='ocr_carea' id='block_1_23' title="bbox 222 2093 1827 2166">
    <p class='ocr_par' dir='ltr' id='par_1_23' title="bbox 222 2093 1827 2166">
     <span class='ocr_line' id='line_1_23' title="bbox 222 2093 1827 2166; baseline 0.001 -18"><span class='ocrx_word' id='word_1_161' title='bbox 222 2095 396 2165; x_wconf 81' lang='lat' dir='ltr'>gavit,</span> <span class='ocrx_word' id='word_1_162' title='bbox 433 2110 501 2149; x_wconf 87' lang='lat' dir='ltr'>ac</span> <span class='ocrx_word' id='word_1_163' title='bbox 521 2094 573 2149; x_wconf 84' lang='lat' dir='ltr'>si</span> <span class='ocrx_word' id='word_1_164' title='bbox 586 2094 842 2165; x_wconf 87' lang='lat' dir='ltr'>primum</span> <span class='ocrx_word' id='word_1_165' title='bbox 862 2093 926 2148; x_wconf 86' lang='lat' dir='ltr'>in</span> <span class='ocrx_word' id='word_1_166' title='bbox 940 2093 1139 2164; x_wconf 86' lang='lat' dir='ltr'>vulgus</span> <span class='ocrx_word' id='word_1_167' title='bbox 1165 2093 1334 2159; x_wconf 85' lang='lat' dir='ltr'>dedit,</span> <span class='ocrx_word' id='word_1_168' title='bbox 1349 2094 1613 2166; x_wconf 85' lang='lat' dir='ltr'>protulit,</span> <span class='ocrx_word' id='word_1_169' title='bbox 1629 2110 1695 2150; x_wconf 89' lang='lat' dir='ltr'>ac</span> <span class='ocrx_word' id='word_1_170' title='bbox 1702 2109 1827 2166; x_wconf 84' lang='lat' dir='ltr'>pro-</span> 
     </span>
    </p>
   </div>
   <div class='ocr_carea' id='block_1_24' title="bbox 222 2180 1826 2254">
    <p class='ocr_par' dir='ltr' id='par_1_24' title="bbox 222 2180 1826 2254">
     <span class='ocr_line' id='line_1_24' title="bbox 222 2180 1826 2254; baseline -0.001 -17"><span class='ocrx_word' id='word_1_171' title='bbox 222 2181 458 2254; x_wconf 87' lang='lat' dir='ltr'>rogavit.</span> <span class='ocrx_word' id='word_1_172' title='bbox 505 2182 577 2238; x_wconf 89' lang='lat' dir='ltr'>Et</span> <span class='ocrx_word' id='word_1_173' title='bbox 632 2181 791 2250; x_wconf 87' lang='lat' dir='ltr'>hujus</span> <span class='ocrx_word' id='word_1_174' title='bbox 846 2180 1002 2237; x_wconf 82' lang='lat' dir='ltr'>verbi</span> <span class='ocrx_word' id='word_1_175' title='bbox 1046 2180 1309 2252; x_wconf 89' lang='lat' dir='ltr'>simplicis</span> <span class='ocrx_word' id='word_1_176' title='bbox 1354 2197 1596 2249; x_wconf 76' lang='lat' dir='ltr'>sensum,</span> <span class='ocrx_word' id='word_1_177' title='bbox 1640 2182 1696 2236; x_wconf 91' lang='lat' dir='ltr'>id</span> <span class='ocrx_word' id='word_1_178' title='bbox 1745 2189 1826 2237; x_wconf 92' lang='lat' dir='ltr'>est</span> 
     </span>
    </p>
   </div>
   <div class='ocr_carea' id='block_1_25' title="bbox 225 2268 1824 2342">
    <p class='ocr_par' dir='ltr' id='par_1_25' title="bbox 225 2268 1824 2342">
     <span class='ocr_line' id='line_1_25' title="bbox 225 2268 1824 2342; baseline 0.001 -17"><span class='ocrx_word' id='word_1_179' title='bbox 225 2272 408 2342; x_wconf 85' lang='lat' dir='ltr'>vulgo,</span> <span class='ocrx_word' id='word_1_180' title='bbox 441 2270 663 2342; x_wconf 78' lang='lat' dir='ltr'>vulgus,</span> <span class='ocrx_word' id='word_1_181' title='bbox 707 2276 926 2326; x_wconf 90' lang='lat' dir='ltr'>sanctus</span> <span class='ocrx_word' id='word_1_182' title='bbox 963 2268 1326 2340; x_wconf 86' lang='lat' dir='ltr'>Hieronymus</span> <span class='ocrx_word' id='word_1_183' title='bbox 1368 2285 1470 2340; x_wconf 92' lang='lat' dir='ltr'>pro</span> <span class='ocrx_word' id='word_1_184' title='bbox 1514 2270 1824 2341; x_wconf 84' lang='lat' dir='ltr'>mani/esto</span> 
     </span>
    </p>
   </div>
   <div class='ocr_carea' id='block_1_26' title="bbox 221 2357 1824 2431">
    <p class='ocr_par' dir='ltr' id='par_1_26' title="bbox 221 2357 1824 2431">
     <span class='ocr_line' id='line_1_26' title="bbox 221 2357 1824 2431; baseline 0 -17"><span class='ocrx_word' id='word_1_185' title='bbox 221 2359 423 2431; x_wconf 89' lang='lat' dir='ltr'>posuit,</span> <span class='ocrx_word' id='word_1_186' title='bbox 456 2365 511 2414; x_wconf 92' lang='lat' dir='ltr'>et</span> <span class='ocrx_word' id='word_1_187' title='bbox 537 2358 666 2414; x_wconf 90' lang='lat' dir='ltr'>inde</span> <span class='ocrx_word' id='word_1_188' title='bbox 695 2358 973 2431; x_wconf 81' lang='lat' dir='ltr'>vulgatam</span> <span class='ocrx_word' id='word_1_189' title='bbox 1002 2357 1314 2425; x_wconf 86' lang='lat' dir='ltr'>editionem,</span> <span class='ocrx_word' id='word_1_190' title='bbox 1362 2358 1421 2413; x_wconf 91' lang='lat' dir='ltr'>id</span> <span class='ocrx_word' id='word_1_191' title='bbox 1456 2365 1539 2414; x_wconf 91' lang='lat' dir='ltr'>est</span> <span class='ocrx_word' id='word_1_192' title='bbox 1574 2358 1824 2414; x_wconf 90' lang='lat' dir='ltr'>omnibus</span> 
     </span>
    </p>
   </div>
   <div class='ocr_carea' id='block_1_27' title="bbox 221 2445 1826 2518">
    <p class='ocr_par' dir='ltr' id='par_1_27' title="bbox 221 2445 1826 2518">
     <span class='ocr_line' id='line_1_27' title="bbox 221 2445 1826 2518; baseline -0.002 -14"><span class='ocrx_word' id='word_1_193' title='bbox 221 2456 402 2504; x_wconf 91' lang='lat' dir='ltr'>notam</span> <span class='ocrx_word' id='word_1_194' title='bbox 434 2454 490 2503; x_wconf 91' lang='lat' dir='ltr'>et</span> <span class='ocrx_word' id='word_1_195' title='bbox 517 2446 863 2502; x_wconf 85' lang='lat' dir='ltr'>manifestam</span> <span class='ocrx_word' id='word_1_196' title='bbox 892 2447 1001 2503; x_wconf 91' lang='lat' dir='ltr'>dici</span> <span class='ocrx_word' id='word_1_197' title='bbox 1030 2447 1287 2503; x_wconf 90' lang='lat' dir='ltr'>ostendit.</span> <span class='ocrx_word' id='word_1_198' title='bbox 1318 2445 1615 2518; x_wconf 87' lang='lat' dir='ltr'>Compositi</span> <span class='ocrx_word' id='word_1_199' title='bbox 1645 2453 1826 2503; x_wconf 89' lang='lat' dir='ltr'>autem</span> 
     </span>
    </p>
   </div>
   <div class='ocr_carea' id='block_1_28' title="bbox 222 2535 1819 2609">
    <p class='ocr_par' dir='ltr' id='par_1_28' title="bbox 222 2535 1819 2609">
     <span class='ocr_line' id='line_1_28' title="bbox 222 2535 1819 2609; baseline -0.003 -15"><span class='ocrx_word' id='word_1_200' title='bbox 222 2536 371 2594; x_wconf 88' lang='lat' dir='ltr'>verbi</span> <span class='ocrx_word' id='word_1_201' title='bbox 401 2536 567 2606; x_wconf 86' lang='lat' dir='ltr'>hujus</span> <span class='ocrx_word' id='word_1_202' title='bbox 597 2551 819 2592; x_wconf 87' lang='lat' dir='ltr'>sensum</span> <span class='ocrx_word' id='word_1_203' title='bbox 839 2544 894 2591; x_wconf 91' lang='lat' dir='ltr'>et</span> <span class='ocrx_word' id='word_1_204' title='bbox 911 2535 1268 2609; x_wconf 88' lang='lat' dir='ltr'>Evangelium</span> <span class='ocrx_word' id='word_1_205' title='bbox 1286 2536 1445 2592; x_wconf 69' lang='lat' dir='ltr'>Lucae</span> <span class='ocrx_word' id='word_1_206' title='bbox 1464 2536 1819 2604; x_wconf 87' lang='lat' dir='ltr'>demonstrat,</span> 
     </span>
    </p>
   </div>
   <div class='ocr_carea' id='block_1_29' title="bbox 221 2624 1824 2696">
    <p class='ocr_par' dir='ltr' id='par_1_29' title="bbox 221 2624 1824 2696">
     <span class='ocr_line' id='line_1_29' title="bbox 221 2624 1824 2696; baseline -0.002 -15"><span class='ocrx_word' id='word_1_207' title='bbox 221 2626 408 2682; x_wconf 89' lang='lat' dir='ltr'>dicens</span> <span class='ocrx_word' id='word_1_208' title='bbox 443 2643 457 2679; x_wconf 90' lang='lat'><strong>:</strong></span> <span class='ocrx_word' id='word_1_209' title='bbox 490 2626 564 2681; x_wconf 88' lang='lat' dir='ltr'>Et</span> <span class='ocrx_word' id='word_1_210' title='bbox 594 2641 764 2696; x_wconf 84' lang='lat' dir='ltr'>super</span> <span class='ocrx_word' id='word_1_211' title='bbox 791 2626 983 2681; x_wconf 83' lang='lat' dir='ltr'>omnia</span> <span class='ocrx_word' id='word_1_212' title='bbox 1011 2628 1288 2680; x_wconf 84' lang='lat' dir='ltr'>montana</span> <span class='ocrx_word' id='word_1_213' title='bbox 1329 2624 1533 2680; x_wconf 69' lang='lat' dir='ltr'>Judazre</span> <span class='ocrx_word' id='word_1_214' title='bbox 1565 2624 1824 2695; x_wconf 87' lang='lat' dir='ltr'>divulga-</span> 
     </span>
    </p>
   </div>
   <div class='ocr_carea' id='block_1_30' title="bbox 224 2712 1825 2784">
    <p class='ocr_par' dir='ltr' id='par_1_30' title="bbox 224 2712 1825 2784">
     <span class='ocr_line' id='line_1_30' title="bbox 224 2712 1825 2784; baseline -0.003 -13"><span class='ocrx_word' id='word_1_215' title='bbox 224 2716 433 2771; x_wconf 85' lang='lat' dir='ltr'>bantur</span> <span class='ocrx_word' id='word_1_216' title='bbox 462 2714 659 2782; x_wconf 83' lang='lat' dir='ltr'>omnia</span> <span class='ocrx_word' id='word_1_217' title='bbox 688 2713 853 2769; x_wconf 86' lang='lat' dir='ltr'>verba</span> <span class='ocrx_word' id='word_1_218' title='bbox 881 2714 997 2768; x_wconf 68' lang='lat' dir='ltr'>hwc</span> <span class='ocrx_word' id='word_1_219' title='bbox 1038 2714 1193 2782; x_wconf 89' lang='lat' dir='ltr'>(Luc.</span> <span class='ocrx_word' id='word_1_220' title='bbox 1228 2728 1266 2782; x_wconf 83' lang='grc' dir='ltr'>ι,</span> <span class='ocrx_word' id='word_1_221' title='bbox 1301 2713 1410 2784; x_wconf 81' lang='grc'>65).</span> <span class='ocrx_word' id='word_1_222' title='bbox 1465 2712 1628 2781; x_wconf 85' lang='lat' dir='ltr'>Cujus</span> <span class='ocrx_word' id='word_1_223' title='bbox 1670 2712 1825 2767; x_wconf 89' lang='lat' dir='ltr'>verbi</span> 
     </span>
    </p>
   </div>
   <div class='ocr_carea' id='block_1_31' title="bbox 224 2800 1826 2875">
    <p class='ocr_par' dir='ltr' id='par_1_31' title="bbox 224 2800 1826 2875">
     <span class='ocr_line' id='line_1_31' title="bbox 224 2800 1826 2875; baseline -0.003 -16"><span class='ocrx_word' id='word_1_224' title='bbox 224 2802 671 2875; x_wconf 79' lang='lat' dir='ltr'>divulgabantur</span> <span class='ocrx_word' id='word_1_225' title='bbox 699 2816 919 2859; x_wconf 90' lang='lat' dir='ltr'>sensum</span> <span class='ocrx_word' id='word_1_226' title='bbox 935 2801 1083 2856; x_wconf 87' lang='lat' dir='ltr'>Beda</span> <span class='ocrx_word' id='word_1_227' title='bbox 1104 2817 1338 2874; x_wconf 88' lang='lat' dir='ltr'>sequens</span> <span class='ocrx_word' id='word_1_228' title='bbox 1356 2802 1578 2857; x_wconf 87' lang='lat' dir='ltr'>beatum</span> <span class='ocrx_word' id='word_1_229' title='bbox 1599 2800 1826 2855; x_wconf 83' lang='lat' dir='ltr'>Ambro-</span> 
     </span>
    </p>
   </div>
   <div class='ocr_carea' id='block_1_32' title="bbox 223 2890 1821 2963">
    <p class='ocr_par' dir='ltr' id='par_1_32' title="bbox 223 2890 1821 2963">
     <span class='ocr_line' id='line_1_32' title="bbox 223 2890 1821 2963; baseline -0.003 -16"><span class='ocrx_word' id='word_1_230' title='bbox 223 2891 359 2947; x_wconf 91' lang='lat' dir='ltr'>sium</span> <span class='ocrx_word' id='word_1_231' title='bbox 385 2891 466 2946; x_wconf 89' lang='lat' dir='ltr'>ita</span> <span class='ocrx_word' id='word_1_232' title='bbox 495 2890 751 2963; x_wconf 84' lang='lat' dir='ltr'>exposuit</span> <span class='ocrx_word' id='word_1_233' title='bbox 779 2906 795 2946; x_wconf 86' lang='lat'><strong>:</strong></span> <span class='ocrx_word' id='word_1_234' title='bbox 831 2890 973 2958; x_wconf 83' lang='lat' dir='ltr'>Quia</span> <span class='ocrx_word' id='word_1_235' title='bbox 1002 2894 1139 2946; x_wconf 87' lang='lat' dir='ltr'>nota</span> <span class='ocrx_word' id='word_1_236' title='bbox 1168 2892 1324 2961; x_wconf 82' lang='lat' dir='ltr'>facta</span> <span class='ocrx_word' id='word_1_237' title='bbox 1353 2893 1513 2962; x_wconf 84' lang='lat' dir='ltr'>fama</span> <span class='ocrx_word' id='word_1_238' title='bbox 1545 2892 1821 2946; x_wconf 84' lang='lat' dir='ltr'>innotuit.</span> 
     </span>
    </p>
   </div>
   <div class='ocr_carea' id='block_1_33' title="bbox 222 2978 1825 3052">
    <p class='ocr_par' dir='ltr' id='par_1_33' title="bbox 222 2978 1825 3052">
     <span class='ocr_line' id='line_1_33' title="bbox 222 2978 1825 3052; baseline -0.001 -15"><span class='ocrx_word' id='word_1_239' title='bbox 222 2981 467 3037; x_wconf 88' lang='lat' dir='ltr'>Isidorus</span> <span class='ocrx_word' id='word_1_240' title='bbox 495 2995 731 3052; x_wconf 90' lang='lat' dir='ltr'>quoque,</span> <span class='ocrx_word' id='word_1_241' title='bbox 763 2986 822 3035; x_wconf 91' lang='lat' dir='ltr'>ut</span> <span class='ocrx_word' id='word_1_242' title='bbox 849 2979 968 3051; x_wconf 88' lang='lat' dir='ltr'>ipse</span> <span class='ocrx_word' id='word_1_243' title='bbox 994 2978 1125 3035; x_wconf 90' lang='lat' dir='ltr'>dicit</span> <span class='ocrx_word' id='word_1_244' title='bbox 1152 2987 1369 3035; x_wconf 89' lang='lat' dir='ltr'>auctore</span> <span class='ocrx_word' id='word_1_245' title='bbox 1413 2978 1606 3047; x_wconf 91' lang='lat' dir='ltr'>Tullio,</span> <span class='ocrx_word' id='word_1_246' title='bbox 1652 2993 1825 3050; x_wconf 85' lang='lat' dir='ltr'>expo-</span> 
     </span>
    </p>
   </div>
   <div class='ocr_carea' id='block_1_34' title="bbox 225 3069 1825 3141">
    <p class='ocr_par' dir='ltr' id='par_1_34' title="bbox 225 3069 1825 3141">
     <span class='ocr_line' id='line_1_34' title="bbox 225 3069 1825 3141; baseline -0.002 -15"><span class='ocrx_word' id='word_1_247' title='bbox 225 3070 325 3127; x_wconf 87' lang='lat' dir='ltr'>suit</span> <span class='ocrx_word' id='word_1_248' title='bbox 346 3069 541 3125; x_wconf 89' lang='lat' dir='ltr'>dicens</span> <span class='ocrx_word' id='word_1_249' title='bbox 563 3070 1025 3141; x_wconf 82' lang='lat' dir='ltr'>:Promulgatum</span> <span class='ocrx_word' id='word_1_250' title='bbox 1042 3073 1145 3137; x_wconf 83' lang='lat' dir='ltr'>est,</span> <span class='ocrx_word' id='word_1_251' title='bbox 1160 3072 1315 3140; x_wconf 86' lang='lat' dir='ltr'>foras</span> <span class='ocrx_word' id='word_1_252' title='bbox 1325 3069 1635 3141; x_wconf 88' lang='lat' dir='ltr'>prolatum,</span> <span class='ocrx_word' id='word_1_253' title='bbox 1651 3072 1717 3124; x_wconf 86' lang='lat' dir='ltr'>ut</span> <span class='ocrx_word' id='word_1_254' title='bbox 1731 3069 1825 3123; x_wconf 75' lang='lat' dir='ltr'>lea:</span> 
     </span>
    </p>
   </div>
   <div class='ocr_carea' id='block_1_35' title="bbox 225 3156 1825 3231">
    <p class='ocr_par' dir='ltr' id='par_1_35' title="bbox 225 3156 1825 3231">
     <span class='ocr_line' id='line_1_35' title="bbox 225 3156 1825 3231; baseline -0.003 -16"><span class='ocrx_word' id='word_1_255' title='bbox 225 3160 438 3215; x_wconf 85' lang='lat' dir='ltr'>dicitur</span> <span class='ocrx_word' id='word_1_256' title='bbox 475 3159 854 3231; x_wconf 84' lang='lat' dir='ltr'>promulgata,</span> <span class='ocrx_word' id='word_1_257' title='bbox 905 3161 964 3214; x_wconf 88' lang='lat' dir='ltr'>et</span> <span class='ocrx_word' id='word_1_258' title='bbox 1000 3160 1426 3230; x_wconf 87' lang='lat' dir='ltr'>promulgatum</span> <span class='ocrx_word' id='word_1_259' title='bbox 1463 3158 1704 3229; x_wconf 85' lang='lat' dir='ltr'>proprie,</span> <span class='ocrx_word' id='word_1_260' title='bbox 1753 3156 1825 3211; x_wconf 90' lang='lat' dir='ltr'>ad</span> 
     </span>
    </p>
   </div>
   <div class='ocr_carea' id='block_1_36' title="bbox 226 3245 1829 3318">
    <p class='ocr_par' dir='ltr' id='par_1_36' title="bbox 226 3245 1829 3318">
     <span class='ocr_line' id='line_1_36' title="bbox 226 3245 1829 3318; baseline -0.003 -14"><span class='ocrx_word' id='word_1_261' title='bbox 226 3251 478 3305; x_wconf 85' lang='lat' dir='ltr'>omnium</span> <span class='ocrx_word' id='word_1_262' title='bbox 510 3247 780 3303; x_wconf 81' lang='lat' dir='ltr'>notitiam</span> <span class='ocrx_word' id='word_1_263' title='bbox 797 3250 853 3302; x_wconf 87' lang='lat' dir='ltr'>et</span> <span class='ocrx_word' id='word_1_264' title='bbox 875 3247 1049 3302; x_wconf 85' lang='lat' dir='ltr'>totius</span> <span class='ocrx_word' id='word_1_265' title='bbox 1069 3247 1224 3318; x_wconf 89' lang='lat' dir='ltr'>vulgi</span> <span class='ocrx_word' id='word_1_266' title='bbox 1241 3247 1599 3314; x_wconf 85' lang='lat' dir='ltr'>intimatum.</span> <span class='ocrx_word' id='word_1_267' title='bbox 1622 3245 1691 3300; x_wconf 88' lang='lat' dir='ltr'>Et</span> <span class='ocrx_word' id='word_1_268' title='bbox 1713 3245 1829 3299; x_wconf 88' lang='lat' dir='ltr'>Pla-</span> 
     </span>
    </p>
   </div>
   <div class='ocr_carea' id='block_1_37' title="bbox 228 3333 1827 3406">
    <p class='ocr_par' dir='ltr' id='par_1_37' title="bbox 228 3333 1827 3406">
     <span class='ocr_line' id='line_1_37' title="bbox 228 3333 1827 3406; baseline -0.003 -13"><span class='ocrx_word' id='word_1_269' title='bbox 228 3338 411 3393; x_wconf 86' lang='lat' dir='ltr'>ciades</span> <span class='ocrx_word' id='word_1_270' title='bbox 458 3352 628 3391; x_wconf 88' lang='lat' dir='ltr'>unum</span> <span class='ocrx_word' id='word_1_271' title='bbox 674 3335 1102 3406; x_wconf 91' lang='lat' dir='ltr'>superadjiciens</span> <span class='ocrx_word' id='word_1_272' title='bbox 1149 3335 1399 3404; x_wconf 89' lang='lat' dir='ltr'>verbum,</span> <span class='ocrx_word' id='word_1_273' title='bbox 1451 3342 1652 3390; x_wconf 61' lang='lat' dir='ltr'>caetera</span> <span class='ocrx_word' id='word_1_274' title='bbox 1697 3333 1827 3390; x_wconf 90' lang='lat' dir='ltr'>dicit</span> 
     </span>
    </p>
   </div>
   <div class='ocr_carea' id='block_1_38' title="bbox 228 3424 1821 3496">
    <p class='ocr_par' dir='ltr' id='par_1_38' title="bbox 228 3424 1821 3496">
     <span class='ocr_line' id='line_1_38' title="bbox 228 3424 1821 3496; baseline -0.002 -15"><span class='ocrx_word' id='word_1_275' title='bbox 228 3426 475 3481; x_wconf 87' lang='lat' dir='ltr'>similiter</span> <span class='ocrx_word' id='word_1_276' title='bbox 491 3442 506 3480; x_wconf 92' lang='lat'>:</span> <span class='ocrx_word' id='word_1_277' title='bbox 521 3424 1340 3496; x_wconf 84' lang='lat' dir='ltr'>Promulgatum,inquiens,est</span> <span class='ocrx_word' id='word_1_278' title='bbox 1350 3425 1506 3495; x_wconf 82' lang='lat' dir='ltr'>foras</span> <span class='ocrx_word' id='word_1_279' title='bbox 1515 3424 1821 3495; x_wconf 88' lang='lat' dir='ltr'>prolatum,</span> 
     </span>
    </p>
   </div>
   <div class='ocr_carea' id='block_1_39' title="bbox 226 3513 1829 3585">
    <p class='ocr_par' dir='ltr' id='par_1_39' title="bbox 226 3513 1829 3585">
     <span class='ocr_line' id='line_1_39' title="bbox 226 3513 1829 3585; baseline -0.004 -13"><span class='ocrx_word' id='word_1_280' title='bbox 226 3517 308 3572; x_wconf 84' lang='lat' dir='ltr'>vel</span> <span class='ocrx_word' id='word_1_281' title='bbox 326 3515 729 3582; x_wconf 86' lang='lat' dir='ltr'>constitutum,</span> <span class='ocrx_word' id='word_1_282' title='bbox 745 3518 812 3569; x_wconf 90' lang='lat' dir='ltr'>ut</span> <span class='ocrx_word' id='word_1_283' title='bbox 830 3514 926 3569; x_wconf 75' lang='lat' dir='ltr'>lex</span> <span class='ocrx_word' id='word_1_284' title='bbox 941 3514 1156 3569; x_wconf 86' lang='lat' dir='ltr'>dicitur</span> <span class='ocrx_word' id='word_1_285' title='bbox 1171 3513 1552 3585; x_wconf 85' lang='lat' dir='ltr'>promulgata,</span> <span class='ocrx_word' id='word_1_286' title='bbox 1574 3513 1829 3584; x_wconf 87' lang='lat' dir='ltr'>promul—</span> 
     </span>
    </p>
   </div>
   <div class='ocr_carea' id='block_1_40' title="bbox 227 3601 1828 3677">
    <p class='ocr_par' dir='ltr' id='par_1_40' title="bbox 227 3601 1828 3677">
     <span class='ocr_line' id='line_1_40' title="bbox 227 3601 1828 3677; baseline -0.003 -16"><span class='ocrx_word' id='word_1_287' title='bbox 227 3610 421 3677; x_wconf 89' lang='lat' dir='ltr'>gatum</span> <span class='ocrx_word' id='word_1_288' title='bbox 452 3608 670 3670; x_wconf 89' lang='lat' dir='ltr'>autem,</span> <span class='ocrx_word' id='word_1_289' title='bbox 702 3604 774 3658; x_wconf 89' lang='lat' dir='ltr'>ad</span> <span class='ocrx_word' id='word_1_290' title='bbox 803 3603 1059 3659; x_wconf 87' lang='lat' dir='ltr'>omnium</span> <span class='ocrx_word' id='word_1_291' title='bbox 1088 3604 1358 3658; x_wconf 82' lang='lat' dir='ltr'>notitiam</span> <span class='ocrx_word' id='word_1_292' title='bbox 1387 3606 1443 3657; x_wconf 88' lang='lat' dir='ltr'>et</span> <span class='ocrx_word' id='word_1_293' title='bbox 1476 3603 1645 3657; x_wconf 83' lang='lat' dir='ltr'>totius</span> <span class='ocrx_word' id='word_1_294' title='bbox 1676 3601 1828 3671; x_wconf 89' lang='lat' dir='ltr'>vulgi</span> 
     </span>
    </p>
   </div>
   <div class='ocr_carea' id='block_1_41' title="bbox 228 3690 1828 3764">
    <p class='ocr_par' dir='ltr' id='par_1_41' title="bbox 228 3690 1828 3764">
     <span class='ocr_line' id='line_1_41' title="bbox 228 3690 1828 3764; baseline -0.002 -15"><span class='ocrx_word' id='word_1_295' title='bbox 228 3696 587 3750; x_wconf 87' lang='lat' dir='ltr'>intimatum.</span> <span class='ocrx_word' id='word_1_296' title='bbox 605 3693 880 3748; x_wconf 77' lang='lat' dir='ltr'>Praeterea</span> <span class='ocrx_word' id='word_1_297' title='bbox 910 3691 1123 3747; x_wconf 66' lang='lat' dir='ltr'>Glossa:</span> <span class='ocrx_word' id='word_1_298' title='bbox 1148 3691 1491 3764; x_wconf 89' lang='lat' dir='ltr'>antiquorum</span> <span class='ocrx_word' id='word_1_299' title='bbox 1521 3690 1695 3746; x_wconf 90' lang='lat' dir='ltr'>taliter</span> <span class='ocrx_word' id='word_1_300' title='bbox 1713 3691 1828 3753; x_wconf 72' lang='lat' dir='ltr'>,hoc</span> 
     </span>
    </p>
   </div>
   <div class='ocr_carea' id='block_1_42' title="bbox 228 3780 1829 3853">
    <p class='ocr_par' dir='ltr' id='par_1_42' title="bbox 228 3780 1829 3853">
     <span class='ocr_line' id='line_1_42' title="bbox 228 3780 1829 3853; baseline -0.002 -14"><span class='ocrx_word' id='word_1_301' title='bbox 228 3783 453 3839; x_wconf 87' lang='lat' dir='ltr'>verbum</span> <span class='ocrx_word' id='word_1_302' title='bbox 483 3781 929 3853; x_wconf 85' lang='lat' dir='ltr'>explanaverunt,</span> <span class='ocrx_word' id='word_1_303' title='bbox 949 3783 1337 3853; x_wconf 86' lang='lat' dir='ltr'>promulgans,</span> <span class='ocrx_word' id='word_1_304' title='bbox 1357 3780 1681 3852; x_wconf 83' lang='lat' dir='ltr'>porrigens;</span> <span class='ocrx_word' id='word_1_305' title='bbox 1698 3795 1829 3851; x_wconf 88' lang='lat' dir='ltr'>pro-</span> 
     </span>
    </p>
   </div>
   <div class='ocr_carea' id='block_1_43' title="bbox 231 3869 1823 3946">
    <p class='ocr_par' dir='ltr' id='par_1_43' title="bbox 231 3869 1823 3946">
     <span class='ocr_line' id='line_1_43' title="bbox 231 3869 1823 3946; baseline -0.004 -16"><span class='ocrx_word' id='word_1_306' title='bbox 231 3876 502 3946; x_wconf 88' lang='lat' dir='ltr'>mulgare,</span> <span class='ocrx_word' id='word_1_307' title='bbox 537 3872 700 3928; x_wconf 87' lang='lat' dir='ltr'>edere</span> <span class='ocrx_word' id='word_1_308' title='bbox 740 3872 1131 3943; x_wconf 87' lang='lat' dir='ltr'>;promulgat,</span> <span class='ocrx_word' id='word_1_309' title='bbox 1177 3872 1435 3942; x_wconf 84' lang='lat' dir='ltr'>profert;</span> <span class='ocrx_word' id='word_1_310' title='bbox 1480 3869 1823 3942; x_wconf 87' lang='lat' dir='ltr'>promulgat,</span> 
     </span>
    </p>
   </div>
   <div class='ocr_carea' id='block_1_44' title="bbox 231 3958 1827 4031">
    <p class='ocr_par' dir='ltr' id='par_1_44' title="bbox 231 3958 1827 4031">
     <span class='ocr_line' id='line_1_44' title="bbox 231 3958 1827 4031; baseline -0.006 -11"><span class='ocrx_word' id='word_1_311' title='bbox 231 3964 449 4025; x_wconf 80' lang='lat' dir='ltr'>crescit,</span> <span class='ocrx_word' id='word_1_312' title='bbox 469 3964 876 4028; x_wconf 85' lang='lat' dir='ltr'>incrementat,</span> <span class='ocrx_word' id='word_1_313' title='bbox 888 3961 1123 4031; x_wconf 89' lang='lat' dir='ltr'>promit,</span> <span class='ocrx_word' id='word_1_314' title='bbox 1137 3959 1434 4030; x_wconf 73' lang='lat' dir='ltr'>prtedicat,</span> <span class='ocrx_word' id='word_1_315' title='bbox 1453 3958 1827 4030; x_wconf 83' lang='lat' dir='ltr'>pronuntiat;</span> 
     </span>
    </p>
   </div>
   <div class='ocr_carea' id='block_1_45' title="bbox 228 4048 1831 4125">
    <p class='ocr_par' dir='ltr' id='par_1_45' title="bbox 228 4048 1831 4125">
     <span class='ocr_line' id='line_1_45' title="bbox 228 4048 1831 4125; baseline -0.005 -17"><span class='ocrx_word' id='word_1_316' title='bbox 228 4051 521 4125; x_wconf 89' lang='lat' dir='ltr'>promulga</span> <span class='ocrx_word' id='word_1_317' title='bbox 531 4050 855 4122; x_wconf 87' lang='lat' dir='ltr'>ta,prolata,</span> <span class='ocrx_word' id='word_1_318' title='bbox 873 4049 1218 4121; x_wconf 88' lang='lat' dir='ltr'>deprompta,</span> <span class='ocrx_word' id='word_1_319' title='bbox 1232 4050 1562 4120; x_wconf 88' lang='lat' dir='ltr'>propagata,</span> <span class='ocrx_word' id='word_1_320' title='bbox 1580 4048 1831 4118; x_wconf 78' lang='lat' dir='ltr'>patefac-</span> 
     </span>
    </p>
   </div>
   <div class='ocr_carea' id='block_1_46' title="bbox 234 4133 1830 4208">
    <p class='ocr_par' dir='ltr' id='par_1_46' title="bbox 234 4133 1830 4208">
     <span class='ocr_line' id='line_1_46' title="bbox 234 4133 1830 4208; baseline -0.004 -12"><span class='ocrx_word' id='word_1_321' title='bbox 234 4144 307 4196; x_wconf 86' lang='lat' dir='ltr'>ta.</span> <span class='ocrx_word' id='word_1_322' title='bbox 320 4140 390 4196; x_wconf 90' lang='lat' dir='ltr'>Et</span> <span class='ocrx_word' id='word_1_323' title='bbox 409 4141 536 4204; x_wconf 89' lang='lat' dir='ltr'>hoc,</span> <span class='ocrx_word' id='word_1_324' title='bbox 552 4145 611 4194; x_wconf 92' lang='lat' dir='ltr'>ut</span> <span class='ocrx_word' id='word_1_325' title='bbox 622 4137 927 4193; x_wconf 86' lang='lat' dir='ltr'>Priscianus</span> <span class='ocrx_word' id='word_1_326' title='bbox 946 4136 1254 4208; x_wconf 64' lang='lat' dir='ltr'>praepositis</span> <span class='ocrx_word' id='word_1_327' title='bbox 1268 4136 1336 4191; x_wconf 91' lang='lat' dir='ltr'>de</span> <span class='ocrx_word' id='word_1_328' title='bbox 1348 4135 1638 4191; x_wconf 88' lang='lat' dir='ltr'>verborum</span> <span class='ocrx_word' id='word_1_329' title='bbox 1650 4133 1830 4204; x_wconf 88' lang='lat' dir='ltr'>expla-</span> 
     </span>
    </p>
   </div>
   <div class='ocr_carea' id='block_1_47' title="bbox 231 4222 1828 4297">
    <p class='ocr_par' dir='ltr' id='par_1_47' title="bbox 231 4222 1828 4297">
     <span class='ocr_line' id='line_1_47' title="bbox 231 4222 1828 4297; baseline -0.006 -12"><span class='ocrx_word' id='word_1_330' title='bbox 231 4230 445 4285; x_wconf 88' lang='lat' dir='ltr'>natione</span> <span class='ocrx_word' id='word_1_331' title='bbox 475 4226 785 4283; x_wconf 89' lang='lat' dir='ltr'>auctoribus</span> <span class='ocrx_word' id='word_1_332' title='bbox 814 4225 962 4295; x_wconf 92' lang='lat' dir='ltr'>dicit,</span> <span class='ocrx_word' id='word_1_333' title='bbox 1008 4225 1125 4297; x_wconf 89' lang='lat' dir='ltr'>ipse</span> <span class='ocrx_word' id='word_1_334' title='bbox 1156 4223 1408 4280; x_wconf 89' lang='lat' dir='ltr'>omnibus</span> <span class='ocrx_word' id='word_1_335' title='bbox 1437 4222 1671 4278; x_wconf 90' lang='lat' dir='ltr'>validior</span> <span class='ocrx_word' id='word_1_336' title='bbox 1699 4236 1828 4276; x_wconf 92' lang='lat' dir='ltr'>usus</span> 
     </span>
    </p>
   </div>
   <div class='ocr_carea' id='block_1_48' title="bbox 233 4312 1830 4382">
    <p class='ocr_par' dir='ltr' id='par_1_48' title="bbox 233 4312 1830 4382">
     <span class='ocr_line' id='line_1_48' title="bbox 233 4312 1830 4382; baseline -0.006 -9"><span class='ocrx_word' id='word_1_337' title='bbox 233 4319 485 4375; x_wconf 89' lang='lat' dir='ltr'>ostendit.</span> <span class='ocrx_word' id='word_1_338' title='bbox 519 4315 895 4373; x_wconf 80' lang='lat' dir='ltr'>Diﬁ‘erentiam</span> <span class='ocrx_word' id='word_1_339' title='bbox 924 4330 1057 4371; x_wconf 90' lang='lat' dir='ltr'>vero</span> <span class='ocrx_word' id='word_1_340' title='bbox 1085 4329 1280 4370; x_wconf 89' lang='lat' dir='ltr'>sensus</span> <span class='ocrx_word' id='word_1_341' title='bbox 1300 4313 1441 4367; x_wconf 88' lang='lat' dir='ltr'>inter</span> <span class='ocrx_word' id='word_1_342' title='bbox 1461 4312 1748 4382; x_wconf 88' lang='lat' dir='ltr'>divulgata</span> <span class='ocrx_word' id='word_1_343' title='bbox 1778 4317 1830 4365; x_wconf 88' lang='lat' dir='ltr'>et</span> 
     </span>
    </p>
   </div>
   <div class='ocr_carea' id='block_1_49' title="bbox 225 4398 1828 4481">
    <p class='ocr_par' dir='ltr' id='par_1_49' title="bbox 225 4398 1828 4481">
     <span class='ocr_line' id='line_1_49' title="bbox 225 4398 1828 4481; baseline -0.008 -16"><span class='ocrx_word' id='word_1_344' title='bbox 225 4411 559 4481; x_wconf 85' lang='lat' dir='ltr'>provulgata</span> <span class='ocrx_word' id='word_1_345' title='bbox 586 4406 702 4462; x_wconf 87' lang='lat' dir='ltr'>sive</span> <span class='ocrx_word' id='word_1_346' title='bbox 734 4406 1110 4478; x_wconf 86' lang='lat' dir='ltr'>promulgata,</span> <span class='ocrx_word' id='word_1_347' title='bbox 1141 4401 1509 4459; x_wconf 88' lang='lat' dir='ltr'>enucleatores</span> <span class='ocrx_word' id='word_1_348' title='bbox 1538 4398 1828 4455; x_wconf 87' lang='lat' dir='ltr'>verborum</span> 
     </span>
    </p>
   </div>
   <div class='ocr_carea' id='block_1_50' title="bbox 1925 498 3520 575">
    <p class='ocr_par' dir='ltr' id='par_1_50' title="bbox 1925 498 3520 575">
     <span class='ocr_line' id='line_1_50' title="bbox 1925 498 3520 575; baseline 0.003 -22"><span class='ocrx_word' id='word_1_349' title='bbox 1925 498 2122 569; x_wconf 91' lang='lat' dir='ltr'>posuit,</span> <span class='ocrx_word' id='word_1_350' title='bbox 2155 507 2209 554; x_wconf 92' lang='lat' dir='ltr'>et</span> <span class='ocrx_word' id='word_1_351' title='bbox 2238 500 2364 572; x_wconf 88' lang='lat' dir='ltr'>quia</span> <span class='ocrx_word' id='word_1_352' title='bbox 2412 501 2482 557; x_wconf 91' lang='lat' dir='ltr'>ad</span> <span class='ocrx_word' id='word_1_353' title='bbox 2511 500 2811 556; x_wconf 87' lang='lat' dir='ltr'>deliberata</span> <span class='ocrx_word' id='word_1_354' title='bbox 2855 504 3116 574; x_wconf 82' lang='lat' dir='ltr'>progredi</span> <span class='ocrx_word' id='word_1_355' title='bbox 3158 519 3269 559; x_wconf 89' lang='lat' dir='ltr'>non</span> <span class='ocrx_word' id='word_1_356' title='bbox 3313 512 3520 575; x_wconf 88' lang='lat' dir='ltr'>posset,</span> 
     </span>
    </p>
   </div>
   <div class='ocr_carea' id='block_1_51' title="bbox 1923 587 3518 661">
    <p class='ocr_par' dir='ltr' id='par_1_51' title="bbox 1923 587 3518 661">
     <span class='ocr_line' id='line_1_51' title="bbox 1923 587 3518 661; baseline 0.004 -20"><span class='ocrx_word' id='word_1_357' title='bbox 1923 587 2123 660; x_wconf 88' lang='lat' dir='ltr'>ligatus</span> <span class='ocrx_word' id='word_1_358' title='bbox 2151 589 2392 661; x_wconf 83' lang='lat' dir='ltr'>agnovit.</span> <span class='ocrx_word' id='word_1_359' title='bbox 2436 590 2506 644; x_wconf 90' lang='lat' dir='ltr'>Et</span> <span class='ocrx_word' id='word_1_360' title='bbox 2546 604 2656 645; x_wconf 92' lang='lat' dir='ltr'>non</span> <span class='ocrx_word' id='word_1_361' title='bbox 2696 590 2871 645; x_wconf 88' lang='lat' dir='ltr'>solum</span> <span class='ocrx_word' id='word_1_362' title='bbox 2914 592 2971 645; x_wconf 93' lang='lat' dir='ltr'>in</span> <span class='ocrx_word' id='word_1_363' title='bbox 3017 607 3080 647; x_wconf 88' lang='lat' dir='ltr'>se</span> <span class='ocrx_word' id='word_1_364' title='bbox 3126 592 3239 647; x_wconf 89' lang='lat' dir='ltr'>iras</span> <span class='ocrx_word' id='word_1_365' title='bbox 3281 593 3518 659; x_wconf 88' lang='lat' dir='ltr'>edomat,</span> 
     </span>
    </p>
   </div>
   <div class='ocr_carea' id='block_1_52' title="bbox 1924 677 3522 750">
    <p class='ocr_par' dir='ltr' id='par_1_52' title="bbox 1924 677 3522 750">
     <span class='ocr_line' id='line_1_52' title="bbox 1924 677 3522 750; baseline 0.004 -20"><span class='ocrx_word' id='word_1_366' title='bbox 1924 677 2024 731; x_wconf 90' lang='lat' dir='ltr'>sed</span> <span class='ocrx_word' id='word_1_367' title='bbox 2051 677 2416 745; x_wconf 89' lang='lat' dir='ltr'>subjectorum</span> <span class='ocrx_word' id='word_1_368' title='bbox 2444 679 2608 733; x_wconf 89' lang='lat' dir='ltr'>etiam</span> <span class='ocrx_word' id='word_1_369' title='bbox 2639 678 2891 734; x_wconf 89' lang='lat' dir='ltr'>sensibus</span> <span class='ocrx_word' id='word_1_370' title='bbox 2937 694 3099 735; x_wconf 89' lang='lat' dir='ltr'>omne</span> <span class='ocrx_word' id='word_1_371' title='bbox 3135 680 3283 750; x_wconf 91' lang='lat' dir='ltr'>quod</span> <span class='ocrx_word' id='word_1_372' title='bbox 3312 689 3522 737; x_wconf 90' lang='lat' dir='ltr'>rectum</span> 
     </span>
    </p>
   </div>
   <div class='ocr_carea' id='block_1_53' title="bbox 1924 764 3521 839">
    <p class='ocr_par' dir='ltr' id='par_1_53' title="bbox 1924 764 3521 839">
     <span class='ocr_line' id='line_1_53' title="bbox 1924 764 3521 839; baseline 0.004 -20"><span class='ocrx_word' id='word_1_373' title='bbox 1924 771 2008 819; x_wconf 93' lang='lat' dir='ltr'>est</span> <span class='ocrx_word' id='word_1_374' title='bbox 2034 764 2281 822; x_wconf 89' lang='lat' dir='ltr'>inserere</span> <span class='ocrx_word' id='word_1_375' title='bbox 2317 765 2553 833; x_wconf 89' lang='lat' dir='ltr'>festinat,</span> <span class='ocrx_word' id='word_1_376' title='bbox 2596 774 2765 839; x_wconf 88' lang='lat' dir='ltr'>utque</span> <span class='ocrx_word' id='word_1_377' title='bbox 2811 783 3003 823; x_wconf 91' lang='lat' dir='ltr'>omnes</span> <span class='ocrx_word' id='word_1_378' title='bbox 3047 776 3289 824; x_wconf 87' lang='lat' dir='ltr'>sanctam</span> <span class='ocrx_word' id='word_1_379' title='bbox 3330 769 3521 825; x_wconf 91' lang='lat' dir='ltr'>Eccle-</span> 
     </span>
    </p>
   </div>
   <div class='ocr_carea' id='block_1_54' title="bbox 1924 852 3523 928">
    <p class='ocr_par' dir='ltr' id='par_1_54' title="bbox 1924 852 3523 928">
     <span class='ocr_line' id='line_1_54' title="bbox 1924 852 3523 928; baseline 0.004 -20"><span class='ocrx_word' id='word_1_380' title='bbox 1924 852 2062 909; x_wconf 88' lang='lat' dir='ltr'>siam</span> <span class='ocrx_word' id='word_1_381' title='bbox 2090 869 2157 909; x_wconf 82' lang='lat' dir='ltr'>ex</span> <span class='ocrx_word' id='word_1_382' title='bbox 2184 854 2374 911; x_wconf 89' lang='lat' dir='ltr'>intima</span> <span class='ocrx_word' id='word_1_383' title='bbox 2400 855 2734 928; x_wconf 88' lang='lat' dir='ltr'>cogitatione</span> <span class='ocrx_word' id='word_1_384' title='bbox 2763 863 3111 923; x_wconf 90' lang='lat' dir='ltr'>venerentur,</span> <span class='ocrx_word' id='word_1_385' title='bbox 3134 856 3385 927; x_wconf 80' lang='lat' dir='ltr'>exemplo</span> <span class='ocrx_word' id='word_1_386' title='bbox 3404 857 3523 928; x_wconf 83' lang='lat' dir='ltr'>ipse</span> 
     </span>
    </p>
   </div>
   <div class='ocr_carea' id='block_1_55' title="bbox 1925 942 3520 1017">
    <p class='ocr_par' dir='ltr' id='par_1_55' title="bbox 1925 942 3520 1017">
     <span class='ocr_line' id='line_1_55' title="bbox 1925 942 3520 1017; baseline 0.002 -21"><span class='ocrx_word' id='word_1_387' title='bbox 1925 958 2037 997; x_wconf 69' lang='lat' dir='ltr'>suae</span> <span class='ocrx_word' id='word_1_388' title='bbox 2086 942 2398 998; x_wconf 88' lang='lat' dir='ltr'>humilitatis</span> <span class='ocrx_word' id='word_1_389' title='bbox 2445 944 2800 1000; x_wconf 88' lang='lat' dir='ltr'>demonstrat.</span> <span class='ocrx_word' id='word_1_390' title='bbox 2853 968 2875 993; x_wconf 76' lang='grc' dir='ltr'><strong><em>η</em></strong></span> <span class='ocrx_word' id='word_1_391' title='bbox 2924 945 2995 1001; x_wconf 92' lang='lat' dir='ltr'>Et</span> <span class='ocrx_word' id='word_1_392' title='bbox 3035 951 3161 1016; x_wconf 84' lang='lat' dir='ltr'>post</span> <span class='ocrx_word' id='word_1_393' title='bbox 3203 944 3520 1017; x_wconf 90' lang='lat' dir='ltr'>aliquanta:</span> 
     </span>
    </p>
   </div>
   <div class='ocr_carea' id='block_1_56' title="bbox 1929 1030 3523 1105">
    <p class='ocr_par' dir='ltr' id='par_1_56' title="bbox 1929 1030 3523 1105">
     <span class='ocr_line' id='line_1_56' title="bbox 1929 1030 3523 1105; baseline 0.002 -20"><span class='ocrx_word' id='word_1_394' title='bbox 1929 1054 1949 1076; x_wconf 81' lang='grc' dir='ltr'>α</span> <span class='ocrx_word' id='word_1_395' title='bbox 1974 1030 2059 1087; x_wconf 79' lang='lat' dir='ltr'>Ad</span> <span class='ocrx_word' id='word_1_396' title='bbox 2078 1032 2268 1086; x_wconf 90' lang='lat' dir='ltr'>horum</span> <span class='ocrx_word' id='word_1_397' title='bbox 2289 1030 2542 1087; x_wconf 87' lang='lat' dir='ltr'>duritiam</span> <span class='ocrx_word' id='word_1_398' title='bbox 2563 1032 2970 1089; x_wconf 90' lang='lat' dir='ltr'>dissolvendam</span> <span class='ocrx_word' id='word_1_399' title='bbox 2990 1048 3376 1105; x_wconf 88' lang='lat' dir='ltr'>nonnunquam</span> <span class='ocrx_word' id='word_1_400' title='bbox 3398 1048 3523 1088; x_wconf 88' lang='lat' dir='ltr'>san-</span> 
     </span>
    </p>
   </div>
   <div class='ocr_carea' id='block_1_57' title="bbox 1925 1118 3524 1193">
    <p class='ocr_par' dir='ltr' id='par_1_57' title="bbox 1925 1118 3524 1193">
     <span class='ocr_line' id='line_1_57' title="bbox 1925 1118 3524 1193; baseline 0.001 -19"><span class='ocrx_word' id='word_1_401' title='bbox 1925 1126 2012 1174; x_wconf 91' lang='lat' dir='ltr'>cta</span> <span class='ocrx_word' id='word_1_402' title='bbox 2040 1118 2306 1187; x_wconf 89' lang='lat' dir='ltr'>Ecclesia,</span> <span class='ocrx_word' id='word_1_403' title='bbox 2339 1120 2466 1192; x_wconf 91' lang='lat' dir='ltr'>quia</span> <span class='ocrx_word' id='word_1_404' title='bbox 2494 1121 2715 1193; x_wconf 89' lang='lat' dir='ltr'>propria</span> <span class='ocrx_word' id='word_1_405' title='bbox 2741 1122 2941 1178; x_wconf 91' lang='lat' dir='ltr'>virtute</span> <span class='ocrx_word' id='word_1_406' title='bbox 2988 1137 3098 1177; x_wconf 89' lang='lat' dir='ltr'>non</span> <span class='ocrx_word' id='word_1_407' title='bbox 3144 1120 3360 1189; x_wconf 80' lang='lat' dir='ltr'>suﬂicit,</span> <span class='ocrx_word' id='word_1_408' title='bbox 3411 1121 3524 1176; x_wconf 90' lang='lat' dir='ltr'>rhi-</span> 
     </span>
    </p>
   </div>
   <div class='ocr_carea' id='block_1_58' title="bbox 1924 1208 3521 1281">
    <p class='ocr_par' dir='ltr' id='par_1_58' title="bbox 1924 1208 3521 1281">
     <span class='ocr_line' id='line_1_58' title="bbox 1924 1208 3521 1281; baseline 0.003 -21"><span class='ocrx_word' id='word_1_409' title='bbox 1924 1208 2198 1263; x_wconf 88' lang='lat' dir='ltr'>nocerotis</span> <span class='ocrx_word' id='word_1_410' title='bbox 2227 1208 2401 1278; x_wconf 89' lang='lat' dir='ltr'>hujus,</span> <span class='ocrx_word' id='word_1_411' title='bbox 2438 1208 2493 1263; x_wconf 90' lang='lat' dir='ltr'>id</span> <span class='ocrx_word' id='word_1_412' title='bbox 2521 1216 2603 1265; x_wconf 89' lang='lat' dir='ltr'>est</span> <span class='ocrx_word' id='word_1_413' title='bbox 2641 1210 2839 1265; x_wconf 89' lang='lat' dir='ltr'>terreni</span> <span class='ocrx_word' id='word_1_414' title='bbox 2881 1209 3167 1281; x_wconf 90' lang='lat' dir='ltr'>principis,</span> <span class='ocrx_word' id='word_1_415' title='bbox 3211 1209 3521 1281; x_wconf 88' lang='lat' dir='ltr'>opitulatio-</span> 
     </span>
    </p>
   </div>
   <div class='ocr_carea' id='block_1_59' title="bbox 1924 1296 3520 1371">
    <p class='ocr_par' dir='ltr' id='par_1_59' title="bbox 1924 1296 3520 1371">
     <span class='ocr_line' id='line_1_59' title="bbox 1924 1296 3520 1371; baseline 0.001 -21"><span class='ocrx_word' id='word_1_416' title='bbox 1924 1311 2050 1350; x_wconf 89' lang='lat' dir='ltr'>nem</span> <span class='ocrx_word' id='word_1_417' title='bbox 2079 1297 2288 1368; x_wconf 69' lang='lat' dir='ltr'>quaerit,</span> <span class='ocrx_word' id='word_1_418' title='bbox 2322 1305 2379 1352; x_wconf 91' lang='lat' dir='ltr'>ut</span> <span class='ocrx_word' id='word_1_419' title='bbox 2407 1296 2526 1368; x_wconf 91' lang='lat' dir='ltr'>ipse</span> <span class='ocrx_word' id='word_1_420' title='bbox 2555 1313 2717 1368; x_wconf 91' lang='lat' dir='ltr'>super</span> <span class='ocrx_word' id='word_1_421' title='bbox 2738 1298 2981 1367; x_wconf 84' lang='lat' dir='ltr'>jacentes</span> <span class='ocrx_word' id='word_1_422' title='bbox 3008 1298 3207 1371; x_wconf 86' lang='lat' dir='ltr'>glebas</span> <span class='ocrx_word' id='word_1_423' title='bbox 3254 1304 3520 1363; x_wconf 91' lang='lat' dir='ltr'>conterat,</span> 
     </span>
    </p>
   </div>
   <div class='ocr_carea' id='block_1_60' title="bbox 1926 1385 3522 1459">
    <p class='ocr_par' dir='ltr' id='par_1_60' title="bbox 1926 1385 3522 1459">
     <span class='ocr_line' id='line_1_60' title="bbox 1926 1385 3522 1459; baseline 0.003 -21"><span class='ocrx_word' id='word_1_424' title='bbox 1926 1399 2063 1456; x_wconf 82' lang='lat' dir='ltr'>quas</span> <span class='ocrx_word' id='word_1_425' title='bbox 2091 1385 2462 1441; x_wconf 89' lang='lat' dir='ltr'>Ecclesiarum</span> <span class='ocrx_word' id='word_1_426' title='bbox 2490 1385 2786 1452; x_wconf 87' lang='lat' dir='ltr'>humilitas,</span> <span class='ocrx_word' id='word_1_427' title='bbox 2819 1386 2975 1459; x_wconf 90' lang='lat' dir='ltr'>quasi</span> <span class='ocrx_word' id='word_1_428' title='bbox 2998 1386 3251 1457; x_wconf 90' lang='lat' dir='ltr'>planities</span> <span class='ocrx_word' id='word_1_429' title='bbox 3297 1385 3522 1445; x_wconf 83' lang='lat' dir='ltr'>vallium</span> 
     </span>
    </p>
   </div>
   <div class='ocr_carea' id='block_1_61' title="bbox 1924 1473 3524 1547">
    <p class='ocr_par' dir='ltr' id='par_1_61' title="bbox 1924 1473 3524 1547">
     <span class='ocr_line' id='line_1_61' title="bbox 1924 1473 3524 1547; baseline 0.003 -21"><span class='ocrx_word' id='word_1_430' title='bbox 1924 1479 2120 1543; x_wconf 88' lang='lat' dir='ltr'>portat.</span> <span class='ocrx_word' id='word_1_431' title='bbox 2154 1474 2265 1528; x_wconf 88' lang='lat' dir='ltr'>Has</span> <span class='ocrx_word' id='word_1_432' title='bbox 2293 1473 2474 1546; x_wconf 90' lang='lat' dir='ltr'>itaque</span> <span class='ocrx_word' id='word_1_433' title='bbox 2503 1474 2698 1547; x_wconf 89' lang='lat' dir='ltr'>glebas</span> <span class='ocrx_word' id='word_1_434' title='bbox 2728 1475 3045 1531; x_wconf 90' lang='lat' dir='ltr'>rhinoceros</span> <span class='ocrx_word' id='word_1_435' title='bbox 3073 1475 3215 1546; x_wconf 91' lang='lat' dir='ltr'>pede</span> <span class='ocrx_word' id='word_1_436' title='bbox 3242 1474 3439 1546; x_wconf 89' lang='lat' dir='ltr'>premit</span> <span class='ocrx_word' id='word_1_437' title='bbox 3457 1489 3524 1531; x_wconf 91' lang='lat' dir='ltr'>ac</span> 
     </span>
    </p>
   </div>
   <div class='ocr_carea' id='block_1_62' title="bbox 1926 1561 3517 1635">
    <p class='ocr_par' dir='ltr' id='par_1_62' title="bbox 1926 1561 3517 1635">
     <span class='ocr_line' id='line_1_62' title="bbox 1926 1561 3517 1635; baseline 0.001 -18"><span class='ocrx_word' id='word_1_438' title='bbox 1926 1561 2259 1630; x_wconf 90' lang='lat' dir='ltr'>comminuit,</span> <span class='ocrx_word' id='word_1_439' title='bbox 2308 1563 2433 1634; x_wconf 88' lang='lat' dir='ltr'>quia</span> <span class='ocrx_word' id='word_1_440' title='bbox 2465 1577 2760 1634; x_wconf 90' lang='lat' dir='ltr'>pravorum</span> <span class='ocrx_word' id='word_1_441' title='bbox 2799 1570 3191 1635; x_wconf 89' lang='lat' dir='ltr'>potentumque</span> <span class='ocrx_word' id='word_1_442' title='bbox 3241 1562 3517 1632; x_wconf 89' lang='lat' dir='ltr'>duritiam,</span> 
     </span>
    </p>
   </div>
   <div class='ocr_carea' id='block_1_63' title="bbox 1925 1650 3521 1722">
    <p class='ocr_par' dir='ltr' id='par_1_63' title="bbox 1925 1650 3521 1722">
     <span class='ocr_line' id='line_1_63' title="bbox 1925 1650 3521 1722; baseline 0 -16"><span class='ocrx_word' id='word_1_443' title='bbox 1925 1650 2013 1706; x_wconf 89' lang='lat' dir='ltr'>cui</span> <span class='ocrx_word' id='word_1_444' title='bbox 2045 1650 2419 1707; x_wconf 88' lang='lat' dir='ltr'>ecclesiastica</span> <span class='ocrx_word' id='word_1_445' title='bbox 2445 1651 2717 1707; x_wconf 90' lang='lat' dir='ltr'>humilitas</span> <span class='ocrx_word' id='word_1_446' title='bbox 2745 1651 3005 1708; x_wconf 89' lang='lat' dir='ltr'>resistere</span> <span class='ocrx_word' id='word_1_447' title='bbox 3034 1667 3146 1708; x_wconf 92' lang='lat' dir='ltr'>non</span> <span class='ocrx_word' id='word_1_448' title='bbox 3172 1650 3335 1718; x_wconf 90' lang='lat' dir='ltr'>valet,</span> <span class='ocrx_word' id='word_1_449' title='bbox 3371 1651 3521 1722; x_wconf 91' lang='lat' dir='ltr'>prin-</span> 
     </span>
    </p>
   </div>
   <div class='ocr_carea' id='block_1_64' title="bbox 1850 1738 3522 1824">
    <p class='ocr_par' dir='ltr' id='par_1_64' title="bbox 1850 1738 3522 1824">
     <span class='ocr_line' id='line_1_64' title="bbox 1850 1738 3522 1824; baseline 0 -30"><span class='ocrx_word' id='word_1_450' title='bbox 1850 1765 1904 1824; x_wconf 85' lang='lat' dir='ltr'>B</span> <span class='ocrx_word' id='word_1_451' title='bbox 1926 1738 2114 1809; x_wconf 89' lang='lat' dir='ltr'>cipalis</span> <span class='ocrx_word' id='word_1_452' title='bbox 2145 1739 2337 1812; x_wconf 88' lang='lat' dir='ltr'>religio</span> <span class='ocrx_word' id='word_1_453' title='bbox 2367 1755 2431 1796; x_wconf 82' lang='lat' dir='ltr'>ex</span> <span class='ocrx_word' id='word_1_454' title='bbox 2459 1746 2729 1811; x_wconf 86' lang='lat' dir='ltr'>potestate</span> <span class='ocrx_word' id='word_1_455' title='bbox 2757 1740 3006 1798; x_wconf 87' lang='lat' dir='ltr'>dissolvit</span> <span class='ocrx_word' id='word_1_456' title='bbox 3037 1758 3052 1795; x_wconf 89' lang='lat'><strong>:</strong></span> <span class='ocrx_word' id='word_1_457' title='bbox 3085 1739 3232 1811; x_wconf 91' lang='lat' dir='ltr'>quod</span> <span class='ocrx_word' id='word_1_458' title='bbox 3252 1739 3381 1812; x_wconf 87' lang='lat' dir='ltr'>quia</span> <span class='ocrx_word' id='word_1_459' title='bbox 3403 1739 3522 1795; x_wconf 92' lang='lat' dir='ltr'>sola</span> 
     </span>
    </p>
   </div>
   <div class='ocr_carea' id='block_1_65' title="bbox 1925 1827 3521 1902">
    <p class='ocr_par' dir='ltr' id='par_1_65' title="bbox 1925 1827 3521 1902">
     <span class='ocr_line' id='line_1_65' title="bbox 1925 1827 3521 1902; baseline 0 -20"><span class='ocrx_word' id='word_1_460' title='bbox 1925 1827 2109 1882; x_wconf 89' lang='lat' dir='ltr'>divina</span> <span class='ocrx_word' id='word_1_461' title='bbox 2138 1828 2333 1885; x_wconf 91' lang='lat' dir='ltr'>virtute</span> <span class='ocrx_word' id='word_1_462' title='bbox 2372 1828 2571 1899; x_wconf 86' lang='lat' dir='ltr'>agitur,</span> <span class='ocrx_word' id='word_1_463' title='bbox 2621 1837 2681 1884; x_wconf 89' lang='lat' dir='ltr'>ut</span> <span class='ocrx_word' id='word_1_464' title='bbox 2722 1828 2926 1885; x_wconf 90' lang='lat' dir='ltr'>terreni</span> <span class='ocrx_word' id='word_1_465' title='bbox 2974 1828 3129 1902; x_wconf 90' lang='lat' dir='ltr'>regni</span> <span class='ocrx_word' id='word_1_466' title='bbox 3174 1828 3412 1885; x_wconf 88' lang='lat' dir='ltr'>culmina</span> <span class='ocrx_word' id='word_1_467' title='bbox 3451 1827 3521 1883; x_wconf 87' lang='lat' dir='ltr'>ad</span> 
     </span>
    </p>
   </div>
   <div class='ocr_carea' id='block_1_66' title="bbox 1922 1916 3522 1987">
    <p class='ocr_par' dir='ltr' id='par_1_66' title="bbox 1922 1916 3522 1987">
     <span class='ocr_line' id='line_1_66' title="bbox 1922 1916 3522 1987; baseline 0 -17"><span class='ocrx_word' id='word_1_468' title='bbox 1922 1922 2238 1986; x_wconf 89' lang='lat' dir='ltr'>provectum</span> <span class='ocrx_word' id='word_1_469' title='bbox 2294 1916 2453 1987; x_wconf 84' lang='lat' dir='ltr'>regni</span> <span class='ocrx_word' id='word_1_470' title='bbox 2498 1916 2738 1973; x_wconf 68' lang='lat' dir='ltr'>caelestis</span> <span class='ocrx_word' id='word_1_471' title='bbox 2783 1916 3129 1987; x_wconf 89' lang='lat' dir='ltr'>inclinentur,</span> <span class='ocrx_word' id='word_1_472' title='bbox 3184 1923 3335 1973; x_wconf 89' lang='lat' dir='ltr'>recte</span> <span class='ocrx_word' id='word_1_473' title='bbox 3377 1930 3522 1971; x_wconf 89' lang='lat' dir='ltr'>nunc</span> 
     </span>
    </p>
   </div>
   <div class='ocr_carea' id='block_1_67' title="bbox 1923 2003 3523 2078">
    <p class='ocr_par' dir='ltr' id='par_1_67' title="bbox 1923 2003 3523 2078">
     <span class='ocr_line' id='line_1_67' title="bbox 1923 2003 3523 2078; baseline 0 -19"><span class='ocrx_word' id='word_1_474' title='bbox 1923 2003 2141 2070; x_wconf 90' lang='lat' dir='ltr'>dicitur,</span> <span class='ocrx_word' id='word_1_475' title='bbox 2175 2009 2279 2060; x_wconf 87' lang='lat' dir='ltr'>aut</span> <span class='ocrx_word' id='word_1_476' title='bbox 2305 2007 2630 2077; x_wconf 80' lang='lat' dir='ltr'>confringet</span> <span class='ocrx_word' id='word_1_477' title='bbox 2658 2006 2844 2077; x_wconf 85' lang='lat' dir='ltr'>glebas</span> <span class='ocrx_word' id='word_1_478' title='bbox 2868 2006 3109 2061; x_wconf 88' lang='lat' dir='ltr'>vallium</span> <span class='ocrx_word' id='word_1_479' title='bbox 3135 2008 3264 2078; x_wconf 88' lang='lat' dir='ltr'>post</span> <span class='ocrx_word' id='word_1_480' title='bbox 3292 2008 3366 2060; x_wconf 85' lang='lat' dir='ltr'>te.</span> <span class='ocrx_word' id='word_1_481' title='bbox 3395 2024 3419 2055; x_wconf 69' lang='grc' dir='ltr'><strong>ι</strong></span> <span class='ocrx_word' id='word_1_482' title='bbox 3453 2004 3523 2059; x_wconf 92' lang='lat' dir='ltr'>Et</span> 
     </span>
    </p>
   </div>
   <div class='ocr_carea' id='block_1_68' title="bbox 1923 2090 3522 2166">
    <p class='ocr_par' dir='ltr' id='par_1_68' title="bbox 1923 2090 3522 2166">
     <span class='ocr_line' id='line_1_68' title="bbox 1923 2090 3522 2166; baseline -0.001 -19"><span class='ocrx_word' id='word_1_483' title='bbox 1923 2093 2087 2164; x_wconf 90' lang='lat' dir='ltr'>paulo</span> <span class='ocrx_word' id='word_1_484' title='bbox 2117 2101 2240 2164; x_wconf 91' lang='lat' dir='ltr'>post</span> <span class='ocrx_word' id='word_1_485' title='bbox 2267 2091 2446 2165; x_wconf 66' lang='lat' dir='ltr'>(ibid,</span> <span class='ocrx_word' id='word_1_486' title='bbox 2469 2109 2519 2150; x_wconf 95' lang='lat' dir='ltr'>c.</span> <span class='ocrx_word' id='word_1_487' title='bbox 2543 2093 2620 2164; x_wconf 71' lang='lat'>4):</span> <span class='ocrx_word' id='word_1_488' title='bbox 2647 2115 2669 2145; x_wconf 72' lang='grc' dir='ltr'>ς</span> <span class='ocrx_word' id='word_1_489' title='bbox 2694 2093 2830 2162; x_wconf 88' lang='lat' dir='ltr'>Quis</span> <span class='ocrx_word' id='word_1_490' title='bbox 2851 2109 2987 2166; x_wconf 89' lang='lat' dir='ltr'>ergo</span> <span class='ocrx_word' id='word_1_491' title='bbox 3006 2093 3062 2148; x_wconf 92' lang='lat' dir='ltr'>in</span> <span class='ocrx_word' id='word_1_492' title='bbox 3080 2092 3235 2149; x_wconf 91' lang='lat' dir='ltr'>initio</span> <span class='ocrx_word' id='word_1_493' title='bbox 3250 2090 3522 2148; x_wconf 89' lang='lat' dir='ltr'>nascentis</span> 
     </span>
    </p>
   </div>
   <div class='ocr_carea' id='block_1_69' title="bbox 1922 2180 3522 2248">
    <p class='ocr_par' dir='ltr' id='par_1_69' title="bbox 1922 2180 3522 2248">
     <span class='ocr_line' id='line_1_69' title="bbox 1922 2180 3522 2248; baseline -0.001 -12"><span class='ocrx_word' id='word_1_494' title='bbox 1922 2180 2185 2237; x_wconf 85' lang='lat' dir='ltr'>Ecclesiae</span> <span class='ocrx_word' id='word_1_495' title='bbox 2213 2181 2479 2248; x_wconf 91' lang='lat' dir='ltr'>crederet,</span> <span class='ocrx_word' id='word_1_496' title='bbox 2513 2182 2645 2237; x_wconf 90' lang='lat' dir='ltr'>dum</span> <span class='ocrx_word' id='word_1_497' title='bbox 2691 2189 2880 2239; x_wconf 88' lang='lat' dir='ltr'>contra</span> <span class='ocrx_word' id='word_1_498' title='bbox 2927 2197 3047 2238; x_wconf 88' lang='lat' dir='ltr'>eam</span> <span class='ocrx_word' id='word_1_499' title='bbox 3091 2181 3182 2237; x_wconf 91' lang='lat' dir='ltr'>ille</span> <span class='ocrx_word' id='word_1_500' title='bbox 3226 2180 3522 2236; x_wconf 88' lang='lat' dir='ltr'>indomitus</span> 
     </span>
    </p>
   </div>
   <div class='ocr_carea' id='block_1_70' title="bbox 1922 2268 3519 2341">
    <p class='ocr_par' dir='ltr' id='par_1_70' title="bbox 1922 2268 3519 2341">
     <span class='ocr_line' id='line_1_70' title="bbox 1922 2268 3519 2341; baseline -0.001 -17"><span class='ocrx_word' id='word_1_501' title='bbox 1922 2268 2258 2341; x_wconf 90' lang='lat' dir='ltr'>principatus</span> <span class='ocrx_word' id='word_1_502' title='bbox 2287 2278 2451 2326; x_wconf 65' lang='lat' dir='ltr'>terrae</span> <span class='ocrx_word' id='word_1_503' title='bbox 2479 2278 2557 2326; x_wconf 92' lang='lat' dir='ltr'>tot</span> <span class='ocrx_word' id='word_1_504' title='bbox 2594 2270 2756 2326; x_wconf 91' lang='lat' dir='ltr'>minis</span> <span class='ocrx_word' id='word_1_505' title='bbox 2804 2278 2858 2326; x_wconf 91' lang='lat' dir='ltr'>et</span> <span class='ocrx_word' id='word_1_506' title='bbox 2907 2270 3239 2327; x_wconf 89' lang='lat' dir='ltr'>cruciatibus</span> <span class='ocrx_word' id='word_1_507' title='bbox 3285 2269 3519 2336; x_wconf 67' lang='lat' dir='ltr'>seviret,</span> 
     </span>
    </p>
   </div>
   <div class='ocr_carea' id='block_1_71' title="bbox 1925 2356 3525 2430">
    <p class='ocr_par' dir='ltr' id='par_1_71' title="bbox 1925 2356 3525 2430">
     <span class='ocr_line' id='line_1_71' title="bbox 1925 2356 3525 2430; baseline -0.001 -18"><span class='ocrx_word' id='word_1_508' title='bbox 1925 2358 2054 2430; x_wconf 94' lang='lat' dir='ltr'>quia</span> <span class='ocrx_word' id='word_1_509' title='bbox 2080 2358 2397 2415; x_wconf 89' lang='lat' dir='ltr'>rhinoceros</span> <span class='ocrx_word' id='word_1_510' title='bbox 2428 2359 2531 2415; x_wconf 91' lang='lat' dir='ltr'>iste</span> <span class='ocrx_word' id='word_1_511' title='bbox 2559 2360 2676 2415; x_wconf 88' lang='lat' dir='ltr'>Deo</span> <span class='ocrx_word' id='word_1_512' title='bbox 2706 2365 3006 2414; x_wconf 88' lang='lat' dir='ltr'>sementem</span> <span class='ocrx_word' id='word_1_513' title='bbox 3035 2357 3314 2426; x_wconf 90' lang='lat' dir='ltr'>redderet,</span> <span class='ocrx_word' id='word_1_514' title='bbox 3354 2356 3412 2411; x_wconf 90' lang='lat' dir='ltr'>id</span> <span class='ocrx_word' id='word_1_515' title='bbox 3440 2363 3525 2412; x_wconf 90' lang='lat' dir='ltr'>est</span> 
     </span>
    </p>
   </div>
   <div class='ocr_carea' id='block_1_72' title="bbox 1924 2446 3523 2519">
    <p class='ocr_par' dir='ltr' id='par_1_72' title="bbox 1924 2446 3523 2519">
     <span class='ocr_line' id='line_1_72' title="bbox 1924 2446 3523 2519; baseline -0.001 -18"><span class='ocrx_word' id='word_1_516' title='bbox 1924 2454 2204 2519; x_wconf 88' lang='lat' dir='ltr'>acceptum</span> <span class='ocrx_word' id='word_1_517' title='bbox 2224 2446 2629 2518; x_wconf 65' lang='lat' dir='ltr'>praedicationis</span> <span class='ocrx_word' id='word_1_518' title='bbox 2649 2447 2879 2503; x_wconf 89' lang='lat' dir='ltr'>verbum</span> <span class='ocrx_word' id='word_1_519' title='bbox 2898 2446 3155 2517; x_wconf 91' lang='lat' dir='ltr'>operibus</span> <span class='ocrx_word' id='word_1_520' title='bbox 3170 2449 3523 2517; x_wconf 84' lang='lat' dir='ltr'>repensaret?</span> 
     </span>
    </p>
   </div>
   <div class='ocr_carea' id='block_1_73' title="bbox 1925 2532 3523 2607">
    <p class='ocr_par' dir='ltr' id='par_1_73' title="bbox 1925 2532 3523 2607">
     <span class='ocr_line' id='line_1_73' title="bbox 1925 2532 3523 2607; baseline -0.001 -17"><span class='ocrx_word' id='word_1_521' title='bbox 1925 2535 2048 2607; x_wconf 86' lang='lat' dir='ltr'>quis</span> <span class='ocrx_word' id='word_1_522' title='bbox 2093 2543 2279 2607; x_wconf 91' lang='lat' dir='ltr'>posset</span> <span class='ocrx_word' id='word_1_523' title='bbox 2342 2543 2472 2592; x_wconf 88' lang='lat' dir='ltr'>tunc</span> <span class='ocrx_word' id='word_1_524' title='bbox 2526 2534 2864 2591; x_wconf 84' lang='lat' dir='ltr'>infirmorum</span> <span class='ocrx_word' id='word_1_525' title='bbox 2920 2535 3147 2590; x_wconf 82' lang='lat' dir='ltr'>credere</span> <span class='ocrx_word' id='word_1_526' title='bbox 3202 2533 3350 2605; x_wconf 92' lang='lat' dir='ltr'>quod</span> <span class='ocrx_word' id='word_1_527' title='bbox 3405 2532 3523 2602; x_wconf 89' lang='lat' dir='ltr'>ejus</span> 
     </span>
    </p>
   </div>
   <div class='ocr_carea' id='block_1_74' title="bbox 1925 2620 3525 2696">
    <p class='ocr_par' dir='ltr' id='par_1_74' title="bbox 1925 2620 3525 2696">
     <span class='ocr_line' id='line_1_74' title="bbox 1925 2620 3525 2696; baseline -0.002 -17"><span class='ocrx_word' id='word_1_528' title='bbox 1925 2639 2110 2679; x_wconf 89' lang='lat' dir='ltr'>aream</span> <span class='ocrx_word' id='word_1_529' title='bbox 2141 2624 2545 2696; x_wconf 82' lang='lat' dir='ltr'>congregaret?</span> <span class='ocrx_word' id='word_1_530' title='bbox 2572 2625 2719 2680; x_wconf 90' lang='lat' dir='ltr'>Ecce</span> <span class='ocrx_word' id='word_1_531' title='bbox 2748 2625 2891 2679; x_wconf 88' lang='lat' dir='ltr'>enim</span> <span class='ocrx_word' id='word_1_532' title='bbox 2919 2623 3083 2680; x_wconf 91' lang='lat' dir='ltr'>modo</span> <span class='ocrx_word' id='word_1_533' title='bbox 3128 2638 3230 2694; x_wconf 87' lang='lat' dir='ltr'>pro</span> <span class='ocrx_word' id='word_1_534' title='bbox 3273 2620 3525 2678; x_wconf 86' lang='lat' dir='ltr'>Ecclesia</span> 
     </span>
    </p>
   </div>
   <div class='ocr_carea' id='block_1_75' title="bbox 1922 2698 3525 2785">
    <p class='ocr_par' dir='ltr' id='par_1_75' title="bbox 1922 2698 3525 2785">
     <span class='ocr_line' id='line_1_75' title="bbox 1922 2698 3525 2785; baseline -0.002 -17"><span class='ocrx_word' id='word_1_535' title='bbox 1922 2712 2078 2785; x_wconf 89' lang='lat' dir='ltr'>leges</span> <span class='ocrx_word' id='word_1_536' title='bbox 2106 2713 2417 2784; x_wconf 87' lang='lat' dir='ltr'>promulgat</span> <span class='ocrx_word' id='word_1_537' title='bbox 2445 2698 2537 2785; x_wconf 87' lang='lat' dir='ltr'>qui</span> <span class='ocrx_word' id='word_1_538' title='bbox 2579 2713 2785 2768; x_wconf 90' lang='lat' dir='ltr'>dudum</span> <span class='ocrx_word' id='word_1_539' title='bbox 2833 2719 3019 2768; x_wconf 91' lang='lat' dir='ltr'>contra</span> <span class='ocrx_word' id='word_1_540' title='bbox 3065 2726 3186 2768; x_wconf 88' lang='lat' dir='ltr'>eam</span> <span class='ocrx_word' id='word_1_541' title='bbox 3230 2726 3331 2782; x_wconf 90' lang='lat' dir='ltr'>per</span> <span class='ocrx_word' id='word_1_542' title='bbox 3373 2708 3525 2765; x_wconf 89' lang='lat' dir='ltr'>varia</span> 
     </span>
    </p>
   </div>
   <div class='ocr_carea' id='block_1_76' title="bbox 1924 2800 3524 2873">
    <p class='ocr_par' dir='ltr' id='par_1_76' title="bbox 1924 2800 3524 2873">
     <span class='ocr_line' id='line_1_76' title="bbox 1924 2800 3524 2873; baseline -0.002 -18"><span class='ocrx_word' id='word_1_543' title='bbox 1924 2808 2194 2857; x_wconf 89' lang='lat' dir='ltr'>tormenta</span> <span class='ocrx_word' id='word_1_544' title='bbox 2252 2802 2530 2857; x_wconf 68' lang='lat' dir='ltr'>saeviebat.</span> <span class='ocrx_word' id='word_1_545' title='bbox 2584 2801 2730 2857; x_wconf 90' lang='lat' dir='ltr'>Ecce</span> <span class='ocrx_word' id='word_1_546' title='bbox 2776 2800 3044 2873; x_wconf 87' lang='lat' dir='ltr'>quaslibet</span> <span class='ocrx_word' id='word_1_547' title='bbox 3090 2807 3286 2873; x_wconf 88' lang='lat' dir='ltr'>gentes</span> <span class='ocrx_word' id='word_1_548' title='bbox 3330 2811 3524 2869; x_wconf 87' lang='lat' dir='ltr'>capere</span> 
     </span>
    </p>
   </div>
   <div class='ocr_carea' id='block_1_77' title="bbox 1924 2884 3522 2963">
    <p class='ocr_par' dir='ltr' id='par_1_77' title="bbox 1924 2884 3522 2963">
     <span class='ocr_line' id='line_1_77' title="bbox 1924 2884 3522 2963; baseline -0.004 -18"><span class='ocrx_word' id='word_1_549' title='bbox 1924 2890 2178 2962; x_wconf 88' lang='lat' dir='ltr'>potuerit,</span> <span class='ocrx_word' id='word_1_550' title='bbox 2213 2889 2284 2945; x_wconf 91' lang='lat' dir='ltr'>ad</span> <span class='ocrx_word' id='word_1_551' title='bbox 2312 2889 2439 2945; x_wconf 90' lang='lat' dir='ltr'>fidei</span> <span class='ocrx_word' id='word_1_552' title='bbox 2468 2889 2592 2945; x_wconf 91' lang='lat' dir='ltr'>illas</span> <span class='ocrx_word' id='word_1_553' title='bbox 2638 2888 2875 2963; x_wconf 87' lang='lat' dir='ltr'>gratiam</span> <span class='ocrx_word' id='word_1_554' title='bbox 2923 2888 3206 2945; x_wconf 89' lang='lat' dir='ltr'>suadendo</span> <span class='ocrx_word' id='word_1_555' title='bbox 3251 2884 3522 2958; x_wconf 87' lang='lat' dir='ltr'>perducit,</span> 
     </span>
    </p>
   </div>
   <div class='ocr_carea' id='block_1_78' title="bbox 1926 2976 3521 3051">
    <p class='ocr_par' dir='ltr' id='par_1_78' title="bbox 1926 2976 3521 3051">
     <span class='ocr_line' id='line_1_78' title="bbox 1926 2976 3521 3051; baseline -0.003 -17"><span class='ocrx_word' id='word_1_556' title='bbox 1926 2980 2115 3051; x_wconf 91' lang='lat' dir='ltr'>eisque</span> <span class='ocrx_word' id='word_1_557' title='bbox 2143 2986 2400 3035; x_wconf 66' lang='lat' dir='ltr'>aeternam</span> <span class='ocrx_word' id='word_1_558' title='bbox 2428 2978 2594 3034; x_wconf 90' lang='lat' dir='ltr'>vitam</span> <span class='ocrx_word' id='word_1_559' title='bbox 2639 2978 2864 3047; x_wconf 90' lang='lat' dir='ltr'>indicat,</span> <span class='ocrx_word' id='word_1_560' title='bbox 2913 2978 3111 3050; x_wconf 90' lang='lat' dir='ltr'>quibus</span> <span class='ocrx_word' id='word_1_561' title='bbox 3158 2976 3333 3047; x_wconf 88' lang='lat' dir='ltr'>captis</span> <span class='ocrx_word' id='word_1_562' title='bbox 3378 2989 3521 3045; x_wconf 64' lang='lat' dir='ltr'>pra-</span> 
     </span>
    </p>
   </div>
   <div class='ocr_carea' id='block_1_79' title="bbox 1927 3074 2429 3124">
    <p class='ocr_par' dir='ltr' id='par_1_79' title="bbox 1927 3074 2429 3124">
     <span class='ocr_line' id='line_1_79' title="bbox 1927 3074 2429 3124; baseline 0 -2"><span class='ocrx_word' id='word_1_563' title='bbox 1927 3075 2134 3124; x_wconf 91' lang='lat' dir='ltr'>sentem</span> <span class='ocrx_word' id='word_1_564' title='bbox 2165 3074 2368 3122; x_wconf 87' lang='lat' dir='ltr'>servat.</span> <span class='ocrx_word' id='word_1_565' title='bbox 2409 3090 2429 3115; x_wconf 78' lang='grc' dir='ltr'><strong>υ</strong></span> 
     </span>
    </p>
   </div>
   <div class='ocr_carea' id='block_1_80' title="bbox 1996 3152 3524 3228">
    <p class='ocr_par' dir='ltr' id='par_1_80' title="bbox 1996 3152 3524 3228">
     <span class='ocr_line' id='line_1_80' title="bbox 1996 3152 3524 3228; baseline -0.003 -16"><span class='ocrx_word' id='word_1_566' title='bbox 1996 3158 2138 3212; x_wconf 89' lang='lat' dir='ltr'>Ecce</span> <span class='ocrx_word' id='word_1_567' title='bbox 2169 3156 2238 3210; x_wconf 90' lang='lat' dir='ltr'>de</span> <span class='ocrx_word' id='word_1_568' title='bbox 2268 3155 2481 3228; x_wconf 87' lang='lat' dir='ltr'>origine</span> <span class='ocrx_word' id='word_1_569' title='bbox 2530 3155 2799 3210; x_wconf 89' lang='lat' dir='ltr'>sermonis</span> <span class='ocrx_word' id='word_1_570' title='bbox 2849 3160 2903 3210; x_wconf 90' lang='lat' dir='ltr'>et</span> <span class='ocrx_word' id='word_1_571' title='bbox 2945 3152 3274 3225; x_wconf 87' lang='lat' dir='ltr'>proprietate</span> <span class='ocrx_word' id='word_1_572' title='bbox 3326 3167 3524 3208; x_wconf 89' lang='lat' dir='ltr'>sensus</span> 
     </span>
    </p>
   </div>
   <div class='ocr_carea' id='block_1_81' title="bbox 1927 3241 3522 3317">
    <p class='ocr_par' dir='ltr' id='par_1_81' title="bbox 1927 3241 3522 3317">
     <span class='ocr_line' id='line_1_81' title="bbox 1927 3241 3522 3317; baseline -0.003 -16"><span class='ocrx_word' id='word_1_573' title='bbox 1927 3245 2041 3315; x_wconf 90' lang='lat' dir='ltr'>ejus</span> <span class='ocrx_word' id='word_1_574' title='bbox 2073 3244 2203 3317; x_wconf 91' lang='lat' dir='ltr'>quid</span> <span class='ocrx_word' id='word_1_575' title='bbox 2235 3259 2455 3299; x_wconf 89' lang='lat' dir='ltr'>sensere</span> <span class='ocrx_word' id='word_1_576' title='bbox 2482 3245 2736 3313; x_wconf 91' lang='lat' dir='ltr'>majores.</span> <span class='ocrx_word' id='word_1_577' title='bbox 2785 3243 2945 3298; x_wconf 89' lang='lat' dir='ltr'>Nunc</span> <span class='ocrx_word' id='word_1_578' title='bbox 2978 3241 3260 3298; x_wconf 90' lang='lat' dir='ltr'>videamus</span> <span class='ocrx_word' id='word_1_579' title='bbox 3290 3241 3360 3298; x_wconf 89' lang='lat' dir='ltr'>de</span> <span class='ocrx_word' id='word_1_580' title='bbox 3387 3255 3522 3312; x_wconf 90' lang='lat' dir='ltr'>pro-</span> 
     </span>
    </p>
   </div>
   <div class='ocr_carea' id='block_1_82' title="bbox 1924 3328 3525 3406">
    <p class='ocr_par' dir='ltr' id='par_1_82' title="bbox 1924 3328 3525 3406">
     <span class='ocr_line' id='line_1_82' title="bbox 1924 3328 3525 3406; baseline -0.002 -18"><span class='ocrx_word' id='word_1_581' title='bbox 1924 3333 2152 3406; x_wconf 89' lang='lat' dir='ltr'>prietate</span> <span class='ocrx_word' id='word_1_582' title='bbox 2183 3332 2454 3389; x_wconf 90' lang='lat' dir='ltr'>dictorum</span> <span class='ocrx_word' id='word_1_583' title='bbox 2483 3332 2625 3388; x_wconf 90' lang='lat' dir='ltr'>beati</span> <span class='ocrx_word' id='word_1_584' title='bbox 2654 3331 2870 3399; x_wconf 91' lang='lat' dir='ltr'>Leonis,</span> <span class='ocrx_word' id='word_1_585' title='bbox 2916 3331 3010 3404; x_wconf 90' lang='lat' dir='ltr'>qui</span> <span class='ocrx_word' id='word_1_586' title='bbox 3039 3330 3318 3387; x_wconf 89' lang='lat' dir='ltr'>mandavit</span> <span class='ocrx_word' id='word_1_587' title='bbox 3345 3328 3525 3385; x_wconf 87' lang='lat' dir='ltr'>omnia</span> 
     </span>
    </p>
   </div>
   <div class='ocr_carea' id='block_1_83' title="bbox 1926 3418 3522 3488">
    <p class='ocr_par' dir='ltr' id='par_1_83' title="bbox 1926 3418 3522 3488">
     <span class='ocr_line' id='line_1_83' title="bbox 1926 3418 3522 3488; baseline -0.003 -11"><span class='ocrx_word' id='word_1_588' title='bbox 1926 3421 2218 3479; x_wconf 89' lang='lat' dir='ltr'>decretalia</span> <span class='ocrx_word' id='word_1_589' title='bbox 2246 3421 2556 3488; x_wconf 87' lang='lat' dir='ltr'>constituta,</span> <span class='ocrx_word' id='word_1_590' title='bbox 2589 3428 2698 3475; x_wconf 88' lang='lat' dir='ltr'>tam</span> <span class='ocrx_word' id='word_1_591' title='bbox 2731 3421 2904 3476; x_wconf 72' lang='lat' dir='ltr'>beatae</span> <span class='ocrx_word' id='word_1_592' title='bbox 2930 3418 3327 3476; x_wconf 83' lang='lat' dir='ltr'>recordationis</span> <span class='ocrx_word' id='word_1_593' title='bbox 3356 3419 3522 3473; x_wconf 92' lang='lat' dir='ltr'>Inno-</span> 
     </span>
    </p>
   </div>
   <div class='ocr_carea' id='block_1_84' title="bbox 1925 3505 3525 3583">
    <p class='ocr_par' dir='ltr' id='par_1_84' title="bbox 1925 3505 3525 3583">
     <span class='ocr_line' id='line_1_84' title="bbox 1925 3505 3525 3583; baseline -0.004 -16"><span class='ocrx_word' id='word_1_594' title='bbox 1925 3510 2086 3568; x_wconf 88' lang='lat' dir='ltr'>centii</span> <span class='ocrx_word' id='word_1_595' title='bbox 2117 3526 2279 3583; x_wconf 86' lang='lat' dir='ltr'>quam</span> <span class='ocrx_word' id='word_1_596' title='bbox 2310 3510 2551 3566; x_wconf 89' lang='lat' dir='ltr'>omnium</span> <span class='ocrx_word' id='word_1_597' title='bbox 2585 3510 2942 3567; x_wconf 90' lang='lat' dir='ltr'>decessorum</span> <span class='ocrx_word' id='word_1_598' title='bbox 2990 3524 3231 3575; x_wconf 89' lang='lat' dir='ltr'>suorum,</span> <span class='ocrx_word' id='word_1_599' title='bbox 3282 3522 3404 3578; x_wconf 68' lang='lat' dir='ltr'>qua:</span> <span class='ocrx_word' id='word_1_600' title='bbox 3454 3505 3525 3561; x_wconf 91' lang='lat' dir='ltr'>de</span> 
     </span>
    </p>
   </div>
   <div class='ocr_carea' id='block_1_85' title="bbox 1927 3595 3528 3668">
    <p class='ocr_par' dir='ltr' id='par_1_85' title="bbox 1927 3595 3528 3668">
     <span class='ocr_line' id='line_1_85' title="bbox 1927 3595 3528 3668; baseline -0.004 -12"><span class='ocrx_word' id='word_1_601' title='bbox 1927 3599 2313 3657; x_wconf 87' lang='lat' dir='ltr'>ecclesiasticis</span> <span class='ocrx_word' id='word_1_602' title='bbox 2340 3597 2626 3654; x_wconf 90' lang='lat' dir='ltr'>ordinibus</span> <span class='ocrx_word' id='word_1_603' title='bbox 2654 3605 2708 3652; x_wconf 90' lang='lat' dir='ltr'>et</span> <span class='ocrx_word' id='word_1_604' title='bbox 2738 3612 3005 3653; x_wconf 91' lang='lat' dir='ltr'>canonum</span> <span class='ocrx_word' id='word_1_605' title='bbox 3029 3595 3375 3668; x_wconf 82' lang='lat' dir='ltr'>promulgata</span> <span class='ocrx_word' id='word_1_606' title='bbox 3401 3602 3528 3650; x_wconf 91' lang='lat' dir='ltr'>sunt</span> 
     </span>
    </p>
   </div>
   <div class='ocr_carea' id='block_1_86' title="bbox 1927 3683 3525 3759">
    <p class='ocr_par' dir='ltr' id='par_1_86' title="bbox 1927 3683 3525 3759">
     <span class='ocr_line' id='line_1_86' title="bbox 1927 3683 3525 3759; baseline -0.003 -16"><span class='ocrx_word' id='word_1_607' title='bbox 1927 3688 2247 3759; x_wconf 90' lang='lat' dir='ltr'>disciplinis,</span> <span class='ocrx_word' id='word_1_608' title='bbox 2280 3686 2562 3743; x_wconf 88' lang='lat' dir='ltr'>custodiri.</span> <span class='ocrx_word' id='word_1_609' title='bbox 2596 3686 2753 3742; x_wconf 90' lang='lat' dir='ltr'>Unde</span> <span class='ocrx_word' id='word_1_610' title='bbox 2781 3686 3019 3757; x_wconf 91' lang='lat' dir='ltr'>primum</span> <span class='ocrx_word' id='word_1_611' title='bbox 3045 3684 3205 3740; x_wconf 91' lang='lat' dir='ltr'>nobis</span> <span class='ocrx_word' id='word_1_612' title='bbox 3242 3683 3525 3740; x_wconf 89' lang='lat' dir='ltr'>sciendum</span> 
     </span>
    </p>
   </div>
   <div class='ocr_carea' id='block_1_87' title="bbox 1928 3772 3524 3848">
    <p class='ocr_par' dir='ltr' id='par_1_87' title="bbox 1928 3772 3524 3848">
     <span class='ocr_line' id='line_1_87' title="bbox 1928 3772 3524 3848; baseline -0.004 -15"><span class='ocrx_word' id='word_1_613' title='bbox 1928 3786 2011 3833; x_wconf 91' lang='lat' dir='ltr'>est</span> <span class='ocrx_word' id='word_1_614' title='bbox 2040 3776 2185 3832; x_wconf 89' lang='lat' dir='ltr'>aliud</span> <span class='ocrx_word' id='word_1_615' title='bbox 2215 3791 2336 3832; x_wconf 89' lang='lat' dir='ltr'>esse</span> <span class='ocrx_word' id='word_1_616' title='bbox 2364 3775 2714 3848; x_wconf 90' lang='lat' dir='ltr'>promulgare</span> <span class='ocrx_word' id='word_1_617' title='bbox 2732 3789 2920 3831; x_wconf 88' lang='lat' dir='ltr'>sacros</span> <span class='ocrx_word' id='word_1_618' title='bbox 2939 3772 3161 3831; x_wconf 90' lang='lat' dir='ltr'>ordines</span> <span class='ocrx_word' id='word_1_619' title='bbox 3179 3780 3236 3828; x_wconf 90' lang='lat' dir='ltr'>et</span> <span class='ocrx_word' id='word_1_620' title='bbox 3255 3787 3524 3829; x_wconf 89' lang='lat' dir='ltr'>canonum</span> 
     </span>
    </p>
   </div>
   <div class='ocr_carea' id='block_1_88' title="bbox 1927 3861 3530 3937">
    <p class='ocr_par' dir='ltr' id='par_1_88' title="bbox 1927 3861 3530 3937">
     <span class='ocr_line' id='line_1_88' title="bbox 1927 3861 3530 3937; baseline -0.004 -15"><span class='ocrx_word' id='word_1_621' title='bbox 1927 3864 2257 3937; x_wconf 87' lang='lat' dir='ltr'>disciplinas,</span> <span class='ocrx_word' id='word_1_622' title='bbox 2292 3864 2439 3920; x_wconf 93' lang='lat' dir='ltr'>aliud</span> <span class='ocrx_word' id='word_1_623' title='bbox 2467 3863 2823 3937; x_wconf 87' lang='lat' dir='ltr'>promulgare</span> <span class='ocrx_word' id='word_1_624' title='bbox 2851 3864 2920 3918; x_wconf 91' lang='lat' dir='ltr'>de</span> <span class='ocrx_word' id='word_1_625' title='bbox 2949 3864 3121 3920; x_wconf 90' lang='lat' dir='ltr'>sacris</span> <span class='ocrx_word' id='word_1_626' title='bbox 3166 3861 3448 3917; x_wconf 84' lang='lat' dir='ltr'>ordinibus</span> <span class='ocrx_word' id='word_1_627' title='bbox 3474 3867 3530 3916; x_wconf 91' lang='lat' dir='ltr'>et</span> 
     </span>
    </p>
   </div>
   <div class='ocr_carea' id='block_1_89' title="bbox 1928 3950 3524 4025">
    <p class='ocr_par' dir='ltr' id='par_1_89' title="bbox 1928 3950 3524 4025">
     <span class='ocr_line' id='line_1_89' title="bbox 1928 3950 3524 4025; baseline -0.004 -14"><span class='ocrx_word' id='word_1_628' title='bbox 1928 3970 2197 4011; x_wconf 90' lang='lat' dir='ltr'>canonum</span> <span class='ocrx_word' id='word_1_629' title='bbox 2217 3953 2540 4025; x_wconf 86' lang='lat' dir='ltr'>disciplinis,</span> <span class='ocrx_word' id='word_1_630' title='bbox 2564 3953 2702 4008; x_wconf 92' lang='lat' dir='ltr'>sicut</span> <span class='ocrx_word' id='word_1_631' title='bbox 2721 3951 2865 4008; x_wconf 85' lang='lat' dir='ltr'>aliud</span> <span class='ocrx_word' id='word_1_632' title='bbox 2888 3958 2970 4008; x_wconf 90' lang='lat' dir='ltr'>est</span> <span class='ocrx_word' id='word_1_633' title='bbox 2983 3951 3331 4023; x_wconf 89' lang='lat' dir='ltr'>promulgare</span> <span class='ocrx_word' id='word_1_634' title='bbox 3348 3950 3524 4023; x_wconf 75' lang='lat' dir='ltr'>leges,</span> 
     </span>
    </p>
   </div>
   <div class='ocr_carea' id='block_1_90' title="bbox 1929 4039 3527 4115">
    <p class='ocr_par' dir='ltr' id='par_1_90' title="bbox 1929 4039 3527 4115">
     <span class='ocr_line' id='line_1_90' title="bbox 1929 4039 3527 4115; baseline -0.003 -17"><span class='ocrx_word' id='word_1_635' title='bbox 1929 4051 1981 4098; x_wconf 88' lang='lat' dir='ltr'>et</span> <span class='ocrx_word' id='word_1_636' title='bbox 2009 4042 2153 4097; x_wconf 91' lang='lat' dir='ltr'>aliud</span> <span class='ocrx_word' id='word_1_637' title='bbox 2183 4041 2534 4115; x_wconf 86' lang='lat' dir='ltr'>promulgare</span> <span class='ocrx_word' id='word_1_638' title='bbox 2563 4042 2632 4097; x_wconf 92' lang='lat' dir='ltr'>de</span> <span class='ocrx_word' id='word_1_639' title='bbox 2660 4041 2896 4113; x_wconf 89' lang='lat' dir='ltr'>legibus.</span> <span class='ocrx_word' id='word_1_640' title='bbox 2946 4039 3299 4111; x_wconf 86' lang='lat' dir='ltr'>Promulgare</span> <span class='ocrx_word' id='word_1_641' title='bbox 3344 4045 3527 4094; x_wconf 91' lang='lat' dir='ltr'>autem</span> 
     </span>
    </p>
   </div>
   <div class='ocr_carea' id='block_1_91' title="bbox 1926 4124 3525 4204">
    <p class='ocr_par' dir='ltr' id='par_1_91' title="bbox 1926 4124 3525 4204">
     <span class='ocr_line' id='line_1_91' title="bbox 1926 4124 3525 4204; baseline -0.004 -17"><span class='ocrx_word' id='word_1_642' title='bbox 1926 4131 2099 4204; x_wconf 89' lang='lat' dir='ltr'>leges,</span> <span class='ocrx_word' id='word_1_643' title='bbox 2133 4137 2217 4186; x_wconf 88' lang='lat' dir='ltr'>est</span> <span class='ocrx_word' id='word_1_644' title='bbox 2242 4130 2396 4202; x_wconf 89' lang='lat' dir='ltr'>leges</span> <span class='ocrx_word' id='word_1_645' title='bbox 2426 4129 2698 4194; x_wconf 86' lang='lat' dir='ltr'>condere;</span> <span class='ocrx_word' id='word_1_646' title='bbox 2746 4127 3093 4201; x_wconf 88' lang='lat' dir='ltr'>promulgare</span> <span class='ocrx_word' id='word_1_647' title='bbox 3125 4142 3256 4182; x_wconf 90' lang='lat' dir='ltr'>vero</span> <span class='ocrx_word' id='word_1_648' title='bbox 3282 4125 3352 4182; x_wconf 92' lang='lat' dir='ltr'>de</span> <span class='ocrx_word' id='word_1_649' title='bbox 3379 4124 3525 4199; x_wconf 86' lang='lat' dir='ltr'>legi-</span> 
     </span>
    </p>
   </div>
   <div class='ocr_carea' id='block_1_92' title="bbox 1927 4212 3525 4286">
    <p class='ocr_par' dir='ltr' id='par_1_92' title="bbox 1927 4212 3525 4286">
     <span class='ocr_line' id='line_1_92' title="bbox 1927 4212 3525 4286; baseline -0.004 -12"><span class='ocrx_word' id='word_1_650' title='bbox 1927 4220 2045 4285; x_wconf 89' lang='lat' dir='ltr'>bus,</span> <span class='ocrx_word' id='word_1_651' title='bbox 2080 4218 2258 4275; x_wconf 90' lang='lat' dir='ltr'>estde</span> <span class='ocrx_word' id='word_1_652' title='bbox 2283 4218 2391 4272; x_wconf 91' lang='lat' dir='ltr'>illis</span> <span class='ocrx_word' id='word_1_653' title='bbox 2431 4217 2633 4286; x_wconf 90' lang='lat' dir='ltr'>judicia</span> <span class='ocrx_word' id='word_1_654' title='bbox 2681 4231 2913 4282; x_wconf 89' lang='lat' dir='ltr'>sumere,</span> <span class='ocrx_word' id='word_1_655' title='bbox 2961 4224 3015 4271; x_wconf 90' lang='lat' dir='ltr'>et</span> <span class='ocrx_word' id='word_1_656' title='bbox 3059 4214 3356 4271; x_wconf 91' lang='lat' dir='ltr'>secundum</span> <span class='ocrx_word' id='word_1_657' title='bbox 3403 4212 3525 4268; x_wconf 90' lang='lat' dir='ltr'>illas</span> 
     </span>
    </p>
   </div>
   <div class='ocr_carea' id='block_1_93' title="bbox 1923 4300 3525 4379">
    <p class='ocr_par' dir='ltr' id='par_1_93' title="bbox 1923 4300 3525 4379">
     <span class='ocr_line' id='line_1_93' title="bbox 1923 4300 3525 4379; baseline -0.006 -15"><span class='ocrx_word' id='word_1_658' title='bbox 1923 4308 2185 4379; x_wconf 90' lang='lat' dir='ltr'>judicare,</span> <span class='ocrx_word' id='word_1_659' title='bbox 2215 4320 2511 4379; x_wconf 88' lang='lat' dir='ltr'>earumque</span> <span class='ocrx_word' id='word_1_660' title='bbox 2530 4304 2967 4362; x_wconf 88' lang='lat' dir='ltr'>observationem</span> <span class='ocrx_word' id='word_1_661' title='bbox 2989 4310 3040 4361; x_wconf 90' lang='lat' dir='ltr'>et</span> <span class='ocrx_word' id='word_1_662' title='bbox 3046 4302 3255 4373; x_wconf 90' lang='lat' dir='ltr'>judicia</span> <span class='ocrx_word' id='word_1_663' title='bbox 3272 4300 3525 4357; x_wconf 88' lang='lat' dir='ltr'>omnibus</span> 
     </span>
    </p>
   </div>
   <div class='ocr_carea' id='block_1_94' title="bbox 1927 4389 3527 4468">
    <p class='ocr_par' dir='ltr' id='par_1_94' title="bbox 1927 4389 3527 4468">
     <span class='ocr_line' id='line_1_94' title="bbox 1927 4389 3527 4468; baseline -0.004 -17"><span class='ocrx_word' id='word_1_664' title='bbox 1927 4396 2201 4467; x_wconf 89' lang='lat' dir='ltr'>intimare,</span> <span class='ocrx_word' id='word_1_665' title='bbox 2234 4395 2373 4452; x_wconf 88' lang='lat' dir='ltr'>sicut</span> <span class='ocrx_word' id='word_1_666' title='bbox 2403 4403 2624 4451; x_wconf 90' lang='lat' dir='ltr'>sanctus</span> <span class='ocrx_word' id='word_1_667' title='bbox 2653 4393 2987 4468; x_wconf 89' lang='lat' dir='ltr'>Augustinus</span> <span class='ocrx_word' id='word_1_668' title='bbox 3033 4392 3091 4448; x_wconf 92' lang='lat' dir='ltr'>in</span> <span class='ocrx_word' id='word_1_669' title='bbox 3136 4391 3275 4447; x_wconf 91' lang='lat' dir='ltr'>libro</span> <span class='ocrx_word' id='word_1_670' title='bbox 3303 4389 3372 4446; x_wconf 92' lang='lat' dir='ltr'>de</span> <span class='ocrx_word' id='word_1_671' title='bbox 3400 4404 3527 4448; x_wconf 87' lang='lat' dir='ltr'>vera</span> 
     </span>
    </p>
   </div>
   <div class='ocr_carea' id='block_1_95' title="bbox 231 4481 3526 4564">
    <p class='ocr_par' dir='ltr' id='par_1_95' title="bbox 231 4481 3526 4564">
     <span class='ocr_line' id='line_1_95' title="bbox 231 4481 3526 4564; baseline -0.006 -11"><span class='ocrx_word' id='word_1_672' title='bbox 231 4498 370 4555; x_wconf 91' lang='lat' dir='ltr'>hanc</span> <span class='ocrx_word' id='word_1_673' title='bbox 398 4496 694 4553; x_wconf 88' lang='lat' dir='ltr'>voluerunt</span> <span class='ocrx_word' id='word_1_674' title='bbox 723 4510 866 4564; x_wconf 90' lang='lat' dir='ltr'>esse,</span> <span class='ocrx_word' id='word_1_675' title='bbox 886 4501 945 4549; x_wconf 89' lang='lat' dir='ltr'>ut</span> <span class='ocrx_word' id='word_1_676' title='bbox 964 4494 1253 4564; x_wconf 88' lang='lat' dir='ltr'>divulgata</span> <span class='ocrx_word' id='word_1_677' title='bbox 1300 4489 1836 4561; x_wconf 88' lang='lat' dir='ltr'>simplicitertantum</span> <span class='ocrx_word' id='word_1_678' title='bbox 1863 4483 2216 4558; x_wconf 85' lang='lat' dir='ltr'>DReligione</span> <span class='ocrx_word' id='word_1_679' title='bbox 2265 4484 2414 4558; x_wconf 86' lang='lat' dir='ltr'>(cap.</span> <span class='ocrx_word' id='word_1_680' title='bbox 2465 4486 2556 4555; x_wconf 87' lang='grc'>31)</span> <span class='ocrx_word' id='word_1_681' title='bbox 2603 4483 2858 4550; x_wconf 89' lang='lat' dir='ltr'>ostendit,</span> <span class='ocrx_word' id='word_1_682' title='bbox 2908 4482 3143 4539; x_wconf 91' lang='lat' dir='ltr'>dicens:</span> <span class='ocrx_word' id='word_1_683' title='bbox 3179 4504 3201 4529; x_wconf 79' lang='grc' dir='ltr'>α</span> <span class='ocrx_word' id='word_1_684' title='bbox 3249 4481 3526 4537; x_wconf 73' lang='lat' dir='ltr'>Eternam</span> 
     </span>
    </p>
   </div>
   <div class='ocr_carea' id='block_1_96' title="bbox 234 4579 1833 4652">
    <p class='ocr_par' dir='ltr' id='par_1_96' title="bbox 234 4579 1833 4652">
     <span class='ocr_line' id='line_1_96' title="bbox 234 4579 1833 4652; baseline -0.007 -9"><span class='ocrx_word' id='word_1_685' title='bbox 234 4587 480 4643; x_wconf 88' lang='lat' dir='ltr'>dicantur</span> <span class='ocrx_word' id='word_1_686' title='bbox 509 4586 582 4641; x_wconf 89' lang='lat' dir='ltr'>ad</span> <span class='ocrx_word' id='word_1_687' title='bbox 610 4584 851 4641; x_wconf 90' lang='lat' dir='ltr'>notitiam</span> <span class='ocrx_word' id='word_1_688' title='bbox 880 4582 1121 4639; x_wconf 91' lang='lat' dir='ltr'>omnium</span> <span class='ocrx_word' id='word_1_689' title='bbox 1152 4580 1451 4652; x_wconf 89' lang='lat' dir='ltr'>propalata,</span> <span class='ocrx_word' id='word_1_690' title='bbox 1502 4579 1833 4651; x_wconf 86' lang='lat' dir='ltr'>provulgata</span> 
     </span>
    </p>
   </div>
   <div class='ocr_carea' id='block_1_97' title="bbox 236 4668 1835 4748">
    <p class='ocr_par' dir='ltr' id='par_1_97' title="bbox 236 4668 1835 4748">
     <span class='ocr_line' id='line_1_97' title="bbox 236 4668 1835 4748; baseline -0.007 -16"><span class='ocrx_word' id='word_1_691' title='bbox 236 4692 362 4732; x_wconf 91' lang='lat' dir='ltr'>vero</span> <span class='ocrx_word' id='word_1_692' title='bbox 389 4675 477 4732; x_wconf 90' lang='lat' dir='ltr'>vel</span> <span class='ocrx_word' id='word_1_693' title='bbox 508 4675 889 4748; x_wconf 86' lang='lat' dir='ltr'>promulgata,</span> <span class='ocrx_word' id='word_1_694' title='bbox 922 4671 991 4726; x_wconf 90' lang='lat' dir='ltr'>ad</span> <span class='ocrx_word' id='word_1_695' title='bbox 1020 4668 1459 4727; x_wconf 89' lang='lat' dir='ltr'>conservandum</span> <span class='ocrx_word' id='word_1_696' title='bbox 1497 4668 1739 4734; x_wconf 88' lang='lat' dir='ltr'>decreta,</span> <span class='ocrx_word' id='word_1_697' title='bbox 1782 4673 1835 4721; x_wconf 91' lang='lat' dir='ltr'>et</span> 
     </span>
    </p>
   </div>
   <div class='ocr_carea' id='block_1_98' title="bbox 233 4756 1831 4828">
    <p class='ocr_par' dir='ltr' id='par_1_98' title="bbox 233 4756 1831 4828">
     <span class='ocr_line' id='line_1_98' title="bbox 233 4756 1831 4828; baseline -0.007 -7"><span class='ocrx_word' id='word_1_698' title='bbox 233 4765 287 4821; x_wconf 89' lang='lat' dir='ltr'>in</span> <span class='ocrx_word' id='word_1_699' title='bbox 314 4765 555 4821; x_wconf 87' lang='lat' dir='ltr'>omnium</span> <span class='ocrx_word' id='word_1_700' title='bbox 583 4763 845 4828; x_wconf 88' lang='lat' dir='ltr'>notitiam,</span> <span class='ocrx_word' id='word_1_701' title='bbox 896 4768 955 4815; x_wconf 88' lang='lat' dir='ltr'>ut</span> <span class='ocrx_word' id='word_1_702' title='bbox 1005 4759 1095 4815; x_wconf 87' lang='lat' dir='ltr'>illa</span> <span class='ocrx_word' id='word_1_703' title='bbox 1136 4758 1252 4814; x_wconf 91' lang='lat' dir='ltr'>sine</span> <span class='ocrx_word' id='word_1_704' title='bbox 1300 4756 1663 4828; x_wconf 84' lang='lat' dir='ltr'>refragatione</span> <span class='ocrx_word' id='word_1_705' title='bbox 1695 4770 1831 4812; x_wconf 91' lang='lat' dir='ltr'>con-</span> 
     </span>
    </p>
   </div>
   <div class='ocr_carea' id='block_1_99' title="bbox 238 4845 1832 4923">
    <p class='ocr_par' dir='ltr' id='par_1_99' title="bbox 238 4845 1832 4923">
     <span class='ocr_line' id='line_1_99' title="bbox 238 4845 1832 4923; baseline -0.007 -12"><span class='ocrx_word' id='word_1_706' title='bbox 238 4862 470 4920; x_wconf 89' lang='lat' dir='ltr'>servent,</span> <span class='ocrx_word' id='word_1_707' title='bbox 503 4853 831 4923; x_wconf 90' lang='lat' dir='ltr'>deprompta</span> <span class='ocrx_word' id='word_1_708' title='bbox 858 4849 1248 4921; x_wconf 83' lang='lat' dir='ltr'>intelligantur.</span> <span class='ocrx_word' id='word_1_709' title='bbox 1284 4847 1439 4903; x_wconf 89' lang='lat' dir='ltr'>Unde</span> <span class='ocrx_word' id='word_1_710' title='bbox 1470 4847 1658 4901; x_wconf 89' lang='lat' dir='ltr'>beatus</span> <span class='ocrx_word' id='word_1_711' title='bbox 1689 4845 1832 4901; x_wconf 89' lang='lat' dir='ltr'>Gre-</span> 
     </span>
    </p>
   </div>
   <div class='ocr_carea' id='block_1_100' title="bbox 239 4934 1830 5016">
    <p class='ocr_par' dir='ltr' id='par_1_100' title="bbox 239 4934 1830 5016">
     <span class='ocr_line' id='line_1_100' title="bbox 239 4934 1830 5016; baseline -0.008 -16"><span class='ocrx_word' id='word_1_712' title='bbox 239 4945 441 5016; x_wconf 84' lang='lat' dir='ltr'>gorius,</span> <span class='ocrx_word' id='word_1_713' title='bbox 478 4956 760 5014; x_wconf 86' lang='lat' dir='ltr'>exponens</span> <span class='ocrx_word' id='word_1_714' title='bbox 781 4938 1105 4996; x_wconf 89' lang='lat' dir='ltr'>sententiam</span> <span class='ocrx_word' id='word_1_715' title='bbox 1121 4936 1337 4993; x_wconf 90' lang='lat' dir='ltr'>Domini</span> <span class='ocrx_word' id='word_1_716' title='bbox 1358 4935 1425 4992; x_wconf 89' lang='lat' dir='ltr'>ad</span> <span class='ocrx_word' id='word_1_717' title='bbox 1444 4935 1544 4991; x_wconf 87' lang='lat' dir='ltr'>Job</span> <span class='ocrx_word' id='word_1_718' title='bbox 1571 4934 1830 4991; x_wconf 88' lang='lat' dir='ltr'>dicentis:</span> 
     </span>
    </p>
   </div>
   <div class='ocr_carea' id='block_1_101' title="bbox 241 5026 1834 5106">
    <p class='ocr_par' dir='ltr' id='par_1_101' title="bbox 241 5026 1834 5106">
     <span class='ocr_line' id='line_1_101' title="bbox 241 5026 1834 5106; baseline -0.007 -18"><span class='ocrx_word' id='word_1_719' title='bbox 241 5032 499 5106; x_wconf 82' lang='lat' dir='ltr'>Nunquid</span> <span class='ocrx_word' id='word_1_720' title='bbox 519 5030 783 5102; x_wconf 85' lang='lat' dir='ltr'>alligabis</span> <span class='ocrx_word' id='word_1_721' title='bbox 795 5030 1154 5086; x_wconf 86' lang='lat' dir='ltr'>rhinocerota</span> <span class='ocrx_word' id='word_1_722' title='bbox 1175 5027 1247 5082; x_wconf 88' lang='lat' dir='ltr'>ad</span> <span class='ocrx_word' id='word_1_723' title='bbox 1268 5026 1548 5081; x_wconf 88' lang='lat' dir='ltr'>arandum</span> <span class='ocrx_word' id='word_1_724' title='bbox 1571 5026 1685 5080; x_wconf 90' lang='lat' dir='ltr'>loro</span> <span class='ocrx_word' id='word_1_725' title='bbox 1703 5026 1834 5078; x_wconf 85' lang='lat' dir='ltr'>tuo?</span> 
     </span>
    </p>
   </div>
   <div class='ocr_carea' id='block_1_102' title="bbox 236 5112 1830 5191">
    <p class='ocr_par' dir='ltr' id='par_1_102' title="bbox 236 5112 1830 5191">
     <span class='ocr_line' id='line_1_102' title="bbox 236 5112 1830 5191; baseline -0.008 -13"><span class='ocrx_word' id='word_1_726' title='bbox 236 5121 348 5191; x_wconf 87' lang='lat' dir='ltr'>(Job</span> <span class='ocrx_word' id='word_1_727' title='bbox 372 5134 588 5186; x_wconf 70' lang='lat' dir='ltr'><strong>XXXIX,</strong></span> <span class='ocrx_word' id='word_1_728' title='bbox 622 5117 736 5189; x_wconf 83' lang='grc'>10.)</span> <span class='ocrx_word' id='word_1_729' title='bbox 773 5138 795 5167; x_wconf 74' lang='grc' dir='ltr'>α</span> <span class='ocrx_word' id='word_1_730' title='bbox 831 5117 1006 5187; x_wconf 72' lang='lat' dir='ltr'>Saepe,</span> <span class='ocrx_word' id='word_1_731' title='bbox 1057 5115 1231 5187; x_wconf 90' lang='lat' dir='ltr'>inquit</span> <span class='ocrx_word' id='word_1_732' title='bbox 1267 5115 1503 5186; x_wconf 80' lang='lat' dir='ltr'>(Moral.,</span> <span class='ocrx_word' id='word_1_733' title='bbox 1536 5112 1632 5170; x_wconf 92' lang='lat' dir='ltr'>lib.</span> <span class='ocrx_word' id='word_1_734' title='bbox 1664 5126 1830 5177; x_wconf 70' lang='lat' dir='ltr'><strong>xxxx,</strong></span> 
     </span>
    </p>
   </div>
   <div class='ocr_carea' id='block_1_103' title="bbox 236 5200 1834 5282">
    <p class='ocr_par' dir='ltr' id='par_1_103' title="bbox 236 5200 1834 5282">
     <span class='ocr_line' id='line_1_103' title="bbox 236 5200 1834 5282; baseline -0.006 -16"><span class='ocrx_word' id='word_1_735' title='bbox 236 5224 283 5266; x_wconf 89' lang='lat' dir='ltr'>c.</span> <span class='ocrx_word' id='word_1_736' title='bbox 316 5211 390 5282; x_wconf 89' lang='lat'>3),</span> <span class='ocrx_word' id='word_1_737' title='bbox 422 5208 632 5265; x_wconf 88' lang='lat' dir='ltr'>vidisse</span> <span class='ocrx_word' id='word_1_738' title='bbox 660 5222 750 5262; x_wconf 90' lang='lat' dir='ltr'>me</span> <span class='ocrx_word' id='word_1_739' title='bbox 776 5205 997 5261; x_wconf 89' lang='lat' dir='ltr'>memini</span> <span class='ocrx_word' id='word_1_740' title='bbox 1026 5204 1173 5276; x_wconf 92' lang='lat' dir='ltr'>quod</span> <span class='ocrx_word' id='word_1_741' title='bbox 1199 5219 1322 5259; x_wconf 90' lang='lat' dir='ltr'>cum</span> <span class='ocrx_word' id='word_1_742' title='bbox 1354 5218 1413 5259; x_wconf 89' lang='lat' dir='ltr'>se</span> <span class='ocrx_word' id='word_1_743' title='bbox 1441 5202 1509 5256; x_wconf 91' lang='lat' dir='ltr'>ad</span> <span class='ocrx_word' id='word_1_744' title='bbox 1532 5200 1834 5257; x_wconf 89' lang='lat' dir='ltr'>feriendum</span> 
     </span>
    </p>
   </div>
   <div class='ocr_carea' id='block_1_104' title="bbox 235 5289 1834 5371">
    <p class='ocr_par' dir='ltr' id='par_1_104' title="bbox 235 5289 1834 5371">
     <span class='ocr_line' id='line_1_104' title="bbox 235 5289 1834 5371; baseline -0.008 -15"><span class='ocrx_word' id='word_1_745' title='bbox 235 5299 474 5371; x_wconf 87' lang='lat' dir='ltr'>graviter</span> <span class='ocrx_word' id='word_1_746' title='bbox 498 5297 589 5353; x_wconf 89' lang='lat' dir='ltr'>hic</span> <span class='ocrx_word' id='word_1_747' title='bbox 617 5296 936 5351; x_wconf 90' lang='lat' dir='ltr'>rhinoceros</span> <span class='ocrx_word' id='word_1_748' title='bbox 964 5293 1309 5361; x_wconf 90' lang='lat' dir='ltr'>accenderet,</span> <span class='ocrx_word' id='word_1_749' title='bbox 1353 5298 1406 5346; x_wconf 92' lang='lat' dir='ltr'>et</span> <span class='ocrx_word' id='word_1_750' title='bbox 1443 5290 1599 5361; x_wconf 90' lang='lat' dir='ltr'>quasi</span> <span class='ocrx_word' id='word_1_751' title='bbox 1626 5289 1834 5345; x_wconf 91' lang='lat' dir='ltr'>elevato</span> 
     </span>
    </p>
   </div>
   <div class='ocr_carea' id='block_1_105' title="bbox 236 5378 1833 5444">
    <p class='ocr_par' dir='ltr' id='par_1_105' title="bbox 236 5378 1833 5444">
     <span class='ocr_line' id='line_1_105' title="bbox 236 5378 1833 5444; baseline -0.006 -1"><span class='ocrx_word' id='word_1_752' title='bbox 236 5401 402 5444; x_wconf 90' lang='lat' dir='ltr'>cornu</span> <span class='ocrx_word' id='word_1_753' title='bbox 459 5383 996 5442; x_wconf 70' lang='lat' dir='ltr'>bestiolis~minimis</span> <span class='ocrx_word' id='word_1_754' title='bbox 1048 5381 1240 5437; x_wconf 90' lang='lat' dir='ltr'>mortis</span> <span class='ocrx_word' id='word_1_755' title='bbox 1295 5378 1483 5435; x_wconf 88' lang='lat' dir='ltr'>exsilia</span> <span class='ocrx_word' id='word_1_756' title='bbox 1528 5379 1833 5434; x_wconf 90' lang='lat' dir='ltr'>damnatio-</span> 
     </span>
    </p>
   </div>
   <div class='ocr_carea' id='block_1_106' title="bbox 234 5466 1830 5548">
    <p class='ocr_par' dir='ltr' id='par_1_106' title="bbox 234 5466 1830 5548">
     <span class='ocr_line' id='line_1_106' title="bbox 234 5466 1830 5548; baseline -0.006 -16"><span class='ocrx_word' id='word_1_757' title='bbox 234 5492 471 5548; x_wconf 87' lang='lat' dir='ltr'>nemque</span> <span class='ocrx_word' id='word_1_758' title='bbox 527 5473 789 5544; x_wconf 87' lang='lat' dir='ltr'>subjectis</span> <span class='ocrx_word' id='word_1_759' title='bbox 833 5472 1115 5529; x_wconf 89' lang='lat' dir='ltr'>immensis</span> <span class='ocrx_word' id='word_1_760' title='bbox 1163 5469 1466 5527; x_wconf 87' lang='lat' dir='ltr'>terroribus</span> <span class='ocrx_word' id='word_1_761' title='bbox 1511 5466 1830 5536; x_wconf 87' lang='lat' dir='ltr'>intentaret,</span> 
     </span>
    </p>
   </div>
   <div class='ocr_carea' id='block_1_107' title="bbox 237 5564 1834 5648">
    <p class='ocr_par' dir='ltr' id='par_1_107' title="bbox 237 5564 1834 5648">
     <span class='ocr_line' id='line_1_107' title="bbox 237 5564 1834 5648; baseline -0.011 -18"><span class='ocrx_word' id='word_1_762' title='bbox 237 5581 463 5648; x_wconf 89' lang='lat' dir='ltr'>repente</span> <span class='ocrx_word' id='word_1_763' title='bbox 511 5570 677 5628; x_wconf 86' lang='lat' dir='ltr'>fronti</span> <span class='ocrx_word' id='word_1_764' title='bbox 723 5570 881 5643; x_wconf 89' lang='lat' dir='ltr'>signo</span> <span class='ocrx_word' id='word_1_765' title='bbox 921 5568 1099 5627; x_wconf 87' lang='lat' dir='ltr'>crucis</span> <span class='ocrx_word' id='word_1_766' title='bbox 1146 5568 1416 5639; x_wconf 89' lang='lat' dir='ltr'>impresso</span> <span class='ocrx_word' id='word_1_767' title='bbox 1464 5579 1626 5620; x_wconf 92' lang='lat' dir='ltr'>omne</span> <span class='ocrx_word' id='word_1_768' title='bbox 1671 5564 1725 5619; x_wconf 91' lang='lat' dir='ltr'>in</span> <span class='ocrx_word' id='word_1_769' title='bbox 1774 5575 1834 5620; x_wconf 88' lang='lat' dir='ltr'>se</span> 
     </span>
    </p>
   </div>
   <div class='ocr_carea' id='block_1_108' title="bbox 1931 4567 3529 4648">
    <p class='ocr_par' dir='ltr' id='par_1_108' title="bbox 1931 4567 3529 4648">
     <span class='ocr_line' id='line_1_108' title="bbox 1931 4567 3529 4648; baseline -0.003 -19"><span class='ocrx_word' id='word_1_770' title='bbox 1931 4574 2111 4648; x_wconf 89' lang='lat' dir='ltr'>legem</span> <span class='ocrx_word' id='word_1_771' title='bbox 2141 4574 2359 4630; x_wconf 91' lang='lat' dir='ltr'>mundis</span> <span class='ocrx_word' id='word_1_772' title='bbox 2389 4573 2586 4630; x_wconf 90' lang='lat' dir='ltr'>animis</span> <span class='ocrx_word' id='word_1_773' title='bbox 2632 4572 2716 4630; x_wconf 83' lang='lat' dir='ltr'>fas</span> <span class='ocrx_word' id='word_1_774' title='bbox 2764 4580 2848 4630; x_wconf 92' lang='lat' dir='ltr'>est</span> <span class='ocrx_word' id='word_1_775' title='bbox 2880 4585 3235 4645; x_wconf 76' lang='lat' dir='ltr'>cognoscere,</span> <span class='ocrx_word' id='word_1_776' title='bbox 3277 4567 3529 4639; x_wconf 80' lang='lat' dir='ltr'>judicare</span> 
     </span>
    </p>
   </div>
   <div class='ocr_carea' id='block_1_109' title="bbox 1931 4657 3526 4735">
    <p class='ocr_par' dir='ltr' id='par_1_109' title="bbox 1931 4657 3526 4735">
     <span class='ocr_line' id='line_1_109' title="bbox 1931 4657 3526 4735; baseline -0.004 -17"><span class='ocrx_word' id='word_1_777' title='bbox 1931 4680 2040 4719; x_wconf 92' lang='lat' dir='ltr'>non</span> <span class='ocrx_word' id='word_1_778' title='bbox 2069 4663 2150 4720; x_wconf 88' lang='lat' dir='ltr'>fas</span> <span class='ocrx_word' id='word_1_779' title='bbox 2179 4671 2279 4720; x_wconf 90' lang='lat' dir='ltr'>est.</span> <span class='ocrx_word' id='word_1_780' title='bbox 2314 4664 2423 4720; x_wconf 89' lang='lat' dir='ltr'>Lex</span> <span class='ocrx_word' id='word_1_781' title='bbox 2452 4663 2570 4735; x_wconf 91' lang='lat' dir='ltr'>ipsa</span> <span class='ocrx_word' id='word_1_782' title='bbox 2598 4663 2761 4719; x_wconf 90' lang='lat' dir='ltr'>etiam</span> <span class='ocrx_word' id='word_1_783' title='bbox 2790 4662 2908 4732; x_wconf 88' lang='lat' dir='ltr'>ipse</span> <span class='ocrx_word' id='word_1_784' title='bbox 2938 4659 3015 4727; x_wconf 87' lang='lat' dir='ltr'>ﬁt,</span> <span class='ocrx_word' id='word_1_785' title='bbox 3040 4657 3338 4716; x_wconf 90' lang='lat' dir='ltr'>secundum</span> <span class='ocrx_word' id='word_1_786' title='bbox 3365 4671 3526 4729; x_wconf 88' lang='lat' dir='ltr'>quam</span> 
     </span>
    </p>
   </div>
   <div class='ocr_carea' id='block_1_110' title="bbox 1930 4746 3521 4824">
    <p class='ocr_par' dir='ltr' id='par_1_110' title="bbox 1930 4746 3521 4824">
     <span class='ocr_line' id='line_1_110' title="bbox 1930 4746 3521 4824; baseline -0.005 -16"><span class='ocrx_word' id='word_1_787' title='bbox 1930 4753 2137 4824; x_wconf 83' lang='lat' dir='ltr'>iudicat</span> <span class='ocrx_word' id='word_1_788' title='bbox 2183 4753 2386 4820; x_wconf 88' lang='lat' dir='ltr'>omnia,</span> <span class='ocrx_word' id='word_1_789' title='bbox 2431 4760 2485 4808; x_wconf 91' lang='lat' dir='ltr'>et</span> <span class='ocrx_word' id='word_1_790' title='bbox 2531 4752 2601 4808; x_wconf 91' lang='lat' dir='ltr'>de</span> <span class='ocrx_word' id='word_1_791' title='bbox 2646 4766 2750 4823; x_wconf 90' lang='lat' dir='ltr'>qua</span> <span class='ocrx_word' id='word_1_792' title='bbox 2781 4749 3028 4820; x_wconf 91' lang='lat' dir='ltr'>judicare</span> <span class='ocrx_word' id='word_1_793' title='bbox 3071 4746 3252 4802; x_wconf 91' lang='lat' dir='ltr'>nullus</span> <span class='ocrx_word' id='word_1_794' title='bbox 3297 4752 3521 4817; x_wconf 89' lang='lat' dir='ltr'>potest:</span> 
     </span>
    </p>
   </div>
   <div class='ocr_carea' id='block_1_111' title="bbox 1932 4834 3526 4913">
    <p class='ocr_par' dir='ltr' id='par_1_111' title="bbox 1932 4834 3526 4913">
     <span class='ocr_line' id='line_1_111' title="bbox 1932 4834 3526 4913; baseline -0.004 -16"><span class='ocrx_word' id='word_1_795' title='bbox 1932 4843 2071 4899; x_wconf 90' lang='lat' dir='ltr'>sicut</span> <span class='ocrx_word' id='word_1_796' title='bbox 2097 4843 2151 4897; x_wconf 90' lang='lat' dir='ltr'>in</span> <span class='ocrx_word' id='word_1_797' title='bbox 2183 4841 2300 4897; x_wconf 91' lang='lat' dir='ltr'>istis</span> <span class='ocrx_word' id='word_1_798' title='bbox 2332 4840 2719 4913; x_wconf 89' lang='lat' dir='ltr'>temporalibus</span> <span class='ocrx_word' id='word_1_799' title='bbox 2747 4837 2979 4910; x_wconf 89' lang='lat' dir='ltr'>legibus,</span> <span class='ocrx_word' id='word_1_800' title='bbox 3013 4849 3325 4907; x_wconf 88' lang='lat' dir='ltr'>quanquam</span> <span class='ocrx_word' id='word_1_801' title='bbox 3353 4835 3424 4892; x_wconf 90' lang='lat' dir='ltr'>de</span> <span class='ocrx_word' id='word_1_802' title='bbox 3441 4834 3526 4890; x_wconf 87' lang='lat' dir='ltr'>his</span> 
     </span>
    </p>
   </div>
   <div class='ocr_carea' id='block_1_112' title="bbox 1931 4925 3527 5000">
    <p class='ocr_par' dir='ltr' id='par_1_112' title="bbox 1931 4925 3527 5000">
     <span class='ocr_line' id='line_1_112' title="bbox 1931 4925 3527 5000; baseline -0.004 -14"><span class='ocrx_word' id='word_1_803' title='bbox 1931 4931 2180 4988; x_wconf 86' lang='lat' dir='ltr'>homines</span> <span class='ocrx_word' id='word_1_804' title='bbox 2222 4931 2463 5000; x_wconf 90' lang='lat' dir='ltr'>judicent</span> <span class='ocrx_word' id='word_1_805' title='bbox 2511 4945 2635 4986; x_wconf 92' lang='lat' dir='ltr'>cum</span> <span class='ocrx_word' id='word_1_806' title='bbox 2681 4943 2773 4983; x_wconf 91' lang='lat' dir='ltr'>eas</span> <span class='ocrx_word' id='word_1_807' title='bbox 2812 4925 3129 4993; x_wconf 90' lang='lat' dir='ltr'>instituunt,</span> <span class='ocrx_word' id='word_1_808' title='bbox 3172 4931 3355 4981; x_wconf 86' lang='lat' dir='ltr'>tamen</span> <span class='ocrx_word' id='word_1_809' title='bbox 3401 4939 3527 4981; x_wconf 89' lang='lat' dir='ltr'>cum</span> 
     </span>
    </p>
   </div>
   <div class='ocr_carea' id='block_1_113' title="bbox 1932 5012 3528 5090">
    <p class='ocr_par' dir='ltr' id='par_1_113' title="bbox 1932 5012 3528 5090">
     <span class='ocr_line' id='line_1_113' title="bbox 1932 5012 3528 5090; baseline -0.004 -14"><span class='ocrx_word' id='word_1_810' title='bbox 1932 5020 2131 5076; x_wconf 87' lang='lat' dir='ltr'>fuerint</span> <span class='ocrx_word' id='word_1_811' title='bbox 2159 5020 2413 5076; x_wconf 63' lang='lat' dir='ltr'>instituta;</span> <span class='ocrx_word' id='word_1_812' title='bbox 2442 5025 2603 5090; x_wconf 88' lang='lat' dir='ltr'>atque</span> <span class='ocrx_word' id='word_1_813' title='bbox 2634 5015 2880 5082; x_wconf 68' lang='lat' dir='ltr'>ﬁrmatae,</span> <span class='ocrx_word' id='word_1_814' title='bbox 2912 5029 3023 5070; x_wconf 89' lang='lat' dir='ltr'>non</span> <span class='ocrx_word' id='word_1_815' title='bbox 3051 5013 3236 5071; x_wconf 89' lang='lat' dir='ltr'>licebit</span> <span class='ocrx_word' id='word_1_816' title='bbox 3257 5013 3428 5083; x_wconf 89' lang='lat' dir='ltr'>judici</span> <span class='ocrx_word' id='word_1_817' title='bbox 3456 5012 3528 5069; x_wconf 91' lang='lat' dir='ltr'>de</span> 
     </span>
    </p>
   </div>
   <div class='ocr_carea' id='block_1_114' title="bbox 1931 5103 3529 5181">
    <p class='ocr_par' dir='ltr' id='par_1_114' title="bbox 1931 5103 3529 5181">
     <span class='ocr_line' id='line_1_114' title="bbox 1931 5103 3529 5181; baseline -0.004 -17"><span class='ocrx_word' id='word_1_818' title='bbox 1931 5109 2064 5181; x_wconf 91' lang='lat' dir='ltr'>ipsis</span> <span class='ocrx_word' id='word_1_819' title='bbox 2088 5109 2356 5178; x_wconf 89' lang='lat' dir='ltr'>judicare,</span> <span class='ocrx_word' id='word_1_820' title='bbox 2390 5107 2486 5163; x_wconf 91' lang='lat' dir='ltr'>sed</span> <span class='ocrx_word' id='word_1_821' title='bbox 2517 5104 2816 5162; x_wconf 91' lang='lat' dir='ltr'>secundum</span> <span class='ocrx_word' id='word_1_822' title='bbox 2845 5104 3010 5176; x_wconf 92' lang='lat' dir='ltr'>ipsas.</span> <span class='ocrx_word' id='word_1_823' title='bbox 3060 5103 3319 5160; x_wconf 87' lang='lat' dir='ltr'>Conditor</span> <span class='ocrx_word' id='word_1_824' title='bbox 3347 5109 3529 5158; x_wconf 87' lang='lat' dir='ltr'>tamen</span> 
     </span>
    </p>
   </div>
   <div class='ocr_carea' id='block_1_115' title="bbox 1933 5190 3526 5271">
    <p class='ocr_par' dir='ltr' id='par_1_115' title="bbox 1933 5190 3526 5271">
     <span class='ocr_line' id='line_1_115' title="bbox 1933 5190 3526 5271; baseline -0.005 -18"><span class='ocrx_word' id='word_1_825' title='bbox 1933 5198 2118 5271; x_wconf 87' lang='lat' dir='ltr'>legum</span> <span class='ocrx_word' id='word_1_826' title='bbox 2148 5196 2545 5270; x_wconf 88' lang='lat' dir='ltr'>temporalium,</span> <span class='ocrx_word' id='word_1_827' title='bbox 2567 5194 2612 5248; x_wconf 90' lang='lat' dir='ltr'>si</span> <span class='ocrx_word' id='word_1_828' title='bbox 2633 5193 2715 5250; x_wconf 90' lang='lat' dir='ltr'>vir</span> <span class='ocrx_word' id='word_1_829' title='bbox 2734 5193 2910 5249; x_wconf 91' lang='lat' dir='ltr'>bonus</span> <span class='ocrx_word' id='word_1_830' title='bbox 2928 5200 3011 5249; x_wconf 89' lang='lat' dir='ltr'>est</span> <span class='ocrx_word' id='word_1_831' title='bbox 3039 5200 3091 5249; x_wconf 91' lang='lat' dir='ltr'>et</span> <span class='ocrx_word' id='word_1_832' title='bbox 3120 5192 3359 5264; x_wconf 88' lang='lat' dir='ltr'>sapiens,</span> <span class='ocrx_word' id='word_1_833' title='bbox 3381 5190 3526 5246; x_wconf 87' lang='lat' dir='ltr'>illam</span> 
     </span>
    </p>
   </div>
   <div class='ocr_carea' id='block_1_116' title="bbox 1932 5279 3527 5359">
    <p class='ocr_par' dir='ltr' id='par_1_116' title="bbox 1932 5279 3527 5359">
     <span class='ocr_line' id='line_1_116' title="bbox 1932 5279 3527 5359; baseline -0.003 -18"><span class='ocrx_word' id='word_1_834' title='bbox 1932 5288 2109 5359; x_wconf 89' lang='lat' dir='ltr'>ipsam</span> <span class='ocrx_word' id='word_1_835' title='bbox 2137 5286 2369 5342; x_wconf 89' lang='lat' dir='ltr'>consulit</span> <span class='ocrx_word' id='word_1_836' title='bbox 2391 5292 2670 5352; x_wconf 66' lang='lat' dir='ltr'>aeternam,</span> <span class='ocrx_word' id='word_1_837' title='bbox 2693 5282 2763 5340; x_wconf 95' lang='lat' dir='ltr'>de</span> <span class='ocrx_word' id='word_1_838' title='bbox 2792 5297 2896 5357; x_wconf 87' lang='lat' dir='ltr'>qua</span> <span class='ocrx_word' id='word_1_839' title='bbox 2916 5283 3049 5338; x_wconf 92' lang='lat' dir='ltr'>nulli</span> <span class='ocrx_word' id='word_1_840' title='bbox 3069 5282 3264 5338; x_wconf 69' lang='lat' dir='ltr'>animae</span> <span class='ocrx_word' id='word_1_841' title='bbox 3276 5279 3527 5351; x_wconf 88' lang='lat' dir='ltr'>judicare</span> 
     </span>
    </p>
   </div>
   <div class='ocr_carea' id='block_1_117' title="bbox 1934 5368 3521 5443">
    <p class='ocr_par' dir='ltr' id='par_1_117' title="bbox 1934 5368 3521 5443">
     <span class='ocr_line' id='line_1_117' title="bbox 1934 5368 3521 5443; baseline -0.005 -12"><span class='ocrx_word' id='word_1_842' title='bbox 1934 5378 2117 5431; x_wconf 89' lang='lat' dir='ltr'>datum</span> <span class='ocrx_word' id='word_1_843' title='bbox 2148 5383 2248 5443; x_wconf 90' lang='lat' dir='ltr'>est,</span> <span class='ocrx_word' id='word_1_844' title='bbox 2279 5381 2338 5429; x_wconf 92' lang='lat' dir='ltr'>ut</span> <span class='ocrx_word' id='word_1_845' title='bbox 2363 5372 2659 5429; x_wconf 90' lang='lat' dir='ltr'>secundum</span> <span class='ocrx_word' id='word_1_846' title='bbox 2709 5373 2823 5443; x_wconf 90' lang='lat' dir='ltr'>ejus</span> <span class='ocrx_word' id='word_1_847' title='bbox 2871 5371 3238 5428; x_wconf 90' lang='lat' dir='ltr'>immutabiles</span> <span class='ocrx_word' id='word_1_848' title='bbox 3282 5368 3521 5441; x_wconf 88' lang='lat' dir='ltr'>regulas,</span> 
     </span>
    </p>
   </div>
   <div class='ocr_carea' id='block_1_118' title="bbox 1934 5454 3528 5533">
    <p class='ocr_par' dir='ltr' id='par_1_118' title="bbox 1934 5454 3528 5533">
     <span class='ocr_line' id='line_1_118' title="bbox 1934 5454 3528 5533; baseline -0.005 -17"><span class='ocrx_word' id='word_1_849' title='bbox 1934 5460 2062 5533; x_wconf 91' lang='lat' dir='ltr'>quid</span> <span class='ocrx_word' id='word_1_850' title='bbox 2091 5459 2159 5515; x_wconf 93' lang='lat' dir='ltr'>sit</span> <span class='ocrx_word' id='word_1_851' title='bbox 2189 5475 2290 5532; x_wconf 89' lang='lat' dir='ltr'>pro</span> <span class='ocrx_word' id='word_1_852' title='bbox 2320 5467 2564 5529; x_wconf 90' lang='lat' dir='ltr'>tempore</span> <span class='ocrx_word' id='word_1_853' title='bbox 2586 5457 2888 5528; x_wconf 89' lang='lat' dir='ltr'>jubendum</span> <span class='ocrx_word' id='word_1_854' title='bbox 2910 5457 3309 5528; x_wconf 89' lang='lat' dir='ltr'>vetandumque</span> <span class='ocrx_word' id='word_1_855' title='bbox 3328 5454 3528 5512; x_wconf 87' lang='lat' dir='ltr'>discer-</span> 
     </span>
    </p>
   </div>
   <div class='ocr_carea' id='block_1_119' title="bbox 1932 5552 3521 5627">
    <p class='ocr_par' dir='ltr' id='par_1_119' title="bbox 1932 5552 3521 5627">
     <span class='ocr_line' id='line_1_119' title="bbox 1932 5552 3521 5627; baseline -0.008 -9"><span class='ocrx_word' id='word_1_856' title='bbox 1932 5565 2044 5617; x_wconf 86' lang='lat' dir='ltr'>nat.</span> <span class='ocrx_word' id='word_1_857' title='bbox 2084 5584 2105 5608; x_wconf 77' lang='grc' dir='ltr'>ιι</span> <span class='ocrx_word' id='word_1_858' title='bbox 2137 5558 2206 5614; x_wconf 91' lang='lat' dir='ltr'>Et</span> <span class='ocrx_word' id='word_1_859' title='bbox 2236 5557 2290 5613; x_wconf 89' lang='lat' dir='ltr'>in</span> <span class='ocrx_word' id='word_1_860' title='bbox 2319 5556 2460 5614; x_wconf 90' lang='lat' dir='ltr'>libro</span> <span class='ocrx_word' id='word_1_861' title='bbox 2490 5555 2903 5616; x_wconf 81' lang='lat' dir='ltr'>Confessionum</span> <span class='ocrx_word' id='word_1_862' title='bbox 2935 5572 2950 5609; x_wconf 88' lang='lat'><strong>:</strong></span> <span class='ocrx_word' id='word_1_863' title='bbox 2984 5578 3005 5604; x_wconf 80' lang='grc' dir='ltr'>α</span> <span class='ocrx_word' id='word_1_864' title='bbox 3042 5552 3323 5627; x_wconf 88' lang='lat' dir='ltr'>Spiritales</span> <span class='ocrx_word' id='word_1_865' title='bbox 3369 5565 3521 5626; x_wconf 86' lang='lat' dir='ltr'>ergo,</span> 
     </span>
    </p>
   </div>
  </div>
