4072 6328
593 297 697 353 319

1619 291 1960 349 HINCMARI
2014 285 2418 346 RHEMENSIS
2475 285 3023 345 ARCHIEPISCOPI.

3785 284 3884 340 320

591 419 706 476 sive
739 418 832 492 qui
859 427 1123 494 praesunt,
1155 419 1271 478 sive
1301 419 1394 492 qui
1435 419 1834 490 obtemperant,
1887 413 2196 488 spiritaliter
2223 411 2280 473 Α
2298 411 2626 482 ministrare,
2661 411 2895 486 qualiter
2921 409 3082 468 etiam
3109 410 3180 467 ab
3208 407 3433 467 ostiario
3461 423 3635 481 usque
3653 407 3725 462 ad
3745 421 3888 464 sum-

583 507 846 576 judicant.
887 531 910 558 ιι
947 509 1145 564 Sacros
1182 522 1314 564 vero
1365 506 1586 562 ordines
1633 504 1992 578 promulgare
2039 511 2124 560 est
2168 517 2200 558 a

587 595 822 653 Domino
857 596 1210 653 constituere.
1241 597 1376 670 Ipsi,
1408 595 1600 668 inquit,
1631 595 1973 650 invocabant
2002 609 2110 658 me,
2138 590 2201 646 et

589 702 686 758 ego
739 685 1067 742 benedicam
1113 686 1302 750 (Num.
1355 699 1434 752 vr,
1469 685 1580 752 t7),
1632 682 1841 739 scilicet
1889 682 2196 753 episcopos.

589 773 696 832 Per
724 774 1037 846 episcopos,
1071 773 1209 831 sicut
1235 789 1337 846 per
1366 773 1639 845 apostolos
1667 787 1698 826 a
1727 770 1960 827 Domino
1979 768 2198 826 ordina-

593 870 698 930 tos,
731 863 984 920 Matthias
1013 869 1098 919 est
1125 863 1408 918 ordinatus
1437 861 1717 934 apostolus
1745 860 1892 931 (Act.
1925 875 1965 926 ι,
1997 859 2109 929 26),
2145 865 2198 913 et

595 967 696 1024 per
722 953 1022 1024 prophetas
1041 965 1106 1008 ac
1132 949 1408 1017 doctores,
1433 949 1526 1022 qui
1547 957 1602 1005 et
1620 948 1864 1020 episcopi
1885 963 1948 1004 ac
1967 945 2198 1018 apostoli

594 1047 772 1106 erant,
805 1041 950 1112 apud
971 1039 1333 1104 Antiochiam,
1352 1038 1576 1108 jubente
1601 1037 1802 1109 Spiritu
1826 1045 2016 1092 sancto
2036 1043 2197 1106 atque

589 1129 804 1184 dicente
839 1145 852 1182 :
883 1129 1154 1202 Separate
1189 1129 1334 1183 mihi
1373 1127 1692 1182 Barnabam
1738 1130 1794 1180 et
1841 1126 2080 1182 Saulum
2122 1123 2194 1179 ad

591 1233 730 1290 opus
758 1217 1071 1272 ministerii
1103 1215 1174 1270 ad
1200 1215 1342 1288 quod
1373 1215 1518 1286 elegi
1551 1231 1640 1271 eos
1663 1215 1809 1283 (Act.
1843 1229 1968 1278 xm,
1995 1212 2072 1281 2),
2095 1211 2199 1282 ipsi

588 1305 866 1360 Barnabas
895 1312 946 1360 et
975 1302 1175 1359 Saulus
1203 1310 1328 1358 sunt
1355 1302 1604 1358 ordinati.
1657 1303 1726 1358 Et
1773 1317 1874 1373 per
1910 1303 2132 1372 Moysen
2164 1314 2197 1354 a

588 1392 822 1450 Domino
851 1391 1164 1448 ordinatum
1194 1389 1377 1446 Aaron
1430 1399 1482 1446 et
1512 1389 1654 1445 filius
1686 1390 1804 1459 ejus
1855 1389 2096 1452 Eleazar,
2145 1394 2198 1443 et

587 1496 686 1552 per
715 1496 809 1536 eos
838 1479 1030 1550 reliqui
1059 1479 1302 1534 minores
1334 1479 1652 1534 sucerdotes
1681 1477 1915 1533 ordinati
1953 1483 2094 1531 sunt.
2123 1478 2194 1530 Et

586 1585 950 1640 congregans,
971 1567 1149 1640 inquit
1168 1581 1325 1622 sacra
1341 1567 1592 1633 historia,
1609 1568 1817 1640 Moyses
1837 1567 2199 1638 septuaginta

584 1658 732 1714 viros
745 1657 812 1714 de
831 1658 1146 1713 senioribus
1163 1658 1358 1723 Israel,
1377 1673 1509 1728 quos
1522 1660 1679 1712 stare
1698 1657 1838 1726 fecit
1856 1657 2010 1712 circa
2029 1655 2200 1708 taber-

2294 519 2444 558 mum
2465 502 2830 558 sacerdotium
2844 499 3043 574 quique
3057 499 3273 556 valeant
3287 497 3533 570 provehi.
3551 499 3621 553 Et
3639 512 3766 570 quas
3781 495 3886 552 sint

2295 607 2362 647 ex
2391 592 2471 646 eis
2498 608 2528 646 a
2554 591 2702 646 sedis
2729 591 2990 646 Romanae
3016 587 3362 660 pontiﬁcibus
3385 586 3755 659 promulgata,
3777 599 3884 641 om-

2295 679 2456 736 nibus
2481 680 2537 735 in
2562 677 2947 736 ecclesiasticis
2969 676 3314 750 dogmatibus
3344 675 3648 730 exercitatis
3674 679 3886 730 constat

2295 785 2419 826 esse
2447 767 2826 834 notissimum;
2857 774 2913 823 et
2941 765 3069 838 quia
3094 765 3222 820 inde
3251 763 3605 836 quaestionem
3619 779 3732 820 non
3763 777 3884 820 mo-

2294 874 2410 926 ves,
2444 855 2781 928 superﬂuum
2809 857 2949 912 duco
2978 871 3042 910 ea
3070 854 3360 912 disserere.

2365 945 2506 1016 Quia
2532 961 2684 1015 vero,
2717 952 2777 1000 ut
2803 943 3051 1016 superius
3087 942 3198 998 dixi
3242 943 3311 998 de
3355 941 3570 1014 legibus
3613 948 3667 996 et
3715 939 3884 996 sacris

2293 1035 2592 1101 ordinibus,
2625 1033 2879 1107 quoniam
2911 1031 3054 1088 aliud
3083 1039 3166 1087 est
3189 1030 3344 1104 leges
3368 1038 3423 1086 et
3449 1043 3636 1084 sacros
3664 1027 3886 1086 ordines

2293 1123 2665 1196 promulgare,
2695 1129 2750 1179 et
2781 1121 2946 1187 aliud,
2987 1121 3130 1176 sicut
3171 1119 3406 1186 ostendi,
3453 1119 3521 1174 de
3569 1117 3788 1188 legibus
3833 1125 3887 1173 et

2297 1211 2468 1268 sacris
2497 1211 2782 1266 ordinibus
2809 1209 3177 1282 promulgare,
3223 1207 3616 1263 ostendendum
3646 1215 3730 1262 est
3760 1206 3886 1278 quia

2295 1300 2544 1356 similiter
2585 1300 2731 1354 aliud
2779 1307 2860 1354 est
2908 1313 3093 1354 sacros
3145 1313 3384 1353 canones
3425 1295 3795 1366 promulgare,
3838 1303 3888 1350 et

2294 1389 2437 1444 aliud
2469 1397 2552 1444 est
2578 1389 2648 1443 de
2696 1403 2977 1444 sacrorum
3023 1402 3292 1442 canonum
3334 1385 3633 1456 disciplinis
3678 1385 3886 1441 consti-

2294 1485 2410 1534 tuta
2440 1476 2733 1533 decretalia
2761 1476 3124 1548 promulgare.
3171 1474 3280 1542 Qui
3305 1489 3540 1546 namque
3578 1473 3687 1528 sint
3715 1488 3885 1530 cano-

2295 1583 2411 1634 nes,
2446 1567 2515 1621 de
2543 1581 2772 1637 quorum
2801 1564 3102 1636 disciplinis
3129 1563 3470 1635 promulgata
3498 1563 3636 1619 adeo
3666 1577 3887 1618 conser-

2296 1655 2412 1710 vari
2444 1671 2476 1710 a
2505 1662 2694 1710 sancto
2726 1655 2906 1709 Leone
2935 1668 3077 1724 papa
3097 1652 3376 1722 jubentur,
3400 1659 3458 1706 ut
3487 1651 3534 1706 si
3560 1651 3682 1724 quis
3711 1651 3769 1706 in
3797 1651 3887 1706 illa

583 1747 876 1811 naculum,
893 1745 1292 1816 descenditque
1309 1746 1580 1801 Dominus
1595 1760 1698 1816 per
1713 1744 1938 1808 nubem,
1963 1746 2020 1798 et
2042 1743 2193 1798 locu-
2219 1766 2272 1826 B
2297 1743 2648 1808 commiserit,
2681 1743 2896 1800 veniam
2926 1742 3030 1796 sibi
3059 1741 3317 1811 deinceps
3353 1740 3562 1797 noverit
3605 1740 3886 1814 denegari,

584 1837 677 1889 tus
699 1837 783 1888 est
794 1833 867 1888 ad
879 1849 1030 1897 eum,
1055 1834 1324 1902 auferens
1337 1833 1402 1888 de
1421 1833 1630 1904 spiritu
1647 1833 1744 1902 qui
1773 1834 1898 1886 erat
1921 1832 1982 1885 in
2000 1830 2190 1901 Moyse,

587 1920 794 1977 scilicet
823 1935 934 1977 non
965 1919 1230 1986 tollendo,
1279 1919 1378 1974 sed
1407 1918 1463 1973 in
1493 1919 1629 1974 alios
1675 1917 2056 1991 propagando,
2109 1916 2197 1972 vel

583 2009 1013 2082 promulgando,
1048 2013 1108 2064 et
1135 2009 1281 2064 dans
1312 2009 1680 2080 septuaginta
1730 2009 1867 2063 viris
1891 2008 2076 2078 (Num.
2109 2021 2190 2072 x1,

588 2098 702 2164 2L).
737 2095 841 2166 Qui
871 2097 1100 2168 spiritus
1131 2103 1184 2152 et
1213 2096 1386 2168 Moysi
1427 2096 1639 2165 dicitur,
1695 2095 1834 2150 sicut
1877 2102 1932 2150 et
1980 2093 2194 2164 spiritus

589 2184 726 2242 Elim
756 2192 1002 2252 vocatur,
1039 2201 1106 2242 eo
1135 2184 1422 2242 locutionis
1453 2199 1676 2257 genere,
1701 2198 1808 2256 quo
1825 2191 1876 2239 et
1905 2181 2196 2238 Dominum

589 2273 648 2330 in
678 2275 921 2330 oratione
952 2274 1189 2345 petimus
1222 2291 1238 2328 :
1267 2276 1482 2329 Panem
1511 2277 1772 2329 nostrum
1803 2272 2196 2344 quotidianum

591 2362 663 2418 da
692 2362 850 2418 nobis
879 2362 1039 2419 hodie
1069 2363 1224 2434 (Luc.
1274 2376 1354 2428 xr,
1386 2363 1460 2432 3).
1508 2361 1608 2416 Dei
1652 2360 1798 2416 enim
1845 2360 1987 2415 idem
2035 2359 2192 2430 panis

585 2457 670 2507 est
697 2457 752 2506 et
783 2449 1024 2522 spiritus,
1061 2465 1094 2506 a
1124 2465 1233 2522 quo
1261 2449 1414 2504 illum
1444 2465 1509 2504 ex
1545 2465 1770 2504 munere
1816 2448 1992 2504 dantis
2041 2447 2190 2504 acci-

589 2539 792 2611 pimus,
825 2546 880 2596 et
903 2546 1098 2594 noster
1127 2537 1186 2594 ﬁt
1225 2537 1490 2595 veraciter
1534 2554 1634 2609 per
1663 2537 2055 2610 acceptionem,
2100 2536 2192 2608 qui

585 2625 741 2682 illum
771 2627 841 2682 ab
872 2642 938 2684 eo
969 2627 1286 2698 accipimus.
1326 2628 1588 2700 Cumque,
1627 2625 1800 2699 inquit
1827 2625 2070 2694 historia,
2103 2642 2192 2681 re-

589 2717 890 2787 quievisset
919 2717 982 2771 in
1007 2718 1086 2771 eis
1107 2717 1362 2787 spiritus,
1385 2717 1884 2788 prophetauerunt,
1909 2731 2014 2770 nec
2032 2713 2190 2770 ultra

590 2807 955 2860 cessaverunt
981 2805 1172 2874 (Num.
1207 2818 1286 2870 χι,
1315 2804 1428 2873 25).
1461 2803 1620 2871 Quod
1659 2803 1799 2859 sicut
1825 2803 2042 2874 Moyses
2071 2802 2187 2857 Do-

587 2891 757 2957 mino,
788 2891 845 2946 in
877 2907 1039 2963 quem
1069 2906 1178 2946 non
1217 2891 1362 2948 cadit
1395 2891 1618 2956 oblivio,
1670 2892 1760 2963 qui
1790 2899 1969 2946 tamen
2009 2890 2140 2946 dicit
2172 2905 2186 2945 :

587 2980 934 3036 Recordabar
957 2981 1118 3052 pacti
1145 2979 1374 3052 [aderis
1393 2981 1507 3035 mei
1529 2977 1691 3049 (Gen.
1725 2994 1804 3046 ix,
1830 2979 1938 3050 15),
1959 2979 2028 3034 ad
2049 2979 2187 3034 obti—

585 3068 769 3124 nenda
795 3083 918 3140 qum
944 3067 1164 3140 petebat
1191 3075 1373 3139 patres
1402 3067 1612 3136 obtulit,
1643 3068 1833 3124 dicens
1866 3083 1880 3123 :
1912 3068 2184 3136 Memento

582 3157 885 3224 Abraham,
918 3159 1076 3214 Isaac
1105 3161 1162 3213 et
1191 3157 1354 3214 Iacob
1378 3173 1666 3213 servorum
1700 3161 1946 3224 tuorum,
1981 3156 2178 3229 quibus

573 3247 794 3318 jurasti
823 3247 1023 3316 (Exod.
1057 3261 1243 3314 χχχιι,
1277 3245 1352 3316 3),
1386 3245 1443 3300 id
1473 3253 1558 3300 est
1589 3245 1743 3302 ﬁrma
1787 3244 2177 3317 pollicitatione

583 3333 786 3390 dixisti.
841 3336 910 3389 Et
956 3333 1200 3406 episcopi
1253 3341 1681 3390 commemorant
1723 3334 1780 3388 in
1835 3334 2178 3391 ordinatione

582 3421 1051 3494 presbyterorum,
1097 3429 1152 3478 ut
1180 3421 1301 3494 ipse
1347 3422 1491 3494 quod
1538 3437 1694 3476 suum
1735 3429 1818 3478 est
1863 3422 1916 3477 in
1966 3437 2176 3489 eorum,

581 3509 834 3568 videlicet
889 3511 1295 3583 episcoporum,
1343 3509 1645 3568 ministerio
1692 3517 2040 3581 exsequatur,
2091 3511 2178 3566 di-

581 3607 770 3656 centes
804 3617 818 3654 :
873 3622 894 3647 «
933 3599 1025 3656 Sic
1067 3599 1123 3656 in
1171 3615 1354 3656 eremo
1401 3615 1500 3670 per
1548 3597 1892 3672 septuaginta
1938 3597 2180 3654 virorum

580 3687 932 3758 prudentium
961 3695 1174 3744 mentes
1202 3688 1376 3759 Moysi
1406 3687 1652 3758 spiritum
1689 3686 2030 3760 prOpagasti,
2062 3686 2179 3758 qui-

579 3775 683 3830 bus
713 3773 808 3830 ille
835 3775 1176 3844 adjutoribus
1207 3791 1340 3830 usus
1369 3776 1422 3830 in
1451 3775 1673 3846 populo,
1705 3775 2021 3830 innumeras
2040 3773 2181 3831 mul-

579 3861 837 3918 titudines
864 3861 1022 3920 facile
1078 3863 1420 3934 gubernavit.
1473 3863 1564 3920 Sic
1612 3871 1665 3920 et
1711 3863 1769 3918 in
1815 3863 2082 3919 Eleazaro
2131 3872 2183 3921 et

581 3951 820 4006 Ithamar
848 3948 974 4007 ﬁliis
1005 3953 1187 4008 Aaron
1215 3957 1458 4022 paternae
1505 3951 1856 4023 plenitudinis
1900 3952 2182 4008 abundan-

580 4038 714 4094 tiam
767 4039 1128 4110 transfudisti,
1178 4047 1238 4094 ut
1291 4038 1358 4094 ad
1409 4039 1612 4096 hostias
1660 4039 1928 4096 salutares
1975 4048 2029 4096 et
2069 4040 2182 4098 fre-

582 4126 885 4200 quentioris
913 4127 1077 4184 oﬁicii
1125 4136 1471 4184 sacramenta
1520 4127 1789 4184 sufficeret
1825 4128 2182 4186 ministerium

581 4215 948 4274 sacerdotum.
1010 4217 1124 4273 Hac
1180 4217 1552 4288 providentia,
1611 4217 1860 4284 Domine,
1921 4217 2184 4290 apostolis

580 4304 677 4361 ﬁlii
707 4305 785 4362 tui
814 4305 1134 4362 doctoribus
1163 4304 1290 4362 ﬁdei
1321 4305 1550 4362 comites
1579 4305 1858 4374 addidisti,
1891 4307 2086 4378 quibus
2106 4305 2185 4361 illi

577 4395 766 4452 orbem
801 4401 972 4449 totum
1004 4394 1262 4450 secundis
1285 4393 1738 4466 prazdicatoribus
1768 4395 2178 4466 impleverunt.»

2294 1839 2627 1888 memoratus
2656 1831 2725 1886 ab
2755 1847 2820 1887 eo
2851 1831 3043 1886 beatus
3087 1830 3454 1900 Innocentius,
3503 1829 3560 1883 in
3603 1828 3888 1900 disciplina

2295 1937 2360 1977 ex
2386 1921 2593 1976 eisdem
2623 1919 2796 1976 sacris
2826 1918 3125 1975 canonibus
3173 1919 3407 1982 decreta,
3457 1918 3529 1972 ad
3573 1916 3888 1973 Victricium

2294 2009 2790 2081 Rothomagensem
2820 2007 3134 2078 episcopum
3161 2013 3410 2078 patenter
3435 2004 3670 2060 ostendit
3701 2005 3884 2078 (epist.

2296 2098 2370 2167 t).
2408 2121 2428 2146 ιι
2467 2097 2522 2152 Si
2551 2113 2694 2170 quae,
2726 2096 2995 2168 inquiens,
3022 2111 3198 2150 causa;
3225 2094 3314 2150 vel
3343 2094 3723 2150 contentiones
3751 2093 3890 2150 inter

2293 2187 2542 2251 clericos,
2591 2193 2700 2240 tam
2730 2184 3030 2256 superioris
3076 2183 3285 2238 ordinis
3329 2199 3490 2255 quam
3533 2182 3698 2238 etiam
3747 2182 3888 2240 infe-

2293 2275 2452 2330 rioris
2481 2274 2678 2330 fuerint
2709 2280 2931 2338 exortae,
2963 2280 3020 2327 ut
3049 2271 3349 2328 secundum
3397 2271 3668 2342 synodum
3713 2271 3888 2328 Nicae-

2292 2381 2440 2431 nam,
2473 2363 2823 2436 congregatis
2853 2361 3095 2431 ejusdem
3127 2360 3420 2432 provinciae
3445 2361 3743 2432 episcOpis,
3769 2361 3887 2430 jur-

2291 2453 2443 2526 gium
2473 2453 2812 2516 terminatur,
2853 2475 2874 2498 ιι
2909 2457 2962 2506 et
2989 2449 3218 2522 reliqua.
3243 2451 3311 2504 Et
3331 2449 3404 2504 ibi
3433 2457 3555 2520 post
3575 2449 3886 2522 aliquanta:

2295 2565 2316 2589 α
2353 2542 2411 2597 Si
2444 2558 2565 2612 qua:
2593 2548 2770 2596 autem
2799 2539 3032 2608 majores
3061 2554 3242 2594 causae
3270 2539 3324 2592 in
3355 2537 3536 2593 medio
3565 2537 3771 2594 fuerint
3799 2539 3888 2595 de-

2289 2631 2506 2696 volutaa.
2539 2630 2608 2684 ad
2637 2629 2826 2684 sedem
2849 2626 3228 2698 apostolicam,
3257 2626 3395 2682 sicut
3419 2627 3662 2698 synodus
3683 2629 3886 2694 statuit,

2290 2719 2496 2776 scilicet
2525 2715 2892 2782 Sardicensis,
2927 2725 2980 2772 et
3008 2723 3164 2773 vetus
3193 2716 3530 2772 consuetudo
3557 2715 3750 2788 exigit,
3774 2725 3891 2788 post

2282 2807 2547 2878 judicium
2576 2805 2889 2878 episcopale
2918 2803 3206 2860 referatur.
3246 2827 3268 2854 ιι
3300 2805 3370 2860 Et
3413 2805 3482 2860 ad
3513 2803 3886 2861 Alexandrum

2287 2897 2686 2956 Antiochenum
2713 2895 3026 2966 episcopum
3055 2894 3244 2966 (epist.
3265 2897 3356 2964 20)
3389 2911 3404 2948 :
3440 2915 3461 2941 α
3487 2893 3872 2963 Revolventes,

2283 2985 2476 3058 inquit,
2511 2983 2887 3040 auctoritatem
2914 2983 3150 3038 Nicena:
3177 2981 3392 3053 synodi,
3441 2998 3561 3054 qua:
3608 2999 3722 3038 una
3761 2999 3881 3038 om-

2282 3073 2432 3128 nium
2459 3089 2560 3144 per
2587 3073 2780 3129 orbem
2808 3079 3076 3128 terrarum
3099 3079 3337 3127 mentem
3371 3071 3601 3141 explicat
3622 3072 3888 3128 sacerdo-

2281 3179 2412 3229 tum,
2445 3179 2566 3234 quae
2594 3161 2805 3218 censuit
2847 3161 2915 3216 de
2961 3160 3298 3218 Antiochena
3343 3159 3614 3227 Ecclesia,
3670 3161 3880 3217 cunctis

2277 3249 2548 3318 ﬁdelibus,
2580 3267 2650 3306 ne
2676 3249 2906 3306 dixerim
2928 3249 3326 3316 sacerdotibus,
3351 3264 3474 3304 esse
3490 3250 3873 3305 necessarium

2278 3340 2548 3396 custodire
2571 3384 2584 3406 ,
2643 3355 2750 3412 qua
2801 3355 2964 3410 super
3016 3339 3300 3394 dioecesim
3354 3353 3511 3393 suam
3559 3339 3885 3409 praedictam

2277 3429 2599 3496 Ecclesiam,
2649 3445 2758 3484 non
2813 3443 2978 3500 super
3023 3427 3266 3500 aliquam
3315 3425 3478 3482 aliam
3521 3427 3888 3499 provinciam,

2278 3517 2724 3588 recognoscimus
2765 3517 3136 3573 constitutam.
3178 3540 3200 3565 »
3242 3517 3309 3571 Et
3349 3515 3476 3572 inde
3525 3517 3894 3590 promulgavit

2279 3606 2349 3660 de
2397 3606 2744 3661 ordinatione
2800 3605 3363 3677 metropolitanorum,
3423 3621 3658 3678 quorum
3705 3606 3896 3678 plures

2280 3696 2401 3766 ipsa
2429 3693 2679 3750 Ecclesia
2709 3695 2987 3764 subjectos
3019 3694 3122 3750 sibi
3151 3693 3332 3760 habet,
3365 3693 3526 3750 sicut.
3546 3703 3600 3750 et
3646 3694 3893 3751 Alexan-

2279 3783 2468 3838 drinus
2497 3783 2786 3854 episcopus
2819 3799 2884 3838 ex
2918 3783 3143 3854 antiqua
3187 3782 3598 3848 consuetudine,
3633 3791 3686 3838 et
3717 3783 3897 3840 Thes-

2283 3871 2646 3927 salonicenSis
2675 3871 2966 3944 episc0pus
2997 3888 3063 3928 ex
3093 3871 3436 3946 delegatione
3463 3872 3610 3928 sedis
3641 3872 3898 3944 apostoli-

2282 3976 2378 4017 cae.
2411 3961 2479 4016 Et
2507 3961 2576 4016 ad
2605 3961 2934 4017 Macedones
2967 3961 3258 4032 episcopos
3287 3962 3475 4034 (epist.
3497 3964 3586 4028 27,
3643 3961 3748 4016 sub
3777 3978 3896 4018 me-

2282 4050 2475 4121 dium),
2525 4066 2591 4106 ex
2635 4049 2842 4105 eisdem
2891 4050 3066 4106 sacris
3113 4051 3412 4106 canonibus
3455 4049 3598 4122 apud
3644 4051 3898 4109 Nicaeam

2283 4139 2604 4207 constitutis,
2668 4139 3037 4212 promulgavit
3081 4139 3414 4196 Novatianos
3463 4139 3533 4195 ad
3577 4139 3897 4197 Ecclesiam

2287 4227 2568 4284 venientes
2595 4243 2696 4300 per
2723 4244 2914 4283 manus
2943 4228 3346 4300 impositionem
3374 4229 3430 4284 in
3457 4229 3570 4284 suis
3602 4229 3896 4286 ordinibus

2282 4316 2498 4388 recipi;
2549 4325 2602 4372 et
2655 4317 2970 4388 opinionem
3015 4332 3204 4373 eorum
3252 4318 3362 4390 qui,
3415 4334 3485 4373 ne
3535 4317 3589 4372 in
3633 4319 3900 4380 Ecclesia

2284 4406 2604 4462 scandalum
2635 4406 2808 4471 ﬁeret,
2851 4406 3093 4462 Anisium
3144 4405 3400 4480 [aiebant]
3442 4408 3792 4480 sequendum
3840 4409 3900 4464 in

579 4482 684 4552 Qui
715 4481 925 4540 scilicet
957 4482 1204 4554 episcopi
1234 4491 1286 4538 et
1313 4483 1641 4556 presbyteri,
1673 4482 1730 4538 in
1756 4483 2054 4556 primordio
2091 4499 2188 4540 na-
2215 4485 2268 4546 D
2289 4494 2617 4565 recipiendis
2645 4495 2960 4551 Bonosiacis
2988 4495 3056 4550 ab
3085 4497 3280 4552 eodem
3310 4497 3522 4552 Bonoso
3567 4504 3694 4568 post
3730 4497 3897 4553 dam-

575 4571 780 4628 scentis
806 4570 1092 4642 Ecclesiae,
1125 4579 1178 4628 et
1206 4587 1382 4644 usque
1411 4587 1522 4628 non
1550 4573 1620 4628 ad
1650 4587 1880 4644 parvum
1923 4572 2185 4644 temporis

575 4675 951 4732 progressum,
984 4675 1094 4716 uno
1127 4661 1348 4718 nomine
1373 4661 1430 4716 in
1451 4661 1683 4734 singulis
1705 4659 1900 4718 ofﬁciis
1923 4662 2186 4718 vocaban-

578 4754 682 4819 tur,
717 4749 856 4805 sicut
885 4749 940 4804 in
973 4748 1204 4820 epistola
1233 4749 1395 4818 Petri,
1423 4759 1476 4806 et
1506 4750 1562 4806 in
1587 4749 1832 4823 epistolis
1861 4749 2106 4818 Joannis,
2133 4759 2186 4806 et

577 4834 635 4891 in
665 4836 909 4907 epistolis
940 4837 1093 4894 Pauli
1124 4837 1516 4904 manifestatur,
1551 4846 1604 4894 et
1631 4837 1772 4894 sicut
1822 4839 2184 4912 Hieronymus

580 4923 648 4978 ad
677 4924 978 4996 Evagrium
1025 4927 1413 4999 presbyterum
1441 4928 1629 5001 (epist.
1655 4927 1745 4998 85)
1768 4943 1835 4983 ex
1864 4927 2184 4986 auctoritate

581 5011 986 5083 Scripturarum
1015 5015 1268 5072 ostendit.
1302 5016 1412 5074 Sed
1442 5023 1496 5072 et
1523 5015 1718 5089 reliqui
1744 5031 1846 5088 per
1893 5031 1988 5073 eos
2031 5017 2124 5089 qui
2151 5034 2182 5071 a

582 5100 817 5157 Domino
847 5101 919 5156 ad
947 5101 1052 5159 hoc
1081 5103 1356 5160 constituti
1401 5112 1526 5159 sunt
1571 5103 1926 5162 ecclesiastici
1961 5105 2182 5162 ordines

579 5189 1025 5262 promulgantur,
1086 5205 1273 5248 eorum
1317 5191 1526 5250 scilicet
1571 5193 1906 5264 ministerio,
1949 5194 2180 5250 Domino

579 5279 724 5352 quod
754 5294 915 5336 suum
947 5287 1028 5336 est
1057 5288 1410 5353 exsequente.
1447 5282 1528 5338 De
1560 5283 1734 5339 sacris
1769 5289 1950 5340 autem
1978 5283 2182 5340 ordini-

579 5367 682 5424 bus
711 5367 1055 5443 promulgare
1101 5376 1184 5424 est
1234 5369 1326 5442 qui
1366 5377 1418 5426 et
1448 5379 1579 5444 quot
1607 5373 1733 5442 sint,
1777 5380 1832 5430 et
1879 5371 2064 5447 quales
2112 5387 2180 5430 ac

580 5457 836 5531 qualiter,
887 5465 942 5516 et
988 5473 1022 5514 a
1060 5458 1258 5531 quibus
1298 5457 1386 5517 vel
1434 5461 1652 5534 quando
1696 5469 1821 5520 sunt
1867 5462 2174 5529 ordinandi,

579 5563 632 5614 et
663 5556 938 5628 quomodo
967 5571 1030 5614 ac
1061 5564 1319 5630 quantum
1340 5557 1396 5614 in
1415 5557 1646 5632 singulis
1663 5559 1922 5633 gradibus
1941 5561 2178 5618 debeant

2288 4584 2560 4640 nationem
2591 4597 2744 4639 suam
2773 4583 3054 4650 ordinatis,
3085 4583 3372 4640 manifeste
3413 4583 3629 4641 refellit.
3679 4587 3793 4642 Sed
3845 4596 3900 4642 et

2287 4689 2354 4728 ex
2385 4672 2624 4744 praefatis
2651 4673 2886 4729 Nictenis
2917 4673 3218 4730 canonibus
3255 4674 3620 4746 promulgavit
3666 4675 3894 4732 Paulia-

2287 4761 2458 4817 nistas
2489 4762 2559 4818 ad
2585 4761 2885 4818 Ecclesiam
2915 4763 3196 4818 venientes
3224 4762 3508 4834 baptizari,
3531 4763 3672 4819 alios
3701 4773 3893 4822 autem

2285 4851 2353 4906 ab
2381 4851 2652 4907 hznreticis
2681 4851 2738 4906 in
2765 4852 2984 4907 nomine
3013 4860 3216 4908 sanctae
3263 4852 3536 4908 Trinitatis
3580 4852 3895 4924 baptizatos

2285 4955 2392 4996 non
2423 4939 2684 5012 baptizari
2713 4940 2931 4996 debere.
2964 4941 3034 4995 Et
3059 4941 3306 4997 Zosimus
3332 4941 3402 4996 ad
3439 4941 3733 4999 universos
3765 4944 3894 5016 epi-

2284 5043 2482 5100 scopos
2511 5045 2609 5100 per
2638 5027 2842 5084 Gallias
2871 5037 2924 5085 et
2952 5037 3160 5101 septem
3191 5029 3500 5102 provincias
3533 5031 3888 5100 constitutos,

2283 5117 2530 5172 decretas
2557 5117 2684 5173 inde
2709 5117 3024 5190 disciplinas
3051 5119 3423 5191 promulgatas
3466 5118 3679 5174 direxit.
3724 5120 3895 5177 Boni-

2282 5205 2452 5262 facins
2483 5222 2698 5279 quoque
2728 5207 2800 5263 ad
2828 5207 3111 5264 Rusticum
3125 5208 3538 5264 Narbonensem
3561 5208 3893 5282 episcopum

2280 5295 2407 5351 hinc
2435 5294 2509 5350 ita
2536 5295 2665 5351 dicit
2695 5295 2880 5369 (epist.
2923 5299 2976 5362 3,
3025 5297 3097 5353 ad
3124 5297 3432 5370 Hilarium)
3467 5313 3481 5350 :
3516 5319 3538 5344 «
3573 5297 3746 5366 Nulli,
3795 5299 3891 5354 in-

2282 5383 2492 5455 quiens,
2524 5383 2738 5440 videtur
2764 5383 3039 5458 incognita
3068 5385 3263 5456 synodi
3293 5383 3600 5442 constitutio
3617 5384 3888 5452 Nicaeum,

2279 5490 2400 5546 quae
2428 5473 2500 5530 ita
2529 5472 2792 5546 praecipit,
2822 5482 2880 5530 ut
2911 5474 3101 5530 eadem
3132 5473 3355 5546 proprie
3383 5473 3552 5531 verba
3569 5489 3848 5546 ponamus
3875 5494 3889 5529 :

2278 5562 2384 5618 Per
2427 5577 2866 5637 unamquamque
2913 5561 3250 5636 provinciam
3290 5563 3378 5634 jus
3425 5563 3890 5637 metropolitanos
