4072 6324
231 265 333 320 321

916 263 1161 322 OPUSC.
1205 263 1296 320 ET
1353 263 1570 322 EPIST.
1621 265 1696 321 IN
1750 265 1979 322 CAUSA
2035 263 2378 324 HINCMARI
2434 267 2736 326 LAUDUN.

3360 325 3366 330 .
3433 276 3538 333 322

235 385 484 460 singulos
516 387 724 443 habere
745 386 972 454 debere,
997 405 1100 445 nec
1119 388 1377 462 cuiquam
1397 389 1536 445 duas
1566 406 1688 446 esse
1711 389 1839 444 sub-
1869 388 1925 450 A
1945 395 2166 445 tuerunt
2194 391 2564 461 praesumitur,
2599 392 2716 447 sine
2739 394 3082 450 cunctatione
3113 403 3382 452 cassatur.
3420 417 3444 448 »
3477 399 3547 453 Ει

227 475 420 543 jectas.
447 473 610 545 Quod
633 475 734 543 illi,
760 476 888 549 quia
907 477 1066 533 aliter
1085 479 1422 535 credendum
1456 495 1568 550 non
1581 486 1683 546 est,
1718 495 1840 534 ser-

236 563 477 619 vandum
506 571 700 621 sancto
731 565 934 636 Spiritu
987 575 1321 640 suggerente
1365 566 1584 622 sibimet
1611 583 1842 623 censue-

242 659 384 708 runt.
426 673 450 704 ι
489 653 560 708 Et
599 653 766 724 paulo
813 663 937 726 post
970 671 983 711 :
1023 676 1046 706 α
1081 655 1241 725 Quod
1287 655 1494 713 idcirco
1523 656 1756 713 dicimus
1783 663 1842 710 ut

245 741 498 796 advertat
528 742 770 798 charitas
819 751 912 798 tua
940 744 1081 800 adeo
1126 761 1230 801 nos
1257 759 1532 801 canonum
1567 754 1844 817 praecepta

239 843 486 896 servare,
521 837 580 885 ut
607 831 685 886 ita
729 831 1044 888 constitutio
1092 850 1309 906 quoque
1357 841 1547 890 nostra
1575 833 1802 890 diﬂiniat
1825 878 1838 900 ,

239 925 508 989 quatenus
529 919 937 992 metrOpolitani
967 921 1050 976 sui
1079 936 1421 994 unaquaeque
1469 923 1751 995 provincia
1785 922 1843 978 in

239 1006 495 1062 omnibus
543 1008 711 1068 rebus
757 1009 1159 1066 ordinationem
1189 1019 1486 1083 exspectet.
1525 1033 1547 1062 ν
1599 1013 1668 1066 Et
1713 1012 1842 1068 Coe-

239 1094 470 1151 lestinus
499 1095 571 1151 ad
617 1097 905 1154 universos
935 1099 1224 1170 episcopos
1266 1117 1366 1171 per
1394 1099 1761 1156 Viennensem
1791 1108 1844 1156 et

239 1184 666 1241 Narbonensem
684 1186 1027 1258 provinciam
1065 1187 1389 1244 constitutos
1429 1189 1618 1244 scribit
1651 1189 1843 1262 (epist.

237 1272 308 1344 l),
363 1273 621 1329 similiter
647 1281 702 1330 et
730 1275 802 1330 ad
833 1275 1126 1332 universos
1155 1277 1446 1348 episcOpos
1459 1294 1559 1348 per
1589 1277 1844 1350 Apuliam

238 1369 291 1417 et
319 1359 640 1418 Calabriam
667 1363 992 1420 constitutos
1013 1365 1203 1438 (epist.
1243 1366 1302 1437 2)
1335 1382 1349 1421 :
1397 1387 1418 1417 α
1443 1365 1612 1434 Nulli,
1647 1366 1839 1438 inquit,

239 1450 516 1507 sacerdoti
537 1467 669 1508 suos
688 1451 854 1509 liceat
872 1469 1112 1509 canones
1129 1454 1409 1526 ignorare,
1424 1470 1527 1510 nec
1545 1454 1844 1527 quidquam

238 1537 423 1596 facere
474 1539 623 1612 quod
671 1541 893 1596 Patrum
941 1541 1116 1614 possit
1163 1543 1370 1614 regulis
1415 1542 1658 1599 obviare.
1710 1542 1846 1612 Quae

239 1627 383 1683 enim
414 1644 450 1682 a
479 1627 640 1684 nobis
693 1645 784 1686 res
813 1630 984 1704 digna
1029 1631 1360 1699 servabitur,
1412 1630 1458 1686 si
1486 1631 1844 1688 decretalium

1948 478 2078 534 item
2105 477 2251 534 idem
2280 480 2351 535 ad
2381 481 2634 536 eumdem
2655 481 2835 552 (ibid.,
2867 482 3028 553 paulo
3073 485 3360 556 superius:
3384 506 3408 538 ι
3443 485 3544 541 Illa

1947 567 2298 624 Nicanorum
2347 585 2619 625 canonum
2666 587 2766 641 per
2813 578 3063 628 sanctum
3107 589 3236 629 vere
3283 573 3543 645 Spiritum

1948 655 2199 712 ordinata
2227 657 2466 714 conditio
2509 657 2658 713 nulla
2705 674 2948 731 unquam
2977 667 3060 723 est
3091 669 3244 731 parte
3273 662 3538 717 solubilis.

1945 745 2112 801 Nulla
2139 745 2355 801 sibimet
2383 747 2452 802 de
2495 746 2945 818 multiplicatione
2974 749 3419 822 congregationis
3447 768 3544 823 sy-

1947 833 2168 889 nodalia
2208 835 2440 892 concilia
2486 836 2856 907 blandiantur,
2911 853 3092 910 neque
3137 839 3396 895 trecentis
3436 839 3544 894 illis

1947 921 2138 978 decem
2165 930 2327 996 atque
2357 932 2482 980 octo
2513 925 2814 998 episcOpis,
2846 925 3244 998 quantumlibet
3271 927 3546 998 copiosior

1945 1027 2204 1067 numerus
2233 1013 2601 1081 sacerdotum,
2633 1014 2721 1070 vel
2749 1029 3074 1087 comparare
3103 1031 3163 1071 se
3207 1017 3426 1084 audeat,
3458 1017 3546 1074 vel

1946 1099 2208 1172 praeferre
2242 1118 2256 1156 :
2287 1117 2412 1157 cum
2437 1109 2588 1158 tanto
2617 1101 2875 1159 divinitus
2903 1103 3195 1178 privilegio
3223 1105 3449 1161 Niczena
3479 1105 3548 1160 sit

1947 1189 2189 1259 synodus
2217 1198 2538 1246 consecrata
2556 1233 2569 1257 ,
2603 1199 2662 1246 ut
2689 1191 2804 1247 sive
2831 1207 2934 1262 per
2959 1193 3272 1264 pauciores,
3302 1193 3417 1250 sive
3446 1209 3547 1265 per

1945 1275 2130 1346 plures
2149 1277 2759 1348 Ecclesiasticajudicia
2779 1279 3146 1347 celebrentur,
3160 1282 3310 1336 omni
3329 1281 3546 1352 penitus

1946 1367 2270 1422 auctoritate
2315 1367 2385 1422 sit
2430 1383 2682 1436 vacuum,
2733 1369 2999 1441 quidquid
3027 1370 3098 1424 ab
3136 1369 3358 1426 illorum
3384 1371 3548 1427 fuerit

1945 1454 2325 1510 constitutione
2353 1456 2652 1512 diversum.
2681 1478 2704 1508 ι
2738 1458 2806 1512 Ει
2826 1457 2957 1512 item
2978 1457 3124 1512 idem
3152 1459 3221 1512 ad
3249 1458 3544 1514 Maximum

1943 1542 2342 1598 Antiochenum
2365 1544 2552 1616 (epist.
2579 1545 2670 1617 66)
2703 1562 2716 1598 :
2747 1567 2770 1596 α
2807 1545 3104 1617 Quidquid,
3130 1545 3323 1618 inquit,
3349 1554 3546 1618 praeter

1945 1631 2211 1701 speciales
2231 1647 2428 1688 causas
2457 1633 2804 1704 synodalium
2825 1633 3182 1690 conciliorum
3211 1635 3282 1689 ad
3311 1651 3543 1692 examen

238 1731 434 1772 norma
463 1717 887 1774 constitutorum
933 1735 1034 1791 pro
1086 1718 1398 1792 aliquorum
1425 1720 1581 1776 libitu
1623 1720 1842 1778 licentia
1869 1743 1924 1804 Β
1946 1719 2256 1792 episcopale
2303 1719 2564 1788 defertur,
2595 1729 2776 1792 potest
2805 1723 3042 1795 aliquam
3073 1722 3408 1792 dijudicandi
3435 1725 3542 1780 ba-

236 1805 454 1877 p0pulis
481 1807 757 1878 permissa
784 1807 1112 1881 frangatur?
1147 1829 1169 1859 υ

302 1893 374 1948 Et
402 1910 516 1950 non
550 1895 732 1952 solum
761 1895 852 1952 isti
883 1897 967 1952 sui
997 1897 1323 1954 decessores
1351 1913 1638 1954 sacrorum
1667 1914 1840 1955 cauo-

235 1997 386 2050 num,
434 1983 505 2038 de
556 2000 792 2055 quorum
841 1985 1146 2057 disciplinis
1193 1986 1493 2042 decretalia
1547 1987 1841 2044 constituta

235 2071 756 2146 promulgaverunt,
806 2074 912 2130 hoc
955 2075 1122 2130 modo
1179 2083 1236 2130 ut
1297 2075 1538 2146 praemisi
1560 2118 1573 2144 ,
1615 2077 1840 2132 eosdem

235 2175 424 2216 sacros
475 2177 719 2218 canones
767 2163 838 2218 ad
877 2163 1259 2220 auctoritatem
1308 2165 1614 2232 duxerunt;
1659 2164 1759 2220 sed
1787 2171 1840 2220 et

235 2247 512 2305 Damasus
545 2250 616 2306 ad
648 2245 935 2306 Paulinum
950 2252 1140 2326 (epist.
1163 2253 1240 2325 4),
1271 2253 1347 2308 ita
1369 2253 1426 2308 in
1455 2253 1840 2309 observatione

233 2353 524 2394 sacrorum
550 2338 900 2396 Nicaenorum
943 2357 1235 2410 canonum,
1269 2341 1410 2398 sicut
1440 2349 1492 2398 et
1521 2341 1577 2397 in
1605 2341 1734 2410 ﬁde,
1767 2341 1840 2397 ad

232 2425 545 2484 Ecclesium
591 2429 886 2486 redeuntes
933 2429 1285 2487 subscribere
1327 2431 1508 2500 jussit,
1562 2447 1755 2486 verum
1785 2423 1840 2486 et

233 2531 589 2573 successores
637 2518 880 2588 ejusdem
927 2518 1071 2574 beati
1115 2519 1330 2586 Leonis,
1421 2528 1479 2574 ut
1525 2519 1594 2576 de
1653 2518 1838 2574 multis

233 2606 504 2676 quosdam
533 2606 820 2679 designem
850 2623 917 2662 ex
945 2607 1185 2677 nomine,
1205 2607 1426 2664 Hilarus
1449 2607 1678 2676 scilicet,
1705 2609 1841 2664 Sim-

233 2693 448 2764 plicius,
510 2695 682 2764 Felix,
747 2695 1021 2763 Gelasius,
1087 2697 1468 2768 Symmachus,
1520 2696 1833 2764 Hormisda,

233 2790 284 2836 et
309 2783 509 2838 beatus
560 2783 897 2857 Gregorius,
949 2785 1175 2840 eosdem
1218 2802 1409 2842 sacros
1439 2801 1706 2856 canones,
1739 2787 1838 2842 sed

233 2879 283 2926 et
308 2871 420 2927 alia
453 2872 690 2929 concilia
719 2891 842 2946 qua:
869 2873 1143 2931 catholica
1180 2874 1434 2931 Ecclesia
1465 2874 1674 2946 recipit,
1713 2892 1836 2931 ser-

232 2969 320 3016 vat
349 2977 418 3018 ac
447 2969 766 3031 veneratur,
821 2969 874 3018 et
915 2963 1219 3034 apostolica
1274 2964 1434 3019 sedes
1482 2963 1667 3020 docuit
1713 2981 1837 3020 esse

232 3051 524 3118 servanda,
557 3050 616 3105 in
645 3051 758 3106 suis
788 3052 1040 3122 decretis,
1067 3069 1189 3124 qua;
1218 3069 1284 3108 ex
1315 3069 1505 3109 eorum
1535 3053 1838 3124 disciplinis

231 3139 742 3213 promulgaverunt,
790 3141 860 3196 ad
909 3142 1290 3198 auctoritatem
1335 3143 1628 3212 deducunt,
1643 3143 1836 3214 praeci-

232 3227 444 3299 pientes
500 3236 561 3283 ut
605 3228 663 3283 in
711 3229 944 3303 singulis
993 3231 1167 3288 sacris
1214 3231 1499 3287 ordinibus
1523 3271 1537 3299 ,
1584 3239 1748 3303 atque
1779 3231 1836 3286 in

233 3316 463 3390 singulis
493 3333 775 3374 sacrorum
819 3318 1073 3374 ordinum
1103 3319 1478 3392 dignitatibus,
1513 3319 1836 3376 canonicam

232 3421 484 3462 normam
510 3415 722 3477 tenere,
775 3423 1000 3465 servare
1049 3417 1213 3480 atque
1245 3407 1400 3480 sequi
1429 3415 1750 3479 procurent,
1781 3414 1834 3462 et

233 3495 366 3550 nulli
411 3496 484 3550 ab
534 3513 728 3551 eorum
775 3497 1158 3554 constitutione
1202 3497 1423 3553 deviare
1460 3505 1828 3568 praesumant,

234 3584 476 3657 nullique
527 3585 738 3641 eisdem
785 3586 960 3642 sacris
1007 3586 1308 3643 canonibus
1357 3586 1578 3657 impune
1607 3585 1833 3642 obviare

231 3672 580 3744 pmvaleant,
613 3673 749 3729 nulli
777 3675 942 3730 etiam
990 3691 1150 3730 suum
1179 3675 1468 3730 arbitrium
1522 3675 1592 3730 ad
1623 3674 1831 3747 quosli-

233 3759 320 3816 bet
355 3761 687 3832 judicaudos
733 3771 1052 3836 sequantur,
1107 3765 1206 3819 sed
1253 3780 1353 3834 per
1399 3771 1611 3820 rectum
1640 3779 1833 3818 eorum

233 3851 500 3908 tramitem
544 3868 656 3908 non
694 3853 1029 3909 declinantes
1085 3853 1154 3908 ad
1211 3853 1496 3908 dexteram
1551 3869 1729 3924 neque
1759 3852 1830 3908 ad

231 3937 505 3996 sinistram
551 3939 825 4010 incedant,
887 3950 940 3997 et
995 3940 1214 4014 singuli,
1267 3942 1408 3998 sicut
1451 3941 1619 3996 iidem
1666 3957 1831 3997 vene-

231 4029 384 4084 randi
431 4045 675 4086 canones
721 4030 1106 4100 decreverunt,
1150 4031 1539 4098 obedientiam,
1587 4045 1753 4102 quam
1795 4045 1829 4086 a

233 4117 340 4172 suis
366 4118 676 4174 minoribus
724 4119 966 4192 exigunt,
1019 4119 1134 4174 suis
1180 4119 1481 4189 majoribus
1512 4127 1830 4174 reverenter

231 4204 562 4278 dependant,
597 4215 650 4263 et
681 4207 819 4264 sicut
847 4224 958 4264 non
993 4209 1181 4265 volunt
1217 4207 1406 4281 gravis
1436 4208 1620 4264 oneris
1651 4207 1829 4264 sarci-

231 4310 354 4351 nam
381 4296 553 4366 ferre,
587 4295 664 4352 ita
691 4313 804 4353 non
831 4297 1074 4353 audeant
1103 4297 1226 4353 aliis
1241 4297 1587 4368 importabile
1616 4297 1830 4368 pondus

229 4383 524 4457 imponere,
559 4401 664 4442 nec
703 4386 773 4442 de
819 4385 1071 4460 obscuris
1117 4386 1205 4442 vel
1235 4385 1414 4441 dubiis
1457 4385 1823 4454 constituere,

1941 1807 2075 1864 bere
2105 1809 2393 1876 rationem,
2427 1809 2471 1864 si
2502 1808 2636 1864 nihil
2666 1811 2736 1866 de
2783 1827 2848 1866 eo
2878 1819 2960 1867 est
2987 1827 3022 1866 a
3049 1811 3253 1868 sanctis
3289 1811 3544 1868 Patribus

1939 1897 2087 1968 apud
2117 1897 2397 1954 Nicaenam
2425 1897 2730 1954 difﬁnitum.
2764 1899 2905 1954 Nam
2935 1899 3082 1972 quod
3111 1900 3182 1956 ab
3213 1899 3432 1956 illorum
3455 1916 3544 1956 re-

1938 1985 2085 2058 gulis
2128 1994 2182 2042 et
2245 1987 2631 2043 constitutione
2675 1987 2980 2054 discordat,
3035 1988 3350 2060 apostolicae
3394 1989 3544 2045 sedis

1939 2089 2219 2146 nunquam
2237 2075 2438 2146 poterit
2458 2075 2706 2132 obtinere
2727 2092 3078 2133 consensum.
3106 2097 3129 2127 ι)
3155 2078 3224 2133 Et
3251 2076 3550 2134 Chalcedo-

1937 2179 2107 2218 nense
2137 2163 2428 2220 concilium
2459 2163 2594 2220 dicit
2623 2164 2774 2238 (erm.
2802 2165 2878 2238 l):
2906 2187 2930 2217 π
2963 2165 3206 2240 Regulas
3235 2173 3543 2222 sanctorum

1937 2252 2180 2317 Patrum,
2211 2269 2312 2324 per
2343 2253 2556 2326 singula
2575 2270 2718 2310 nunc
2745 2270 2918 2326 usque
2947 2253 3178 2311 concilia
3199 2255 3541 2322 constitutas,

1936 2341 2220 2412 proprium
2252 2341 2422 2397 robur
2451 2342 2697 2398 obtinere
2727 2343 3096 2398 decrevimus.
3125 2363 3148 2393 υ
3173 2343 3244 2398 Et
3268 2343 3402 2398 item
3431 2344 3540 2398 Leo

1938 2429 2010 2483 ad
2039 2430 2387 2486 Anastasium
2433 2430 2565 2487 dicit
2605 2431 2963 2504 (epis-LS8):
2999 2452 3022 2482 ς
3059 2431 3370 2487 Secundum
3414 2447 3540 2486 san-

1938 2524 2150 2572 ctorum
2179 2519 2400 2574 Patrum
2447 2535 2686 2576 canones
2733 2519 2936 2590 Spiritu
2967 2518 3068 2574 Dei
3097 2519 3345 2575 conditos
3375 2527 3429 2574 et
3457 2527 3540 2576 to—

1936 2605 2042 2660 tius
2089 2607 2278 2662 mundi
2323 2607 2635 2664 reverentia
2676 2615 3046 2678 consecratos,
3088 2608 3540 2680 metropolitanos

1939 2694 2282 2768 singularum
2308 2696 2708 2767 provinciarum
2729 2697 3040 2769 episcopos,
3073 2697 3270 2769 quibus
3301 2714 3368 2752 ex
3396 2697 3544 2752 dele-

1937 2785 2154 2857 gatione
2200 2794 2389 2860 nostra
2431 2785 2784 2841 fraternitatis
2825 2793 2934 2842 tuae
2980 2802 3114 2842 cura
3159 2785 3534 2857 praetenditur,

1931 2873 2022 2942 jus
2051 2873 2261 2930 traditae
2309 2873 2414 2930 sibi
2462 2875 2758 2946 antiquitus
2805 2873 3082 2948 dignitatis
3127 2873 3541 2930 intermeratum

1937 2963 2143 3018 habere
2206 2963 2588 3033 decernimus,
2652 2963 2728 3018 ita
2776 2971 2834 3018 ut
2876 2978 2910 3018 a
2961 2961 3166 3036 regulis
3221 2963 3540 3035 praestitutis

1937 3051 2090 3106 nulla
2145 3059 2236 3106 aut
2307 3051 2646 3126 negligentia
2711 3059 2804 3108 aut
2871 3051 3299 3123 praesumptione
3355 3052 3540 3108 disce-

1866 3105 1915 3169 ί)
1937 3105 2086 3196 agna;
2125 3161 2148 3190 η

2005 3230 2072 3284 Et
2104 3227 2232 3300 quia
2273 3243 2382 3284 non
2431 3229 2662 3285 necesse
2709 3236 2791 3285 est
2835 3229 2934 3284 tibi
2985 3228 3184 3301 exponi
3231 3229 3302 3284 ab
3359 3227 3542 3302 aliquo

1936 3316 2067 3388 quid
2113 3316 2416 3390 intelligere
2465 3317 2670 3372 debeas
2718 3317 2775 3372 in
2821 3333 2886 3374 eo
2935 3318 3082 3390 quod
3109 3317 3239 3374 dicit
3267 3335 3302 3373 (ι
3329 3319 3541 3390 regulis

1931 3407 2294 3478 praestitutis,
2324 3405 2532 3476 inspice
2550 3422 2822 3462 canonum
2841 3406 3030 3476 libros,
3056 3414 3108 3462 et
3128 3405 3338 3462 videbis
3358 3406 3540 3462 omnia

1934 3478 2028 3549 illa
2056 3495 2306 3560 concilia,
2324 3511 2446 3567 quae
2475 3511 2505 3550 a
2545 3495 2842 3566 majoribus
2874 3496 3143 3552 servanda
3173 3496 3538 3566 suscepimus,

1935 3584 2206 3640 celebrata
2253 3591 2378 3639 ante
2427 3584 2936 3640 Chalcedonensem
2965 3584 3256 3656 synodum,
3293 3601 3416 3656 qua
3445 3584 3543 3640 de-

1935 3672 2104 3729 crevit
2125 3673 2349 3744 regulas
2370 3681 2680 3736 sanctorum
2698 3673 2923 3728 Patrum
2949 3689 3048 3744 per
3064 3672 3280 3745 singula
3313 3680 3539 3728 eatenus

1933 3760 2162 3818 concilia
2193 3761 2512 3817 constitutas
2541 3761 2824 3833 proprium
2853 3762 3025 3818 robu‘r
3054 3761 3325 3830 obtinere,
3361 3777 3393 3816 a
3422 3761 3541 3834 qui-

1932 3850 2036 3905 bus
2058 3850 2311 3906 omnibus
2329 3851 2440 3906 Leo
2461 3850 2707 3922 praecipit
2726 3841 3541 3924 metrOpolitauos'singularum

1932 3939 2334 4010 provinciarum
2386 3939 2676 4012 episcopos
2725 3939 2874 3995 nulla
2925 3948 3018 3996 aut
3064 3939 3402 4013 negligentia
3447 3946 3541 3994 aut

1931 4029 2352 4100 praesumptione
2373 4029 2677 4085 discedere.
2701 4030 2768 4084 Et
2791 4029 2916 4084 hinc
2937 4029 3192 4085 Gelasius
3213 4029 3268 4083 in
3288 4026 3538 4102 generali

1931 4116 2154 4174 decreto
2174 4117 2242 4172 ad
2271 4134 2462 4172 omnes
2495 4117 2785 4188 episcOpos
2815 4117 2883 4172 de
2915 4117 3172 4172 institutis
3203 4115 3538 4173 ecclesiasti-

1929 4205 2008 4260 cis
2035 4205 2164 4260 dicit
2193 4206 2381 4278 (epist.
2416 4205 2471 4276 6)
2506 4221 2520 4258 :
2558 4225 2580 4255 α
2619 4205 2754 4259 Cum
2800 4203 2960 4258 nobis
2988 4212 3175 4260 contra
3215 4204 3535 4259 salutarium

1929 4293 2295 4349 reverentiam
2323 4292 2645 4366 regularum
2679 4290 2964 4363 cupiamus
2993 4299 3197 4348 temere
3238 4291 3314 4346 nil
3341 4291 3529 4359 licere,

1929 4389 1982 4437 et
2011 4397 2135 4438 cum
2165 4382 2325 4437 sedes
2363 4381 2660 4453 apostolica
2701 4397 2867 4452 super
2895 4381 2982 4436 his
3010 4380 3282 4450 omnibus,
3317 4379 3532 4436 favente

229 4475 369 4546 quod
395 4475 689 4546 praeceptis
738 4475 1072 4548 evangelicis
1119 4475 1458 4532 contrarium
1505 4482 1558 4530 et
1591 4473 1828 4530 decretis
1855 4463 1909 4524 D
1931 4470 2184 4540 Domino,
2219 4487 2340 4543 quae
2385 4471 2630 4542 paternis
2677 4469 2980 4526 canonibus
3011 4478 3136 4526 sunt
3161 4468 3405 4542 praefixa,
3440 4468 3532 4540 pio

228 4571 542 4620 sanctorum
570 4563 880 4621 inveniatur
909 4565 1202 4620 adversum
1224 4605 1238 4634 ,
1273 4571 1326 4620 et
1367 4563 1566 4636 singuli
1595 4580 1822 4620 mensu-

226 4667 340 4708 ram
370 4661 425 4710 et
453 4654 708 4710 ordinem
751 4669 786 4708 a
833 4655 950 4710 Deo
998 4653 1102 4709 sibi
1143 4655 1425 4710 decretum
1471 4670 1570 4726 per
1599 4653 1825 4710 eosdem

230 4755 412 4800 sacros
443 4758 688 4800 canones
736 4751 974 4800 servent.
1025 4743 1134 4799 Sed
1183 4741 1438 4820 etisdem
1469 4742 1662 4799 beatus
1691 4743 1820 4812 Leo,

231 4831 475 4889 scribens
521 4833 591 4887 ad
637 4831 948 4904 Anatolium
1000 4831 1660 4904 Constantinopolitanum
1702 4833 1824 4903 epi-

229 4935 448 4992 scopum
478 4921 668 4994 (epist.
703 4902 828 4994 58).,
862 4936 1054 4978 sacros
1081 4902 1445 4989 canonesfde
1477 4937 1707 4994 quorum
1735 4902 1825 4976 di-
1858 4961 1862 4966 .

224 5009 464 5082 sciplinis
495 5026 599 5066 sua
645 5009 946 5067 decretalia
987 5011 1282 5068 constituta
1327 5010 1718 5082 promulgavit,
1749 5009 1826 5066 ita

225 5107 614 5155 commemorat
647 5115 660 5156 :
701 5121 723 5151 κ
760 5099 964 5170 Sancti,
997 5099 1269 5172 inquiens,
1295 5099 1375 5154 illi
1403 5108 1456 5155 et
1485 5098 1825 5156 venerabiles

227 5185 430 5256 Patres,
465 5189 562 5262 qui
587 5187 644 5244 in
673 5188 810 5244 urbe
837 5188 1082 5258 Nicena,
1117 5189 1392 5262 sacrilego
1413 5189 1545 5244 Ario
1575 5205 1700 5246 cum
1726 5204 1826 5244 sua

221 5273 495 5348 impietate
527 5278 804 5347 damnato,
836 5293 1126 5333 mansuras
1151 5294 1326 5350 usque
1356 5277 1412 5331 in
1442 5276 1608 5332 ﬁnem
1637 5275 1826 5334 mundi

224 5362 372 5439 leges
429 5366 930 5424 ecclesiasticorum
983 5383 1256 5426 canonum
1313 5365 1712 5436 condiderunt,
1773 5374 1828 5422 et

225 5456 364 5526 apud
389 5471 493 5514 nos
522 5457 581 5512 in
609 5465 724 5515 toto
753 5459 890 5514 orbe
937 5465 1209 5514 terrarum
1256 5454 1312 5510 in
1342 5455 1455 5510 suis
1485 5455 1826 5512 constitutio-

223 5543 379 5602 nibus
405 5547 616 5617 vivunt,
648 5554 702 5606 et
731 5546 778 5604 si
809 5546 941 5622 quid
971 5563 1204 5621 usquam
1231 5545 1392 5604 aliter
1419 5560 1587 5618 quam
1613 5545 1693 5603 illi
1725 5553 1828 5602 sta-

1935 4560 2241 4632 devotoque
2270 4559 2488 4616 studeat
2515 4568 2701 4617 tenere
2732 4559 3034 4633 proposito,
3068 4559 3200 4615 satis
3249 4557 3534 4631 indignum

1935 4657 2018 4705 est
2047 4649 2340 4722 quemdam
2386 4650 2474 4706 vel
2517 4649 2854 4722 pontificum,
2905 4649 2992 4706 vel
3039 4647 3292 4704 ordinum
3335 4647 3534 4702 subse-

1933 4739 2235 4810 quentium,
2274 4738 2415 4796 hanc
2457 4738 2863 4796 observantiam
2902 4735 3158 4803 refutare,
3192 4749 3357 4806 quam
3387 4735 3534 4792 beati

1932 4827 2078 4884 Petri
2108 4829 2296 4884 sedem
2325 4835 2378 4884 et
2408 4827 2563 4900 sequi
2591 4827 2772 4884 videat
2800 4833 2852 4882 et
2881 4825 3076 4880 docere
3110 4823 3387 4897 :satisque
3406 4840 3538 4882 con-

1933 4917 2157 4974 veniens
2205 4917 2275 4972 sit
2320 4923 2379 4972 ut
2424 4924 2596 4972 totum
2643 4931 2842 4986 corpus
2887 4912 3150 4970 Ecclesiae
3193 4912 3252 4969 in
3297 4914 3402 4972 hac
3448 4914 3529 4970 si-

1931 5005 2102 5062 bimet
2147 5005 2525 5063 observatione
2570 5003 2900 5072 concordet,
2951 5018 3116 5075 quam
3171 5001 3284 5061 illic
3339 5003 3532 5078 vigere

1932 5095 2267 5168 conspiciet,
2328 5095 2420 5150 ubi
2494 5091 2757 5150 Dominus
2813 5091 3079 5149 Ecclesiae
3133 5093 3300 5148 totius
3352 5093 3536 5164 posuit

1930 5185 2306 5258 principatum.
2343 5205 2366 5234 ι)
2400 5184 2470 5238 Et
2517 5189 2734 5238 sanctus
2772 5180 3076 5254 Gregorius
3103 5181 3176 5236 ad
3219 5179 3532 5238 Gallicanos

1931 5275 2178 5332 scribens
2217 5272 2504 5344 episcopos
2529 5315 2542 5338 ,
2575 5269 2719 5328 inter
2763 5270 2870 5327 alia
2918 5279 2973 5328 et
3015 5286 3140 5328 cum
3181 5269 3304 5326 aliis
3349 5269 3482 5326 dicit
3513 5284 3526 5325 :

1935 5385 1957 5416 α
1993 5363 2208 5429 Omnia,
2237 5360 2508 5434 inquiens,
2533 5377 2654 5433 quae
2675 5360 2880 5418 sanctis
2895 5358 3197 5418 canonibus
3227 5357 3366 5415 sicut
3382 5373 3530 5430 pre-

1929 5450 2160 5508 diximus
2209 5457 2334 5505 sunt
2403 5449 2656 5520 adversa,
2716 5450 2960 5508 districta
3018 5447 3118 5505 sub
3173 5445 3532 5504 anathematis

1926 5539 2342 5614 interpositione
2397 5539 2748 5600 damnentur.
2787 5561 2810 5593 ι
2847 5537 2954 5609 Qui
2997 5537 3194 5595 beatus
3221 5535 3527 5608 Gregorius
