  <div class='ocr_page' id='page_1' title='image "/cluster/home/n/w/nwhite01/storage/ocr_20150623/126/umn.31951002477419r/195.png"; bbox 0 0 4072 6298; ppageno 0'>
   <div class='ocr_carea' id='block_1_1' title="bbox 543 225 646 280">
    <p class='ocr_par' dir='ltr' id='par_1_1' title="bbox 543 225 646 280">
     <span class='ocr_line' id='line_1_1' title="bbox 543 225 646 280; baseline -0.01 -1"><span class='ocrx_word' id='word_1_1' title='bbox 543 225 646 280; x_wconf 77' lang='grc'>323</span> 
     </span>
    </p>
   </div>
   <div class='ocr_carea' id='block_1_2' title="bbox 1433 206 2846 270">
    <p class='ocr_par' dir='ltr' id='par_1_2' title="bbox 1433 206 2846 270">
     <span class='ocr_line' id='line_1_2' title="bbox 1433 206 2846 270; baseline -0.004 0"><span class='ocrx_word' id='word_1_2' title='bbox 1433 211 1776 270; x_wconf 80' lang='lat' dir='ltr'>HINCMARI</span> <span class='ocrx_word' id='word_1_3' title='bbox 1835 211 2240 269; x_wconf 83' lang='lat' dir='ltr'>RHEMENSIS</span> <span class='ocrx_word' id='word_1_4' title='bbox 2293 206 2846 266; x_wconf 83' lang='lat' dir='ltr'>ARCHIEPISCOPI.</span> 
     </span>
    </p>
   </div>
   <div class='ocr_carea' id='block_1_3' title="bbox 3741 207 3855 267">
    <p class='ocr_par' dir='ltr' id='par_1_3' title="bbox 3741 207 3855 267">
     <span class='ocr_line' id='line_1_3' title="bbox 3741 207 3855 267; baseline -0.018 -2"><span class='ocrx_word' id='word_1_5' title='bbox 3741 207 3855 267; x_wconf 71' lang='grc'>324</span> 
     </span>
    </p>
   </div>
   <div class='ocr_carea' id='block_1_4' title="bbox 539 329 3857 417">
    <p class='ocr_par' dir='ltr' id='par_1_4' title="bbox 539 329 3857 417">
     <span class='ocr_line' id='line_1_4' title="bbox 539 329 3857 417; baseline -0.005 -15"><span class='ocrx_word' id='word_1_6' title='bbox 539 357 916 417; x_wconf 63' lang='grc' dir='ltr'>εωρθηυωθτο</span> <span class='ocrx_word' id='word_1_7' title='bbox 946 340 1001 396; x_wconf 90' lang='lat' dir='ltr'>in</span> <span class='ocrx_word' id='word_1_8' title='bbox 1031 339 1147 396; x_wconf 86' lang='lat' dir='ltr'>suis</span> <span class='ocrx_word' id='word_1_9' title='bbox 1196 338 1562 395; x_wconf 81' lang='lat' dir='ltr'>decretalibus</span> <span class='ocrx_word' id='word_1_10' title='bbox 1593 338 1838 409; x_wconf 81' lang='lat' dir='ltr'>epistolis</span> <span class='ocrx_word' id='word_1_11' title='bbox 1867 337 2142 409; x_wconf 77' lang='lat' dir='ltr'>praestitu-</span> <span class='ocrx_word' id='word_1_12' title='bbox 2171 337 2230 399; x_wconf 82' lang='lat' dir='ltr'>A</span> <span class='ocrx_word' id='word_1_13' title='bbox 2251 344 2387 409; x_wconf 84' lang='lat' dir='ltr'>quas</span> <span class='ocrx_word' id='word_1_14' title='bbox 2417 335 2475 390; x_wconf 90' lang='lat' dir='ltr'>in</span> <span class='ocrx_word' id='word_1_15' title='bbox 2516 335 2596 392; x_wconf 89' lang='lat' dir='ltr'>eis</span> <span class='ocrx_word' id='word_1_16' title='bbox 2641 332 3033 392; x_wconf 80' lang='lat' dir='ltr'>constituendis</span> <span class='ocrx_word' id='word_1_17' title='bbox 3080 333 3331 390; x_wconf 81' lang='lat' dir='ltr'>homines</span> <span class='ocrx_word' id='word_1_18' title='bbox 3375 331 3546 390; x_wconf 83' lang='lat' dir='ltr'>secuti</span> <span class='ocrx_word' id='word_1_19' title='bbox 3591 331 3723 399; x_wconf 90' lang='lat' dir='ltr'>sint,</span> <span class='ocrx_word' id='word_1_20' title='bbox 3757 329 3857 386; x_wconf 91' lang='lat' dir='ltr'>ubi</span> 
     </span>
    </p>
   </div>
   <div class='ocr_carea' id='block_1_5' title="bbox 538 426 2144 502">
    <p class='ocr_par' dir='ltr' id='par_1_5' title="bbox 538 426 2144 502">
     <span class='ocr_line' id='line_1_5' title="bbox 538 426 2144 502; baseline -0.006 -13"><span class='ocrx_word' id='word_1_21' title='bbox 538 443 619 489; x_wconf 89' lang='lat' dir='ltr'>tas</span> <span class='ocrx_word' id='word_1_22' title='bbox 647 431 1000 488; x_wconf 90' lang='lat' dir='ltr'>conciliorum</span> <span class='ocrx_word' id='word_1_23' title='bbox 1030 429 1252 502; x_wconf 88' lang='lat' dir='ltr'>regulas</span> <span class='ocrx_word' id='word_1_24' title='bbox 1282 427 1585 494; x_wconf 89' lang='lat' dir='ltr'>observari,</span> <span class='ocrx_word' id='word_1_25' title='bbox 1621 435 1674 482; x_wconf 92' lang='lat' dir='ltr'>et</span> <span class='ocrx_word' id='word_1_26' title='bbox 1703 427 1770 480; x_wconf 91' lang='lat' dir='ltr'>ab</span> <span class='ocrx_word' id='word_1_27' title='bbox 1803 427 1882 482; x_wconf 91' lang='lat' dir='ltr'>eis</span> <span class='ocrx_word' id='word_1_28' title='bbox 1911 426 1966 481; x_wconf 90' lang='lat' dir='ltr'>in</span> <span class='ocrx_word' id='word_1_29' title='bbox 1995 426 2144 480; x_wconf 91' lang='lat' dir='ltr'>nullo</span> 
     </span>
    </p>
   </div>
   <div class='ocr_carea' id='block_1_6' title="bbox 537 515 2144 578">
    <p class='ocr_par' dir='ltr' id='par_1_6' title="bbox 537 515 2144 578">
     <span class='ocr_line' id='line_1_6' title="bbox 537 515 2144 578; baseline -0.005 0"><span class='ocrx_word' id='word_1_30' title='bbox 537 520 798 578; x_wconf 87' lang='lat' dir='ltr'>declinari</span> <span class='ocrx_word' id='word_1_31' title='bbox 829 519 1090 576; x_wconf 81' lang='lat' dir='ltr'>decernit.</span> <span class='ocrx_word' id='word_1_32' title='bbox 1123 519 1193 573; x_wconf 90' lang='lat' dir='ltr'>Et</span> <span class='ocrx_word' id='word_1_33' title='bbox 1238 517 1430 572; x_wconf 90' lang='lat' dir='ltr'>beatus</span> <span class='ocrx_word' id='word_1_34' title='bbox 1478 515 1772 572; x_wconf 89' lang='lat' dir='ltr'>Hormisda</span> <span class='ocrx_word' id='word_1_35' title='bbox 1817 523 2004 571; x_wconf 90' lang='lat' dir='ltr'>sancto</span> <span class='ocrx_word' id='word_1_36' title='bbox 2033 515 2144 570; x_wconf 84' lang='lat' dir='ltr'>Re-</span> 
     </span>
    </p>
   </div>
   <div class='ocr_carea' id='block_1_7' title="bbox 538 603 2146 684">
    <p class='ocr_par' dir='ltr' id='par_1_7' title="bbox 538 603 2146 684">
     <span class='ocr_line' id='line_1_7' title="bbox 538 603 2146 684; baseline -0.006 -18"><span class='ocrx_word' id='word_1_37' title='bbox 538 611 728 684; x_wconf 87' lang='lat' dir='ltr'>migio,</span> <span class='ocrx_word' id='word_1_38' title='bbox 776 609 926 666; x_wconf 86' lang='lat' dir='ltr'>vices</span> <span class='ocrx_word' id='word_1_39' title='bbox 972 607 1288 680; x_wconf 66' lang='lat' dir='ltr'>apostolicae</span> <span class='ocrx_word' id='word_1_40' title='bbox 1333 605 1480 661; x_wconf 89' lang='lat' dir='ltr'>sedis</span> <span class='ocrx_word' id='word_1_41' title='bbox 1529 605 1580 661; x_wconf 90' lang='lat' dir='ltr'>ei</span> <span class='ocrx_word' id='word_1_42' title='bbox 1611 603 1972 672; x_wconf 89' lang='lat' dir='ltr'>committens,</span> <span class='ocrx_word' id='word_1_43' title='bbox 2005 604 2146 658; x_wconf 89' lang='lat' dir='ltr'>inter</span> 
     </span>
    </p>
   </div>
   <div class='ocr_carea' id='block_1_8' title="bbox 537 693 2144 768">
    <p class='ocr_par' dir='ltr' id='par_1_8' title="bbox 537 693 2144 768">
     <span class='ocr_line' id='line_1_8' title="bbox 537 693 2144 768; baseline -0.006 -13"><span class='ocrx_word' id='word_1_44' title='bbox 537 699 643 755; x_wconf 87' lang='lat' dir='ltr'>alia</span> <span class='ocrx_word' id='word_1_45' title='bbox 672 699 746 754; x_wconf 89' lang='lat' dir='ltr'>ita</span> <span class='ocrx_word' id='word_1_46' title='bbox 774 697 994 768; x_wconf 84' lang='lat' dir='ltr'>scripsit</span> <span class='ocrx_word' id='word_1_47' title='bbox 1025 714 1039 750; x_wconf 93' lang='lat'><strong>:</strong></span> <span class='ocrx_word' id='word_1_48' title='bbox 1077 717 1100 748; x_wconf 73' lang='grc' dir='ltr'>σι</span> <span class='ocrx_word' id='word_1_49' title='bbox 1136 697 1400 751; x_wconf 88' lang='lat' dir='ltr'>Paternas</span> <span class='ocrx_word' id='word_1_50' title='bbox 1444 693 1651 750; x_wconf 87' lang='lat' dir='ltr'>scilicet</span> <span class='ocrx_word' id='word_1_51' title='bbox 1680 693 1921 766; x_wconf 90' lang='lat' dir='ltr'>regulas,</span> <span class='ocrx_word' id='word_1_52' title='bbox 1959 699 2012 747; x_wconf 92' lang='lat' dir='ltr'>et</span> <span class='ocrx_word' id='word_1_53' title='bbox 2041 693 2144 746; x_wconf 87' lang='lat' dir='ltr'>de-</span> 
     </span>
    </p>
   </div>
   <div class='ocr_carea' id='block_1_9' title="bbox 537 781 2145 849">
    <p class='ocr_par' dir='ltr' id='par_1_9' title="bbox 537 781 2145 849">
     <span class='ocr_line' id='line_1_9' title="bbox 537 781 2145 849; baseline -0.006 -5"><span class='ocrx_word' id='word_1_54' title='bbox 537 795 686 844; x_wconf 89' lang='lat' dir='ltr'>creta</span> <span class='ocrx_word' id='word_1_55' title='bbox 731 785 1091 842; x_wconf 85' lang='lat' dir='ltr'>sanctissimis</span> <span class='ocrx_word' id='word_1_56' title='bbox 1166 783 1389 839; x_wconf 78' lang='lat' dir='ltr'>diffinita</span> <span class='ocrx_word' id='word_1_57' title='bbox 1443 783 1712 849; x_wconf 88' lang='lat' dir='ltr'>conciliis,</span> <span class='ocrx_word' id='word_1_58' title='bbox 1772 781 1838 836; x_wconf 91' lang='lat' dir='ltr'>ab</span> <span class='ocrx_word' id='word_1_59' title='bbox 1893 781 2145 836; x_wconf 89' lang='lat' dir='ltr'>omnibus</span> 
     </span>
    </p>
   </div>
   <div class='ocr_carea' id='block_1_10' title="bbox 539 868 2146 944">
    <p class='ocr_par' dir='ltr' id='par_1_10' title="bbox 539 868 2146 944">
     <span class='ocr_line' id='line_1_10' title="bbox 539 868 2146 944; baseline -0.006 -12"><span class='ocrx_word' id='word_1_60' title='bbox 539 875 814 932; x_wconf 89' lang='lat' dir='ltr'>servanda</span> <span class='ocrx_word' id='word_1_61' title='bbox 845 874 1189 930; x_wconf 85' lang='lat' dir='ltr'>mandamus.</span> <span class='ocrx_word' id='word_1_62' title='bbox 1223 873 1285 926; x_wconf 88' lang='lat' dir='ltr'>In</span> <span class='ocrx_word' id='word_1_63' title='bbox 1305 871 1388 926; x_wconf 91' lang='lat' dir='ltr'>his</span> <span class='ocrx_word' id='word_1_64' title='bbox 1417 870 1756 944; x_wconf 84' lang='lat' dir='ltr'>vigilantiam</span> <span class='ocrx_word' id='word_1_65' title='bbox 1786 878 1952 939; x_wconf 88' lang='lat' dir='ltr'>tuam,</span> <span class='ocrx_word' id='word_1_66' title='bbox 1986 869 2042 923; x_wconf 92' lang='lat' dir='ltr'>in</span> <span class='ocrx_word' id='word_1_67' title='bbox 2060 868 2146 923; x_wconf 90' lang='lat' dir='ltr'>his</span> 
     </span>
    </p>
   </div>
   <div class='ocr_carea' id='block_1_11' title="bbox 539 957 2139 1022">
    <p class='ocr_par' dir='ltr' id='par_1_11' title="bbox 539 957 2139 1022">
     <span class='ocr_line' id='line_1_11' title="bbox 539 957 2139 1022; baseline -0.006 -1"><span class='ocrx_word' id='word_1_68' title='bbox 539 981 726 1022; x_wconf 88' lang='lat' dir='ltr'>curam</span> <span class='ocrx_word' id='word_1_69' title='bbox 756 971 809 1020; x_wconf 88' lang='lat' dir='ltr'>et</span> <span class='ocrx_word' id='word_1_70' title='bbox 837 963 1094 1018; x_wconf 65' lang='lat' dir='ltr'>fraterna:</span> <span class='ocrx_word' id='word_1_71' title='bbox 1119 961 1324 1016; x_wconf 87' lang='lat' dir='ltr'>monita</span> <span class='ocrx_word' id='word_1_72' title='bbox 1364 959 1757 1015; x_wconf 83' lang='lat' dir='ltr'>exhortationis</span> <span class='ocrx_word' id='word_1_73' title='bbox 1785 957 2139 1013; x_wconf 89' lang='lat' dir='ltr'>ostendimus.</span> 
     </span>
    </p>
   </div>
   <div class='ocr_carea' id='block_1_12' title="bbox 538 1045 2142 1125">
    <p class='ocr_par' dir='ltr' id='par_1_12' title="bbox 538 1045 2142 1125">
     <span class='ocr_line' id='line_1_12' title="bbox 538 1045 2142 1125; baseline -0.006 -16"><span class='ocrx_word' id='word_1_74' title='bbox 538 1054 636 1109; x_wconf 92' lang='lat' dir='ltr'>His</span> <span class='ocrx_word' id='word_1_75' title='bbox 681 1069 748 1110; x_wconf 87' lang='lat' dir='ltr'>ea</span> <span class='ocrx_word' id='word_1_76' title='bbox 789 1061 992 1125; x_wconf 89' lang='lat' dir='ltr'>quanta</span> <span class='ocrx_word' id='word_1_77' title='bbox 1057 1051 1282 1124; x_wconf 87' lang='lat' dir='ltr'>dignum</span> <span class='ocrx_word' id='word_1_78' title='bbox 1325 1055 1407 1104; x_wconf 91' lang='lat' dir='ltr'>est</span> <span class='ocrx_word' id='word_1_79' title='bbox 1475 1047 1785 1104; x_wconf 90' lang='lat' dir='ltr'>reverentia</span> <span class='ocrx_word' id='word_1_80' title='bbox 1839 1045 2142 1114; x_wconf 85' lang='lat' dir='ltr'>custoditis,</span> 
     </span>
    </p>
   </div>
   <div class='ocr_carea' id='block_1_13' title="bbox 538 1134 2146 1212">
    <p class='ocr_par' dir='ltr' id='par_1_13' title="bbox 538 1134 2146 1212">
     <span class='ocr_line' id='line_1_13' title="bbox 538 1134 2146 1212; baseline -0.006 -14"><span class='ocrx_word' id='word_1_81' title='bbox 538 1142 748 1198; x_wconf 92' lang='lat' dir='ltr'>nullum</span> <span class='ocrx_word' id='word_1_82' title='bbox 777 1139 1032 1212; x_wconf 87' lang='lat' dir='ltr'>relinquit</span> <span class='ocrx_word' id='word_1_83' title='bbox 1077 1139 1248 1209; x_wconf 71' lang='lat' dir='ltr'>culpae</span> <span class='ocrx_word' id='word_1_84' title='bbox 1296 1137 1474 1192; x_wconf 90' lang='lat' dir='ltr'>locum</span> <span class='ocrx_word' id='word_1_85' title='bbox 1524 1143 1724 1192; x_wconf 77' lang='lat' dir='ltr'>sanctae</span> <span class='ocrx_word' id='word_1_86' title='bbox 1753 1134 2146 1192; x_wconf 84' lang='lat' dir='ltr'>observationis</span> 
     </span>
    </p>
   </div>
   <div class='ocr_carea' id='block_1_14' title="bbox 538 1223 2146 1298">
    <p class='ocr_par' dir='ltr' id='par_1_14' title="bbox 538 1223 2146 1298">
     <span class='ocr_line' id='line_1_14' title="bbox 538 1223 2146 1298; baseline -0.006 -11"><span class='ocrx_word' id='word_1_87' title='bbox 538 1231 894 1288; x_wconf 89' lang='lat' dir='ltr'>obstaculum.</span> <span class='ocrx_word' id='word_1_88' title='bbox 929 1228 1012 1284; x_wconf 91' lang='lat' dir='ltr'>lbi</span> <span class='ocrx_word' id='word_1_89' title='bbox 1059 1227 1159 1293; x_wconf 81' lang='lat' dir='ltr'>fas,</span> <span class='ocrx_word' id='word_1_90' title='bbox 1206 1225 1471 1298; x_wconf 82' lang='lat' dir='ltr'>nefasque</span> <span class='ocrx_word' id='word_1_91' title='bbox 1520 1225 1880 1297; x_wconf 85' lang='lat' dir='ltr'>perscriptum</span> <span class='ocrx_word' id='word_1_92' title='bbox 1927 1232 2040 1292; x_wconf 88' lang='lat' dir='ltr'>est;</span> <span class='ocrx_word' id='word_1_93' title='bbox 2071 1223 2146 1278; x_wconf 90' lang='lat' dir='ltr'>ibi</span> 
     </span>
    </p>
   </div>
   <div class='ocr_carea' id='block_1_15' title="bbox 539 1311 2148 1392">
    <p class='ocr_par' dir='ltr' id='par_1_15' title="bbox 539 1311 2148 1392">
     <span class='ocr_line' id='line_1_15' title="bbox 539 1311 2148 1392; baseline -0.006 -16"><span class='ocrx_word' id='word_1_94' title='bbox 539 1318 874 1392; x_wconf 88' lang='lat' dir='ltr'>prohibitum</span> <span class='ocrx_word' id='word_1_95' title='bbox 914 1317 985 1372; x_wconf 88' lang='lat' dir='ltr'>ad</span> <span class='ocrx_word' id='word_1_96' title='bbox 1039 1315 1184 1387; x_wconf 91' lang='lat' dir='ltr'>quod</span> <span class='ocrx_word' id='word_1_97' title='bbox 1251 1314 1432 1369; x_wconf 90' lang='lat' dir='ltr'>nullus</span> <span class='ocrx_word' id='word_1_98' title='bbox 1489 1314 1683 1369; x_wconf 88' lang='lat' dir='ltr'>audeat</span> <span class='ocrx_word' id='word_1_99' title='bbox 1739 1313 2012 1384; x_wconf 79' lang='lat' dir='ltr'>aspirare,</span> <span class='ocrx_word' id='word_1_100' title='bbox 2070 1311 2148 1366; x_wconf 90' lang='lat' dir='ltr'>ibi</span> 
     </span>
    </p>
   </div>
   <div class='ocr_carea' id='block_1_16' title="bbox 539 1400 2143 1478">
    <p class='ocr_par' dir='ltr' id='par_1_16' title="bbox 539 1400 2143 1478">
     <span class='ocr_line' id='line_1_16' title="bbox 539 1400 2143 1478; baseline -0.006 -13"><span class='ocrx_word' id='word_1_101' title='bbox 539 1423 860 1465; x_wconf 90' lang='lat' dir='ltr'>concessum</span> <span class='ocrx_word' id='word_1_102' title='bbox 892 1404 1041 1478; x_wconf 92' lang='lat' dir='ltr'>quod</span> <span class='ocrx_word' id='word_1_103' title='bbox 1069 1403 1268 1460; x_wconf 85' lang='lat' dir='ltr'>debeat</span> <span class='ocrx_word' id='word_1_104' title='bbox 1295 1418 1452 1458; x_wconf 90' lang='lat' dir='ltr'>mens</span> <span class='ocrx_word' id='word_1_105' title='bbox 1491 1404 1606 1458; x_wconf 91' lang='lat' dir='ltr'>Deo</span> <span class='ocrx_word' id='word_1_106' title='bbox 1635 1400 1900 1474; x_wconf 83' lang='lat' dir='ltr'>placitura</span> <span class='ocrx_word' id='word_1_107' title='bbox 1928 1417 2143 1472; x_wconf 70' lang='lat' dir='ltr'>praesu-</span> 
     </span>
    </p>
   </div>
   <div class='ocr_carea' id='block_1_17' title="bbox 537 1511 773 1552">
    <p class='ocr_par' dir='ltr' id='par_1_17' title="bbox 537 1511 773 1552">
     <span class='ocr_line' id='line_1_17' title="bbox 537 1511 773 1552; baseline -0.004 -1"><span class='ocrx_word' id='word_1_108' title='bbox 537 1511 712 1552; x_wconf 91' lang='lat' dir='ltr'>mere.</span> <span class='ocrx_word' id='word_1_109' title='bbox 750 1516 773 1545; x_wconf 67' lang='grc' dir='ltr'><strong><em>ι</em></strong></span> 
     </span>
    </p>
   </div>
   <div class='ocr_carea' id='block_1_18' title="bbox 609 1579 2146 1653">
    <p class='ocr_par' dir='ltr' id='par_1_18' title="bbox 609 1579 2146 1653">
     <span class='ocr_line' id='line_1_18' title="bbox 609 1579 2146 1653; baseline -0.005 -14"><span class='ocrx_word' id='word_1_110' title='bbox 609 1584 726 1653; x_wconf 88' lang='lat' dir='ltr'>His,</span> <span class='ocrx_word' id='word_1_111' title='bbox 770 1582 958 1651; x_wconf 85' lang='lat' dir='ltr'>frater,</span> <span class='ocrx_word' id='word_1_112' title='bbox 1012 1597 1227 1653; x_wconf 90' lang='lat' dir='ltr'>appone</span> <span class='ocrx_word' id='word_1_113' title='bbox 1275 1597 1498 1636; x_wconf 88' lang='lat' dir='ltr'>sensum</span> <span class='ocrx_word' id='word_1_114' title='bbox 1547 1587 1719 1650; x_wconf 89' lang='lat' dir='ltr'>tuum,</span> <span class='ocrx_word' id='word_1_115' title='bbox 1769 1579 1856 1634; x_wconf 91' lang='lat' dir='ltr'>his</span> <span class='ocrx_word' id='word_1_116' title='bbox 1899 1593 2146 1649; x_wconf 89' lang='lat' dir='ltr'>suppone</span> 
     </span>
    </p>
   </div>
   <div class='ocr_carea' id='block_1_19' title="bbox 2247 420 3863 490">
    <p class='ocr_par' dir='ltr' id='par_1_19' title="bbox 2247 420 3863 490">
     <span class='ocr_line' id='line_1_19' title="bbox 2247 420 3863 490; baseline -0.003 -10"><span class='ocrx_word' id='word_1_117' title='bbox 2247 423 2474 480; x_wconf 80' lang='lat' dir='ltr'>facultas</span> <span class='ocrx_word' id='word_1_118' title='bbox 2521 423 2792 490; x_wconf 88' lang='lat' dir='ltr'>tribuitur,</span> <span class='ocrx_word' id='word_1_119' title='bbox 2852 422 2968 478; x_wconf 89' lang='lat' dir='ltr'>sine</span> <span class='ocrx_word' id='word_1_120' title='bbox 3023 422 3134 478; x_wconf 87' lang='lat' dir='ltr'>ulla</span> <span class='ocrx_word' id='word_1_121' title='bbox 3188 421 3521 478; x_wconf 85' lang='lat' dir='ltr'>dubitatione</span> <span class='ocrx_word' id='word_1_122' title='bbox 3547 420 3863 478; x_wconf 90' lang='lat' dir='ltr'>resecanda.</span> 
     </span>
    </p>
   </div>
   <div class='ocr_carea' id='block_1_20' title="bbox 2253 506 3861 583">
    <p class='ocr_par' dir='ltr' id='par_1_20' title="bbox 2253 506 3861 583">
     <span class='ocr_line' id='line_1_20' title="bbox 2253 506 3861 583; baseline -0.002 -15"><span class='ocrx_word' id='word_1_123' title='bbox 2253 512 2524 568; x_wconf 85' lang='lat' dir='ltr'>existimo.</span> <span class='ocrx_word' id='word_1_124' title='bbox 2565 535 2584 562; x_wconf 84' lang='lat'><strong>»</strong></span> <span class='ocrx_word' id='word_1_125' title='bbox 2608 506 2629 519; x_wconf 70' lang='grc'><strong><em>⁸</em></strong></span> <span class='ocrx_word' id='word_1_126' title='bbox 2662 513 2730 568; x_wconf 90' lang='lat' dir='ltr'>Et</span> <span class='ocrx_word' id='word_1_127' title='bbox 2779 513 3048 567; x_wconf 82' lang='lat' dir='ltr'>Damasus</span> <span class='ocrx_word' id='word_1_128' title='bbox 3101 527 3258 583; x_wconf 91' lang='lat' dir='ltr'>papa,</span> <span class='ocrx_word' id='word_1_129' title='bbox 3305 526 3373 566; x_wconf 85' lang='lat' dir='ltr'>ex</span> <span class='ocrx_word' id='word_1_130' title='bbox 3410 510 3562 580; x_wconf 83' lang='lat' dir='ltr'>cujus</span> <span class='ocrx_word' id='word_1_131' title='bbox 3619 508 3861 581; x_wconf 85' lang='lat' dir='ltr'>epistola</span> 
     </span>
    </p>
   </div>
   <div class='ocr_carea' id='block_1_21' title="bbox 2247 598 3858 674">
    <p class='ocr_par' dir='ltr' id='par_1_21' title="bbox 2247 598 3858 674">
     <span class='ocr_line' id='line_1_21' title="bbox 2247 598 3858 674; baseline -0.002 -18"><span class='ocrx_word' id='word_1_132' title='bbox 2247 602 2496 674; x_wconf 66' lang='lat' dir='ltr'>quaedam</span> <span class='ocrx_word' id='word_1_133' title='bbox 2541 601 2646 656; x_wconf 92' lang='lat' dir='ltr'>tuis</span> <span class='ocrx_word' id='word_1_134' title='bbox 2692 601 3014 657; x_wconf 88' lang='lat' dir='ltr'>commentis</span> <span class='ocrx_word' id='word_1_135' title='bbox 3056 599 3352 665; x_wconf 88' lang='lat' dir='ltr'>inseruisti,</span> <span class='ocrx_word' id='word_1_136' title='bbox 3398 615 3508 655; x_wconf 90' lang='lat' dir='ltr'>non</span> <span class='ocrx_word' id='word_1_137' title='bbox 3533 598 3858 670; x_wconf 84' lang='lat' dir='ltr'>intelligens</span> 
     </span>
    </p>
   </div>
   <div class='ocr_carea' id='block_1_22' title="bbox 2245 685 3858 761">
    <p class='ocr_par' dir='ltr' id='par_1_22' title="bbox 2245 685 3858 761">
     <span class='ocr_line' id='line_1_22' title="bbox 2245 685 3858 761; baseline -0.002 -16"><span class='ocrx_word' id='word_1_138' title='bbox 2245 689 2334 746; x_wconf 89' lang='lat' dir='ltr'>vel</span> <span class='ocrx_word' id='word_1_139' title='bbox 2361 688 2667 760; x_wconf 83' lang='lat' dir='ltr'>intelligere</span> <span class='ocrx_word' id='word_1_140' title='bbox 2711 689 2904 744; x_wconf 89' lang='lat' dir='ltr'>nolens</span> <span class='ocrx_word' id='word_1_141' title='bbox 2951 705 3072 761; x_wconf 65' lang='lat' dir='ltr'>quae</span> <span class='ocrx_word' id='word_1_142' title='bbox 3119 689 3236 761; x_wconf 92' lang='lat' dir='ltr'>ipse</span> <span class='ocrx_word' id='word_1_143' title='bbox 3264 687 3417 757; x_wconf 85' lang='lat' dir='ltr'>dixit,</span> <span class='ocrx_word' id='word_1_144' title='bbox 3448 695 3501 743; x_wconf 92' lang='lat' dir='ltr'>et</span> <span class='ocrx_word' id='word_1_145' title='bbox 3531 704 3653 759; x_wconf 70' lang='lat' dir='ltr'>quae</span> <span class='ocrx_word' id='word_1_146' title='bbox 3683 694 3740 742; x_wconf 93' lang='lat' dir='ltr'>tu</span> <span class='ocrx_word' id='word_1_147' title='bbox 3772 685 3858 742; x_wconf 90' lang='lat' dir='ltr'>lo-</span> 
     </span>
    </p>
   </div>
   <div class='ocr_carea' id='block_1_23' title="bbox 2247 774 3858 850">
    <p class='ocr_par' dir='ltr' id='par_1_23' title="bbox 2247 774 3858 850">
     <span class='ocr_line' id='line_1_23' title="bbox 2247 774 3858 850; baseline -0.002 -18"><span class='ocrx_word' id='word_1_148' title='bbox 2247 777 2453 849; x_wconf 91' lang='lat' dir='ltr'>queris,</span> <span class='ocrx_word' id='word_1_149' title='bbox 2488 777 2575 834; x_wconf 92' lang='lat' dir='ltr'>vel</span> <span class='ocrx_word' id='word_1_150' title='bbox 2603 778 2672 833; x_wconf 92' lang='lat' dir='ltr'>de</span> <span class='ocrx_word' id='word_1_151' title='bbox 2699 777 2896 850; x_wconf 88' lang='lat' dir='ltr'>quibus</span> <span class='ocrx_word' id='word_1_152' title='bbox 2925 776 3178 843; x_wconf 79' lang='lat' dir='ltr'>afﬁrmas,</span> <span class='ocrx_word' id='word_1_153' title='bbox 3205 777 3472 842; x_wconf 90' lang='lat' dir='ltr'>scribens,</span> <span class='ocrx_word' id='word_1_154' title='bbox 3495 783 3555 830; x_wconf 90' lang='lat' dir='ltr'>ut</span> <span class='ocrx_word' id='word_1_155' title='bbox 3581 774 3858 847; x_wconf 71' lang='lat' dir='ltr'>praemisi—</span> 
     </span>
    </p>
   </div>
   <div class='ocr_carea' id='block_1_24' title="bbox 2245 861 3924 938">
    <p class='ocr_par' dir='ltr' id='par_1_24' title="bbox 2245 861 3924 938">
     <span class='ocr_line' id='line_1_24' title="bbox 2245 861 3924 938; baseline -0.001 -17"><span class='ocrx_word' id='word_1_156' title='bbox 2245 883 2388 932; x_wconf 91' lang='lat' dir='ltr'>mus,</span> <span class='ocrx_word' id='word_1_157' title='bbox 2419 882 2518 938; x_wconf 89' lang='lat' dir='ltr'>per</span> <span class='ocrx_word' id='word_1_158' title='bbox 2547 865 2780 922; x_wconf 85' lang='lat' dir='ltr'>Vitalem</span> <span class='ocrx_word' id='word_1_159' title='bbox 2807 867 2877 921; x_wconf 91' lang='lat' dir='ltr'>ad</span> <span class='ocrx_word' id='word_1_160' title='bbox 2899 866 3180 921; x_wconf 90' lang='lat' dir='ltr'>Paulinum</span> <span class='ocrx_word' id='word_1_161' title='bbox 3209 865 3608 920; x_wconf 89' lang='lat' dir='ltr'>Antiochenum</span> <span class='ocrx_word' id='word_1_162' title='bbox 3636 863 3857 936; x_wconf 87' lang='lat' dir='ltr'>episco-</span> <span class='ocrx_word' id='word_1_163' title='bbox 3919 861 3924 865; x_wconf 76' lang='grc'><em>’</em></span> 
     </span>
    </p>
   </div>
   <div class='ocr_carea' id='block_1_25' title="bbox 2245 953 3855 1026">
    <p class='ocr_par' dir='ltr' id='par_1_25' title="bbox 2245 953 3855 1026">
     <span class='ocr_line' id='line_1_25' title="bbox 2245 953 3855 1026; baseline -0.001 -16"><span class='ocrx_word' id='word_1_164' title='bbox 2245 971 2394 1026; x_wconf 91' lang='lat' dir='ltr'>pum,</span> <span class='ocrx_word' id='word_1_165' title='bbox 2427 955 2499 1010; x_wconf 89' lang='lat' dir='ltr'>ita</span> <span class='ocrx_word' id='word_1_166' title='bbox 2527 955 2596 1010; x_wconf 89' lang='lat' dir='ltr'>de</span> <span class='ocrx_word' id='word_1_167' title='bbox 2623 954 3008 1011; x_wconf 87' lang='lat' dir='ltr'>observatione</span> <span class='ocrx_word' id='word_1_168' title='bbox 3039 970 3328 1022; x_wconf 90' lang='lat' dir='ltr'>canonum,</span> <span class='ocrx_word' id='word_1_169' title='bbox 3359 954 3500 1010; x_wconf 88' lang='lat' dir='ltr'>sicut</span> <span class='ocrx_word' id='word_1_170' title='bbox 3528 961 3582 1008; x_wconf 88' lang='lat' dir='ltr'>et</span> <span class='ocrx_word' id='word_1_171' title='bbox 3611 953 3681 1008; x_wconf 91' lang='lat' dir='ltr'>de</span> <span class='ocrx_word' id='word_1_172' title='bbox 3705 953 3855 1008; x_wconf 80' lang='lat' dir='ltr'>inte-</span> 
     </span>
    </p>
   </div>
   <div class='ocr_carea' id='block_1_26' title="bbox 2247 1041 3856 1115">
    <p class='ocr_par' dir='ltr' id='par_1_26' title="bbox 2247 1041 3856 1115">
     <span class='ocr_line' id='line_1_26' title="bbox 2247 1041 3856 1115; baseline 0.001 -17"><span class='ocrx_word' id='word_1_173' title='bbox 2247 1043 2440 1114; x_wconf 89' lang='lat' dir='ltr'>gritate</span> <span class='ocrx_word' id='word_1_174' title='bbox 2467 1041 2613 1110; x_wconf 84' lang='lat' dir='ltr'>ﬁdei,</span> <span class='ocrx_word' id='word_1_175' title='bbox 2642 1044 2796 1112; x_wconf 89' lang='lat' dir='ltr'>jubet</span> <span class='ocrx_word' id='word_1_176' title='bbox 2825 1043 3212 1115; x_wconf 88' lang='lat' dir='ltr'>resipiscentes</span> <span class='ocrx_word' id='word_1_177' title='bbox 3241 1050 3294 1098; x_wconf 91' lang='lat' dir='ltr'>et</span> <span class='ocrx_word' id='word_1_178' title='bbox 3336 1042 3407 1098; x_wconf 89' lang='lat' dir='ltr'>ad</span> <span class='ocrx_word' id='word_1_179' title='bbox 3433 1041 3741 1098; x_wconf 90' lang='lat' dir='ltr'>Ecclesiam</span> <span class='ocrx_word' id='word_1_180' title='bbox 3763 1057 3856 1100; x_wconf 71' lang='lat' dir='ltr'>ca:</span> 
     </span>
    </p>
   </div>
   <div class='ocr_carea' id='block_1_27' title="bbox 2247 1131 3850 1204">
    <p class='ocr_par' dir='ltr' id='par_1_27' title="bbox 2247 1131 3850 1204">
     <span class='ocr_line' id='line_1_27' title="bbox 2247 1131 3850 1204; baseline 0 -18"><span class='ocrx_word' id='word_1_181' title='bbox 2247 1132 2500 1188; x_wconf 89' lang='lat' dir='ltr'>tholicam</span> <span class='ocrx_word' id='word_1_182' title='bbox 2545 1139 2882 1188; x_wconf 83' lang='lat' dir='ltr'>revertentes</span> <span class='ocrx_word' id='word_1_183' title='bbox 2925 1131 3192 1204; x_wconf 86' lang='lat' dir='ltr'>profiteri,</span> <span class='ocrx_word' id='word_1_184' title='bbox 3265 1139 3426 1204; x_wconf 87' lang='lat' dir='ltr'>atque</span> <span class='ocrx_word' id='word_1_185' title='bbox 3466 1131 3686 1202; x_wconf 88' lang='lat' dir='ltr'>propria</span> <span class='ocrx_word' id='word_1_186' title='bbox 3717 1131 3850 1186; x_wconf 87' lang='lat' dir='ltr'>sub-</span> 
     </span>
    </p>
   </div>
   <div class='ocr_carea' id='block_1_28' title="bbox 2248 1219 3854 1293">
    <p class='ocr_par' dir='ltr' id='par_1_28' title="bbox 2248 1219 3854 1293">
     <span class='ocr_line' id='line_1_28' title="bbox 2248 1219 3854 1293; baseline -0.001 -17"><span class='ocrx_word' id='word_1_187' title='bbox 2248 1221 2542 1292; x_wconf 89' lang='lat' dir='ltr'>scriptione</span> <span class='ocrx_word' id='word_1_188' title='bbox 2562 1220 2797 1287; x_wconf 84' lang='lat' dir='ltr'>ﬁrmare,</span> <span class='ocrx_word' id='word_1_189' title='bbox 2819 1229 2942 1292; x_wconf 91' lang='lat' dir='ltr'>post</span> <span class='ocrx_word' id='word_1_190' title='bbox 2969 1220 3072 1275; x_wconf 91' lang='lat' dir='ltr'>alia</span> <span class='ocrx_word' id='word_1_191' title='bbox 3095 1221 3279 1293; x_wconf 80' lang='lat' dir='ltr'>(epist.</span> <span class='ocrx_word' id='word_1_192' title='bbox 3313 1221 3367 1291; x_wconf 73' lang='grc'>4)</span> <span class='ocrx_word' id='word_1_193' title='bbox 3401 1236 3413 1274; x_wconf 89' lang='lat'><strong>:</strong></span> <span class='ocrx_word' id='word_1_194' title='bbox 3441 1239 3464 1270; x_wconf 69' lang='grc' dir='ltr'><strong><em>α</em></strong></span> <span class='ocrx_word' id='word_1_195' title='bbox 3503 1219 3854 1292; x_wconf 88' lang='lat' dir='ltr'>Quicunque,</span> 
     </span>
    </p>
   </div>
   <div class='ocr_carea' id='block_1_29' title="bbox 2248 1307 3857 1382">
    <p class='ocr_par' dir='ltr' id='par_1_29' title="bbox 2248 1307 3857 1382">
     <span class='ocr_line' id='line_1_29' title="bbox 2248 1307 3857 1382; baseline 0 -18"><span class='ocrx_word' id='word_1_196' title='bbox 2248 1309 2440 1382; x_wconf 91' lang='lat' dir='ltr'>inquit,</span> <span class='ocrx_word' id='word_1_197' title='bbox 2471 1309 2598 1376; x_wconf 81' lang='lat' dir='ltr'>huic</span> <span class='ocrx_word' id='word_1_198' title='bbox 2627 1309 2872 1381; x_wconf 74' lang='lat' dir='ltr'>epistolae</span> <span class='ocrx_word' id='word_1_199' title='bbox 2901 1308 3250 1366; x_wconf 86' lang='lat' dir='ltr'>subscribere</span> <span class='ocrx_word' id='word_1_200' title='bbox 3280 1307 3530 1376; x_wconf 86' lang='lat' dir='ltr'>voluerit,</span> <span class='ocrx_word' id='word_1_201' title='bbox 3563 1308 3639 1364; x_wconf 89' lang='lat' dir='ltr'>ita</span> <span class='ocrx_word' id='word_1_202' title='bbox 3667 1316 3857 1364; x_wconf 87' lang='lat' dir='ltr'>tamen</span> 
     </span>
    </p>
   </div>
   <div class='ocr_carea' id='block_1_30' title="bbox 2245 1397 3858 1470">
    <p class='ocr_par' dir='ltr' id='par_1_30' title="bbox 2245 1397 3858 1470">
     <span class='ocr_line' id='line_1_30' title="bbox 2245 1397 3858 1470; baseline -0.001 -17"><span class='ocrx_word' id='word_1_203' title='bbox 2245 1407 2305 1453; x_wconf 88' lang='lat' dir='ltr'>ut</span> <span class='ocrx_word' id='word_1_204' title='bbox 2332 1399 2388 1452; x_wconf 90' lang='lat' dir='ltr'>in</span> <span class='ocrx_word' id='word_1_205' title='bbox 2417 1398 2806 1454; x_wconf 85' lang='lat' dir='ltr'>ecclesiasticis</span> <span class='ocrx_word' id='word_1_206' title='bbox 2837 1398 3156 1464; x_wconf 89' lang='lat' dir='ltr'>canonibus,</span> <span class='ocrx_word' id='word_1_207' title='bbox 3203 1413 3341 1470; x_wconf 91' lang='lat' dir='ltr'>quos</span> <span class='ocrx_word' id='word_1_208' title='bbox 3370 1397 3572 1469; x_wconf 91' lang='lat' dir='ltr'>optime</span> <span class='ocrx_word' id='word_1_209' title='bbox 3597 1397 3766 1464; x_wconf 89' lang='lat' dir='ltr'>nosti,</span> <span class='ocrx_word' id='word_1_210' title='bbox 3802 1404 3858 1452; x_wconf 91' lang='lat' dir='ltr'>et</span> 
     </span>
    </p>
   </div>
   <div class='ocr_carea' id='block_1_31' title="bbox 2245 1484 3857 1558">
    <p class='ocr_par' dir='ltr' id='par_1_31' title="bbox 2245 1484 3857 1558">
     <span class='ocr_line' id='line_1_31' title="bbox 2245 1484 3857 1558; baseline -0.001 -16"><span class='ocrx_word' id='word_1_211' title='bbox 2245 1487 2304 1542; x_wconf 91' lang='lat' dir='ltr'>in</span> <span class='ocrx_word' id='word_1_212' title='bbox 2356 1486 2581 1542; x_wconf 61' lang='lat' dir='ltr'>Nicena</span> <span class='ocrx_word' id='word_1_213' title='bbox 2637 1484 2745 1542; x_wconf 83' lang='lat' dir='ltr'>fide</span> <span class='ocrx_word' id='word_1_214' title='bbox 2791 1494 2916 1542; x_wconf 90' lang='lat' dir='ltr'>ante</span> <span class='ocrx_word' id='word_1_215' title='bbox 2963 1485 3376 1558; x_wconf 88' lang='lat' dir='ltr'>subscripserit,</span> <span class='ocrx_word' id='word_1_216' title='bbox 3425 1486 3567 1541; x_wconf 90' lang='lat' dir='ltr'>hunc</span> <span class='ocrx_word' id='word_1_217' title='bbox 3623 1485 3857 1541; x_wconf 90' lang='lat' dir='ltr'>debebis</span> 
     </span>
    </p>
   </div>
   <div class='ocr_carea' id='block_1_32' title="bbox 2247 1575 3857 1648">
    <p class='ocr_par' dir='ltr' id='par_1_32' title="bbox 2247 1575 3857 1648">
     <span class='ocr_line' id='line_1_32' title="bbox 2247 1575 3857 1648; baseline 0.001 -18"><span class='ocrx_word' id='word_1_218' title='bbox 2247 1575 2457 1648; x_wconf 89' lang='lat' dir='ltr'>absque</span> <span class='ocrx_word' id='word_1_219' title='bbox 2487 1575 2672 1647; x_wconf 90' lang='lat' dir='ltr'>aliqua</span> <span class='ocrx_word' id='word_1_220' title='bbox 2700 1575 3054 1648; x_wconf 82' lang='lat' dir='ltr'>ambiguitate</span> <span class='ocrx_word' id='word_1_221' title='bbox 3101 1575 3380 1646; x_wconf 88' lang='lat' dir='ltr'>suscipere</span> <span class='ocrx_word' id='word_1_222' title='bbox 3410 1591 3425 1629; x_wconf 89' lang='lat'>:</span> <span class='ocrx_word' id='word_1_223' title='bbox 3459 1590 3569 1629; x_wconf 88' lang='lat' dir='ltr'>non</span> <span class='ocrx_word' id='word_1_224' title='bbox 3597 1590 3706 1646; x_wconf 92' lang='lat' dir='ltr'>quo</span> <span class='ocrx_word' id='word_1_225' title='bbox 3733 1575 3857 1631; x_wconf 72' lang='lat' dir='ltr'>haec</span> 
     </span>
    </p>
   </div>
   <div class='ocr_carea' id='block_1_33' title="bbox 533 1663 3856 1756">
    <p class='ocr_par' dir='ltr' id='par_1_33' title="bbox 533 1663 3856 1756">
     <span class='ocr_line' id='line_1_33' title="bbox 533 1663 3856 1756; baseline -0.003 -28"><span class='ocrx_word' id='word_1_226' title='bbox 533 1680 773 1730; x_wconf 91' lang='lat' dir='ltr'>mentem</span> <span class='ocrx_word' id='word_1_227' title='bbox 815 1679 982 1738; x_wconf 90' lang='lat' dir='ltr'>tuam,</span> <span class='ocrx_word' id='word_1_228' title='bbox 1031 1670 1118 1725; x_wconf 90' lang='lat' dir='ltr'>his</span> <span class='ocrx_word' id='word_1_229' title='bbox 1165 1670 1518 1726; x_wconf 90' lang='lat' dir='ltr'>accommoda</span> <span class='ocrx_word' id='word_1_230' title='bbox 1564 1669 1803 1722; x_wconf 90' lang='lat' dir='ltr'>animum</span> <span class='ocrx_word' id='word_1_231' title='bbox 1847 1675 2024 1732; x_wconf 90' lang='lat' dir='ltr'>tuum,</span> <span class='ocrx_word' id='word_1_232' title='bbox 2055 1665 2142 1721; x_wconf 88' lang='lat' dir='ltr'>his</span> <span class='ocrx_word' id='word_1_233' title='bbox 2170 1697 2223 1756; x_wconf 77' lang='grc' dir='ltr'>Β</span> <span class='ocrx_word' id='word_1_234' title='bbox 2245 1665 2368 1736; x_wconf 91' lang='lat' dir='ltr'>ipsa</span> <span class='ocrx_word' id='word_1_235' title='bbox 2397 1680 2516 1736; x_wconf 73' lang='lat' dir='ltr'>quae</span> <span class='ocrx_word' id='word_1_236' title='bbox 2561 1679 2662 1729; x_wconf 86' lang='lat' dir='ltr'>nos</span> <span class='ocrx_word' id='word_1_237' title='bbox 2711 1664 3048 1736; x_wconf 89' lang='lat' dir='ltr'>scripsimus,</span> <span class='ocrx_word' id='word_1_238' title='bbox 3098 1679 3208 1719; x_wconf 92' lang='lat' dir='ltr'>non</span> <span class='ocrx_word' id='word_1_239' title='bbox 3252 1663 3496 1736; x_wconf 90' lang='lat' dir='ltr'>potueris</span> <span class='ocrx_word' id='word_1_240' title='bbox 3525 1671 3856 1720; x_wconf 88' lang='lat' dir='ltr'>converten-</span> 
     </span>
    </p>
   </div>
   <div class='ocr_carea' id='block_1_34' title="bbox 537 1755 2142 1832">
    <p class='ocr_par' dir='ltr' id='par_1_34' title="bbox 537 1755 2142 1832">
     <span class='ocr_line' id='line_1_34' title="bbox 537 1755 2142 1832; baseline -0.005 -15"><span class='ocrx_word' id='word_1_241' title='bbox 537 1761 711 1817; x_wconf 91' lang='lat' dir='ltr'>subde</span> <span class='ocrx_word' id='word_1_242' title='bbox 739 1759 1154 1832; x_wconf 79' lang='lat' dir='ltr'>intelligentiam</span> <span class='ocrx_word' id='word_1_243' title='bbox 1199 1767 1382 1825; x_wconf 91' lang='lat' dir='ltr'>tuam,</span> <span class='ocrx_word' id='word_1_244' title='bbox 1432 1767 1486 1812; x_wconf 93' lang='lat' dir='ltr'>et</span> <span class='ocrx_word' id='word_1_245' title='bbox 1529 1773 1640 1812; x_wconf 92' lang='lat' dir='ltr'>non</span> <span class='ocrx_word' id='word_1_246' title='bbox 1686 1755 1899 1812; x_wconf 89' lang='lat' dir='ltr'>errabis</span> <span class='ocrx_word' id='word_1_247' title='bbox 1919 1797 1933 1822; x_wconf 95' lang='lat'>,</span> <span class='ocrx_word' id='word_1_248' title='bbox 1964 1771 2142 1828; x_wconf 89' lang='lat' dir='ltr'>neque</span> 
     </span>
    </p>
   </div>
   <div class='ocr_carea' id='block_1_35' title="bbox 536 1845 2144 1920">
    <p class='ocr_par' dir='ltr' id='par_1_35' title="bbox 536 1845 2144 1920">
     <span class='ocr_line' id='line_1_35' title="bbox 536 1845 2144 1920; baseline -0.004 -15"><span class='ocrx_word' id='word_1_249' title='bbox 536 1849 748 1906; x_wconf 77' lang='lat' dir='ltr'>diﬁlues</span> <span class='ocrx_word' id='word_1_250' title='bbox 806 1865 908 1920; x_wconf 90' lang='lat' dir='ltr'>per</span> <span class='ocrx_word' id='word_1_251' title='bbox 963 1863 1134 1904; x_wconf 90' lang='lat' dir='ltr'>vanas</span> <span class='ocrx_word' id='word_1_252' title='bbox 1183 1846 1575 1902; x_wconf 88' lang='lat' dir='ltr'>autumationes</span> <span class='ocrx_word' id='word_1_253' title='bbox 1625 1853 1766 1913; x_wconf 90' lang='lat' dir='ltr'>tuas,</span> <span class='ocrx_word' id='word_1_254' title='bbox 1829 1845 2024 1916; x_wconf 87' lang='lat' dir='ltr'>quibus</span> <span class='ocrx_word' id='word_1_255' title='bbox 2082 1859 2144 1899; x_wconf 91' lang='lat' dir='ltr'>es</span> 
     </span>
    </p>
   </div>
   <div class='ocr_carea' id='block_1_36' title="bbox 539 1933 2140 2011">
    <p class='ocr_par' dir='ltr' id='par_1_36' title="bbox 539 1933 2140 2011">
     <span class='ocr_line' id='line_1_36' title="bbox 539 1933 2140 2011; baseline -0.005 -17"><span class='ocrx_word' id='word_1_256' title='bbox 539 1938 696 2011; x_wconf 87' lang='lat' dir='ltr'>quasi</span> <span class='ocrx_word' id='word_1_257' title='bbox 743 1944 907 1994; x_wconf 91' lang='lat' dir='ltr'>vento</span> <span class='ocrx_word' id='word_1_258' title='bbox 947 1943 1166 2008; x_wconf 91' lang='lat' dir='ltr'>pastus,</span> <span class='ocrx_word' id='word_1_259' title='bbox 1212 1935 1500 2006; x_wconf 91' lang='lat' dir='ltr'>potiusque</span> <span class='ocrx_word' id='word_1_260' title='bbox 1530 1933 1805 1989; x_wconf 88' lang='lat' dir='ltr'>inﬂatione</span> <span class='ocrx_word' id='word_1_261' title='bbox 1835 1933 2102 1987; x_wconf 90' lang='lat' dir='ltr'>distentus</span> <span class='ocrx_word' id='word_1_262' title='bbox 2125 1973 2140 2000; x_wconf 92' lang='lat'>,</span> 
     </span>
    </p>
   </div>
   <div class='ocr_carea' id='block_1_37' title="bbox 539 2020 2146 2096">
    <p class='ocr_par' dir='ltr' id='par_1_37' title="bbox 539 2020 2146 2096">
     <span class='ocr_line' id='line_1_37' title="bbox 539 2020 2146 2096; baseline -0.005 -14"><span class='ocrx_word' id='word_1_263' title='bbox 539 2028 669 2082; x_wconf 88' lang='lat' dir='ltr'>dum</span> <span class='ocrx_word' id='word_1_264' title='bbox 698 2025 804 2081; x_wconf 92' lang='lat' dir='ltr'>tuis</span> <span class='ocrx_word' id='word_1_265' title='bbox 834 2024 1330 2096; x_wconf 89' lang='lat' dir='ltr'>compilationibus,</span> <span class='ocrx_word' id='word_1_266' title='bbox 1355 2023 1488 2078; x_wconf 92' lang='lat' dir='ltr'>nihil</span> <span class='ocrx_word' id='word_1_267' title='bbox 1515 2021 1613 2076; x_wconf 91' lang='lat' dir='ltr'>tibi</span> <span class='ocrx_word' id='word_1_268' title='bbox 1643 2022 1712 2078; x_wconf 89' lang='lat' dir='ltr'>ad</span> <span class='ocrx_word' id='word_1_269' title='bbox 1734 2038 1795 2076; x_wconf 88' lang='lat' dir='ltr'>ea</span> <span class='ocrx_word' id='word_1_270' title='bbox 1827 2038 1946 2093; x_wconf 77' lang='lat' dir='ltr'>quae</span> <span class='ocrx_word' id='word_1_271' title='bbox 1975 2020 2146 2076; x_wconf 90' lang='lat' dir='ltr'>inten-</span> 
     </span>
    </p>
   </div>
   <div class='ocr_carea' id='block_1_38' title="bbox 536 2109 2142 2186">
    <p class='ocr_par' dir='ltr' id='par_1_38' title="bbox 536 2109 2142 2186">
     <span class='ocr_line' id='line_1_38' title="bbox 536 2109 2142 2186; baseline -0.004 -16"><span class='ocrx_word' id='word_1_272' title='bbox 536 2115 622 2170; x_wconf 90' lang='lat' dir='ltr'>dis</span> <span class='ocrx_word' id='word_1_273' title='bbox 649 2113 968 2186; x_wconf 86' lang='lat' dir='ltr'>profuturis,</span> <span class='ocrx_word' id='word_1_274' title='bbox 1001 2113 1243 2185; x_wconf 90' lang='lat' dir='ltr'>quinimo</span> <span class='ocrx_word' id='word_1_275' title='bbox 1283 2112 1576 2184; x_wconf 89' lang='lat' dir='ltr'>plurimum</span> <span class='ocrx_word' id='word_1_276' title='bbox 1605 2109 1892 2176; x_wconf 88' lang='lat' dir='ltr'>obfuturis,</span> <span class='ocrx_word' id='word_1_277' title='bbox 1929 2110 2142 2166; x_wconf 88' lang='lat' dir='ltr'>incum-</span> 
     </span>
    </p>
   </div>
   <div class='ocr_carea' id='block_1_39' title="bbox 538 2199 2144 2274">
    <p class='ocr_par' dir='ltr' id='par_1_39' title="bbox 538 2199 2144 2274">
     <span class='ocr_line' id='line_1_39' title="bbox 538 2199 2144 2274; baseline -0.004 -14"><span class='ocrx_word' id='word_1_278' title='bbox 538 2204 644 2260; x_wconf 89' lang='lat' dir='ltr'>bis.</span> <span class='ocrx_word' id='word_1_279' title='bbox 660 2203 820 2273; x_wconf 87' lang='lat' dir='ltr'>Quid,</span> <span class='ocrx_word' id='word_1_280' title='bbox 853 2203 1028 2274; x_wconf 91' lang='lat' dir='ltr'>inquit</span> <span class='ocrx_word' id='word_1_281' title='bbox 1056 2202 1250 2256; x_wconf 89' lang='lat' dir='ltr'>beatus</span> <span class='ocrx_word' id='word_1_282' title='bbox 1269 2201 1399 2268; x_wconf 91' lang='lat' dir='ltr'>Leo,</span> <span class='ocrx_word' id='word_1_283' title='bbox 1428 2199 1667 2272; x_wconf 88' lang='lat' dir='ltr'>iniquius</span> <span class='ocrx_word' id='word_1_284' title='bbox 1688 2215 1853 2271; x_wconf 89' lang='lat' dir='ltr'>quam</span> <span class='ocrx_word' id='word_1_285' title='bbox 1873 2199 2037 2270; x_wconf 91' lang='lat' dir='ltr'>impia</span> <span class='ocrx_word' id='word_1_286' title='bbox 2059 2215 2144 2253; x_wconf 91' lang='lat' dir='ltr'>sa-</span> 
     </span>
    </p>
   </div>
   <div class='ocr_carea' id='block_1_40' title="bbox 537 2287 2144 2364">
    <p class='ocr_par' dir='ltr' id='par_1_40' title="bbox 537 2287 2144 2364">
     <span class='ocr_line' id='line_1_40' title="bbox 537 2287 2144 2364; baseline -0.004 -16"><span class='ocrx_word' id='word_1_287' title='bbox 537 2309 690 2364; x_wconf 89' lang='lat' dir='ltr'>pere,</span> <span class='ocrx_word' id='word_1_288' title='bbox 722 2299 777 2347; x_wconf 88' lang='lat' dir='ltr'>et</span> <span class='ocrx_word' id='word_1_289' title='bbox 805 2290 1223 2364; x_wconf 87' lang='lat' dir='ltr'>sapientioribus</span> <span class='ocrx_word' id='word_1_290' title='bbox 1252 2289 1699 2360; x_wconf 89' lang='lat' dir='ltr'>doctioribusque</span> <span class='ocrx_word' id='word_1_291' title='bbox 1727 2304 1838 2343; x_wconf 91' lang='lat' dir='ltr'>non</span> <span class='ocrx_word' id='word_1_292' title='bbox 1867 2287 2094 2343; x_wconf 89' lang='lat' dir='ltr'>credere</span> <span class='ocrx_word' id='word_1_293' title='bbox 2116 2287 2144 2342; x_wconf 83' lang='lat'><strong>?</strong></span> 
     </span>
    </p>
   </div>
   <div class='ocr_carea' id='block_1_41' title="bbox 538 2376 2142 2450">
    <p class='ocr_par' dir='ltr' id='par_1_41' title="bbox 538 2376 2142 2450">
     <span class='ocr_line' id='line_1_41' title="bbox 538 2376 2142 2450; baseline -0.004 -14"><span class='ocrx_word' id='word_1_294' title='bbox 538 2381 648 2436; x_wconf 92' lang='lat' dir='ltr'>Sed</span> <span class='ocrx_word' id='word_1_295' title='bbox 692 2380 748 2435; x_wconf 90' lang='lat' dir='ltr'>in</span> <span class='ocrx_word' id='word_1_296' title='bbox 793 2381 938 2436; x_wconf 90' lang='lat' dir='ltr'>hanc</span> <span class='ocrx_word' id='word_1_297' title='bbox 983 2378 1348 2450; x_wconf 89' lang='lat' dir='ltr'>insipientiam</span> <span class='ocrx_word' id='word_1_298' title='bbox 1393 2378 1614 2444; x_wconf 88' lang='lat' dir='ltr'>cadunt,</span> <span class='ocrx_word' id='word_1_299' title='bbox 1663 2377 1754 2450; x_wconf 91' lang='lat' dir='ltr'>qui</span> <span class='ocrx_word' id='word_1_300' title='bbox 1797 2392 1920 2432; x_wconf 91' lang='lat' dir='ltr'>cum</span> <span class='ocrx_word' id='word_1_301' title='bbox 1949 2376 2017 2430; x_wconf 90' lang='lat' dir='ltr'>ad</span> <span class='ocrx_word' id='word_1_302' title='bbox 2045 2391 2142 2431; x_wconf 87' lang='lat' dir='ltr'>co-</span> 
     </span>
    </p>
   </div>
   <div class='ocr_carea' id='block_1_42' title="bbox 535 2465 2141 2544">
    <p class='ocr_par' dir='ltr' id='par_1_42' title="bbox 535 2465 2141 2544">
     <span class='ocr_line' id='line_1_42' title="bbox 535 2465 2141 2544; baseline -0.002 -20"><span class='ocrx_word' id='word_1_303' title='bbox 535 2469 908 2544; x_wconf 88' lang='lat' dir='ltr'>gnoscendam</span> <span class='ocrx_word' id='word_1_304' title='bbox 949 2468 1239 2524; x_wconf 89' lang='lat' dir='ltr'>veritatem</span> <span class='ocrx_word' id='word_1_305' title='bbox 1269 2467 1452 2538; x_wconf 89' lang='lat' dir='ltr'>aliquo</span> <span class='ocrx_word' id='word_1_306' title='bbox 1480 2466 1852 2538; x_wconf 88' lang='lat' dir='ltr'>impediuntur</span> <span class='ocrx_word' id='word_1_307' title='bbox 1883 2465 2141 2533; x_wconf 89' lang='lat' dir='ltr'>obscuro,</span> 
     </span>
    </p>
   </div>
   <div class='ocr_carea' id='block_1_43' title="bbox 536 2553 2144 2629">
    <p class='ocr_par' dir='ltr' id='par_1_43' title="bbox 536 2553 2144 2629">
     <span class='ocr_line' id='line_1_43' title="bbox 536 2553 2144 2629; baseline -0.002 -15"><span class='ocrx_word' id='word_1_308' title='bbox 536 2575 645 2616; x_wconf 89' lang='lat' dir='ltr'>non</span> <span class='ocrx_word' id='word_1_309' title='bbox 671 2559 739 2614; x_wconf 93' lang='lat' dir='ltr'>ad</span> <span class='ocrx_word' id='word_1_310' title='bbox 765 2557 1118 2629; x_wconf 89' lang='lat' dir='ltr'>propheticas</span> <span class='ocrx_word' id='word_1_311' title='bbox 1160 2572 1345 2624; x_wconf 91' lang='lat' dir='ltr'>voces,</span> <span class='ocrx_word' id='word_1_312' title='bbox 1398 2571 1508 2610; x_wconf 92' lang='lat' dir='ltr'>non</span> <span class='ocrx_word' id='word_1_313' title='bbox 1536 2555 1605 2610; x_wconf 91' lang='lat' dir='ltr'>ad</span> <span class='ocrx_word' id='word_1_314' title='bbox 1635 2553 1964 2626; x_wconf 90' lang='lat' dir='ltr'>apostolicas</span> <span class='ocrx_word' id='word_1_315' title='bbox 1995 2554 2144 2610; x_wconf 89' lang='lat' dir='ltr'>litte-</span> 
     </span>
    </p>
   </div>
   <div class='ocr_carea' id='block_1_44' title="bbox 536 2643 2143 2718">
    <p class='ocr_par' dir='ltr' id='par_1_44' title="bbox 536 2643 2143 2718">
     <span class='ocr_line' id='line_1_44' title="bbox 536 2643 2143 2718; baseline -0.002 -16"><span class='ocrx_word' id='word_1_316' title='bbox 536 2665 645 2714; x_wconf 86' lang='lat' dir='ltr'>ras,</span> <span class='ocrx_word' id='word_1_317' title='bbox 679 2663 781 2704; x_wconf 92' lang='lat' dir='ltr'>nec</span> <span class='ocrx_word' id='word_1_318' title='bbox 808 2647 877 2701; x_wconf 90' lang='lat' dir='ltr'>ad</span> <span class='ocrx_word' id='word_1_319' title='bbox 906 2645 1253 2718; x_wconf 88' lang='lat' dir='ltr'>evangelicas</span> <span class='ocrx_word' id='word_1_320' title='bbox 1297 2645 1664 2711; x_wconf 87' lang='lat' dir='ltr'>auctoritates,</span> <span class='ocrx_word' id='word_1_321' title='bbox 1697 2645 1798 2700; x_wconf 92' lang='lat' dir='ltr'>sed</span> <span class='ocrx_word' id='word_1_322' title='bbox 1839 2643 1908 2698; x_wconf 92' lang='lat' dir='ltr'>ad</span> <span class='ocrx_word' id='word_1_323' title='bbox 1937 2651 2143 2699; x_wconf 89' lang='lat' dir='ltr'>semet-</span> 
     </span>
    </p>
   </div>
   <div class='ocr_carea' id='block_1_45' title="bbox 536 2732 2140 2808">
    <p class='ocr_par' dir='ltr' id='par_1_45' title="bbox 536 2732 2140 2808">
     <span class='ocr_line' id='line_1_45' title="bbox 536 2732 2140 2808; baseline -0.003 -16"><span class='ocrx_word' id='word_1_324' title='bbox 536 2737 686 2808; x_wconf 90' lang='lat' dir='ltr'>ipsos</span> <span class='ocrx_word' id='word_1_325' title='bbox 727 2742 1034 2801; x_wconf 85' lang='lat' dir='ltr'>recurrunt,</span> <span class='ocrx_word' id='word_1_326' title='bbox 1088 2741 1142 2789; x_wconf 88' lang='lat' dir='ltr'>et</span> <span class='ocrx_word' id='word_1_327' title='bbox 1187 2733 1313 2789; x_wconf 90' lang='lat' dir='ltr'>ideo</span> <span class='ocrx_word' id='word_1_328' title='bbox 1360 2732 1610 2806; x_wconf 83' lang='lat' dir='ltr'>magistri</span> <span class='ocrx_word' id='word_1_329' title='bbox 1653 2732 1854 2788; x_wconf 90' lang='lat' dir='ltr'>erroris</span> <span class='ocrx_word' id='word_1_330' title='bbox 1885 2732 2140 2800; x_wconf 89' lang='lat' dir='ltr'>existunt,</span> 
     </span>
    </p>
   </div>
   <div class='ocr_carea' id='block_1_46' title="bbox 537 2821 2146 2897">
    <p class='ocr_par' dir='ltr' id='par_1_46' title="bbox 537 2821 2146 2897">
     <span class='ocr_line' id='line_1_46' title="bbox 537 2821 2146 2897; baseline -0.003 -16"><span class='ocrx_word' id='word_1_331' title='bbox 537 2825 664 2897; x_wconf 85' lang='lat' dir='ltr'>quia</span> <span class='ocrx_word' id='word_1_332' title='bbox 719 2823 959 2880; x_wconf 88' lang='lat' dir='ltr'>veritatis</span> <span class='ocrx_word' id='word_1_333' title='bbox 1016 2821 1267 2893; x_wconf 88' lang='lat' dir='ltr'>discipuli</span> <span class='ocrx_word' id='word_1_334' title='bbox 1324 2838 1433 2876; x_wconf 90' lang='lat' dir='ltr'>non</span> <span class='ocrx_word' id='word_1_335' title='bbox 1497 2821 1732 2877; x_wconf 87' lang='lat' dir='ltr'>fuerunt.</span> <span class='ocrx_word' id='word_1_336' title='bbox 1752 2823 1764 2837; x_wconf 91' lang='lat'><strong>&#39;</strong></span> <span class='ocrx_word' id='word_1_337' title='bbox 1790 2821 1961 2878; x_wconf 82' lang='lat' dir='ltr'>Audis</span> <span class='ocrx_word' id='word_1_338' title='bbox 2017 2821 2146 2893; x_wconf 89' lang='lat' dir='ltr'>quia</span> 
     </span>
    </p>
   </div>
   <div class='ocr_carea' id='block_1_47' title="bbox 535 2909 2146 2983">
    <p class='ocr_par' dir='ltr' id='par_1_47' title="bbox 535 2909 2146 2983">
     <span class='ocr_line' id='line_1_47' title="bbox 535 2909 2146 2983; baseline -0.004 -13"><span class='ocrx_word' id='word_1_339' title='bbox 535 2913 874 2970; x_wconf 88' lang='lat' dir='ltr'>venerabiles</span> <span class='ocrx_word' id='word_1_340' title='bbox 903 2913 1095 2982; x_wconf 85' lang='lat' dir='ltr'>Patres</span> <span class='ocrx_word' id='word_1_341' title='bbox 1125 2911 1278 2983; x_wconf 80' lang='lat' dir='ltr'>leges</span> <span class='ocrx_word' id='word_1_342' title='bbox 1301 2927 1475 2983; x_wconf 90' lang='lat' dir='ltr'>usque</span> <span class='ocrx_word' id='word_1_343' title='bbox 1505 2909 1561 2966; x_wconf 90' lang='lat' dir='ltr'>in</span> <span class='ocrx_word' id='word_1_344' title='bbox 1591 2909 1757 2966; x_wconf 84' lang='lat' dir='ltr'>ﬁnem</span> <span class='ocrx_word' id='word_1_345' title='bbox 1787 2911 1972 2966; x_wconf 62' lang='lat' dir='ltr'>seculi</span> <span class='ocrx_word' id='word_1_346' title='bbox 2001 2926 2146 2965; x_wconf 89' lang='lat' dir='ltr'>man-</span> 
     </span>
    </p>
   </div>
   <div class='ocr_carea' id='block_1_48' title="bbox 535 2999 2142 3072">
    <p class='ocr_par' dir='ltr' id='par_1_48' title="bbox 535 2999 2142 3072">
     <span class='ocr_line' id='line_1_48' title="bbox 535 2999 2142 3072; baseline -0.002 -14"><span class='ocrx_word' id='word_1_347' title='bbox 535 3019 694 3058; x_wconf 89' lang='lat' dir='ltr'>suras</span> <span class='ocrx_word' id='word_1_348' title='bbox 723 3001 1123 3058; x_wconf 82' lang='lat' dir='ltr'>condiderunt?</span> <span class='ocrx_word' id='word_1_349' title='bbox 1172 2999 1344 3055; x_wconf 83' lang='lat' dir='ltr'>Audis</span> <span class='ocrx_word' id='word_1_350' title='bbox 1390 2999 1514 3072; x_wconf 90' lang='lat' dir='ltr'>quia</span> <span class='ocrx_word' id='word_1_351' title='bbox 1562 2999 1824 3072; x_wconf 88' lang='lat' dir='ltr'>quidquid</span> <span class='ocrx_word' id='word_1_352' title='bbox 1855 3000 1924 3054; x_wconf 89' lang='lat' dir='ltr'>ab</span> <span class='ocrx_word' id='word_1_353' title='bbox 1955 3015 2142 3055; x_wconf 90' lang='lat' dir='ltr'>eorum</span> 
     </span>
    </p>
   </div>
   <div class='ocr_carea' id='block_1_49' title="bbox 535 3087 2138 3164">
    <p class='ocr_par' dir='ltr' id='par_1_49' title="bbox 535 3087 2138 3164">
     <span class='ocr_line' id='line_1_49' title="bbox 535 3087 2138 3164; baseline -0.002 -18"><span class='ocrx_word' id='word_1_354' title='bbox 535 3091 736 3164; x_wconf 86' lang='lat' dir='ltr'>regulis</span> <span class='ocrx_word' id='word_1_355' title='bbox 763 3089 927 3146; x_wconf 87' lang='lat' dir='ltr'>fuerit</span> <span class='ocrx_word' id='word_1_356' title='bbox 955 3089 1253 3159; x_wconf 89' lang='lat' dir='ltr'>diversum,</span> <span class='ocrx_word' id='word_1_357' title='bbox 1285 3087 1388 3144; x_wconf 88' lang='lat' dir='ltr'>erit</span> <span class='ocrx_word' id='word_1_358' title='bbox 1434 3087 1652 3160; x_wconf 88' lang='lat' dir='ltr'>penitus</span> <span class='ocrx_word' id='word_1_359' title='bbox 1683 3088 1941 3143; x_wconf 80' lang='lat' dir='ltr'>irritum?</span> <span class='ocrx_word' id='word_1_360' title='bbox 1967 3087 2138 3144; x_wconf 82' lang='lat' dir='ltr'>Audis</span> 
     </span>
    </p>
   </div>
   <div class='ocr_carea' id='block_1_50' title="bbox 537 3177 2141 3249">
    <p class='ocr_par' dir='ltr' id='par_1_50' title="bbox 537 3177 2141 3249">
     <span class='ocr_line' id='line_1_50' title="bbox 537 3177 2141 3249; baseline -0.002 -14"><span class='ocrx_word' id='word_1_361' title='bbox 537 3195 724 3236; x_wconf 87' lang='lat' dir='ltr'>sacros</span> <span class='ocrx_word' id='word_1_362' title='bbox 751 3194 988 3236; x_wconf 89' lang='lat' dir='ltr'>canones</span> <span class='ocrx_word' id='word_1_363' title='bbox 1019 3177 1222 3249; x_wconf 91' lang='lat' dir='ltr'>Spiritu</span> <span class='ocrx_word' id='word_1_364' title='bbox 1253 3177 1356 3232; x_wconf 90' lang='lat' dir='ltr'>Dei</span> <span class='ocrx_word' id='word_1_365' title='bbox 1381 3177 1649 3244; x_wconf 87' lang='lat' dir='ltr'>conditos,</span> <span class='ocrx_word' id='word_1_366' title='bbox 1682 3185 1736 3232; x_wconf 92' lang='lat' dir='ltr'>et</span> <span class='ocrx_word' id='word_1_367' title='bbox 1761 3177 1926 3232; x_wconf 89' lang='lat' dir='ltr'>totius</span> <span class='ocrx_word' id='word_1_368' title='bbox 1954 3177 2141 3232; x_wconf 89' lang='lat' dir='ltr'>mundi</span> 
     </span>
    </p>
   </div>
   <div class='ocr_carea' id='block_1_51' title="bbox 534 3265 2144 3340">
    <p class='ocr_par' dir='ltr' id='par_1_51' title="bbox 534 3265 2144 3340">
     <span class='ocr_line' id='line_1_51' title="bbox 534 3265 2144 3340; baseline -0.002 -16"><span class='ocrx_word' id='word_1_369' title='bbox 534 3268 837 3326; x_wconf 89' lang='lat' dir='ltr'>reverentia</span> <span class='ocrx_word' id='word_1_370' title='bbox 885 3274 1261 3333; x_wconf 89' lang='lat' dir='ltr'>consecratos,</span> <span class='ocrx_word' id='word_1_371' title='bbox 1305 3281 1340 3321; x_wconf 92' lang='lat' dir='ltr'>a</span> <span class='ocrx_word' id='word_1_372' title='bbox 1376 3267 1573 3338; x_wconf 90' lang='lat' dir='ltr'>quibus</span> <span class='ocrx_word' id='word_1_373' title='bbox 1620 3265 1773 3322; x_wconf 91' lang='lat' dir='ltr'>nulla</span> <span class='ocrx_word' id='word_1_374' title='bbox 1806 3266 2144 3340; x_wconf 81' lang='lat' dir='ltr'>negligentia</span> 
     </span>
    </p>
   </div>
   <div class='ocr_carea' id='block_1_52' title="bbox 533 3354 2142 3429">
    <p class='ocr_par' dir='ltr' id='par_1_52' title="bbox 533 3354 2142 3429">
     <span class='ocr_line' id='line_1_52' title="bbox 533 3354 2142 3429; baseline -0.002 -16"><span class='ocrx_word' id='word_1_375' title='bbox 533 3365 625 3413; x_wconf 90' lang='lat' dir='ltr'>aut</span> <span class='ocrx_word' id='word_1_376' title='bbox 671 3356 1094 3429; x_wconf 66' lang='lat' dir='ltr'>praesumptione</span> <span class='ocrx_word' id='word_1_377' title='bbox 1147 3371 1178 3410; x_wconf 90' lang='lat' dir='ltr'>a</span> <span class='ocrx_word' id='word_1_378' title='bbox 1224 3354 1467 3426; x_wconf 89' lang='lat' dir='ltr'>quolibet</span> <span class='ocrx_word' id='word_1_379' title='bbox 1515 3354 1722 3410; x_wconf 89' lang='lat' dir='ltr'>deviari</span> <span class='ocrx_word' id='word_1_380' title='bbox 1774 3355 2142 3411; x_wconf 80' lang='lat' dir='ltr'>conceditur?</span> 
     </span>
    </p>
   </div>
   <div class='ocr_carea' id='block_1_53' title="bbox 535 3443 2141 3518">
    <p class='ocr_par' dir='ltr' id='par_1_53' title="bbox 535 3443 2141 3518">
     <span class='ocr_line' id='line_1_53' title="bbox 535 3443 2141 3518; baseline -0.002 -17"><span class='ocrx_word' id='word_1_381' title='bbox 535 3445 704 3501; x_wconf 83' lang='lat' dir='ltr'>Audis</span> <span class='ocrx_word' id='word_1_382' title='bbox 735 3446 862 3518; x_wconf 89' lang='lat' dir='ltr'>quia</span> <span class='ocrx_word' id='word_1_383' title='bbox 891 3452 1083 3502; x_wconf 89' lang='lat' dir='ltr'>contra</span> <span class='ocrx_word' id='word_1_384' title='bbox 1131 3443 1354 3500; x_wconf 91' lang='lat' dir='ltr'>eosdem</span> <span class='ocrx_word' id='word_1_385' title='bbox 1403 3459 1642 3498; x_wconf 90' lang='lat' dir='ltr'>canones</span> <span class='ocrx_word' id='word_1_386' title='bbox 1686 3459 1789 3500; x_wconf 88' lang='lat' dir='ltr'>nec</span> <span class='ocrx_word' id='word_1_387' title='bbox 1817 3443 1980 3499; x_wconf 89' lang='lat' dir='ltr'>etiam</span> <span class='ocrx_word' id='word_1_388' title='bbox 2009 3459 2141 3515; x_wconf 59' lang='lat' dir='ltr'>apo.</span> 
     </span>
    </p>
   </div>
   <div class='ocr_carea' id='block_1_54' title="bbox 534 3531 2142 3604">
    <p class='ocr_par' dir='ltr' id='par_1_54' title="bbox 534 3531 2142 3604">
     <span class='ocr_line' id='line_1_54' title="bbox 534 3531 2142 3604; baseline -0.003 -13"><span class='ocrx_word' id='word_1_389' title='bbox 534 3534 724 3592; x_wconf 88' lang='lat' dir='ltr'>stolica</span> <span class='ocrx_word' id='word_1_390' title='bbox 777 3535 938 3590; x_wconf 91' lang='lat' dir='ltr'>sedes</span> <span class='ocrx_word' id='word_1_391' title='bbox 998 3533 1102 3588; x_wconf 91' lang='lat' dir='ltr'>sibi</span> <span class='ocrx_word' id='word_1_392' title='bbox 1156 3533 1324 3589; x_wconf 89' lang='lat' dir='ltr'>licere</span> <span class='ocrx_word' id='word_1_393' title='bbox 1381 3531 1584 3604; x_wconf 88' lang='lat' dir='ltr'>aliquid</span> <span class='ocrx_word' id='word_1_394' title='bbox 1639 3541 1843 3588; x_wconf 86' lang='lat' dir='ltr'>temere</span> <span class='ocrx_word' id='word_1_395' title='bbox 1916 3532 2142 3604; x_wconf 78' lang='lat' dir='ltr'>cupiat?</span> 
     </span>
    </p>
   </div>
   <div class='ocr_carea' id='block_1_55' title="bbox 535 3621 2142 3695">
    <p class='ocr_par' dir='ltr' id='par_1_55' title="bbox 535 3621 2142 3695">
     <span class='ocr_line' id='line_1_55' title="bbox 535 3621 2142 3695; baseline -0.004 -14"><span class='ocrx_word' id='word_1_396' title='bbox 535 3625 705 3681; x_wconf 81' lang='lat' dir='ltr'>Audis</span> <span class='ocrx_word' id='word_1_397' title='bbox 735 3631 795 3679; x_wconf 92' lang='lat' dir='ltr'>ut</span> <span class='ocrx_word' id='word_1_398' title='bbox 823 3623 1003 3680; x_wconf 89' lang='lat' dir='ltr'>omnia</span> <span class='ocrx_word' id='word_1_399' title='bbox 1035 3639 1156 3695; x_wconf 65' lang='lat' dir='ltr'>quae</span> <span class='ocrx_word' id='word_1_400' title='bbox 1186 3622 1390 3679; x_wconf 88' lang='lat' dir='ltr'>sanctis</span> <span class='ocrx_word' id='word_1_401' title='bbox 1417 3621 1717 3677; x_wconf 89' lang='lat' dir='ltr'>canonibus</span> <span class='ocrx_word' id='word_1_402' title='bbox 1759 3627 1882 3676; x_wconf 91' lang='lat' dir='ltr'>sunt</span> <span class='ocrx_word' id='word_1_403' title='bbox 1907 3621 2142 3676; x_wconf 90' lang='lat' dir='ltr'>adversa</span> 
     </span>
    </p>
   </div>
   <div class='ocr_carea' id='block_1_56' title="bbox 536 3710 2141 3782">
    <p class='ocr_par' dir='ltr' id='par_1_56' title="bbox 536 3710 2141 3782">
     <span class='ocr_line' id='line_1_56' title="bbox 536 3710 2141 3782; baseline -0.002 -14"><span class='ocrx_word' id='word_1_404' title='bbox 536 3712 782 3768; x_wconf 78' lang='lat' dir='ltr'>districta</span> <span class='ocrx_word' id='word_1_405' title='bbox 827 3712 928 3768; x_wconf 88' lang='lat' dir='ltr'>sub</span> <span class='ocrx_word' id='word_1_406' title='bbox 960 3711 1322 3766; x_wconf 89' lang='lat' dir='ltr'>anathematis</span> <span class='ocrx_word' id='word_1_407' title='bbox 1350 3710 1764 3782; x_wconf 88' lang='lat' dir='ltr'>interpositione</span> <span class='ocrx_word' id='word_1_408' title='bbox 1785 3711 2141 3765; x_wconf 85' lang='lat' dir='ltr'>damnentur?</span> 
     </span>
    </p>
   </div>
   <div class='ocr_carea' id='block_1_57' title="bbox 536 3798 2140 3871">
    <p class='ocr_par' dir='ltr' id='par_1_57' title="bbox 536 3798 2140 3871">
     <span class='ocr_line' id='line_1_57' title="bbox 536 3798 2140 3871; baseline -0.004 -13"><span class='ocrx_word' id='word_1_409' title='bbox 536 3800 707 3858; x_wconf 81' lang='lat' dir='ltr'>Audis</span> <span class='ocrx_word' id='word_1_410' title='bbox 739 3799 994 3871; x_wconf 87' lang='lat' dir='ltr'>quoniam</span> <span class='ocrx_word' id='word_1_411' title='bbox 1021 3798 1098 3854; x_wconf 90' lang='lat' dir='ltr'>ibi</span> <span class='ocrx_word' id='word_1_412' title='bbox 1125 3798 1206 3853; x_wconf 88' lang='lat' dir='ltr'>fas</span> <span class='ocrx_word' id='word_1_413' title='bbox 1235 3798 1500 3870; x_wconf 84' lang='lat' dir='ltr'>nefasque</span> <span class='ocrx_word' id='word_1_414' title='bbox 1537 3799 1902 3870; x_wconf 88' lang='lat' dir='ltr'>perscriptum</span> <span class='ocrx_word' id='word_1_415' title='bbox 1931 3806 2032 3869; x_wconf 88' lang='lat' dir='ltr'>est,</span> <span class='ocrx_word' id='word_1_416' title='bbox 2065 3799 2140 3854; x_wconf 92' lang='lat' dir='ltr'>ibi</span> 
     </span>
    </p>
   </div>
   <div class='ocr_carea' id='block_1_58' title="bbox 533 3887 2141 3961">
    <p class='ocr_par' dir='ltr' id='par_1_58' title="bbox 533 3887 2141 3961">
     <span class='ocr_line' id='line_1_58' title="bbox 533 3887 2141 3961; baseline -0.002 -16"><span class='ocrx_word' id='word_1_417' title='bbox 533 3888 865 3961; x_wconf 90' lang='lat' dir='ltr'>prohibitum</span> <span class='ocrx_word' id='word_1_418' title='bbox 921 3888 993 3943; x_wconf 89' lang='lat' dir='ltr'>ad</span> <span class='ocrx_word' id='word_1_419' title='bbox 1047 3887 1194 3960; x_wconf 92' lang='lat' dir='ltr'>quod</span> <span class='ocrx_word' id='word_1_420' title='bbox 1250 3887 1430 3943; x_wconf 89' lang='lat' dir='ltr'>nullus</span> <span class='ocrx_word' id='word_1_421' title='bbox 1488 3887 1682 3942; x_wconf 90' lang='lat' dir='ltr'>audeat</span> <span class='ocrx_word' id='word_1_422' title='bbox 1738 3887 1979 3958; x_wconf 87' lang='lat' dir='ltr'>aspirare</span> <span class='ocrx_word' id='word_1_423' title='bbox 2004 3931 2017 3955; x_wconf 95' lang='lat'>,</span> <span class='ocrx_word' id='word_1_424' title='bbox 2065 3887 2141 3942; x_wconf 92' lang='lat' dir='ltr'>ibi</span> 
     </span>
    </p>
   </div>
   <div class='ocr_carea' id='block_1_59' title="bbox 534 3975 2138 4048">
    <p class='ocr_par' dir='ltr' id='par_1_59' title="bbox 534 3975 2138 4048">
     <span class='ocr_line' id='line_1_59' title="bbox 534 3975 2138 4048; baseline -0.002 -13"><span class='ocrx_word' id='word_1_425' title='bbox 534 3992 858 4035; x_wconf 90' lang='lat' dir='ltr'>concessum</span> <span class='ocrx_word' id='word_1_426' title='bbox 885 3976 1018 4048; x_wconf 89' lang='lat' dir='ltr'>quid</span> <span class='ocrx_word' id='word_1_427' title='bbox 1065 3975 1266 4030; x_wconf 89' lang='lat' dir='ltr'>debeat</span> <span class='ocrx_word' id='word_1_428' title='bbox 1319 3991 1476 4030; x_wconf 89' lang='lat' dir='ltr'>mens</span> <span class='ocrx_word' id='word_1_429' title='bbox 1524 3977 1640 4031; x_wconf 93' lang='lat' dir='ltr'>Deo</span> <span class='ocrx_word' id='word_1_430' title='bbox 1687 3975 1950 4046; x_wconf 89' lang='lat' dir='ltr'>placitura</span> <span class='ocrx_word' id='word_1_431' title='bbox 1991 3992 2138 4048; x_wconf 84' lang='lat' dir='ltr'>prae-</span> 
     </span>
    </p>
   </div>
   <div class='ocr_carea' id='block_1_60' title="bbox 535 4055 2136 4136">
    <p class='ocr_par' dir='ltr' id='par_1_60' title="bbox 535 4055 2136 4136">
     <span class='ocr_line' id='line_1_60' title="bbox 535 4055 2136 4136; baseline -0.003 -13"><span class='ocrx_word' id='word_1_432' title='bbox 535 4055 859 4134; x_wconf 49' lang='lat' dir='ltr'>sumere,&#39;et</span> <span class='ocrx_word' id='word_1_433' title='bbox 888 4064 1076 4122; x_wconf 88' lang='lat' dir='ltr'>studes</span> <span class='ocrx_word' id='word_1_434' title='bbox 1107 4064 1592 4136; x_wconf 86' lang='lat' dir='ltr'>tergiversationes</span> <span class='ocrx_word' id='word_1_435' title='bbox 1611 4065 1900 4136; x_wconf 88' lang='lat' dir='ltr'>exquirere</span> <span class='ocrx_word' id='word_1_436' title='bbox 1927 4071 1986 4120; x_wconf 91' lang='lat' dir='ltr'>ut</span> <span class='ocrx_word' id='word_1_437' title='bbox 2004 4064 2136 4119; x_wconf 91' lang='lat' dir='ltr'>nulli</span> 
     </span>
    </p>
   </div>
   <div class='ocr_carea' id='block_1_61' title="bbox 532 4153 2140 4228">
    <p class='ocr_par' dir='ltr' id='par_1_61' title="bbox 532 4153 2140 4228">
     <span class='ocr_line' id='line_1_61' title="bbox 532 4153 2140 4228; baseline -0.002 -16"><span class='ocrx_word' id='word_1_438' title='bbox 532 4156 713 4228; x_wconf 90' lang='lat' dir='ltr'>possis</span> <span class='ocrx_word' id='word_1_439' title='bbox 769 4155 1034 4222; x_wconf 89' lang='lat' dir='ltr'>subesse,</span> <span class='ocrx_word' id='word_1_440' title='bbox 1077 4154 1168 4228; x_wconf 89' lang='lat' dir='ltr'>qui</span> <span class='ocrx_word' id='word_1_441' title='bbox 1217 4169 1326 4209; x_wconf 91' lang='lat' dir='ltr'>non</span> <span class='ocrx_word' id='word_1_442' title='bbox 1386 4161 1544 4226; x_wconf 83' lang='lat' dir='ltr'>potes</span> <span class='ocrx_word' id='word_1_443' title='bbox 1591 4153 1800 4210; x_wconf 89' lang='lat' dir='ltr'>cunctis</span> <span class='ocrx_word' id='word_1_444' title='bbox 1855 4154 2140 4224; x_wconf 60' lang='lat' dir='ltr'>praeesse?</span> 
     </span>
    </p>
   </div>
   <div class='ocr_carea' id='block_1_62' title="bbox 534 4242 2138 4316">
    <p class='ocr_par' dir='ltr' id='par_1_62' title="bbox 534 4242 2138 4316">
     <span class='ocr_line' id='line_1_62' title="bbox 534 4242 2138 4316; baseline -0.002 -14"><span class='ocrx_word' id='word_1_445' title='bbox 534 4245 675 4302; x_wconf 88' lang='lat' dir='ltr'>Audi</span> <span class='ocrx_word' id='word_1_446' title='bbox 703 4245 870 4302; x_wconf 89' lang='lat' dir='ltr'>etiam</span> <span class='ocrx_word' id='word_1_447' title='bbox 901 4243 1032 4316; x_wconf 87' lang='lat' dir='ltr'>quid</span> <span class='ocrx_word' id='word_1_448' title='bbox 1077 4243 1147 4300; x_wconf 90' lang='lat' dir='ltr'>de</span> <span class='ocrx_word' id='word_1_449' title='bbox 1185 4243 1272 4298; x_wconf 91' lang='lat' dir='ltr'>his</span> <span class='ocrx_word' id='word_1_450' title='bbox 1317 4259 1602 4299; x_wconf 90' lang='lat' dir='ltr'>sacrorum</span> <span class='ocrx_word' id='word_1_451' title='bbox 1649 4242 2003 4300; x_wconf 89' lang='lat' dir='ltr'>conciliorum</span> <span class='ocrx_word' id='word_1_452' title='bbox 2042 4259 2138 4299; x_wconf 91' lang='lat' dir='ltr'>ca-</span> 
     </span>
    </p>
   </div>
   <div class='ocr_carea' id='block_1_63' title="bbox 533 4331 2134 4412">
    <p class='ocr_par' dir='ltr' id='par_1_63' title="bbox 533 4331 2134 4412">
     <span class='ocr_line' id='line_1_63' title="bbox 533 4331 2134 4412; baseline -0.002 -22"><span class='ocrx_word' id='word_1_453' title='bbox 533 4334 766 4392; x_wconf 90' lang='lat' dir='ltr'>nonibus</span> <span class='ocrx_word' id='word_1_454' title='bbox 795 4350 922 4390; x_wconf 89' lang='lat' dir='ltr'>cum</span> <span class='ocrx_word' id='word_1_455' title='bbox 970 4332 1094 4388; x_wconf 88' lang='lat' dir='ltr'>aliis</span> <span class='ocrx_word' id='word_1_456' title='bbox 1136 4332 1454 4388; x_wconf 90' lang='lat' dir='ltr'>orthodoxis</span> <span class='ocrx_word' id='word_1_457' title='bbox 1485 4331 1650 4387; x_wconf 90' lang='lat' dir='ltr'>etiam</span> <span class='ocrx_word' id='word_1_458' title='bbox 1679 4333 1738 4387; x_wconf 91' lang='lat' dir='ltr'>B.</span> <span class='ocrx_word' id='word_1_459' title='bbox 1781 4331 2134 4412; x_wconf 88' lang='lat' dir='ltr'>Augustinus,</span> 
     </span>
    </p>
   </div>
   <div class='ocr_carea' id='block_1_64' title="bbox 2245 1752 3854 1826">
    <p class='ocr_par' dir='ltr' id='par_1_64' title="bbox 2245 1752 3854 1826">
     <span class='ocr_line' id='line_1_64' title="bbox 2245 1752 3854 1826; baseline 0.001 -18"><span class='ocrx_word' id='word_1_460' title='bbox 2245 1753 2378 1808; x_wconf 80' lang='lat' dir='ltr'>tium</span> <span class='ocrx_word' id='word_1_461' title='bbox 2408 1753 2738 1824; x_wconf 90' lang='lat' dir='ltr'>susceptioni</span> <span class='ocrx_word' id='word_1_462' title='bbox 2783 1769 3114 1826; x_wconf 91' lang='lat' dir='ltr'>proponere,</span> <span class='ocrx_word' id='word_1_463' title='bbox 3147 1753 3246 1809; x_wconf 91' lang='lat' dir='ltr'>sed</span> <span class='ocrx_word' id='word_1_464' title='bbox 3275 1769 3384 1824; x_wconf 90' lang='lat' dir='ltr'>quo</span> <span class='ocrx_word' id='word_1_465' title='bbox 3410 1752 3518 1822; x_wconf 61' lang='lat' dir='ltr'>,tibi</span> <span class='ocrx_word' id='word_1_466' title='bbox 3546 1767 3854 1810; x_wconf 89' lang='lat' dir='ltr'>consensus</span> 
     </span>
    </p>
   </div>
   <div class='ocr_carea' id='block_1_65' title="bbox 2242 1841 3850 1914">
    <p class='ocr_par' dir='ltr' id='par_1_65' title="bbox 2242 1841 3850 1914">
     <span class='ocr_line' id='line_1_65' title="bbox 2242 1841 3850 1914; baseline 0 -16"><span class='ocrx_word' id='word_1_467' title='bbox 2242 1849 2428 1898; x_wconf 90' lang='lat' dir='ltr'>noster</span> <span class='ocrx_word' id='word_1_468' title='bbox 2454 1841 2688 1898; x_wconf 91' lang='lat' dir='ltr'>liberum</span> <span class='ocrx_word' id='word_1_469' title='bbox 2715 1841 2771 1896; x_wconf 89' lang='lat' dir='ltr'>in</span> <span class='ocrx_word' id='word_1_470' title='bbox 2819 1841 3168 1914; x_wconf 91' lang='lat' dir='ltr'>suscipiendo</span> <span class='ocrx_word' id='word_1_471' title='bbox 3211 1841 3417 1895; x_wconf 89' lang='lat' dir='ltr'>tribuat</span> <span class='ocrx_word' id='word_1_472' title='bbox 3454 1841 3788 1913; x_wconf 89' lang='lat' dir='ltr'>exemplum.</span> <span class='ocrx_word' id='word_1_473' title='bbox 3827 1861 3850 1891; x_wconf 77' lang='grc' dir='ltr'><strong><em>ι</em></strong></span> 
     </span>
    </p>
   </div>
   <div class='ocr_carea' id='block_1_66' title="bbox 2243 1929 3854 2000">
    <p class='ocr_par' dir='ltr' id='par_1_66' title="bbox 2243 1929 3854 2000">
     <span class='ocr_line' id='line_1_66' title="bbox 2243 1929 3854 2000; baseline -0.001 -13"><span class='ocrx_word' id='word_1_474' title='bbox 2243 1932 2312 1987; x_wconf 89' lang='lat' dir='ltr'>Et</span> <span class='ocrx_word' id='word_1_475' title='bbox 2341 1939 2560 1986; x_wconf 89' lang='lat' dir='ltr'>sanctus</span> <span class='ocrx_word' id='word_1_476' title='bbox 2589 1931 2699 1987; x_wconf 92' lang='lat' dir='ltr'>Leo</span> <span class='ocrx_word' id='word_1_477' title='bbox 2727 1931 2797 1985; x_wconf 89' lang='lat' dir='ltr'>ad</span> <span class='ocrx_word' id='word_1_478' title='bbox 2847 1929 3194 1998; x_wconf 83' lang='lat' dir='ltr'>Ravennium</span> <span class='ocrx_word' id='word_1_479' title='bbox 3223 1929 3604 1986; x_wconf 90' lang='lat' dir='ltr'>Arelatensem</span> <span class='ocrx_word' id='word_1_480' title='bbox 3631 1930 3854 2000; x_wconf 83' lang='lat' dir='ltr'>episco-</span> 
     </span>
    </p>
   </div>
   <div class='ocr_carea' id='block_1_67' title="bbox 2242 2018 3856 2092">
    <p class='ocr_par' dir='ltr' id='par_1_67' title="bbox 2242 2018 3856 2092">
     <span class='ocr_line' id='line_1_67' title="bbox 2242 2018 3856 2092; baseline 0 -18"><span class='ocrx_word' id='word_1_481' title='bbox 2242 2035 2373 2091; x_wconf 90' lang='lat' dir='ltr'>pum</span> <span class='ocrx_word' id='word_1_482' title='bbox 2400 2020 2588 2092; x_wconf 85' lang='lat' dir='ltr'>(epist.</span> <span class='ocrx_word' id='word_1_483' title='bbox 2633 2020 2724 2091; x_wconf 75' lang='grc'>94)</span> <span class='ocrx_word' id='word_1_484' title='bbox 2757 2035 2769 2074; x_wconf 94' lang='lat'>:</span> <span class='ocrx_word' id='word_1_485' title='bbox 2808 2041 2830 2069; x_wconf 75' lang='grc' dir='ltr'>ε</span> <span class='ocrx_word' id='word_1_486' title='bbox 2865 2019 3394 2086; x_wconf 82' lang='lat' dir='ltr'>Ecclesiasticarum,</span> <span class='ocrx_word' id='word_1_487' title='bbox 3436 2019 3630 2091; x_wconf 89' lang='lat' dir='ltr'>inquit,</span> <span class='ocrx_word' id='word_1_488' title='bbox 3663 2018 3856 2092; x_wconf 85' lang='lat' dir='ltr'>legum</span> 
     </span>
    </p>
   </div>
   <div class='ocr_carea' id='block_1_68' title="bbox 2243 2107 3856 2180">
    <p class='ocr_par' dir='ltr' id='par_1_68' title="bbox 2243 2107 3856 2180">
     <span class='ocr_line' id='line_1_68' title="bbox 2243 2107 3856 2180; baseline -0.001 -17"><span class='ocrx_word' id='word_1_489' title='bbox 2243 2123 2353 2164; x_wconf 90' lang='lat' dir='ltr'>non</span> <span class='ocrx_word' id='word_1_490' title='bbox 2381 2107 2578 2179; x_wconf 88' lang='lat' dir='ltr'>ignara</span> <span class='ocrx_word' id='word_1_491' title='bbox 2606 2116 2690 2163; x_wconf 92' lang='lat' dir='ltr'>est</span> <span class='ocrx_word' id='word_1_492' title='bbox 2735 2107 2954 2164; x_wconf 91' lang='lat' dir='ltr'>dilectio</span> <span class='ocrx_word' id='word_1_493' title='bbox 3001 2115 3112 2176; x_wconf 92' lang='lat' dir='ltr'>tua,</span> <span class='ocrx_word' id='word_1_494' title='bbox 3144 2115 3200 2162; x_wconf 91' lang='lat' dir='ltr'>ut</span> <span class='ocrx_word' id='word_1_495' title='bbox 3228 2107 3374 2163; x_wconf 89' lang='lat' dir='ltr'>intra</span> <span class='ocrx_word' id='word_1_496' title='bbox 3401 2123 3591 2163; x_wconf 88' lang='lat' dir='ltr'>earum</span> <span class='ocrx_word' id='word_1_497' title='bbox 3629 2107 3856 2180; x_wconf 88' lang='lat' dir='ltr'>regulas</span> 
     </span>
    </p>
   </div>
   <div class='ocr_carea' id='block_1_69' title="bbox 2245 2195 3854 2269">
    <p class='ocr_par' dir='ltr' id='par_1_69' title="bbox 2245 2195 3854 2269">
     <span class='ocr_line' id='line_1_69' title="bbox 2245 2195 3854 2269; baseline 0.002 -19"><span class='ocrx_word' id='word_1_498' title='bbox 2245 2205 2406 2268; x_wconf 89' lang='lat' dir='ltr'>atque</span> <span class='ocrx_word' id='word_1_499' title='bbox 2435 2213 2719 2252; x_wconf 88' lang='lat' dir='ltr'>mensuras</span> <span class='ocrx_word' id='word_1_500' title='bbox 2746 2196 2926 2251; x_wconf 90' lang='lat' dir='ltr'>omnia</span> <span class='ocrx_word' id='word_1_501' title='bbox 2947 2196 3230 2269; x_wconf 87' lang='lat' dir='ltr'>potestatis</span> <span class='ocrx_word' id='word_1_502' title='bbox 3259 2203 3367 2252; x_wconf 67' lang='lat' dir='ltr'>tuae</span> <span class='ocrx_word' id='word_1_503' title='bbox 3387 2197 3517 2266; x_wconf 87' lang='lat' dir='ltr'>jura</span> <span class='ocrx_word' id='word_1_504' title='bbox 3545 2195 3854 2254; x_wconf 86' lang='lat' dir='ltr'>contineas.</span> 
     </span>
    </p>
   </div>
   <div class='ocr_carea' id='block_1_70' title="bbox 2244 2270 3854 2358">
    <p class='ocr_par' dir='ltr' id='par_1_70' title="bbox 2244 2270 3854 2358">
     <span class='ocr_line' id='line_1_70' title="bbox 2244 2270 3854 2358; baseline 0.001 -18"><span class='ocrx_word' id='word_1_505' title='bbox 2244 2270 2629 2358; x_wconf 53' lang='lat' dir='ltr'>Justo&#39;quippe</span> <span class='ocrx_word' id='word_1_506' title='bbox 2657 2285 2782 2340; x_wconf 93' lang='lat' dir='ltr'>ideo</span> <span class='ocrx_word' id='word_1_507' title='bbox 2812 2284 3008 2340; x_wconf 88' lang='lat' dir='ltr'>dicitur</span> <span class='ocrx_word' id='word_1_508' title='bbox 3035 2285 3125 2340; x_wconf 86' lang='lat' dir='ltr'>lex</span> <span class='ocrx_word' id='word_1_509' title='bbox 3155 2301 3265 2340; x_wconf 91' lang='lat' dir='ltr'>non</span> <span class='ocrx_word' id='word_1_510' title='bbox 3289 2301 3414 2340; x_wconf 89' lang='lat' dir='ltr'>esse</span> <span class='ocrx_word' id='word_1_511' title='bbox 3429 2285 3609 2356; x_wconf 90' lang='lat' dir='ltr'>posita</span> <span class='ocrx_word' id='word_1_512' title='bbox 3629 2285 3682 2357; x_wconf 86' lang='grc' dir='ltr'>(Ι</span> <span class='ocrx_word' id='word_1_513' title='bbox 3712 2287 3854 2341; x_wconf 81' lang='lat' dir='ltr'>Tim.</span> 
     </span>
    </p>
   </div>
   <div class='ocr_carea' id='block_1_71' title="bbox 2247 2373 3854 2446">
    <p class='ocr_par' dir='ltr' id='par_1_71' title="bbox 2247 2373 3854 2446">
     <span class='ocr_line' id='line_1_71' title="bbox 2247 2373 3854 2446; baseline 0.001 -18"><span class='ocrx_word' id='word_1_514' title='bbox 2247 2389 2284 2438; x_wconf 86' lang='grc' dir='ltr'>ι,</span> <span class='ocrx_word' id='word_1_515' title='bbox 2346 2373 2422 2444; x_wconf 86' lang='grc'>9),</span> <span class='ocrx_word' id='word_1_516' title='bbox 2464 2373 2592 2446; x_wconf 90' lang='lat' dir='ltr'>quia</span> <span class='ocrx_word' id='word_1_517' title='bbox 2645 2389 2888 2429; x_wconf 87' lang='lat' dir='ltr'>normam</span> <span class='ocrx_word' id='word_1_518' title='bbox 2944 2373 3327 2446; x_wconf 71' lang='lat' dir='ltr'>praeceptionis</span> <span class='ocrx_word' id='word_1_519' title='bbox 3403 2373 3594 2446; x_wconf 85' lang='lat' dir='ltr'>implet</span> <span class='ocrx_word' id='word_1_520' title='bbox 3641 2373 3854 2444; x_wconf 89' lang='lat' dir='ltr'>judicio</span> 
     </span>
    </p>
   </div>
   <div class='ocr_carea' id='block_1_72' title="bbox 2245 2461 3854 2534">
    <p class='ocr_par' dir='ltr' id='par_1_72' title="bbox 2245 2461 3854 2534">
     <span class='ocr_line' id='line_1_72' title="bbox 2245 2461 3854 2534; baseline 0 -16"><span class='ocrx_word' id='word_1_521' title='bbox 2245 2461 2562 2530; x_wconf 88' lang='lat' dir='ltr'>voluntatis,</span> <span class='ocrx_word' id='word_1_522' title='bbox 2595 2478 2720 2518; x_wconf 90' lang='lat' dir='ltr'>cum</span> <span class='ocrx_word' id='word_1_523' title='bbox 2765 2479 2930 2518; x_wconf 90' lang='lat' dir='ltr'>verus</span> <span class='ocrx_word' id='word_1_524' title='bbox 2972 2461 3108 2518; x_wconf 90' lang='lat' dir='ltr'>recti</span> <span class='ocrx_word' id='word_1_525' title='bbox 3157 2477 3310 2517; x_wconf 89' lang='lat' dir='ltr'>amor</span> <span class='ocrx_word' id='word_1_526' title='bbox 3339 2463 3395 2517; x_wconf 92' lang='lat' dir='ltr'>in</span> <span class='ocrx_word' id='word_1_527' title='bbox 3424 2463 3727 2534; x_wconf 85' lang='lat' dir='ltr'>semetipso</span> <span class='ocrx_word' id='word_1_528' title='bbox 3756 2463 3854 2518; x_wconf 90' lang='lat' dir='ltr'>ha-</span> 
     </span>
    </p>
   </div>
   <div class='ocr_carea' id='block_1_73' title="bbox 2247 2551 3854 2622">
    <p class='ocr_par' dir='ltr' id='par_1_73' title="bbox 2247 2551 3854 2622">
     <span class='ocr_line' id='line_1_73' title="bbox 2247 2551 3854 2622; baseline 0 -17"><span class='ocrx_word' id='word_1_529' title='bbox 2247 2551 2358 2618; x_wconf 87' lang='lat' dir='ltr'>bet,</span> <span class='ocrx_word' id='word_1_530' title='bbox 2391 2559 2444 2608; x_wconf 91' lang='lat' dir='ltr'>et</span> <span class='ocrx_word' id='word_1_531' title='bbox 2491 2551 2820 2622; x_wconf 89' lang='lat' dir='ltr'>apostolicas</span> <span class='ocrx_word' id='word_1_532' title='bbox 2867 2551 3239 2618; x_wconf 84' lang='lat' dir='ltr'>auctoritates,</span> <span class='ocrx_word' id='word_1_533' title='bbox 3283 2559 3336 2607; x_wconf 89' lang='lat' dir='ltr'>et</span> <span class='ocrx_word' id='word_1_534' title='bbox 3384 2551 3679 2608; x_wconf 89' lang='lat' dir='ltr'>canonicas</span> <span class='ocrx_word' id='word_1_535' title='bbox 3720 2567 3854 2606; x_wconf 87' lang='lat' dir='ltr'>san-</span> 
     </span>
    </p>
   </div>
   <div class='ocr_carea' id='block_1_74' title="bbox 2246 2639 3855 2712">
    <p class='ocr_par' dir='ltr' id='par_1_74' title="bbox 2246 2639 3855 2712">
     <span class='ocr_line' id='line_1_74' title="bbox 2246 2639 3855 2712; baseline 0 -16"><span class='ocrx_word' id='word_1_536' title='bbox 2246 2639 2454 2697; x_wconf 90' lang='lat' dir='ltr'>ctiones</span> <span class='ocrx_word' id='word_1_537' title='bbox 2487 2658 2501 2695; x_wconf 91' lang='lat'><strong>:</strong></span> <span class='ocrx_word' id='word_1_538' title='bbox 2535 2655 2766 2712; x_wconf 88' lang='lat' dir='ltr'>quarum</span> <span class='ocrx_word' id='word_1_539' title='bbox 2812 2640 3041 2697; x_wconf 89' lang='lat' dir='ltr'>devotus</span> <span class='ocrx_word' id='word_1_540' title='bbox 3087 2647 3321 2696; x_wconf 86' lang='lat' dir='ltr'>sectator</span> <span class='ocrx_word' id='word_1_541' title='bbox 3349 2648 3403 2695; x_wconf 91' lang='lat' dir='ltr'>et</span> <span class='ocrx_word' id='word_1_542' title='bbox 3425 2639 3665 2712; x_wconf 81' lang='lat' dir='ltr'>diligens</span> <span class='ocrx_word' id='word_1_543' title='bbox 3697 2655 3855 2696; x_wconf 88' lang='lat' dir='ltr'>exse-</span> 
     </span>
    </p>
   </div>
   <div class='ocr_carea' id='block_1_75' title="bbox 2245 2728 3854 2801">
    <p class='ocr_par' dir='ltr' id='par_1_75' title="bbox 2245 2728 3854 2801">
     <span class='ocr_line' id='line_1_75' title="bbox 2245 2728 3854 2801; baseline 0 -17"><span class='ocrx_word' id='word_1_544' title='bbox 2245 2737 2401 2785; x_wconf 88' lang='lat' dir='ltr'>cutor</span> <span class='ocrx_word' id='word_1_545' title='bbox 2430 2729 2486 2784; x_wconf 91' lang='lat' dir='ltr'>in</span> <span class='ocrx_word' id='word_1_546' title='bbox 2516 2745 2707 2785; x_wconf 91' lang='lat' dir='ltr'>eorum</span> <span class='ocrx_word' id='word_1_547' title='bbox 2752 2728 2946 2801; x_wconf 85' lang='lat' dir='ltr'>procul</span> <span class='ocrx_word' id='word_1_548' title='bbox 2976 2729 3143 2784; x_wconf 90' lang='lat' dir='ltr'>dubio</span> <span class='ocrx_word' id='word_1_549' title='bbox 3187 2729 3464 2786; x_wconf 88' lang='lat' dir='ltr'>consortio</span> <span class='ocrx_word' id='word_1_550' title='bbox 3501 2729 3854 2800; x_wconf 88' lang='lat' dir='ltr'>gloriaberis-</span> 
     </span>
    </p>
   </div>
   <div class='ocr_carea' id='block_1_76' title="bbox 2247 2817 3854 2890">
    <p class='ocr_par' dir='ltr' id='par_1_76' title="bbox 2247 2817 3854 2890">
     <span class='ocr_line' id='line_1_76' title="bbox 2247 2817 3854 2890; baseline 0 -16"><span class='ocrx_word' id='word_1_551' title='bbox 2247 2818 2339 2890; x_wconf 90' lang='lat' dir='ltr'>qui</span> <span class='ocrx_word' id='word_1_552' title='bbox 2383 2818 2715 2874; x_wconf 89' lang='lat' dir='ltr'>creditorum</span> <span class='ocrx_word' id='word_1_553' title='bbox 2761 2817 2865 2873; x_wconf 90' lang='lat' dir='ltr'>sibi</span> <span class='ocrx_word' id='word_1_554' title='bbox 2912 2817 3244 2890; x_wconf 86' lang='lat' dir='ltr'>profectibus</span> <span class='ocrx_word' id='word_1_555' title='bbox 3293 2818 3624 2874; x_wconf 88' lang='lat' dir='ltr'>talentorum</span> <span class='ocrx_word' id='word_1_556' title='bbox 3661 2819 3854 2874; x_wconf 86' lang='lat' dir='ltr'>audire</span> 
     </span>
    </p>
   </div>
   <div class='ocr_carea' id='block_1_77' title="bbox 2245 2907 3853 2980">
    <p class='ocr_par' dir='ltr' id='par_1_77' title="bbox 2245 2907 3853 2980">
     <span class='ocr_line' id='line_1_77' title="bbox 2245 2907 3853 2980; baseline 0.001 -18"><span class='ocrx_word' id='word_1_557' title='bbox 2245 2915 2558 2964; x_wconf 86' lang='lat' dir='ltr'>meruerunt</span> <span class='ocrx_word' id='word_1_558' title='bbox 2592 2925 2604 2960; x_wconf 92' lang='lat'><strong>:</strong></span> <span class='ocrx_word' id='word_1_559' title='bbox 2633 2910 2803 2980; x_wconf 83' lang='lat' dir='ltr'>Euge,</span> <span class='ocrx_word' id='word_1_560' title='bbox 2835 2923 2991 2964; x_wconf 85' lang='lat' dir='ltr'>serve</span> <span class='ocrx_word' id='word_1_561' title='bbox 3007 2909 3144 2964; x_wconf 84' lang='lat' dir='ltr'>bone</span> <span class='ocrx_word' id='word_1_562' title='bbox 3165 2911 3221 2964; x_wconf 85' lang='lat' dir='ltr'>et</span> <span class='ocrx_word' id='word_1_563' title='bbox 3249 2907 3454 2977; x_wconf 82' lang='lat' dir='ltr'>ﬁdelis,</span> <span class='ocrx_word' id='word_1_564' title='bbox 3491 2915 3546 2964; x_wconf 88' lang='lat' dir='ltr'>et</span> <span class='ocrx_word' id='word_1_565' title='bbox 3573 2907 3810 2980; x_wconf 89' lang='lat' dir='ltr'>reliqua.</span> <span class='ocrx_word' id='word_1_566' title='bbox 3829 2929 3853 2958; x_wconf 76' lang='grc' dir='ltr'><strong>ι</strong></span> 
     </span>
    </p>
   </div>
   <div class='ocr_carea' id='block_1_78' title="bbox 2247 2995 3857 3069">
    <p class='ocr_par' dir='ltr' id='par_1_78' title="bbox 2247 2995 3857 3069">
     <span class='ocr_line' id='line_1_78' title="bbox 2247 2995 3857 3069; baseline 0 -17"><span class='ocrx_word' id='word_1_567' title='bbox 2247 2997 2313 3052; x_wconf 91' lang='lat' dir='ltr'>Et</span> <span class='ocrx_word' id='word_1_568' title='bbox 2343 2997 2400 3052; x_wconf 95' lang='lat' dir='ltr'>S.</span> <span class='ocrx_word' id='word_1_569' title='bbox 2449 2996 2754 3069; x_wconf 88' lang='lat' dir='ltr'>Gregorius</span> <span class='ocrx_word' id='word_1_570' title='bbox 2785 2995 3043 3065; x_wconf 90' lang='lat' dir='ltr'>Quiriaco</span> <span class='ocrx_word' id='word_1_571' title='bbox 3090 3004 3144 3052; x_wconf 91' lang='lat' dir='ltr'>et</span> <span class='ocrx_word' id='word_1_572' title='bbox 3193 2996 3405 3052; x_wconf 71' lang='lat' dir='ltr'>caeteris</span> <span class='ocrx_word' id='word_1_573' title='bbox 3451 2996 3733 3068; x_wconf 88' lang='lat' dir='ltr'>episcopis</span> <span class='ocrx_word' id='word_1_574' title='bbox 3765 3012 3857 3053; x_wconf 89' lang='lat' dir='ltr'>ca-</span> 
     </span>
    </p>
   </div>
   <div class='ocr_carea' id='block_1_79' title="bbox 2247 3085 3853 3159">
    <p class='ocr_par' dir='ltr' id='par_1_79' title="bbox 2247 3085 3853 3159">
     <span class='ocr_line' id='line_1_79' title="bbox 2247 3085 3853 3159; baseline 0.001 -19"><span class='ocrx_word' id='word_1_575' title='bbox 2247 3085 2464 3142; x_wconf 89' lang='lat' dir='ltr'>tholicis</span> <span class='ocrx_word' id='word_1_576' title='bbox 2494 3085 2550 3140; x_wconf 91' lang='lat' dir='ltr'>in</span> <span class='ocrx_word' id='word_1_577' title='bbox 2579 3085 2836 3142; x_wconf 84' lang='lat' dir='ltr'>Hibernia</span> <span class='ocrx_word' id='word_1_578' title='bbox 2857 3086 2932 3141; x_wconf 90' lang='lat' dir='ltr'>ita</span> <span class='ocrx_word' id='word_1_579' title='bbox 2954 3086 3169 3158; x_wconf 87' lang='lat' dir='ltr'>scripsit</span> <span class='ocrx_word' id='word_1_580' title='bbox 3199 3086 3388 3142; x_wconf 90' lang='lat' dir='ltr'>dicens</span> <span class='ocrx_word' id='word_1_581' title='bbox 3409 3086 3528 3159; x_wconf 87' lang='lat' dir='ltr'>(lib.</span> <span class='ocrx_word' id='word_1_582' title='bbox 3553 3103 3630 3154; x_wconf 80' lang='lat' dir='ltr'>1x,</span> <span class='ocrx_word' id='word_1_583' title='bbox 3649 3087 3779 3142; x_wconf 81' lang='lat' dir='ltr'>ind.</span> <span class='ocrx_word' id='word_1_584' title='bbox 3799 3089 3853 3154; x_wconf 78' lang='grc'>4,</span> 
     </span>
    </p>
   </div>
   <div class='ocr_carea' id='block_1_80' title="bbox 2243 3173 3856 3248">
    <p class='ocr_par' dir='ltr' id='par_1_80' title="bbox 2243 3173 3856 3248">
     <span class='ocr_line' id='line_1_80' title="bbox 2243 3173 3856 3248; baseline -0.001 -17"><span class='ocrx_word' id='word_1_585' title='bbox 2243 3176 2406 3248; x_wconf 82' lang='lat' dir='ltr'>epist.</span> <span class='ocrx_word' id='word_1_586' title='bbox 2443 3174 2534 3246; x_wconf 86' lang='grc'>61)</span> <span class='ocrx_word' id='word_1_587' title='bbox 2562 3193 2575 3230; x_wconf 89' lang='lat'><strong>:</strong></span> <span class='ocrx_word' id='word_1_588' title='bbox 2603 3195 2627 3226; x_wconf 73' lang='grc' dir='ltr'><strong>α</strong></span> <span class='ocrx_word' id='word_1_589' title='bbox 2661 3173 2982 3248; x_wconf 88' lang='lat' dir='ltr'>Quicunque</span> <span class='ocrx_word' id='word_1_590' title='bbox 3011 3191 3043 3230; x_wconf 91' lang='lat' dir='ltr'>a</span> <span class='ocrx_word' id='word_1_591' title='bbox 3085 3191 3349 3248; x_wconf 87' lang='lat' dir='ltr'>perverso</span> <span class='ocrx_word' id='word_1_592' title='bbox 3391 3191 3576 3231; x_wconf 89' lang='lat' dir='ltr'>errore</span> <span class='ocrx_word' id='word_1_593' title='bbox 3605 3175 3856 3232; x_wconf 87' lang='lat' dir='ltr'>Nestorii</span> 
     </span>
    </p>
   </div>
   <div class='ocr_carea' id='block_1_81' title="bbox 2240 3263 3860 3334">
    <p class='ocr_par' dir='ltr' id='par_1_81' title="bbox 2240 3263 3860 3334">
     <span class='ocr_line' id='line_1_81' title="bbox 2240 3263 3860 3334; baseline 0.001 -16"><span class='ocrx_word' id='word_1_594' title='bbox 2240 3271 2604 3334; x_wconf 87' lang='lat' dir='ltr'>revertuntur,</span> <span class='ocrx_word' id='word_1_595' title='bbox 2641 3279 2829 3320; x_wconf 91' lang='lat' dir='ltr'>coram</span> <span class='ocrx_word' id='word_1_596' title='bbox 2859 3272 3052 3320; x_wconf 89' lang='lat' dir='ltr'>sancta</span> <span class='ocrx_word' id='word_1_597' title='bbox 3097 3263 3448 3320; x_wconf 82' lang='lat' dir='ltr'>fraternitatis</span> <span class='ocrx_word' id='word_1_598' title='bbox 3490 3272 3693 3320; x_wconf 82' lang='lat' dir='ltr'>vestrae</span> <span class='ocrx_word' id='word_1_599' title='bbox 3723 3280 3860 3321; x_wconf 88' lang='lat' dir='ltr'>con-</span> 
     </span>
    </p>
   </div>
   <div class='ocr_carea' id='block_1_82' title="bbox 2240 3352 3858 3427">
    <p class='ocr_par' dir='ltr' id='par_1_82' title="bbox 2240 3352 3858 3427">
     <span class='ocr_line' id='line_1_82' title="bbox 2240 3352 3858 3427; baseline 0.001 -20"><span class='ocrx_word' id='word_1_600' title='bbox 2240 3353 2566 3427; x_wconf 89' lang='lat' dir='ltr'>gregatione</span> <span class='ocrx_word' id='word_1_601' title='bbox 2595 3353 2846 3409; x_wconf 89' lang='lat' dir='ltr'>eumdem</span> <span class='ocrx_word' id='word_1_602' title='bbox 2861 3353 3176 3409; x_wconf 85' lang='lat' dir='ltr'>Nestorium</span> <span class='ocrx_word' id='word_1_603' title='bbox 3205 3369 3327 3410; x_wconf 91' lang='lat' dir='ltr'>cum</span> <span class='ocrx_word' id='word_1_604' title='bbox 3347 3352 3598 3408; x_wconf 89' lang='lat' dir='ltr'>omnibus</span> <span class='ocrx_word' id='word_1_605' title='bbox 3630 3353 3748 3409; x_wconf 90' lang='lat' dir='ltr'>suis</span> <span class='ocrx_word' id='word_1_606' title='bbox 3771 3371 3858 3409; x_wconf 91' lang='lat' dir='ltr'>se-</span> 
     </span>
    </p>
   </div>
   <div class='ocr_carea' id='block_1_83' title="bbox 2243 3442 3854 3514">
    <p class='ocr_par' dir='ltr' id='par_1_83' title="bbox 2243 3442 3854 3514">
     <span class='ocr_line' id='line_1_83' title="bbox 2243 3442 3854 3514; baseline 0 -16"><span class='ocrx_word' id='word_1_607' title='bbox 2243 3442 2527 3514; x_wconf 88' lang='lat' dir='ltr'>quacibus,</span> <span class='ocrx_word' id='word_1_608' title='bbox 2560 3458 2624 3498; x_wconf 88' lang='lat' dir='ltr'>ac</span> <span class='ocrx_word' id='word_1_609' title='bbox 2653 3443 2886 3514; x_wconf 90' lang='lat' dir='ltr'>reliquas</span> <span class='ocrx_word' id='word_1_610' title='bbox 2916 3443 3156 3499; x_wconf 64' lang='lat' dir='ltr'>haereses</span> <span class='ocrx_word' id='word_1_611' title='bbox 3173 3442 3723 3512; x_wconf 89' lang='lat' dir='ltr'>anathematizantes,</span> <span class='ocrx_word' id='word_1_612' title='bbox 3761 3459 3854 3500; x_wconf 85' lang='lat' dir='ltr'>ve-</span> 
     </span>
    </p>
   </div>
   <div class='ocr_carea' id='block_1_84' title="bbox 2239 3531 3854 3604">
    <p class='ocr_par' dir='ltr' id='par_1_84' title="bbox 2239 3531 3854 3604">
     <span class='ocr_line' id='line_1_84' title="bbox 2239 3531 3854 3604; baseline 0.002 -19"><span class='ocrx_word' id='word_1_613' title='bbox 2239 3531 2512 3586; x_wconf 89' lang='lat' dir='ltr'>nerandas</span> <span class='ocrx_word' id='word_1_614' title='bbox 2541 3547 2756 3604; x_wconf 90' lang='lat' dir='ltr'>quoque</span> <span class='ocrx_word' id='word_1_615' title='bbox 2787 3531 3046 3603; x_wconf 85' lang='lat' dir='ltr'>synodos,</span> <span class='ocrx_word' id='word_1_616' title='bbox 3081 3547 3216 3603; x_wconf 90' lang='lat' dir='ltr'>quas</span> <span class='ocrx_word' id='word_1_617' title='bbox 3244 3531 3568 3588; x_wconf 88' lang='lat' dir='ltr'>universalis</span> <span class='ocrx_word' id='word_1_618' title='bbox 3597 3531 3854 3588; x_wconf 87' lang='lat' dir='ltr'>Ecclesia</span> 
     </span>
    </p>
   </div>
   <div class='ocr_carea' id='block_1_85' title="bbox 2240 3619 3849 3694">
    <p class='ocr_par' dir='ltr' id='par_1_85' title="bbox 2240 3619 3849 3694">
     <span class='ocr_line' id='line_1_85' title="bbox 2240 3619 3849 3694; baseline 0.002 -20"><span class='ocrx_word' id='word_1_619' title='bbox 2240 3619 2455 3690; x_wconf 87' lang='lat' dir='ltr'>recipit,</span> <span class='ocrx_word' id='word_1_620' title='bbox 2517 3620 2763 3692; x_wconf 89' lang='lat' dir='ltr'>recipere</span> <span class='ocrx_word' id='word_1_621' title='bbox 2800 3629 2854 3675; x_wconf 87' lang='lat' dir='ltr'>et</span> <span class='ocrx_word' id='word_1_622' title='bbox 2883 3621 3135 3676; x_wconf 87' lang='lat' dir='ltr'>venerari</span> <span class='ocrx_word' id='word_1_623' title='bbox 3190 3621 3529 3692; x_wconf 88' lang='lat' dir='ltr'>promittant,</span> <span class='ocrx_word' id='word_1_624' title='bbox 3557 3629 3611 3677; x_wconf 92' lang='lat' dir='ltr'>et</span> <span class='ocrx_word' id='word_1_625' title='bbox 3637 3621 3849 3694; x_wconf 89' lang='lat' dir='ltr'>absque</span> 
     </span>
    </p>
   </div>
   <div class='ocr_carea' id='block_1_86' title="bbox 2239 3707 3852 3777">
    <p class='ocr_par' dir='ltr' id='par_1_86' title="bbox 2239 3707 3852 3777">
     <span class='ocr_line' id='line_1_86' title="bbox 2239 3707 3852 3777; baseline 0.002 -15"><span class='ocrx_word' id='word_1_626' title='bbox 2239 3707 2347 3763; x_wconf 89' lang='lat' dir='ltr'>ulla</span> <span class='ocrx_word' id='word_1_627' title='bbox 2403 3707 2736 3765; x_wconf 87' lang='lat' dir='ltr'>dubitatione</span> <span class='ocrx_word' id='word_1_628' title='bbox 2791 3709 3044 3766; x_wconf 89' lang='lat' dir='ltr'>sanctitas</span> <span class='ocrx_word' id='word_1_629' title='bbox 3100 3725 3197 3766; x_wconf 91' lang='lat' dir='ltr'>eos</span> <span class='ocrx_word' id='word_1_630' title='bbox 3253 3719 3457 3777; x_wconf 82' lang='lat' dir='ltr'>vestra,</span> <span class='ocrx_word' id='word_1_631' title='bbox 3505 3711 3741 3766; x_wconf 88' lang='lat' dir='ltr'>servatis</span> <span class='ocrx_word' id='word_1_632' title='bbox 3773 3709 3852 3766; x_wconf 87' lang='lat' dir='ltr'>eis</span> 
     </span>
    </p>
   </div>
   <div class='ocr_carea' id='block_1_87' title="bbox 2238 3797 3852 3870">
    <p class='ocr_par' dir='ltr' id='par_1_87' title="bbox 2238 3797 3852 3870">
     <span class='ocr_line' id='line_1_87' title="bbox 2238 3797 3852 3870; baseline 0.001 -18"><span class='ocrx_word' id='word_1_633' title='bbox 2238 3797 2473 3868; x_wconf 89' lang='lat' dir='ltr'>propriis</span> <span class='ocrx_word' id='word_1_634' title='bbox 2502 3797 2806 3866; x_wconf 87' lang='lat' dir='ltr'>ordinibus,</span> <span class='ocrx_word' id='word_1_635' title='bbox 2859 3797 2916 3854; x_wconf 91' lang='lat' dir='ltr'>in</span> <span class='ocrx_word' id='word_1_636' title='bbox 2963 3815 3063 3854; x_wconf 91' lang='lat' dir='ltr'>suo</span> <span class='ocrx_word' id='word_1_637' title='bbox 3093 3807 3238 3856; x_wconf 74' lang='lat' dir='ltr'>cmtu</span> <span class='ocrx_word' id='word_1_638' title='bbox 3267 3799 3512 3870; x_wconf 87' lang='lat' dir='ltr'>recipiat.</span> <span class='ocrx_word' id='word_1_639' title='bbox 3553 3820 3576 3850; x_wconf 65' lang='grc' dir='ltr'><strong><em>υ</em></strong></span> <span class='ocrx_word' id='word_1_640' title='bbox 3609 3799 3681 3854; x_wconf 92' lang='lat' dir='ltr'>Et</span> <span class='ocrx_word' id='word_1_641' title='bbox 3724 3799 3852 3855; x_wconf 89' lang='lat' dir='ltr'>hinc</span> 
     </span>
    </p>
   </div>
   <div class='ocr_carea' id='block_1_88' title="bbox 2239 3886 3852 3960">
    <p class='ocr_par' dir='ltr' id='par_1_88' title="bbox 2239 3886 3852 3960">
     <span class='ocr_line' id='line_1_88' title="bbox 2239 3886 3852 3960; baseline 0.002 -19"><span class='ocrx_word' id='word_1_642' title='bbox 2239 3894 2460 3942; x_wconf 90' lang='lat' dir='ltr'>sanctus</span> <span class='ocrx_word' id='word_1_643' title='bbox 2489 3886 2741 3943; x_wconf 91' lang='lat' dir='ltr'>Gelasius</span> <span class='ocrx_word' id='word_1_644' title='bbox 2787 3887 2843 3942; x_wconf 92' lang='lat' dir='ltr'>in</span> <span class='ocrx_word' id='word_1_645' title='bbox 2870 3887 3103 3960; x_wconf 87' lang='lat' dir='ltr'>epistola</span> <span class='ocrx_word' id='word_1_646' title='bbox 3147 3889 3219 3944; x_wconf 93' lang='lat' dir='ltr'>ad</span> <span class='ocrx_word' id='word_1_647' title='bbox 3251 3888 3540 3960; x_wconf 89' lang='lat' dir='ltr'>episcopos</span> <span class='ocrx_word' id='word_1_648' title='bbox 3579 3905 3680 3960; x_wconf 87' lang='lat' dir='ltr'>per</span> <span class='ocrx_word' id='word_1_649' title='bbox 3709 3889 3852 3944; x_wconf 86' lang='lat' dir='ltr'>Dar-</span> 
     </span>
    </p>
   </div>
   <div class='ocr_carea' id='block_1_89' title="bbox 2238 3973 3851 4049">
    <p class='ocr_par' dir='ltr' id='par_1_89' title="bbox 2238 3973 3851 4049">
     <span class='ocr_line' id='line_1_89' title="bbox 2238 3973 3851 4049; baseline 0.002 -20"><span class='ocrx_word' id='word_1_650' title='bbox 2238 3973 2455 4030; x_wconf 89' lang='lat' dir='ltr'>daniam</span> <span class='ocrx_word' id='word_1_651' title='bbox 2485 3975 2804 4032; x_wconf 90' lang='lat' dir='ltr'>constitutos</span> <span class='ocrx_word' id='word_1_652' title='bbox 2833 3976 3022 4049; x_wconf 84' lang='lat' dir='ltr'>(epist.</span> <span class='ocrx_word' id='word_1_653' title='bbox 3059 3981 3144 4045; x_wconf 80' lang='grc' dir='ltr'>Η,</span> <span class='ocrx_word' id='word_1_654' title='bbox 3171 3977 3272 4032; x_wconf 93' lang='lat' dir='ltr'>sub</span> <span class='ocrx_word' id='word_1_655' title='bbox 3292 3977 3566 4049; x_wconf 88' lang='lat' dir='ltr'>initium):</span> <span class='ocrx_word' id='word_1_656' title='bbox 3605 3999 3628 4028; x_wconf 72' lang='grc' dir='ltr'><strong><em>α</em></strong></span> <span class='ocrx_word' id='word_1_657' title='bbox 3667 3975 3851 4034; x_wconf 88' lang='lat' dir='ltr'>Conﬁ-</span> 
     </span>
    </p>
   </div>
   <div class='ocr_carea' id='block_1_90' title="bbox 2238 4063 3852 4137">
    <p class='ocr_par' dir='ltr' id='par_1_90' title="bbox 2238 4063 3852 4137">
     <span class='ocr_line' id='line_1_90' title="bbox 2238 4063 3852 4137; baseline 0.002 -18"><span class='ocrx_word' id='word_1_658' title='bbox 2238 4063 2436 4130; x_wconf 88' lang='lat' dir='ltr'>dimus,</span> <span class='ocrx_word' id='word_1_659' title='bbox 2467 4064 2659 4136; x_wconf 88' lang='lat' dir='ltr'>inquit,</span> <span class='ocrx_word' id='word_1_660' title='bbox 2693 4066 2840 4137; x_wconf 88' lang='lat' dir='ltr'>quod</span> <span class='ocrx_word' id='word_1_661' title='bbox 2871 4066 3052 4122; x_wconf 89' lang='lat' dir='ltr'>nullus</span> <span class='ocrx_word' id='word_1_662' title='bbox 3073 4067 3189 4136; x_wconf 90' lang='lat' dir='ltr'>jam</span> <span class='ocrx_word' id='word_1_663' title='bbox 3209 4067 3478 4122; x_wconf 71' lang='lat' dir='ltr'>veraciter</span> <span class='ocrx_word' id='word_1_664' title='bbox 3508 4067 3852 4122; x_wconf 88' lang='lat' dir='ltr'>Christianus</span> 
     </span>
    </p>
   </div>
   <div class='ocr_carea' id='block_1_91' title="bbox 2237 4152 3848 4230">
    <p class='ocr_par' dir='ltr' id='par_1_91' title="bbox 2237 4152 3848 4230">
     <span class='ocr_line' id='line_1_91' title="bbox 2237 4152 3848 4230; baseline 0.002 -24"><span class='ocrx_word' id='word_1_665' title='bbox 2237 4152 2466 4225; x_wconf 87' lang='lat' dir='ltr'>ignoret,</span> <span class='ocrx_word' id='word_1_666' title='bbox 2518 4153 2945 4226; x_wconf 88' lang='lat' dir='ltr'>uniuscujusque</span> <span class='ocrx_word' id='word_1_667' title='bbox 2995 4155 3189 4226; x_wconf 87' lang='lat' dir='ltr'>synodi</span> <span class='ocrx_word' id='word_1_668' title='bbox 3246 4156 3598 4212; x_wconf 90' lang='lat' dir='ltr'>constitutum</span> <span class='ocrx_word' id='word_1_669' title='bbox 3621 4198 3637 4227; x_wconf 92' lang='lat'>,</span> <span class='ocrx_word' id='word_1_670' title='bbox 3698 4157 3848 4230; x_wconf 89' lang='lat' dir='ltr'>quod</span> 
     </span>
    </p>
   </div>
   <div class='ocr_carea' id='block_1_92' title="bbox 2238 4241 3849 4315">
    <p class='ocr_par' dir='ltr' id='par_1_92' title="bbox 2238 4241 3849 4315">
     <span class='ocr_line' id='line_1_92' title="bbox 2238 4241 3849 4315; baseline 0.002 -17"><span class='ocrx_word' id='word_1_671' title='bbox 2238 4241 2560 4299; x_wconf 89' lang='lat' dir='ltr'>universalis</span> <span class='ocrx_word' id='word_1_672' title='bbox 2587 4243 2855 4300; x_wconf 79' lang='lat' dir='ltr'>Ecclesiae</span> <span class='ocrx_word' id='word_1_673' title='bbox 2884 4243 3134 4315; x_wconf 88' lang='lat' dir='ltr'>probavit</span> <span class='ocrx_word' id='word_1_674' title='bbox 3159 4261 3440 4311; x_wconf 85' lang='lat' dir='ltr'>assensus,</span> <span class='ocrx_word' id='word_1_675' title='bbox 3483 4245 3693 4301; x_wconf 89' lang='lat' dir='ltr'>nullam</span> <span class='ocrx_word' id='word_1_676' title='bbox 3723 4262 3849 4302; x_wconf 88' lang='lat' dir='ltr'>ma-</span> 
     </span>
    </p>
   </div>
   <div class='ocr_carea' id='block_1_93' title="bbox 2239 4331 3856 4407">
    <p class='ocr_par' dir='ltr' id='par_1_93' title="bbox 2239 4331 3856 4407">
     <span class='ocr_line' id='line_1_93' title="bbox 2239 4331 3856 4407; baseline 0.002 -21"><span class='ocrx_word' id='word_1_677' title='bbox 2239 4331 2325 4404; x_wconf 87' lang='lat' dir='ltr'>gis</span> <span class='ocrx_word' id='word_1_678' title='bbox 2355 4333 2582 4403; x_wconf 84' lang='lat' dir='ltr'>exsequi</span> <span class='ocrx_word' id='word_1_679' title='bbox 2613 4333 2801 4388; x_wconf 91' lang='lat' dir='ltr'>sedem</span> <span class='ocrx_word' id='word_1_680' title='bbox 2849 4349 2964 4404; x_wconf 72' lang='lat' dir='ltr'>prte</span> <span class='ocrx_word' id='word_1_681' title='bbox 2995 4333 3208 4390; x_wconf 75' lang='lat' dir='ltr'>caeteris</span> <span class='ocrx_word' id='word_1_682' title='bbox 3239 4342 3496 4407; x_wconf 90' lang='lat' dir='ltr'>oportere</span> <span class='ocrx_word' id='word_1_683' title='bbox 3537 4350 3706 4407; x_wconf 88' lang='lat' dir='ltr'>quam</span> <span class='ocrx_word' id='word_1_684' title='bbox 3735 4336 3856 4406; x_wconf 90' lang='lat' dir='ltr'>pri-</span> 
     </span>
    </p>
   </div>
   <div class='ocr_carea' id='block_1_94' title="bbox 533 4419 3847 4495">
    <p class='ocr_par' dir='ltr' id='par_1_94' title="bbox 533 4419 3847 4495">
     <span class='ocr_line' id='line_1_94' title="bbox 533 4419 3847 4495; baseline 0 -15"><span class='ocrx_word' id='word_1_685' title='bbox 533 4424 618 4480; x_wconf 87' lang='lat' dir='ltr'>vir</span> <span class='ocrx_word' id='word_1_686' title='bbox 645 4424 702 4478; x_wconf 90' lang='lat' dir='ltr'>in</span> <span class='ocrx_word' id='word_1_687' title='bbox 733 4423 882 4478; x_wconf 90' lang='lat' dir='ltr'>omni</span> <span class='ocrx_word' id='word_1_688' title='bbox 911 4421 1180 4478; x_wconf 85' lang='lat' dir='ltr'>catholica</span> <span class='ocrx_word' id='word_1_689' title='bbox 1221 4420 1446 4476; x_wconf 89' lang='lat' dir='ltr'>scientia</span> <span class='ocrx_word' id='word_1_690' title='bbox 1493 4429 1546 4476; x_wconf 90' lang='lat' dir='ltr'>et</span> <span class='ocrx_word' id='word_1_691' title='bbox 1589 4420 1838 4478; x_wconf 90' lang='lat' dir='ltr'>doctrina</span> <span class='ocrx_word' id='word_1_692' title='bbox 1874 4421 2125 4492; x_wconf 88' lang='lat' dir='ltr'>opinatis-</span> <span class='ocrx_word' id='word_1_693' title='bbox 2158 4419 2218 4483; x_wconf 92' lang='lat' dir='ltr'>D</span> <span class='ocrx_word' id='word_1_694' title='bbox 2240 4436 2402 4489; x_wconf 91' lang='lat' dir='ltr'>mam,</span> <span class='ocrx_word' id='word_1_695' title='bbox 2438 4438 2558 4493; x_wconf 67' lang='lat' dir='ltr'>quae</span> <span class='ocrx_word' id='word_1_696' title='bbox 2589 4437 3029 4494; x_wconf 89' lang='lat' dir='ltr'>unamquamque</span> <span class='ocrx_word' id='word_1_697' title='bbox 3060 4424 3354 4495; x_wconf 79' lang='lat' dir='ltr'>synodum,</span> <span class='ocrx_word' id='word_1_698' title='bbox 3389 4432 3443 4479; x_wconf 91' lang='lat' dir='ltr'>et</span> <span class='ocrx_word' id='word_1_699' title='bbox 3471 4440 3569 4478; x_wconf 91' lang='lat' dir='ltr'>sua</span> <span class='ocrx_word' id='word_1_700' title='bbox 3599 4425 3847 4481; x_wconf 87' lang='lat' dir='ltr'>auctori-</span> 
     </span>
    </p>
   </div>
   <div class='ocr_carea' id='block_1_95' title="bbox 533 4510 2128 4588">
    <p class='ocr_par' dir='ltr' id='par_1_95' title="bbox 533 4510 2128 4588">
     <span class='ocr_line' id='line_1_95' title="bbox 533 4510 2128 4588; baseline -0.003 -20"><span class='ocrx_word' id='word_1_701' title='bbox 533 4513 724 4582; x_wconf 89' lang='lat' dir='ltr'>simus,</span> <span class='ocrx_word' id='word_1_702' title='bbox 757 4513 828 4570; x_wconf 87' lang='lat' dir='ltr'>ad</span> <span class='ocrx_word' id='word_1_703' title='bbox 855 4510 1171 4568; x_wconf 83' lang='lat' dir='ltr'>Januarium</span> <span class='ocrx_word' id='word_1_704' title='bbox 1216 4511 1463 4566; x_wconf 90' lang='lat' dir='ltr'>scribens</span> <span class='ocrx_word' id='word_1_705' title='bbox 1495 4510 1691 4566; x_wconf 89' lang='lat' dir='ltr'>sentiat</span> <span class='ocrx_word' id='word_1_706' title='bbox 1731 4511 1920 4588; x_wconf 64' lang='lat' dir='ltr'>(epist.</span> <span class='ocrx_word' id='word_1_707' title='bbox 1957 4512 2081 4582; x_wconf 77' lang='grc'><strong>118)</strong></span> <span class='ocrx_word' id='word_1_708' title='bbox 2115 4528 2128 4564; x_wconf 87' lang='lat'><strong>:</strong></span> 
     </span>
    </p>
   </div>
   <div class='ocr_carea' id='block_1_96' title="bbox 537 4599 2137 4676">
    <p class='ocr_par' dir='ltr' id='par_1_96' title="bbox 537 4599 2137 4676">
     <span class='ocr_line' id='line_1_96' title="bbox 537 4599 2137 4676; baseline 0.001 -22"><span class='ocrx_word' id='word_1_709' title='bbox 537 4623 560 4654; x_wconf 72' lang='grc' dir='ltr'><strong><em>α</em></strong></span> <span class='ocrx_word' id='word_1_710' title='bbox 595 4604 710 4672; x_wconf 91' lang='lat' dir='ltr'>Illa,</span> <span class='ocrx_word' id='word_1_711' title='bbox 744 4603 1018 4676; x_wconf 91' lang='lat' dir='ltr'>inquiens,</span> <span class='ocrx_word' id='word_1_712' title='bbox 1051 4615 1173 4672; x_wconf 63' lang='lat' dir='ltr'>quae</span> <span class='ocrx_word' id='word_1_713' title='bbox 1202 4615 1313 4656; x_wconf 90' lang='lat' dir='ltr'>non</span> <span class='ocrx_word' id='word_1_714' title='bbox 1345 4600 1562 4672; x_wconf 89' lang='lat' dir='ltr'>scripta,</span> <span class='ocrx_word' id='word_1_715' title='bbox 1598 4599 1696 4655; x_wconf 91' lang='lat' dir='ltr'>sed</span> <span class='ocrx_word' id='word_1_716' title='bbox 1724 4599 1920 4654; x_wconf 88' lang='lat' dir='ltr'>tradita</span> <span class='ocrx_word' id='word_1_717' title='bbox 1948 4607 2137 4655; x_wconf 89' lang='lat' dir='ltr'>custo-</span> 
     </span>
    </p>
   </div>
   <div class='ocr_carea' id='block_1_97' title="bbox 534 4688 2134 4766">
    <p class='ocr_par' dir='ltr' id='par_1_97' title="bbox 534 4688 2134 4766">
     <span class='ocr_line' id='line_1_97' title="bbox 534 4688 2134 4766; baseline -0.003 -18"><span class='ocrx_word' id='word_1_718' title='bbox 534 4693 734 4762; x_wconf 88' lang='lat' dir='ltr'>dimus,</span> <span class='ocrx_word' id='word_1_719' title='bbox 767 4709 891 4766; x_wconf 78' lang='lat' dir='ltr'>quae</span> <span class='ocrx_word' id='word_1_720' title='bbox 918 4690 1138 4766; x_wconf 92' lang='lat' dir='ltr'>quidem</span> <span class='ocrx_word' id='word_1_721' title='bbox 1158 4689 1214 4744; x_wconf 92' lang='lat' dir='ltr'>in</span> <span class='ocrx_word' id='word_1_722' title='bbox 1234 4697 1347 4746; x_wconf 90' lang='lat' dir='ltr'>toto</span> <span class='ocrx_word' id='word_1_723' title='bbox 1364 4697 1634 4746; x_wconf 88' lang='lat' dir='ltr'>terrarum</span> <span class='ocrx_word' id='word_1_724' title='bbox 1665 4688 1801 4744; x_wconf 89' lang='lat' dir='ltr'>orbe</span> <span class='ocrx_word' id='word_1_725' title='bbox 1829 4696 2134 4756; x_wconf 87' lang='lat' dir='ltr'>servantur,</span> 
     </span>
    </p>
   </div>
   <div class='ocr_carea' id='block_1_98' title="bbox 535 4777 2137 4854">
    <p class='ocr_par' dir='ltr' id='par_1_98' title="bbox 535 4777 2137 4854">
     <span class='ocr_line' id='line_1_98' title="bbox 535 4777 2137 4854; baseline -0.002 -18"><span class='ocrx_word' id='word_1_726' title='bbox 535 4780 690 4836; x_wconf 88' lang='lat' dir='ltr'>datur</span> <span class='ocrx_word' id='word_1_727' title='bbox 725 4781 954 4854; x_wconf 87' lang='lat' dir='ltr'>intelligi</span> <span class='ocrx_word' id='word_1_728' title='bbox 999 4779 1088 4837; x_wconf 91' lang='lat' dir='ltr'>vel</span> <span class='ocrx_word' id='word_1_729' title='bbox 1134 4780 1203 4834; x_wconf 89' lang='lat' dir='ltr'>ab</span> <span class='ocrx_word' id='word_1_730' title='bbox 1247 4780 1380 4852; x_wconf 89' lang='lat' dir='ltr'>ipsis</span> <span class='ocrx_word' id='word_1_731' title='bbox 1419 4779 1698 4851; x_wconf 89' lang='lat' dir='ltr'>apostolis,</span> <span class='ocrx_word' id='word_1_732' title='bbox 1744 4777 1833 4834; x_wconf 90' lang='lat' dir='ltr'>vel</span> <span class='ocrx_word' id='word_1_733' title='bbox 1877 4777 2137 4849; x_wconf 89' lang='lat' dir='ltr'>plenariis</span> 
     </span>
    </p>
   </div>
   <div class='ocr_carea' id='block_1_99' title="bbox 535 4867 2136 4944">
    <p class='ocr_par' dir='ltr' id='par_1_99' title="bbox 535 4867 2136 4944">
     <span class='ocr_line' id='line_1_99' title="bbox 535 4867 2136 4944; baseline -0.002 -18"><span class='ocrx_word' id='word_1_734' title='bbox 535 4870 799 4941; x_wconf 89' lang='lat' dir='ltr'>conciliis,</span> <span class='ocrx_word' id='word_1_735' title='bbox 832 4887 1064 4944; x_wconf 90' lang='lat' dir='ltr'>quorum</span> <span class='ocrx_word' id='word_1_736' title='bbox 1093 4878 1175 4926; x_wconf 91' lang='lat' dir='ltr'>est</span> <span class='ocrx_word' id='word_1_737' title='bbox 1202 4869 1258 4924; x_wconf 91' lang='lat' dir='ltr'>in</span> <span class='ocrx_word' id='word_1_738' title='bbox 1286 4869 1534 4926; x_wconf 86' lang='lat' dir='ltr'>Ecclesia</span> <span class='ocrx_word' id='word_1_739' title='bbox 1566 4867 1919 4924; x_wconf 88' lang='lat' dir='ltr'>saluberrima</span> <span class='ocrx_word' id='word_1_740' title='bbox 1945 4875 2136 4924; x_wconf 88' lang='lat' dir='ltr'>aucto-</span> 
     </span>
    </p>
   </div>
   <div class='ocr_carea' id='block_1_100' title="bbox 535 4957 2136 5032">
    <p class='ocr_par' dir='ltr' id='par_1_100' title="bbox 535 4957 2136 5032">
     <span class='ocr_line' id='line_1_100' title="bbox 535 4957 2136 5032; baseline -0.002 -17"><span class='ocrx_word' id='word_1_741' title='bbox 535 4959 688 5026; x_wconf 89' lang='lat' dir='ltr'>ritas,</span> <span class='ocrx_word' id='word_1_742' title='bbox 747 4959 1128 5017; x_wconf 90' lang='lat' dir='ltr'>commendata</span> <span class='ocrx_word' id='word_1_743' title='bbox 1174 4967 1334 5032; x_wconf 89' lang='lat' dir='ltr'>atque</span> <span class='ocrx_word' id='word_1_744' title='bbox 1391 4963 1591 5014; x_wconf 88' lang='lat' dir='ltr'>statuta</span> <span class='ocrx_word' id='word_1_745' title='bbox 1643 4957 1878 5014; x_wconf 86' lang='lat' dir='ltr'>retineri.</span> <span class='ocrx_word' id='word_1_746' title='bbox 1943 4957 2136 5013; x_wconf 90' lang='lat' dir='ltr'>Omnia</span> 
     </span>
    </p>
   </div>
   <div class='ocr_carea' id='block_1_101' title="bbox 533 5046 2135 5122">
    <p class='ocr_par' dir='ltr' id='par_1_101' title="bbox 533 5046 2135 5122">
     <span class='ocr_line' id='line_1_101' title="bbox 533 5046 2135 5122; baseline -0.001 -18"><span class='ocrx_word' id='word_1_747' title='bbox 533 5047 714 5120; x_wconf 88' lang='lat' dir='ltr'>itaque</span> <span class='ocrx_word' id='word_1_748' title='bbox 758 5047 902 5115; x_wconf 88' lang='lat' dir='ltr'>talia,</span> <span class='ocrx_word' id='word_1_749' title='bbox 953 5065 1072 5120; x_wconf 61' lang='lat' dir='ltr'>qua;</span> <span class='ocrx_word' id='word_1_750' title='bbox 1132 5065 1309 5122; x_wconf 89' lang='lat' dir='ltr'>neque</span> <span class='ocrx_word' id='word_1_751' title='bbox 1365 5055 1675 5106; x_wconf 89' lang='lat' dir='ltr'>sanctarum</span> <span class='ocrx_word' id='word_1_752' title='bbox 1735 5046 2135 5118; x_wconf 87' lang='lat' dir='ltr'>Scripturarum</span> 
     </span>
    </p>
   </div>
   <div class='ocr_carea' id='block_1_102' title="bbox 537 5136 2137 5208">
    <p class='ocr_par' dir='ltr' id='par_1_102' title="bbox 537 5136 2137 5208">
     <span class='ocr_line' id='line_1_102' title="bbox 537 5136 2137 5208; baseline -0.001 -14"><span class='ocrx_word' id='word_1_753' title='bbox 537 5137 951 5194; x_wconf 84' lang='lat' dir='ltr'>auctoritatibus</span> <span class='ocrx_word' id='word_1_754' title='bbox 995 5137 1360 5207; x_wconf 88' lang='lat' dir='ltr'>continentur,</span> <span class='ocrx_word' id='word_1_755' title='bbox 1406 5155 1508 5194; x_wconf 92' lang='lat' dir='ltr'>nec</span> <span class='ocrx_word' id='word_1_756' title='bbox 1553 5136 1797 5193; x_wconf 89' lang='lat' dir='ltr'>conciliis</span> <span class='ocrx_word' id='word_1_757' title='bbox 1854 5137 2137 5208; x_wconf 90' lang='lat' dir='ltr'>episcopo-</span> 
     </span>
    </p>
   </div>
   <div class='ocr_carea' id='block_1_103' title="bbox 535 5225 2136 5296">
    <p class='ocr_par' dir='ltr' id='par_1_103' title="bbox 535 5225 2136 5296">
     <span class='ocr_line' id='line_1_103' title="bbox 535 5225 2136 5296; baseline -0.001 -13"><span class='ocrx_word' id='word_1_758' title='bbox 535 5243 657 5283; x_wconf 89' lang='lat' dir='ltr'>rum</span> <span class='ocrx_word' id='word_1_759' title='bbox 687 5235 888 5284; x_wconf 89' lang='lat' dir='ltr'>statuta</span> <span class='ocrx_word' id='word_1_760' title='bbox 917 5227 1286 5296; x_wconf 88' lang='lat' dir='ltr'>inveniuntur,</span> <span class='ocrx_word' id='word_1_761' title='bbox 1317 5243 1422 5284; x_wconf 89' lang='lat' dir='ltr'>nec</span> <span class='ocrx_word' id='word_1_762' title='bbox 1451 5225 1846 5284; x_wconf 90' lang='lat' dir='ltr'>consuetudine</span> <span class='ocrx_word' id='word_1_763' title='bbox 1866 5225 2136 5283; x_wconf 73' lang='lat' dir='ltr'>universae</span> 
     </span>
    </p>
   </div>
   <div class='ocr_carea' id='block_1_104' title="bbox 534 5315 2135 5382">
    <p class='ocr_par' dir='ltr' id='par_1_104' title="bbox 534 5315 2135 5382">
     <span class='ocr_line' id='line_1_104' title="bbox 534 5315 2135 5382; baseline -0.001 -9"><span class='ocrx_word' id='word_1_764' title='bbox 534 5316 800 5374; x_wconf 74' lang='lat' dir='ltr'>Ecclesiae</span> <span class='ocrx_word' id='word_1_765' title='bbox 841 5317 1093 5374; x_wconf 90' lang='lat' dir='ltr'>roborata</span> <span class='ocrx_word' id='word_1_766' title='bbox 1137 5325 1280 5382; x_wconf 91' lang='lat' dir='ltr'>sunt,</span> <span class='ocrx_word' id='word_1_767' title='bbox 1332 5318 1429 5372; x_wconf 91' lang='lat' dir='ltr'>sed</span> <span class='ocrx_word' id='word_1_768' title='bbox 1494 5315 1839 5373; x_wconf 90' lang='lat' dir='ltr'>diversorum</span> <span class='ocrx_word' id='word_1_769' title='bbox 1893 5316 2135 5374; x_wconf 86' lang='lat' dir='ltr'>locorum</span> 
     </span>
    </p>
   </div>
   <div class='ocr_carea' id='block_1_105' title="bbox 533 5406 2136 5476">
    <p class='ocr_par' dir='ltr' id='par_1_105' title="bbox 533 5406 2136 5476">
     <span class='ocr_line' id='line_1_105' title="bbox 533 5406 2136 5476; baseline -0.002 -13"><span class='ocrx_word' id='word_1_770' title='bbox 533 5407 765 5464; x_wconf 90' lang='lat' dir='ltr'>diversis</span> <span class='ocrx_word' id='word_1_771' title='bbox 811 5407 1056 5464; x_wconf 89' lang='lat' dir='ltr'>moribus</span> <span class='ocrx_word' id='word_1_772' title='bbox 1101 5406 1572 5463; x_wconf 90' lang='lat' dir='ltr'>innumerabiliter</span> <span class='ocrx_word' id='word_1_773' title='bbox 1616 5407 1898 5464; x_wconf 81' lang='lat' dir='ltr'>variantur</span> <span class='ocrx_word' id='word_1_774' title='bbox 1919 5449 1933 5476; x_wconf 93' lang='lat'>,</span> <span class='ocrx_word' id='word_1_775' title='bbox 1975 5407 2051 5462; x_wconf 91' lang='lat' dir='ltr'>ita</span> <span class='ocrx_word' id='word_1_776' title='bbox 2078 5412 2136 5461; x_wconf 90' lang='lat' dir='ltr'>ut</span> 
     </span>
    </p>
   </div>
   <div class='ocr_carea' id='block_1_106' title="bbox 534 5495 2131 5572">
    <p class='ocr_par' dir='ltr' id='par_1_106' title="bbox 534 5495 2131 5572">
     <span class='ocr_line' id='line_1_106' title="bbox 534 5495 2131 5572; baseline 0.001 -18"><span class='ocrx_word' id='word_1_777' title='bbox 534 5495 624 5554; x_wconf 87' lang='lat' dir='ltr'>vix</span> <span class='ocrx_word' id='word_1_778' title='bbox 651 5505 742 5554; x_wconf 90' lang='lat' dir='ltr'>aut</span> <span class='ocrx_word' id='word_1_779' title='bbox 785 5497 1006 5556; x_wconf 88' lang='lat' dir='ltr'>omnino</span> <span class='ocrx_word' id='word_1_780' title='bbox 1052 5513 1330 5572; x_wconf 88' lang='lat' dir='ltr'>nunquam</span> <span class='ocrx_word' id='word_1_781' title='bbox 1375 5497 1606 5556; x_wconf 87' lang='lat' dir='ltr'>inveniri</span> <span class='ocrx_word' id='word_1_782' title='bbox 1654 5497 1867 5570; x_wconf 87' lang='lat' dir='ltr'>possint</span> <span class='ocrx_word' id='word_1_783' title='bbox 1909 5513 2094 5555; x_wconf 80' lang='lat' dir='ltr'>causae</span> <span class='ocrx_word' id='word_1_784' title='bbox 2117 5538 2131 5566; x_wconf 93' lang='lat'>,</span> 
     </span>
    </p>
   </div>
   <div class='ocr_carea' id='block_1_107' title="bbox 2239 4510 3844 4586">
    <p class='ocr_par' dir='ltr' id='par_1_107' title="bbox 2239 4510 3844 4586">
     <span class='ocr_line' id='line_1_107' title="bbox 2239 4510 3844 4586; baseline 0.003 -22"><span class='ocrx_word' id='word_1_785' title='bbox 2239 4515 2344 4564; x_wconf 90' lang='lat' dir='ltr'>tate</span> <span class='ocrx_word' id='word_1_786' title='bbox 2366 4510 2670 4577; x_wconf 73' lang='lat' dir='ltr'>confirmat,</span> <span class='ocrx_word' id='word_1_787' title='bbox 2705 4519 2755 4565; x_wconf 93' lang='lat' dir='ltr'>et</span> <span class='ocrx_word' id='word_1_788' title='bbox 2777 4512 3036 4568; x_wconf 86' lang='lat' dir='ltr'>continua</span> <span class='ocrx_word' id='word_1_789' title='bbox 3064 4513 3438 4569; x_wconf 88' lang='lat' dir='ltr'>moderatione</span> <span class='ocrx_word' id='word_1_790' title='bbox 3468 4513 3726 4580; x_wconf 89' lang='lat' dir='ltr'>custodit,</span> <span class='ocrx_word' id='word_1_791' title='bbox 3747 4529 3844 4586; x_wconf 91' lang='lat' dir='ltr'>pro</span> 
     </span>
    </p>
   </div>
   <div class='ocr_carea' id='block_1_108' title="bbox 2239 4597 3848 4674">
    <p class='ocr_par' dir='ltr' id='par_1_108' title="bbox 2239 4597 3848 4674">
     <span class='ocr_line' id='line_1_108' title="bbox 2239 4597 3848 4674; baseline 0.003 -21"><span class='ocrx_word' id='word_1_792' title='bbox 2239 4613 2338 4655; x_wconf 91' lang='lat' dir='ltr'>suo</span> <span class='ocrx_word' id='word_1_793' title='bbox 2371 4597 2578 4655; x_wconf 90' lang='lat' dir='ltr'>scilicet</span> <span class='ocrx_word' id='word_1_794' title='bbox 2607 4599 2929 4672; x_wconf 82' lang='lat' dir='ltr'>principatu,</span> <span class='ocrx_word' id='word_1_795' title='bbox 2955 4618 3118 4674; x_wconf 89' lang='lat' dir='ltr'>quem</span> <span class='ocrx_word' id='word_1_796' title='bbox 3138 4602 3332 4659; x_wconf 87' lang='lat' dir='ltr'>beatus</span> <span class='ocrx_word' id='word_1_797' title='bbox 3349 4603 3540 4658; x_wconf 88' lang='lat' dir='ltr'>Petrus</span> <span class='ocrx_word' id='word_1_798' title='bbox 3561 4603 3848 4674; x_wconf 89' lang='lat' dir='ltr'>apostolus</span> 
     </span>
    </p>
   </div>
   <div class='ocr_carea' id='block_1_109' title="bbox 2238 4687 3847 4761">
    <p class='ocr_par' dir='ltr' id='par_1_109' title="bbox 2238 4687 3847 4761">
     <span class='ocr_line' id='line_1_109' title="bbox 2238 4687 3847 4761; baseline 0.005 -19"><span class='ocrx_word' id='word_1_799' title='bbox 2238 4687 2454 4743; x_wconf 89' lang='lat' dir='ltr'>Domini</span> <span class='ocrx_word' id='word_1_800' title='bbox 2481 4704 2614 4744; x_wconf 91' lang='lat' dir='ltr'>voce</span> <span class='ocrx_word' id='word_1_801' title='bbox 2641 4699 2978 4761; x_wconf 88' lang='lat' dir='ltr'>perceptum,</span> <span class='ocrx_word' id='word_1_802' title='bbox 3001 4691 3249 4748; x_wconf 88' lang='lat' dir='ltr'>Ecclesia</span> <span class='ocrx_word' id='word_1_803' title='bbox 3268 4691 3622 4748; x_wconf 89' lang='lat' dir='ltr'>nihilominus</span> <span class='ocrx_word' id='word_1_804' title='bbox 3655 4692 3847 4750; x_wconf 90' lang='lat' dir='ltr'>subse—</span> 
     </span>
    </p>
   </div>
   <div class='ocr_carea' id='block_1_110' title="bbox 2239 4770 3382 4852">
    <p class='ocr_par' dir='ltr' id='par_1_110' title="bbox 2239 4770 3382 4852">
     <span class='ocr_line' id='line_1_110' title="bbox 2239 4770 3382 4852; baseline -0.001 -19"><span class='ocrx_word' id='word_1_805' title='bbox 2239 4785 2456 4849; x_wconf 89' lang='lat' dir='ltr'>quente,</span> <span class='ocrx_word' id='word_1_806' title='bbox 2489 4785 2542 4835; x_wconf 90' lang='lat' dir='ltr'>et</span> <span class='ocrx_word' id='word_1_807' title='bbox 2569 4778 2739 4834; x_wconf 89' lang='lat' dir='ltr'>tenuit</span> <span class='ocrx_word' id='word_1_808' title='bbox 2769 4795 2986 4852; x_wconf 89' lang='lat' dir='ltr'>semper</span> <span class='ocrx_word' id='word_1_809' title='bbox 3014 4790 3067 4837; x_wconf 93' lang='lat' dir='ltr'>et</span> <span class='ocrx_word' id='word_1_810' title='bbox 3107 4770 3321 4837; x_wconf 75' lang='lat' dir='ltr'>retinet.</span> <span class='ocrx_word' id='word_1_811' title='bbox 3361 4803 3382 4832; x_wconf 63' lang='grc' dir='ltr'><strong>ν</strong></span> 
     </span>
    </p>
   </div>
   <div class='ocr_carea' id='block_1_111' title="bbox 2854 4907 3216 4964">
    <p class='ocr_par' dir='ltr' id='par_1_111' title="bbox 2854 4907 3216 4964">
     <span class='ocr_line' id='line_1_111' title="bbox 2854 4907 3216 4964; baseline 0.003 -3"><span class='ocrx_word' id='word_1_812' title='bbox 2854 4907 3080 4964; x_wconf 85' lang='lat' dir='ltr'>CAPUT</span> <span class='ocrx_word' id='word_1_813' title='bbox 3119 4908 3216 4963; x_wconf 91' lang='lat' dir='ltr'>XI.</span> 
     </span>
    </p>
   </div>
   <div class='ocr_carea' id='block_1_112' title="bbox 2240 5003 3838 5071">
    <p class='ocr_par' dir='ltr' id='par_1_112' title="bbox 2240 5003 3838 5071">
     <span class='ocr_line' id='line_1_112' title="bbox 2240 5003 3838 5071; baseline 0.003 -12"><span class='ocrx_word' id='word_1_814' title='bbox 2240 5003 2390 5071; x_wconf 83' lang='lat' dir='ltr'>Quod</span> <span class='ocrx_word' id='word_1_815' title='bbox 2417 5005 2592 5060; x_wconf 79' lang='lat' dir='ltr'>latius</span> <span class='ocrx_word' id='word_1_816' title='bbox 2623 5004 2690 5060; x_wconf 89' lang='lat' dir='ltr'>de</span> <span class='ocrx_word' id='word_1_817' title='bbox 2720 5009 2900 5062; x_wconf 84' lang='lat' dir='ltr'>sacris</span> <span class='ocrx_word' id='word_1_818' title='bbox 2939 5007 3230 5063; x_wconf 80' lang='lat' dir='ltr'>ordinibus</span> <span class='ocrx_word' id='word_1_819' title='bbox 3261 5011 3318 5062; x_wconf 82' lang='lat' dir='ltr'>et</span> <span class='ocrx_word' id='word_1_820' title='bbox 3346 5023 3634 5064; x_wconf 82' lang='lat' dir='ltr'>canonum</span> <span class='ocrx_word' id='word_1_821' title='bbox 3663 5007 3838 5065; x_wconf 81' lang='lat' dir='ltr'>disci-</span> 
     </span>
    </p>
   </div>
   <div class='ocr_carea' id='block_1_113' title="bbox 2303 5077 3840 5202">
    <p class='ocr_par' dir='ltr' id='par_1_113' title="bbox 2303 5077 3840 5202">
     <span class='ocr_line' id='line_1_113' title="bbox 2303 5077 3840 5202; baseline 0.004 -72"><span class='ocrx_word' id='word_1_822' title='bbox 2303 5077 2504 5202; x_wconf 58' lang='lat' dir='ltr'>glinisd</span> <span class='ocrx_word' id='word_1_823' title='bbox 2531 5092 2604 5132; x_wconf 75' lang='lat' dir='ltr'>ex</span> <span class='ocrx_word' id='word_1_824' title='bbox 2647 5079 3089 5135; x_wconf 77' lang='lat' dir='ltr'>orthodoxorum</span> <span class='ocrx_word' id='word_1_825' title='bbox 3125 5080 3304 5135; x_wconf 79' lang='lat' dir='ltr'>verbis</span> <span class='ocrx_word' id='word_1_826' title='bbox 3352 5083 3408 5135; x_wconf 86' lang='lat' dir='ltr'>et</span> <span class='ocrx_word' id='word_1_827' title='bbox 3457 5080 3717 5136; x_wconf 77' lang='lat' dir='ltr'>sensibus</span> <span class='ocrx_word' id='word_1_828' title='bbox 3763 5081 3840 5136; x_wconf 80' lang='lat' dir='ltr'>sit</span> 
     </span>
     <span class='ocr_line' id='line_1_114' title="bbox 2341 5163 2624 5202; baseline 0 0"><span class='ocrx_word' id='word_1_829' title='bbox 2341 5163 2466 5202; x_wconf 38' lang='lat' dir='ltr'>&#39;zcen.</span> <span class='ocrx_word' id='word_1_830' title='bbox 2509 5165 2624 5202; x_wconf 85' lang='lat' dir='ltr'>um.</span> 
     </span>
    </p>
   </div>
   <div class='ocr_carea' id='block_1_114' title="bbox 2341 5163 2624 5203">
    <p class='ocr_par' dir='ltr' id='par_1_114' title="bbox 2341 5163 2624 5203">
     <span class='ocr_line' id='line_1_115' title="bbox 2341 5163 2624 5203; baseline 0.004 -1"><span class='ocrx_word' id='word_1_831' title='bbox 2341 5164 2357 5202; x_wconf 77' lang='grc' dir='ltr'><em>ἰ</em></span> <span class='ocrx_word' id='word_1_832' title='bbox 2363 5163 2502 5202; x_wconf 75' lang='grc' dir='ltr'>οϐηα</span> <span class='ocrx_word' id='word_1_833' title='bbox 2509 5165 2624 5203; x_wconf 85' lang='lat' dir='ltr'>um.</span> 
     </span>
    </p>
   </div>
   <div class='ocr_carea' id='block_1_115' title="bbox 2307 5243 3836 5321">
    <p class='ocr_par' dir='ltr' id='par_1_115' title="bbox 2307 5243 3836 5321">
     <span class='ocr_line' id='line_1_116' title="bbox 2307 5243 3836 5321; baseline 0.003 -23"><span class='ocrx_word' id='word_1_834' title='bbox 2307 5243 2434 5299; x_wconf 84' lang='lat' dir='ltr'>Ilaec</span> <span class='ocrx_word' id='word_1_835' title='bbox 2455 5243 2677 5315; x_wconf 87' lang='lat' dir='ltr'>quidem</span> <span class='ocrx_word' id='word_1_836' title='bbox 2695 5245 2944 5303; x_wconf 79' lang='lat' dir='ltr'>suﬂicere</span> <span class='ocrx_word' id='word_1_837' title='bbox 2963 5262 3128 5318; x_wconf 90' lang='lat' dir='ltr'>posse</span> <span class='ocrx_word' id='word_1_838' title='bbox 3147 5246 3310 5303; x_wconf 89' lang='lat' dir='ltr'>credo</span> <span class='ocrx_word' id='word_1_839' title='bbox 3325 5262 3436 5303; x_wconf 91' lang='lat' dir='ltr'>non</span> <span class='ocrx_word' id='word_1_840' title='bbox 3455 5247 3566 5302; x_wconf 89' lang='lat' dir='ltr'>alta</span> <span class='ocrx_word' id='word_1_841' title='bbox 3583 5247 3836 5321; x_wconf 89' lang='lat' dir='ltr'>sapienti,</span> 
     </span>
    </p>
   </div>
   <div class='ocr_carea' id='block_1_116' title="bbox 2237 5333 3841 5410">
    <p class='ocr_par' dir='ltr' id='par_1_116' title="bbox 2237 5333 3841 5410">
     <span class='ocr_line' id='line_1_117' title="bbox 2237 5333 3841 5410; baseline 0.003 -23"><span class='ocrx_word' id='word_1_842' title='bbox 2237 5333 2334 5388; x_wconf 90' lang='lat' dir='ltr'>sed</span> <span class='ocrx_word' id='word_1_843' title='bbox 2391 5333 2686 5390; x_wconf 89' lang='lat' dir='ltr'>humilibus</span> <span class='ocrx_word' id='word_1_844' title='bbox 2729 5335 3108 5392; x_wconf 89' lang='lat' dir='ltr'>consentienti.</span> <span class='ocrx_word' id='word_1_845' title='bbox 3155 5337 3358 5394; x_wconf 85' lang='lat' dir='ltr'>Verum</span> <span class='ocrx_word' id='word_1_846' title='bbox 3414 5337 3542 5410; x_wconf 92' lang='lat' dir='ltr'>quia</span> <span class='ocrx_word' id='word_1_847' title='bbox 3589 5337 3693 5392; x_wconf 90' lang='lat' dir='ltr'>ista</span> <span class='ocrx_word' id='word_1_848' title='bbox 3746 5338 3841 5394; x_wconf 90' lang='lat' dir='ltr'>tibi</span> 
     </span>
    </p>
   </div>
   <div class='ocr_carea' id='block_1_117' title="bbox 2237 5423 3840 5498">
    <p class='ocr_par' dir='ltr' id='par_1_117' title="bbox 2237 5423 3840 5498">
     <span class='ocr_line' id='line_1_118' title="bbox 2237 5423 3840 5498; baseline 0.002 -20"><span class='ocrx_word' id='word_1_849' title='bbox 2237 5438 2348 5478; x_wconf 91' lang='lat' dir='ltr'>non</span> <span class='ocrx_word' id='word_1_850' title='bbox 2389 5423 2556 5479; x_wconf 92' lang='lat' dir='ltr'>credo</span> <span class='ocrx_word' id='word_1_851' title='bbox 2611 5425 2814 5482; x_wconf 86' lang='lat' dir='ltr'>debere</span> <span class='ocrx_word' id='word_1_852' title='bbox 2859 5424 3124 5492; x_wconf 78' lang='lat' dir='ltr'>sutlicere,</span> <span class='ocrx_word' id='word_1_853' title='bbox 3163 5443 3273 5482; x_wconf 89' lang='lat' dir='ltr'>non</span> <span class='ocrx_word' id='word_1_854' title='bbox 3311 5425 3492 5482; x_wconf 89' lang='lat' dir='ltr'>dicam</span> <span class='ocrx_word' id='word_1_855' title='bbox 3547 5426 3840 5498; x_wconf 89' lang='lat' dir='ltr'>perfectius</span> 
     </span>
    </p>
   </div>
   <div class='ocr_carea' id='block_1_118' title="bbox 2237 5513 3841 5588">
    <p class='ocr_par' dir='ltr' id='par_1_118' title="bbox 2237 5513 3841 5588">
     <span class='ocr_line' id='line_1_119' title="bbox 2237 5513 3841 5588; baseline 0.004 -20"><span class='ocrx_word' id='word_1_856' title='bbox 2237 5513 2352 5571; x_wconf 90' lang='lat' dir='ltr'>sive</span> <span class='ocrx_word' id='word_1_857' title='bbox 2394 5513 2629 5586; x_wconf 89' lang='lat' dir='ltr'>plenius,</span> <span class='ocrx_word' id='word_1_858' title='bbox 2675 5514 2822 5587; x_wconf 86' lang='lat' dir='ltr'>quia,</span> <span class='ocrx_word' id='word_1_859' title='bbox 2868 5521 2926 5571; x_wconf 91' lang='lat' dir='ltr'>ut</span> <span class='ocrx_word' id='word_1_860' title='bbox 2957 5515 3072 5586; x_wconf 88' lang='lat' dir='ltr'>jam</span> <span class='ocrx_word' id='word_1_861' title='bbox 3110 5515 3276 5588; x_wconf 86' lang='lat' dir='ltr'>longe</span> <span class='ocrx_word' id='word_1_862' title='bbox 3314 5523 3440 5573; x_wconf 90' lang='lat' dir='ltr'>ante</span> <span class='ocrx_word' id='word_1_863' title='bbox 3476 5531 3580 5573; x_wconf 91' lang='lat' dir='ltr'>nos</span> <span class='ocrx_word' id='word_1_864' title='bbox 3636 5517 3841 5574; x_wconf 86' lang='lat' dir='ltr'>dictum</span> 
     </span>
    </p>
   </div>
  </div>
