4072 6332
289 227 396 286 325

1042 226 1286 286 OPUSC.
1345 229 1438 284 ET
1478 227 1696 286 EPIST.
1761 229 1835 284 IN
1882 225 2110 285 CAUSA
2165 227 2510 286 IIINCMARI
2568 231 2873 288 LAUDUN.

3446 308 3456 318 ρ
3492 238 3596 294 326

294 359 394 419 est,
442 350 708 423 perfectio
755 351 1172 419 incrementum,
1227 361 1277 409 et
1305 355 1669 424 adjectionem
1721 353 1903 425 pleni-
1930 353 2295 424 AEvangelii
2323 355 2525 424 (homo.
2585 355 2676 426 34)
2703 373 2715 409 :
2740 358 2921 412 Erant
2977 359 3494 431 appropinquantes
3523 359 3597 415 ad

291 441 420 496 tudo
447 455 559 496 non
587 441 800 512 recipit,
831 441 990 496 latius
1021 443 1089 497 de
1117 442 1360 514 praefatis
1389 443 1558 498 sacris
1613 442 1898 506 ordinibus
1993 443 2184 498 Jesum
2212 443 2504 512 publicani
2525 447 2580 498 et
2609 448 2925 514 peccatores
2955 445 3108 516 (Luc.
3132 462 3230 514 xv,
3257 446 3367 518 11),
3383 463 3504 519 quae
3535 447 3594 502 in

289 537 344 583 et
371 544 643 584 canonum
671 529 973 600 disciplinis
988 531 1077 586 hic
1104 531 1351 604 quaedam
1381 547 1446 586 ex
1467 531 1892 587 orthodoaorum

287 617 473 674 verbis
501 632 570 674 ac
598 618 852 673 sensibus
881 619 953 673 ad
982 619 1388 691 reprimendum
1417 636 1612 676 sensus
1625 620 1704 676 tui
1724 628 1897 676 tumo-

287 721 425 773 rem,
485 715 540 760 et
607 707 676 762 ad
740 706 1113 778 repellendam
1168 709 1614 779 compilationum
1677 717 1892 764 tuarum

283 793 600 868 caliginem,
634 811 838 866 ponere
867 795 1096 868 dignum
1121 797 1270 852 duxi.
1304 798 1499 853 Sancta
1529 797 1730 870 quippe
1779 799 1890 854 Ec-

283 883 470 948 clesia,
506 899 671 956 quam
700 885 758 940 Β.
791 885 992 941 Paulus
1025 885 1302 956 apostolus
1334 903 1630 957 supernam
1687 887 1888 942 Hieru-

284 971 474 1037 salem,
554 987 618 1030 ac
667 979 896 1028 matrem
955 981 1221 1040 nostram,
1277 983 1328 1029 et
1387 983 1696 1030 manentem
1751 975 1888 1030 civi-

279 1067 466 1126 tatem,
501 1068 556 1115 et
583 1059 1001 1118 mdificationem
1031 1079 1098 1117 ex
1143 1065 1277 1129 Deo,
1339 1063 1561 1118 domum
1618 1079 1727 1118 non
1768 1081 1882 1118 ma-

280 1147 553 1204 nufactam
591 1149 849 1220 appellat,
885 1167 952 1206 ex
1010 1151 1220 1222 angelis
1277 1159 1328 1206 et
1384 1151 1696 1206 hominibus
1750 1169 1886 1208 con-

280 1245 402 1292 stat.
447 1237 583 1307 Quae
622 1239 819 1309 partim
863 1255 929 1294 ex
979 1239 1292 1294 hominibus
1341 1240 1597 1296 societate
1638 1242 1887 1312 angelica

277 1325 330 1380 in
398 1326 685 1382 ordinibus
755 1327 1024 1384 distinctis
1071 1327 1382 1400 perfruens,
1427 1331 1538 1398 jam
1595 1345 1718 1386 cum
1768 1331 1884 1386 Deo

277 1414 329 1468 in
361 1415 506 1472 cmlo
535 1423 750 1488 regnat,
783 1416 978 1488 partim
1011 1433 1142 1472 vero
1181 1418 1235 1472 in
1277 1418 1554 1473 ordinibus
1615 1419 1882 1475 distinctis

275 1503 455 1560 adhuc
482 1504 862 1576 peregrinatur
889 1505 945 1560 in
973 1513 1136 1572 terra,
1169 1515 1221 1562 et
1251 1507 1319 1561 ad
1363 1523 1653 1578 supernam
1707 1509 1882 1564 socie-

275 1609 438 1658 tatem
467 1601 724 1672 suspirat,
764 1602 854 1658 ubi
883 1611 966 1658 est
993 1605 1286 1660 secundum
1335 1605 1652 1675 Apostolum
1697 1605 1880 1660 taber-

275 1691 532 1748 naculum
561 1707 672 1748 non
717 1691 1104 1758 manufactum,
1146 1709 1324 1765 neque
1382 1693 1542 1763 hujus
1595 1694 1879 1749 creationis
1907 1715 1961 1774 B

274 1778 456 1850 (Hebr.
489 1794 570 1846 lx,
607 1779 717 1851 11).
751 1781 834 1836 Ad
865 1782 1021 1850 cujus
1052 1781 1222 1836 instar
1248 1798 1350 1853 per
1390 1782 1633 1854 Moysem
1677 1781 1880 1838 factum

271 1875 351 1923 est
379 1867 810 1934 tabernaculum,
845 1869 912 1924 de
943 1887 1052 1941 quo
1101 1869 1234 1924 dixit
1278 1870 1347 1924 ad
1393 1886 1516 1926 eum
1565 1871 1878 1926 Dominus:

277 1957 480 2012 Omnia
509 1959 604 2028 fac
624 1959 804 2029 juxta
834 1959 976 2030 quod
1007 1959 1109 2014 tibi
1139 1960 1199 2013 in
1233 1963 1423 2014 monte
1454 1963 1742 2016 ostensum
1773 1965 1876 2016 est.

270 2045 328 2100 In
357 2061 467 2116 que
495 2061 735 2116 superno
767 2053 818 2101 et
845 2062 974 2102 vero
1005 2047 1370 2114 tabernaculo,
1409 2048 1552 2119 quod
1573 2047 1688 2102 ﬁxit
1708 2051 1874 2116 Deus,

280 2142 331 2188 et
357 2149 468 2188 non
497 2134 684 2201 homo,
718 2133 772 2188 in
803 2133 1058 2190 interiora
1087 2135 1392 2202 velaminis,
1422 2136 1475 2190 id
1507 2144 1586 2190 est
1617 2136 1672 2190 in
1699 2137 1878 2208 ipsum

271 2221 865 2294 coelum,confessionis
882 2228 1093 2280 nostra:
1119 2225 1362 2280 antistes
1378 2229 1718 2290 summus,et
1733 2243 1877 2282 scm-

268 2315 530 2384 piternus
541 2313 1242 2383 pontifex,sempiternum
1254 2314 1460 2369 habens
1471 2315 1872 2382 sacerdotium,

270 2399 634 2472 sacerdosque
656 2417 896 2472 magnus
935 2402 1247 2457 secundum
1285 2402 1542 2458 ordinem
1589 2404 1875 2459 Melchise-

267 2488 830 2560 dech,perproprium
841 2489 1179 2561 sanguinem
1196 2490 1458 2546 introivit
1473 2493 1646 2546 semel
1660 2493 1721 2546 in
1731 2509 1872 2548 san-

265 2581 598 2642 cta,a:terna
613 2578 995 2650 redemptione
1011 2579 1578 2652 inventa:sedensque
1595 2581 1666 2634 ad
1681 2581 1874 2636 dexte-

268 2682 388 2720 ram
400 2665 612 2730 Patris,
638 2664 693 2718 id
717 2674 798 2720 est
817 2665 871 2719 in
888 2665 1066 2738 gloria
1077 2674 1322 2736 paterna:
1342 2667 1658 2736 majestatis,
1682 2669 1869 2724 inter-

265 2753 460 2825 pellat,
489 2769 746 2810 nonvoce
778 2754 1248 2825 sedmiseratione,
1278 2773 1378 2828 pro
1403 2757 1558 2812 nobis
1584 2757 1766 2828 (Hebr.
1783 2773 1865 2824 III,

267 2857 359 2908 vn,
377 2857 466 2908 lx;
494 2845 649 2899 Rom.
675 2842 1092 2916 vm).Idemque
1111 2847 1229 2901 Rea:
1263 2861 1474 2918 regum,
1513 2849 1568 2900 et
1597 2847 1868 2903 Dominus

264 2931 685 2988 dominantium
706 2932 894 3004 (Apoc.
916 2932 1020 3002 rx),
1054 2949 1154 3004 per
1184 2949 1347 3004 quem
1378 2949 1544 3006 reges
1563 2943 1794 3008 regnant
1817 2943 1870 2990 et

265 3019 574 3075 conditores
603 3021 789 3092 legum
811 3021 960 3090 justa
989 3023 1290 3078 decernunt
1321 3022 1504 3093 (Prov.
1552 3023 1694 3093 VIII),
1753 3039 1856 3080 cca-

1993 529 2106 584 suis
2134 530 2269 586 locis
2299 530 2472 586 lector
2500 531 2757 594 inveniet.
2793 533 3119 588 succinctius
3151 542 3332 590 autem
3375 535 3430 590 in
3469 535 3590 607 epi-

1992 618 2130 674 stola
2187 619 2258 674 ad
2305 619 2594 691 episcopos
2663 620 2962 676 Galliarum
3037 622 3282 678 scribens
3330 623 3588 691 ostendit,

1989 706 2047 761 in
2085 724 2191 778 qua
2222 707 2391 762 dicit:
2426 730 2448 758 «
2483 709 2568 764 Ad
2595 709 2697 764 hoc
2727 709 2925 765 divinae
2957 709 3328 780 dispositionis
3347 712 3588 783 provisio

1989 796 2198 868 gradus
2227 795 2476 852 diversos
2509 804 2562 852 et
2591 797 2810 853 ordines
2839 799 3114 854 constituit
3130 816 3252 854 esse
3283 800 3586 869 distinctos,

1987 891 2046 938 ut
2078 885 2208 938 dum
2238 886 2606 940 reverentiam
2631 887 2874 942 minores
2911 887 3216 958 potioribus
3245 887 3586 956 exhiberent,

1988 979 2042 1026 et
2065 972 2309 1043 petiores
2337 973 2643 1029 minoribus
2675 974 3025 1031 dilectionem
3050 975 3449 1047 impenderent,
3481 993 3591 1032 una

1987 1061 2296 1118 concordiae
2351 1061 2507 1118 fieret
2552 1079 2620 1118 ex
2649 1063 2963 1119 diversitate
2998 1065 3306 1133 contextio,
3344 1073 3396 1121 et
3445 1073 3591 1122 recte

1986 1148 2224 1206 ofﬁcium
2265 1159 2486 1223 gereret
2529 1152 2926 1208 administratio
2983 1153 3324 1226 singulorum
3366 1170 3378 1210 :
3412 1171 3590 1226 neque

1985 1239 2312 1294 universitas
2342 1239 2447 1294 alia
2483 1248 2693 1311 poterat
2731 1242 2941 1296 ratione
2973 1242 3289 1310 subsistere,
3341 1242 3448 1298 nisi
3483 1244 3590 1300 hu-

1977 1327 2219 1395 jusmodi
2251 1343 2488 1401 magnus
2517 1345 2638 1384 eam
2665 1328 2982 1384 differentiae
3009 1331 3147 1385 ordo
3163 1339 3425 1387 servaret.
3451 1331 3591 1400 Quia

1983 1431 2115 1470 vero
2142 1423 2403 1486 creatura
2429 1416 2486 1472 in
2502 1433 2610 1472 una
2631 1419 2932 1490 eademque
2952 1419 3258 1490 aequalitate
3288 1419 3590 1491 gubernari

1981 1503 2070 1559 vel
2095 1503 2278 1560 vivere
2308 1521 2416 1560 non
2463 1515 2660 1576 potest,
2708 1507 3012 1561 caelestium
3041 1507 3353 1564 militiarum
3397 1525 3588 1564 exem—

1979 1591 2104 1662 plar
2132 1609 2237 1648 nos
2283 1593 2534 1663 instruit;
2583 1595 2707 1666 quia
2735 1595 2864 1650 dum
2930 1595 3036 1650 sint
3087 1596 3287 1670 angeli,
3340 1597 3446 1651 sint
3491 1615 3586 1652 ar-

1981 1681 2254 1754 changeli,
2289 1681 2460 1754 liquet
2502 1683 2629 1754 quia
2673 1691 2864 1739 natura
2904 1683 3150 1756 aequales
3205 1693 3348 1752 sunt,
3401 1685 3499 1740 sed
3528 1685 3584 1740 in

1979 1777 2251 1840 potestate
2295 1778 2348 1825 et
2397 1771 2605 1838 ordine,
2678 1771 2817 1828 sicut
2867 1772 3056 1841 nostis,
3099 1771 3277 1827 diﬂ‘ert
3339 1773 3474 1828 alter
3513 1774 3584 1829 ab

1979 1858 2172 1913 altero.
2207 1859 2262 1913 Si
2301 1874 2438 1931 ergo
2465 1859 2606 1914 inter
2635 1860 2736 1914 hos
2775 1860 2869 1931 qui
2897 1860 3014 1916 sine
3041 1869 3270 1932 peccato
3311 1870 3435 1917 sunt
3476 1862 3581 1918 ista

1981 1954 2198 2002 constat
2219 1964 2342 2002 esse
2389 1948 2682 2015 distinctio,
2731 1948 2855 2020 quis
2891 1949 3174 2005 hominum
3217 1951 3420 2006 abnuat
3455 1951 3582 2008 huic

1980 2051 2040 2091 se
2067 2036 2301 2092 libenter
2329 2035 2670 2106 dispositioni
2701 2038 3020 2094 submittere
3039 2039 3066 2093 ?
3086 2039 3225 2094 Hinc
3253 2039 3454 2094 etenim
3472 2055 3576 2112 pax

1978 2131 2031 2179 et
2086 2125 2324 2180 charitas
2375 2133 2562 2181 mutuo
2618 2142 2678 2181 se
2721 2127 2956 2183 invicem
3023 2127 3474 2199 complectuntur,
3527 2136 3581 2184 et

1976 2221 2160 2268 manet
2204 2212 2364 2270 firma
2417 2215 2727 2270 concordiae
2765 2215 2821 2270 in
2864 2215 3076 2270 alterna
3116 2225 3170 2271 et
3224 2217 3340 2272 Deo
3377 2217 3580 2288 placita

1977 2301 2270 2358 dilectione
2300 2302 2604 2371 sinceritas,
2635 2303 2764 2376 quia
2795 2304 3222 2376 unumquodque
3269 2313 3396 2361 tunc
3426 2305 3576 2361 salu-

1975 2389 2148 2446 briter
2175 2392 2480 2464 completur
2509 2393 2764 2460 ofﬁcium,
2797 2409 2923 2448 curn
2951 2391 3116 2450 fuerit
3143 2410 3284 2450 unus
3313 2394 3384 2450 ad
3412 2411 3574 2466 quem

1972 2479 2145 2550 possit
2175 2481 2386 2537 recurri
2425 2481 2770 2553 praepositus.
2809 2503 2832 2531 ι

2585 2623 2808 2678 CAPUT
2837 2623 2982 2678 XIII.

1978 2729 2126 2798 Quod
2145 2730 2194 2784 si
2213 2729 2344 2786 ordo
2397 2731 2680 2801 generatis
2701 2734 2786 2786 est
2825 2731 3082 2786 omnibus
3119 2730 3403 2803 episcopis,
3455 2749 3572 2790 non

2114 2821 2306 2873 tamen
2337 2820 2654 2874 communis
2685 2823 2772 2874 est
2801 2819 3048 2890 dignitas
3078 2819 3354 2876 omnibus.

2041 2922 2277 2979 Ordines
2305 2941 2522 2997 quoque
2551 2925 2977 2980 ministrantium
3007 2925 3061 2979 in
3089 2925 3341 2982 Ecclesia
3369 2927 3570 2982 veteris

1967 3013 2174 3082 populi,
2225 3029 2347 3085 quae
2390 3013 2672 3070 usitatiore
2717 3013 2935 3069 nomine
2979 3014 3270 3088 Synagoga
3317 3023 3566 3083 vocatur,

260 3107 445 3163 lestem
479 3124 545 3164 ac
572 3115 851 3164 terrenum
880 3111 1262 3182 principatum,
1303 3119 1554 3166 cunctam
1607 3111 1861 3168 videlicet

1966 3100 2134 3157 fuisse
2162 3101 2399 3174 legimus
2447 3119 2548 3172 per
2606 3103 2846 3173 Moysem
2874 3119 2906 3156 a
2935 3103 3052 3158 Deo
3098 3103 3394 3174 dispositos
3428 3121 3442 3157 :
3476 3103 3568 3174 qui

264 3197 657 3268 rempublicam
708 3215 927 3272 regens,
981 3207 1034 3254 et
1086 3199 1402 3256 universam
1449 3200 1714 3267 militiam,
1749 3209 1862 3256 tam

261 3285 533 3342 caelestem
567 3295 622 3342 et
652 3286 950 3358 spiritalem
981 3304 1144 3360 quam
1173 3296 1442 3344 terrenam
1471 3297 1524 3344 et
1579 3297 1859 3360 tempora-

260 3373 380 3441 lem,
409 3375 680 3432 distinctis
701 3375 755 3430 in
788 3377 1072 3432 ordinibus
1100 3377 1400 3448 disponens
1430 3393 1497 3433 ac
1545 3379 1854 3445 moderans,

257 3471 307 3519 et
341 3479 597 3535 supernae
626 3471 786 3536 atque
823 3466 1114 3521 mundanae
1155 3465 1324 3522 curia
1363 3467 1682 3538 praesidens,
1718 3467 1858 3523 miro

259 3552 463 3621 ordine,
527 3553 846 3626 angelorum
933 3555 1321 3628 hominumque
1375 3555 1696 3623 ministerio,
1758 3572 1857 3628 pro

259 3647 558 3712 temporum
589 3642 846 3698 varietate
903 3651 956 3698 et
1009 3643 1410 3714 opportunitate
1467 3645 1768 3716 dispensat,
1804 3653 1858 3700 et
1896 3671 1898 3673 >

257 3747 372 3802 ῳιω
417 3731 652 3804 singulis
705 3731 1008 3805 quibusque
1063 3733 1397 3804 temporibus
1469 3734 1556 3790 vel
1604 3735 1855 3805 personis

255 3819 520 3892 congruit,
555 3837 652 3874 sua
681 3820 767 3876 vel
815 3821 1028 3877 occulta
1083 3821 1458 3893 inspiratione,
1523 3822 1609 3878 vel
1641 3823 1858 3879 eviden-

254 3907 368 3964 tiori
422 3908 800 3980 illustratione,
876 3910 963 3967 vel
1009 3909 1272 3982 patefacta
1329 3911 1691 3983 praeceptione
1752 3913 1852 3968 de-

257 3997 436 4054 cernit.

887 4086 1116 4146 CAPUT
1139 4087 1263 4143 XII.

263 4175 357 4245 Qui
367 4177 488 4233 sint
505 4176 731 4234 ordines
752 4178 814 4234 in
837 4178 990 4245 caelo,
1015 4177 1148 4304 eglin
1170 4179 1437 4242 Ecclesia,
1465 4182 1520 4234 et
1539 4179 1602 4234 in
1623 4183 1852 4236 terrena

897 4265 1040 4304 renu
1097 4264 1208 4304 zca.

897 4264 1208 4319 repuotzca.

311 4335 377 4390 Et
393 4336 518 4409 quia
539 4336 777 4410 legimus
799 4352 985 4392 sacros
997 4335 1220 4392 ordines
1245 4337 1298 4390 in
1319 4336 1458 4392 coelo
1476 4345 1529 4392 et
1575 4336 1632 4391 in
1679 4345 1845 4408 terra,

1963 3197 2170 3269 quales,
2204 3205 2257 3252 et
2285 3197 2632 3268 qualiter,.ac
2665 3199 2882 3268 quando
2919 3197 3158 3253 ordinari
3195 3199 3478 3267 deberent,
3511 3206 3566 3255 et

1963 3286 2179 3356 quando
2229 3301 2295 3341 ac
2325 3285 2558 3358 qualiter
2596 3295 2650 3341 et
2691 3293 2949 3358 quantum
3003 3287 3058 3342 in
3089 3287 3320 3360 singulis
3373 3287 3566 3344 ofﬁciis

1961 3373 2274 3429 ministrare
2301 3375 2583 3442 deberent,
2617 3375 2846 3430 historia
2875 3391 3038 3430 sacra
3064 3375 3418 3432 demonstrat.
3452 3377 3561 3433 Sed

1961 3471 2016 3518 et
2043 3479 2188 3520 nunc
2212 3462 2266 3517 i'n
2285 3463 2556 3531 Ecclesia,
2591 3481 2712 3536 quae
2741 3481 2974 3535 regnum
3003 3463 3270 3520 cmlorum
3316 3465 3562 3536 appella-

1961 3559 2066 3623 tur,
2099 3552 2170 3607 ad
2196 3552 2364 3608 instar
2391 3551 2704 3609 caelestium
2729 3553 3004 3620 ordinum,
3027 3553 3306 3608 ministros
3343 3554 3562 3610 Domini

1957 3639 2290 3698 institutione
2310 3649 2364 3696 et
2403 3641 2705 3713 apostolica
2747 3641 3034 3698 traditione
3077 3640 3314 3715 legimus
3360 3651 3412 3698 et
3459 3657 3559 3700 co-

1958 3729 2272 3803 gnoscimus
2301 3729 2554 3787 distincte
2591 3745 2714 3786 esse
2750 3730 3049 3802 dispositos
3078 3749 3091 3784 :
3125 3730 3218 3802 qui
3265 3731 3474 3803 quales,
3508 3739 3562 3786 et

1957 3819 2210 3891 qualiter,
2241 3827 2296 3875 et
2320 3835 2354 3874 a
2391 3820 2588 3892 quibus
2636 3819 2876 3876 debeant
2921 3819 3180 3888 ordinari,
3238 3827 3292 3876 et
3329 3820 3562 3894 qualiter

1956 3909 2157 3980 quique
2187 3908 2241 3963 in
2301 3909 2414 3965 suis
2469 3908 2660 3966 ofﬁciis
2710 3909 2949 3965 debeant
2986 3908 3321 3976 ministrare,
3373 3917 3433 3966 ut
3458 3927 3556 3966 su-

1953 3997 2140 4068 perius
2203 3998 2644 4064 memoravimus,
2721 3997 3067 4070 apertissima
3111 3998 3271 4054 nobis
3322 3998 3558 4056 lectione

1953 4093 2303 4154 monstratur,
2337 4087 2406 4142 de
2437 4086 2634 4158 quibus
2661 4087 2825 4142 modo
2852 4103 2964 4142 non
3003 4095 3087 4142 est
3115 4087 3410 4142 dicendum
3455 4104 3558 4160 per

1954 4175 2188 4245 singula.
2221 4176 2446 4230 Tantum
2476 4174 2547 4230 de
2583 4189 2650 4230 eo
2676 4175 2822 4230 unde
2849 4175 3032 4244 agitur
3060 4175 3268 4241 ordine,
3316 4185 3370 4230 et
3409 4177 3554 4231 unde

1953 4264 2022 4318 ad
2053 4278 2165 4318 rem
2196 4263 2265 4318 de
2315 4279 2424 4334 qua
2469 4261 2652 4335 agitur
2698 4262 2952 4333 pertinet,
2999 4261 3188 4317 beatus
3233 4263 3360 4328 Leo,
3413 4263 3556 4319 sicut

1949 4351 2048 4406 tibi
2075 4367 2252 4422 nuper
2278 4351 2335 4406 in
2363 4350 2637 4422 suprafata
2665 4351 2925 4407 schedula
2951 4350 3092 4406 inter
3133 4349 3244 4406 alia
3285 4351 3552 4423 scriptum

248 4424 377 4480 etin
405 4427 754 4482 Testamento
802 4426 978 4482 Veteri
1036 4433 1088 4481 et
1143 4425 1199 4480 in
1256 4427 1431 4492 Novo,
1492 4426 1786 4497 dispositos
1815 4443 1848 4482 a

1966 4439 2096 4510 ledi,
2143 4441 2310 4497 veluti
2339 4439 2626 4496 traditione
2667 4438 2968 4512 apostolica
3015 4440 3298 4496 decretum
3339 4439 3546 4511 didicit,

249 4512 382 4581 Deo,
431 4531 498 4572 ex
537 4531 644 4588 quo
691 4515 844 4584 juxta
884 4514 1201 4586 Apostolum
1242 4514 1418 4570 omnis
1475 4516 1770 4587 paternitas
1791 4516 1846 4571 in

247 4603 374 4658 caelo
401 4611 456 4659 et
481 4603 537 4658 in
577 4611 720 4659 terra
749 4604 1078 4670 nominatur,
1109 4604 1200 4676 qui
1231 4603 1339 4658 sint
1396 4605 1640 4670 ordines,
1673 4605 1730 4660 id
1761 4613 1845 4661 est

246 4693 591 4762 paternitates
621 4693 674 4748 in
705 4693 864 4760 coelo,
915 4701 969 4749 et
1010 4693 1064 4748 in
1107 4693 1376 4760 Ecclesia,
1425 4702 1476 4750 et
1523 4694 1579 4749 in
1627 4703 1844 4750 terrena

242 4780 531 4852 republica,
565 4783 739 4838 sancti
768 4783 1022 4839 doctores
1051 4783 1238 4848 nostri,
1293 4785 1620 4840 haurientes
1668 4801 1843 4857 aquas

243 4869 305 4924 de
331 4870 582 4941 fontibus
612 4871 920 4929 Salvator-is
949 4872 1170 4942 (Ephes.
1207 4887 1286 4938 ut,
1311 4874 1418 4943 15),
1452 4872 1508 4927 id
1538 4880 1620 4928 est
1648 4873 1843 4928 biben-

241 4971 318 5022 tes
364 4967 607 5025 scientiae
651 4969 955 5026 doctrinam
1021 4969 1089 5024 de
1135 4969 1340 5026 sanctis
1391 4969 1702 5042 Scripturis,
1737 4987 1839 5041 pa-

242 5071 410 5121 tenter
454 5066 770 5122 ostendunt.
795 5067 949 5124 Unde
999 5067 1188 5124 beatus
1237 5067 1532 5140 Dionysius
1589 5070 1841 5139 AreOpa-

239 5153 390 5226 gites,
428 5155 686 5229 antiquus
741 5156 948 5215 scilicet
993 5164 1048 5213 et
1100 5157 1430 5214 venerabilis
1489 5158 1666 5226 Pater,
1701 5158 1840 5214 sicut

237 5241 414 5300 didicit
441 5245 672 5318 a-Paulo
702 5246 968 5318 apostolo,
1003 5246 1093 5319 qui
1123 5253 1305 5316 raptus
1338 5262 1510 5319 usque
1531 5247 1601 5302 ad
1621 5246 1838 5302 tertium

237 5332 424 5389 coelum
452 5333 588 5390 vidit
627 5343 838 5392 secreta
867 5335 1126 5404 coelestia,
1159 5335 1297 5390 duos
1336 5335 1507 5390 libros
1562 5336 1629 5391 de
1668 5351 1840 5410 ange-

236 5418 335 5477 lico
362 5431 416 5480 et
473 5423 846 5481 ecclesiastico
893 5425 1201 5498 principatu
1239 5423 1474 5494 scripsit.
1521 5425 1589 5480 Et
1644 5425 1837 5482 beatus

235 5507 526 5584 Gregorius
555 5512 612 5570 in
641 5512 796 5572 libris
823 5514 1130 5587 Moralium,
1190 5521 1245 5570 et
1296 5512 1454 5569 latius
1501 5511 1555 5570 in
1611 5513 1836 5572 homilia

1945 4529 2015 4586 ad
2043 4531 2387 4586 Anastasium
2432 4529 2977 4586 Thessalonicensem
3033 4529 3351 4602 episcOpum
3405 4529 3549 4586 scri-

1945 4619 2053 4690 psit
2083 4621 2270 4692 (epist.
2303 4620 2394 4692 84)
2428 4635 2440 4675 :
2480 4641 2503 4671 α
2538 4622 2608 4676 Et
2653 4619 2700 4674 si
2745 4619 2905 4688 ordo,
2951 4618 3222 4691 inquiens,
3272 4618 3546 4691 generalis

1945 4717 2027 4764 est
2055 4708 2309 4764 omnibus
2338 4709 2737 4776 sacerdotibus,
2771 4724 2882 4764 non
2909 4716 3088 4762 tamen
3117 4707 3420 4762 communis
3465 4716 3549 4765 est

1943 4797 2182 4870 dignitas
2212 4797 2484 4865 omnibus,
2519 4798 2644 4870 quia
2672 4806 2726 4853 et
2761 4797 2905 4852 inter
2933 4795 3278 4851 beatissimos
3317 4805 3544 4868 aposto-

1941 4886 2026 4942 los
2073 4887 2129 4942 in
2184 4887 2534 4944 similitudine
2575 4885 2796 4942 honoris
2839 4885 2938 4940 fuit
2985 4884 3237 4956 quadam
3283 4885 3544 4944 discretio

1940 4975 2247 5048 potestatis,
2277 4984 2332 5032 et
2377 4993 2500 5033 cum
2555 4975 2798 5032 omnium
2845 4989 2946 5045 par
2982 4981 3130 5031 esset
3179 4975 3395 5044 electio,
3449 4975 3544 5032 uni

1940 5072 2121 5122 tamen
2161 5065 2349 5122 datum
2395 5073 2479 5121 est
2526 5071 2584 5120 ut
2621 5061 2832 5120 caneris
2877 5064 3248 5136 praemineret.
3300 5067 3382 5122 De
3437 5079 3546 5138 qua

1940 5153 2112 5211 forma
2158 5155 2536 5226 episcoporum
2583 5169 2802 5225 quoque
2850 5161 2934 5209 est
2986 5162 3105 5211 orta
3161 5153 3457 5222 distinctio,
3491 5161 3546 5210 et

1937 5260 2144 5318 magna
2185 5243 2523 5300 ordinatione
2571 5242 2854 5314 provisum
2901 5252 3006 5314 est,
3056 5259 3126 5300 ne
3185 5259 3378 5300 omnes
3437 5241 3543 5298 sibi

1938 5334 2122 5389 omnia
2159 5332 2514 5398 vindicarent,
2549 5331 2647 5388 sed
2677 5341 2862 5390 essent
2890 5333 2947 5388 in
2975 5331 3210 5408 singulis
3243 5330 3542 5405 provinciis

1937 5422 2157 5493 singuli,
2191 5436 2420 5494 quorum
2446 5420 2590 5479 inter
2620 5422 2818 5480 fratres
2846 5423 3139 5480 haberetur
3179 5421 3354 5494 prima
3409 5435 3542 5476 sen-

1936 5510 2120 5578 tentia,
2158 5517 2212 5566 et
2241 5526 2434 5568 rursus
2465 5511 2688 5584 quidam
2725 5513 2782 5570 in
2809 5512 3112 5584 majoribus
3137 5511 3367 5568 urbibus
3404 5524 3540 5566 con-
