4072 6320
486 257 592 315 32³7

1546 247 1889 304 HINCMARI
1923 240 2325 303 RHEMENSIS
2362 239 2912 298 ARCHIEPISCOPI.

3687 235 3802 294 ’728

485 381 653 437 stituti
709 375 1130 434 sollicitudinem
1185 373 1526 446 susciperent
1604 353 1943 445 ampliorem,
1984 387 2084 442 per
2109 369 2380 430 Anatura
2407 365 2648 438 aequales
2677 363 2884 439 genuit,
2919 362 3018 420 sed
3057 360 3304 419 variante
3334 359 3656 416 meritorum
3695 375 3800 414 or-

485 467 702 540 quosad
717 483 884 522 unam
896 463 1046 520 Petri
1075 464 1267 520 sedem
1299 460 1630 539 universalis
1659 460 1924 518 Ecclesia
1957 475 2090 516 cura

484 555 802 624 conﬂueret,
835 562 889 610 et
917 553 1053 610 nihil
1078 568 1310 624 usquam
1337 568 1372 607 a
1412 567 1511 606 suo
1558 549 1732 622 capite
1775 549 2086 604 dissideret.

485 644 590 716 Qui
619 661 752 718 ergo
780 643 882 700 scit
897 659 958 700 se
970 642 1296 715 quibusdam
1310 639 1676 712 praepositum,
1712 654 1823 695 non
1863 637 2090 694 moleste

484 733 626 791 ferat
653 733 756 789 sibi
785 733 1025 805 aliquem
1052 747 1175 786 esse
1213 729 1515 802 praelatum,
1574 728 1674 784 sed
1729 726 2092 784 obedientiam

488 837 654 894 quam
677 821 846 895 exigit
873 821 1038 876 etiam
1061 819 1179 892 ipse
1207 819 1507 890 dependat.
1553 835 1573 869 ο
1607 816 1748 872 Nam
1779 815 1844 885 si,
1902 823 1960 870 ut
2006 813 2091 870 le-

489 911 694 986 gimus,
727 909 957 983 angelus
985 907 1182 982 angelo
1212 906 1342 963 dicit
1361 923 1374 962 :
1394 907 1568 964 Curre
1581 909 1638 962 et
1657 906 1878 978 loquere
1895 903 2088 975 (Zach.

492 1015 552 1066 ll,
583 997 660 1072 4),
693 1006 747 1056 et
774 997 1004 1069 angelus
1052 995 1234 1052 obedit
1271 995 1489 1068 angelo,
1538 1009 1651 1050 non
1709 992 1872 1049 debet
1931 992 2094 1047 homo

495 1087 785 1160 dedignari
812 1085 1018 1142 homini
1040 1083 1282 1154 obedire,
1301 1082 1602 1156 praesertim
1623 1097 1748 1140 cum
1769 1079 2092 1137 inobedien-

497 1176 570 1232 tia
597 1175 842 1248 parentis
870 1174 1030 1246 primi
1056 1171 1378 1245 perditionis
1408 1187 1575 1228 causa
1606 1171 1676 1226 sit
1720 1169 1939 1244 generis
1995 1169 2095 1225 hu-

497 1263 661 1332 mani,
695 1271 748 1320 et
776 1261 1086 1319 obedientia
1114 1259 1412 1317 Salvatoris
1440 1259 1631 1326 nostri,
1665 1259 1758 1331 qui
1786 1257 1958 1315 factus
2015 1264 2098 1313 est

498 1353 761 1411 obediens
791 1349 938 1407 Patri
964 1366 1138 1422 usque
1184 1349 1252 1404 ad
1299 1357 1532 1406 mortem
1575 1347 1774 1414 crucis,
1825 1347 2096 1419 reparatio

500 1441 566 1497 sit
593 1443 846 1497 humanae
873 1438 1078 1494 salutis.
1111 1435 1375 1494 Diabolus
1420 1437 1622 1509 quippe
1669 1435 1933 1508 superbus
1991 1435 2096 1490 ho-

498 1530 699 1586 minem
729 1528 1132 1600 superbientem
1159 1526 1413 1598 perduxit
1441 1525 1497 1581 in
1524 1533 1790 1592 mortem;
1852 1523 2099 1580 Christus

501 1618 718 1674 humilis
761 1615 1036 1673 hominem
1110 1615 1458 1671 obedientem
1533 1614 1749 1670 reduxit
1789 1614 1861 1669 ad
1905 1613 2092 1668 vitam.

2186 455 2336 521 dine,
2360 454 2498 511 alios
2525 454 2648 511 aliis
2667 453 2829 525 culpa
2857 451 3154 525 postponit.
3205 451 3335 522 Ipsa
3391 458 3574 506 autem
3604 449 3805 505 diver-
3867 445 3882 452 ⁷

2189 544 2344 614 sitas,
2367 559 2489 617 quae
2517 542 2748 599 accessit
2777 558 2846 598 ex
2873 541 3025 608 vitio,
3059 539 3244 597 divino
3259 538 3470 610 judicio
3499 538 3802 608 dispensa-

2189 640 2297 700 tur,
2329 640 2388 688 ut
2409 631 2536 704 quia
2567 631 2744 687 omnis
2771 632 2935 688 homo
2965 645 3117 702 reque
3155 637 3303 686 stare
3333 643 3442 684 non
3489 627 3654 694 valet,
3711 625 3803 682 al-

2190 729 2277 778 ter
2307 728 2534 794 regatur
2560 721 2630 776 ab
2659 719 2853 776 altero.
2903 739 2925 770 υ

2193 933 2270 989 De
2277 933 2720 1005 paternitatibus
2733 935 2790 989 et
2804 931 3143 1005 incolatibus
3153 931 3218 986 in
3229 929 3382 996 casto,
3399 932 3454 986 et
3465 929 3530 984 in
3541 927 3802 984 Ecclesia

2802 1006 2862 1059 et
2886 1002 3192 1074 republica.
3546 1039 3550 1043 .

2265 1109 2335 1165 Et
2363 1109 2491 1182 quia
2517 1126 2618 1182 per
2647 1109 2933 1166 distinctos
2959 1107 3182 1165 ordines
3201 1113 3327 1163 sunt
3356 1105 3714 1178 paternitates
3745 1113 3804 1160 et

2196 1197 2466 1254 incolatus
2495 1215 2527 1254 a
2553 1199 2670 1255 Deo
2709 1197 2986 1255 constituti
3015 1197 3072 1252 in
3121 1195 3281 1263 coelo,
3327 1195 3399 1252 de
3442 1194 3640 1266 quibus
3695 1210 3802 1265 per

2195 1286 2480 1342 Danielem
2507 1286 2704 1344 dicitur
2735 1289 2939 1343 :Millia
2949 1287 3201 1343 millium
3220 1285 3632 1341 ministrabant
3643 1283 3716 1349 ei,
3743 1287 3807 1338 et

2197 1376 2378 1432 decies
2391 1377 2600 1433 millies
2616 1380 2861 1432 centena
2870 1376 3057 1432 millia
3069 1374 3409 1433 assistebant
3419 1374 3472 1428 ei
3482 1373 3650 1445 (Dan.
3670 1371 3798 1444 vn),

2199 1463 2396 1536 quibus
2422 1463 2722 1520 electorum
2749 1479 2967 1536 quoque
2997 1463 3276 1519 hominum
3304 1477 3566 1517 numerus
3607 1459 3806 1533 jungi-

2200 1560 2308 1621 tur,
2338 1559 2392 1608 et
2427 1553 2577 1609 aliud
2605 1560 2687 1608 est
2706 1552 3038 1619 ministrare,
3063 1551 3212 1607 aliud
3230 1551 3508 1616 assistere,
3527 1549 3600 1605 ad
3625 1549 3805 1604 instar

2198 1641 2360 1710 hujus
2388 1641 2626 1698 caelestis
2657 1640 3048 1712 dispositionis,
3081 1647 3136 1696 et
3163 1639 3219 1696 in
3247 1639 3596 1706 mundo,non
3617 1637 3804 1694 solum

500 1707 637 1777 Quia
693 1705 832 1763 Sicut
876 1705 968 1762 me
1015 1705 1199 1794 eum?
1235 1703 1434 1760 cecidit
1492 1711 1547 1758 et
1571 1791 1580 1794 ,
1602 1701 1801 1774 deiecit
1857 1717 2094 1794 °_°nsen-
2125 1701 2566 1786 Bdimensiones
2595 1701 3086 1786 ecclesiasticarum
3117 1701 3469 1794 incolatuum,
3503 1727 3600 1784 sed
3621 1734 3676 1782 et
3695 1734 3812 1783 ter-

499 1796 743 1863 tientem,
777 1795 858 1852 sic
885 1794 988 1850 iste
1015 1793 1327 1850 humiliatus
1375 1791 1606 1848 surrexit
1645 1799 1699 1848 et
1747 1790 1917 1848 erexit
1967 1807 2093 1847 cre-

501 1885 740 1942 dentem.

1105 1997 1332 2054 CAPUT
1357 1997 1504 2054 XIV.

511 2102 662 2172 Quod
679 2101 807 2158 etin
823 2101 1110 2170 republica
1119 2101 1192 2156 ad
1203 2101 1392 2156 instar
1403 2099 1642 2156 caelestis
1654 2099 1880 2155 militia:
1898 2097 2105 2154 diversi

1076 2190 1195 2244 sint
1225 2188 1472 2245 ordines.

579 2313 716 2382 Quia
745 2313 909 2369 etiam
955 2311 1060 2367 sint
1087 2311 1270 2384 angeli
1309 2311 1564 2384 gentibus
1592 2311 1824 2382 praelati,
1856 2311 2106 2367 doctores

503 2403 754 2460 catholici
782 2418 848 2457 ex
877 2401 1059 2457 verbis
1087 2400 1266 2472 angeli
1295 2417 1394 2472 per
1447 2399 1727 2456 Danielem
1785 2401 2106 2471 prOphetam

506 2491 816 2556 ostendunt,
835 2489 1069 2546 dicentis
1089 2507 1104 2544 :
1122 2491 1229 2560 Ego
1245 2490 1376 2544 veni
1387 2493 1618 2562 propter
1639 2505 1923 2544 sermones
1955 2493 2079 2544 tuos
2091 2529 2103 2542 .

506 2583 777 2650 Princeps
806 2582 1000 2635 autem
1017 2580 1178 2651 regni
1188 2581 1494 2634 Persarum
1511 2567 1728 2634 restitit
1745 2577 1889 2633 mihi
1905 2578 2110 2649 viginti

507 2673 564 2724 et
593 2685 706 2725 uno
721 2669 933 2733 diebus,
958 2671 1015 2722 et
1036 2682 1159 2722 ecce
1195 2665 1429 2722 Michael
1468 2683 1619 2722 unus
1657 2667 1722 2731 de
1759 2667 2107 2735 principibus

507 2757 708 2828 primis
737 2756 892 2811 venit
915 2755 979 2809 in
1001 2754 1350 2826 adjutorium
1369 2754 1512 2809 mihi
1541 2755 1710 2823 (Dan.
1743 2756 1806 2824 x)
1831 2773 1844 2820 ;
1878 2761 1930 2808 et
1945 2754 2109 2825 paulo

505 2852 670 2916 post:
698 2844 860 2900 Nunc
890 2845 1145 2898 revertar
1175 2846 1240 2898 ut
1255 2843 1481 2912 prcelier
1500 2849 1765 2898 adversus
1795 2844 2111 2914 principem.

505 2936 830 2992 Persarum.
858 2933 995 2988 Cum
1025 2931 1180 2986 enim
1201 2932 1508 3002 egrederer,
1551 2933 1820 3002 apparuit
1848 2934 2110 3003 princeps

511 3022 827 3079 Graecorum
857 3021 1165 3076 adveniens
1195 3019 1408 3092 (ibid.).
1439 3041 1461 3070 α
1497 3017 1668 3088 Quos,
1702 3019 1876 3091 inquit
1918 3020 2108 3076 beatus

507 3110 812 3184 Gregorius
843 3109 960 3181 (lib.
993 3123 1114 3164 xvii
1163 3109 1375 3175 Moral.,
1434 3125 1483 3164 ο.
1541 3109 1614 3180 8),
1649 3109 1785 3164 alios
1833 3109 2110 3180 principes

505 3199 750 3273 gentium
778 3198 884 3254 nisi
915 3198 1142 3270 angelos
1171 3197 1581 3270 appellat?quia
1611 3206 1759 3254 certa
1784 3199 2108 3271 angelorum

505 3287 802 3345 ministeria
829 3286 1214 3358 dispensandis
1241 3287 1472 3359 singulis
1500 3287 1806 3359 quibusque
1854 3289 2108 3358 gentibus

507 3385 632 3433 sunt
671 3375 914 3448 prmlata,
961 3391 1085 3432 cum
1123 3375 1494 3444 subjectorum
1531 3391 1713 3430 mores
1753 3377 2019 3432 adversus
2048 3393 2108 3432 se

506 3473 748 3530 vicissim
795 3471 1208 3543 pmpositorum
1263 3471 1542 3542 spirituum
1589 3487 1749 3542 opem
1805 3481 2104 3540 merentur,

505 3562 610 3635 ipsi
638 3563 732 3636 qui
762 3570 1003 3634 praesunt
1035 3561 1258 3632 spiritus
1288 3568 1476 3616 contra
1523 3576 1583 3615 se
1637 3560 1822 3616 venire
1861 3550 2106 3616 referun-

505 3659 612 3707 tur.
661 3653 712 3706 Is
767 3667 1002 3722 namque
1060 3649 1308 3720 angelus,
1351 3649 1442 3721 qui
1499 3648 1709 3704 Danieli
1764 3649 2103 3720 loquebatur,

508 3738 733 3810 captivis
791 3736 1075 3793 Israelitici
1133 3737 1318 3808 populi
1389 3737 1445 3791 in
1508 3737 1732 3792 Perside
1803 3737 2106 3792 constitutis

505 3826 766 3899 praelatus
794 3825 1110 3895 agnoscitur
1143 3843 1156 3878 :
1188 3824 1419 3880 Michael
1447 3833 1622 3880 autem
1672 3841 1861 3881 eorum
1921 3825 2014 3896 qui
2041 3842 2107 3882 ex

507 3915 698 3972 eadem
725 3913 971 3986 plebein
991 3913 1175 3982 judea
1213 3920 1356 3968 terra
1402 3915 1793 3980 remanserant,
1843 3914 2106 3986 praeposi-

505 4012 592 4060 tus
621 4002 910 4060 invenitur.
942 4002 1096 4058 Unde
1127 4009 1180 4057 et
1207 4002 1276 4056 ab
1307 4002 1412 4058 hoc
1460 4001 1654 4058 eodem
1687 4003 1886 4075 angelo
1941 4005 2106 4074 paulo

505 4101 632 4166 post
660 4091 870 4148 Danieli
917 4091 1160 4147 dicitur:
1209 4090 1385 4146 Nemo
1441 4098 1524 4146 est
1566 4091 1784 4160 adjutor
1838 4108 1994 4148 meus
2049 4091 2106 4147 in

506 4181 758 4239 omnibus
788 4181 890 4252 his,
923 4179 1030 4236 nisi
1065 4179 1296 4236 Michael
1325 4179 1580 4252 princeps
1609 4188 1812 4247 vester,
1867 4181 1936 4237 de
1995 4197 2105 4254 quo

507 4272 636 4328 dicit
664 4289 678 4326 :
710 4273 781 4328 Et
799 4287 924 4328 ecce
954 4271 1188 4327 Michael
1239 4287 1388 4326 unus
1407 4271 1475 4326 de
1523 4271 1872 4342 principibus
1902 4272 2104 4341 primis

503 4361 660 4418 venit
690 4363 752 4417 in
773 4360 903 4428 adju
913 4361 1120 4416 torium
1132 4359 1295 4414 mihi.
1317 4357 1564 4426 Quidum
1585 4375 1928 4431 nequaquam
1945 4359 2104 4415 simul

504 4465 647 4516 esse,
690 4448 790 4504 sed
834 4447 1016 4502 venire
1080 4447 1137 4501 in
1179 4447 1504 4516 adjutorium
1550 4447 1764 4516 dicitur,
1813 4456 2000 4519 aperte
2050 4444 2174 4506 eiD

501 4537 704 4612 populo
732 4536 984 4609 pralatus
1015 4535 1328 4609 agnoscitur
1356 4536 1448 4608 qui
1476 4535 1718 4608 captivus
1747 4536 1802 4592 in
1825 4537 1932 4592 alia
1949 4545 2104 4608 parte

501 4629 805 4684 tenebatur.
835 4624 980 4696 Quid
1000 4633 1082 4681 est
1112 4640 1246 4698 ergo
1275 4625 1531 4698 angelum
1555 4625 1739 4682 dicere
1771 4643 1784 4680 :
1839 4629 1946 4698 Ego
1976 4627 2104 4683 veni

503 4721 732 4787 propter
745 4731 1033 4773 sermones
1051 4717 1176 4772 tuos
1201 4731 1214 4769 :
1232 4716 1497 4786 princeps
1517 4719 1711 4772 autem
1723 4717 1886 4786 regni
1906 4718 2104 4772 Persa-

503 4821 635 4860 rum
662 4807 883 4860 restitit
898 4805 1060 4871 mihi,
1085 4802 1190 4859 nisi
1219 4819 1319 4859 sua
1347 4803 1576 4860 subditis
1605 4819 1774 4876 opera
1806 4804 2101 4862 nuntiare?

501 4893 570 4948 Et
596 4892 683 4949 his
713 4892 904 4948 beatus
933 4893 1292 4966 Hieronymus
1329 4909 1572 4949 consona
1601 4892 1749 4961 dicit,
1802 4910 1923 4965 quae
1977 4895 2100 4967 ple-

504 4981 629 5038 nius
659 4980 752 5052 qui
781 4980 1012 5037 voluerit
1059 4983 1112 5037 in
1162 4981 1276 5037 suis
1329 4982 1466 5038 locis
1521 4983 1705 5053 legere
1759 4990 1956 5054 potest.
2018 4983 2102 5040 Ad

506 5069 651 5143 quod
680 5069 852 5125 instar
881 5077 1005 5125 sunt
1032 5071 1256 5127 ordines
1283 5071 1340 5127 in
1371 5071 1570 5128 saeculo
1626 5071 1727 5127 Dei
1763 5072 2101 5130 ordinatione

503 5159 758 5226 distincti,
792 5159 929 5214 sicut
958 5167 1224 5215 monstrat
1257 5161 1568 5231 Apostolus,
1599 5161 1788 5218 dicens
1819 5163 2100 5236 :Subjecti

507 5251 682 5306 estote
717 5250 874 5304 omni
889 5249 1155 5305 humanae
1191 5253 1472 5305 creatura:
1495 5253 1725 5322 propter
1756 5253 1952 5320 Deum,
1985 5254 2100 5309 sive

502 5339 622 5410 regi
635 5342 906 5412 tanquam
938 5339 1438 5408 praecellenti,sive
1457 5340 1688 5397 ducibus
1725 5345 1998 5414 tanquam
2033 5343 2100 5398 ab

506 5442 568 5484 eo
615 5428 808 5483 missis
835 5425 892 5499 (Ι
916 5429 1067 5482 Petr.
1117 5442 1173 5493 ιι,
1211 5427 1320 5498 13).
1374 5448 1396 5479 α
1430 5428 1638 5502 Liquet,
1689 5430 1863 5503 inquit
1908 5431 2100 5487 beatus

511 5515 812 5590 Gregorius
828 5511 948 5590 (lib.
982 5531 1086 5572 xxx
1107 5517 1258 5585 Mor.,
1279 5532 1328 5574 c.
1350 5520 1458 5588 10),
1473 5519 1620 5592 quod
1639 5535 1830 5577 omnes
1849 5520 2099 5578 homines

2201 1834 2481 1886 renorum,
2515 1818 2792 1891 dispositae
2828 1834 2862 1874 a
2890 1819 3008 1874 Deo
3037 1817 3294 1884 existunt,
3317 1816 3459 1873 sicut
3486 1815 3613 1872 etin
3630 1814 3814 1872 veteri

2201 1906 2405 1980 populo
2436 1907 2776 1975 exstiterunt,
2809 1907 2977 1964 veluti
3006 1906 3144 1962 libro
3174 1905 3541 1962 Pentateucho
3569 1904 3811 1960 demon-

2205 2003 2406 2052 stratur
2433 1997 2488 2052 in
2517 1995 2857 2052 dimensione
2893 2003 3056 2052 terra:
3093 1993 3471 2067 promissionis
3508 2009 3608 2064 per
3665 1993 3813 2048 duo-

2205 2085 2383 2142 decim
2412 2085 2587 2140 tribus
2598 2085 2838 2142 ﬁliorum
2856 2085 3044 2141 Israel.
3071 2084 3224 2140 Unde
3244 2091 3298 2140 et
3319 2083 3520 2138 Paulus
3536 2081 3592 2138 in
3622 2081 3810 2153 Syna-

2205 2189 2354 2246 goga
2399 2174 2546 2246 apud
2597 2172 2944 2230 Antiochiam
2988 2173 3196 2229 faciens
3245 2187 3578 2238 sermonem,
3621 2169 3806 2226 dixit:

2206 2265 2356 2319 Deus
2371 2263 2550 2336 plebis
2562 2263 2738 2320 Israel
2751 2264 2919 2334 elegit
2926 2266 3120 2335 patres
3131 2265 3354 2318 nostros
3377 2261 3536 2333 (Act.
3550 2274 3676 2326 xm,
3694 2259 3812 2332 17);

2209 2359 2262 2407 et
2285 2351 2448 2422 paulo
2459 2359 2584 2423 post
2599 2367 2611 2406 :
2627 2353 2934 2408 Destruens
2949 2355 3143 2422 gentes
3159 2355 3374 2423 septem
3394 2351 3457 2406 in
3487 2353 3640 2406 terra
3671 2349 3818 2405 Cha-

2207 2457 2403 2508 naam,
2426 2443 2574 2497 sorte
2587 2441 2880 2496 distribuit
2900 2441 2981 2496 eis
3013 2452 3229 2496 terram
3259 2455 3455 2496 eorum
3479 2438 3638 2510 (ibid.
3660 2481 3676 2505 ,
3695 2440 3810 2509 19).

2211 2529 2409 2601 Ejecit,
2426 2527 2600 2600 inquit
2626 2527 2888 2598 psalmus,
2920 2545 2955 2584 a
2965 2529 3115 2600 facie
3129 2531 3546 2600 eorumgentes,
3563 2532 3621 2582 et
3658 2530 3814 2582 sorte

2209 2617 2724 2674 divisiteisterram
2768 2619 2833 2672 in
2868 2617 3128 2688 funiculo
3169 2616 3592 2674 distributionis
3631 2615 3812 2687 (Psal.

2211 2704 2452 2777 Lxxvn).
2486 2705 2556 2762 Et
2584 2705 2776 2761 beatus
2795 2705 3032 2761 Joannes
3063 2705 3119 2760 in
3145 2704 3478 2777 Apocalypsi
3509 2703 3660 2771 dicit,
3715 2718 3814 2758 au-

2211 2795 2360 2850 disse
2407 2811 2468 2849 se
2495 2809 2784 2850 numerum
2831 2795 2900 2850 de
2956 2809 3286 2866 unaquaque
3323 2792 3467 2849 tribu
3523 2792 3817 2850 duodecim

2212 2882 2383 2938 millia
2410 2883 2749 2954 signatorum
2799 2884 2988 2958 (Apoc.
3049 2885 3172 2952 vn).
3231 2884 3346 2940 Hoc
3389 2883 3536 2940 enim
3583 2897 3816 2939 numero

2213 2970 2460 3039 diﬁinito,
2492 2979 2552 3027 ut
2579 2971 2830 3028 catholici
2857 2971 3112 3029 doctores
3144 2980 3438 3044 exponunt,
3487 2971 3815 3028 innumera-

2141 3084 2190 3148 Ο
2213 3059 2337 3116 bilis
2368 3059 2710 3134 signiﬁcatur
2737 3060 2900 3118 totius
2935 3061 3200 3118 Ecclesiae
3228 3059 3533 3128 multitudo,
3572 3076 3700 3133 quae
3746 3061 3817 3118 de

2207 3149 2553 3222 patriarchis,
2583 3149 2672 3207 vel
2699 3150 2958 3222 prosapia
2987 3150 3186 3218 carnis,
3221 3149 3310 3207 vel
3347 3149 3475 3206 ﬁdei
3505 3157 3589 3206 est
3633 3149 3817 3208 imita-

2208 3239 2353 3295 tione
2382 3239 2688 3311 progenita.
2723 3239 2782 3296 Si
2833 3241 3010 3306 enim,
3069 3238 3264 3311 inquit,
3293 3256 3384 3298 vos
3421 3239 3656 3307 Christi,
3682 3256 3816 3312 ergo

2207 3337 2440 3393 Abrahae
2451 3353 2643 3394 semen
2653 3337 2788 3394 estis
2813 3337 2958 3408 (Gal.
2983 3351 3064 3404 III,
3095 3338 3210 3408 29.)
3232 3336 3315 3392 Ad
3334 3345 3696 3408 augmentum
3711 3352 3816 3394 au-

2205 3432 2318 3481 tem
2346 3424 2699 3496 perfectionis
2723 3425 2959 3496 pertinet
2987 3433 3042 3480 et
3053 3425 3173 3497 ipsa
3198 3425 3487 3482 duodecim
3512 3425 3817 3484 duodecies

2205 3513 2570 3584 multiplicari,
2605 3521 2660 3569 et
2686 3513 2756 3568 ad
2782 3529 3052 3570 summam
3081 3514 3444 3570 millenarium
3463 3513 3677 3586 perﬁci,
3722 3515 3817 3587 qui

2207 3608 2290 3658 est
2316 3602 2577 3658 denarius
2605 3618 2866 3658 numerus
2899 3603 3201 3675 quadratus
3231 3602 3455 3670 solidus,
3489 3602 3817 3677 signiﬁcans

2207 3689 2460 3746 stabilem
2479 3689 2744 3747 Ecclesiae
2781 3691 2968 3748 vitam.
2994 3693 3289 3764 Propterea
3309 3691 3509 3764 quippe
3525 3692 3815 3749 duodena-

2205 3777 2288 3833 rio
2304 3794 2533 3835 numero
2554 3779 2752 3851 saepius
2771 3779 3017 3836 Ecclesia
3036 3779 3460 3854 ﬁguratur,quia
3480 3796 3582 3852 per
3612 3783 3811 3839 orbem

2207 3867 2533 3940 quadratum
2579 3867 2636 3923 in
2679 3867 2786 3924 ﬁde
2835 3869 3084 3926 consistit
3114 3878 3318 3926 sancta:
3350 3869 3648 3926 Trinitatis.
3704 3872 3814 3928 Ter

2206 3956 2352 4012 enim
2397 3957 2648 4030 quaterni
2666 3957 3130 4029 decusdipondius
3179 3957 3400 4015 faciunt.
3460 3958 3712 4032 Denique
3756 3968 3812 4016 et

2205 4044 2457 4117 apostoli,
2489 4046 2739 4102 eamdem
2767 4047 2970 4104 mundo
3007 4046 3173 4104 fidem
3197 4033 3574 4119 praedicaturi,
3601 4049 3817 4105 duode-

2203 4133 2311 4190 cim
2339 4142 2464 4190 sunt
2494 4135 2670 4202 electi,
2717 4151 2948 4192 numero
2996 4137 3204 4193 scilicet
3246 4137 3568 4208 mysterium
3619 4138 3810 4209 operis

2205 4222 2291 4278 sui
2316 4221 2640 4296 ﬁgurantes.
2671 4225 2823 4281 Missi
2851 4233 2979 4280 sunt
3007 4223 3154 4280 enim
3181 4241 3281 4298 per
3296 4225 3628 4298 quadratum
3645 4243 3810 4282 mun-

2203 4311 2335 4367 dum
2362 4313 2665 4384 praedicare
2693 4313 2860 4370 ﬁdem
2888 4322 3090 4370 sanctae
3117 4314 3414 4383 Trinitatis,
3446 4321 3500 4371 et
3544 4315 3809 4372 incarna-

2205 4407 2318 4456 tum
2343 4401 2413 4458 de
2453 4402 2654 4474 Spiritu
2692 4410 2880 4460 sancto
2936 4419 3004 4460 ex
3049 4403 3216 4459 Maria
3252 4403 3466 4476 virgine
3507 4403 3809 4460 Dominum

2200 4489 2390 4546 Iesum
2418 4491 2714 4560 Christum,
2749 4500 2803 4547 et
2831 4493 2976 4550 hunc
3003 4491 3340 4560 cruciﬁxum,
3374 4493 3514 4550 sicut
3550 4494 3606 4549 in
3637 4493 3809 4566 Sym-

2201 4578 2325 4635 bolo
2355 4579 2662 4636 continetur
2689 4598 2705 4636 :
2747 4597 2854 4652 quo
2881 4581 3042 4656 signo
3071 4583 3269 4649 crucis,
3295 4590 3348 4640 et
3393 4598 3492 4655 per
3535 4583 3808 4640 Ezechie-

2199 4666 2310 4725 lem
2335 4667 2394 4724 in
2413 4668 2592 4742 ﬁgura
2611 4669 2834 4741 (Ezech.
2854 4673 2956 4742 rx),
2990 4678 3044 4727 et
3072 4687 3171 4742 per
3195 4673 3462 4729 Joannem
3488 4671 3546 4730 in
3593 4673 3804 4746 speciei

2199 4757 2429 4814 veritate
2449 4758 2638 4831 (Apoc.
2661 4759 2786 4830 vn),
2807 4757 3000 4816 ﬁdeles
3019 4759 3221 4834 signati
3241 4768 3635 4818 monstrantur.
3657 4763 3802 4818 Nam

2200 4854 2256 4904 et
2279 4845 2402 4918 ipsa
2429 4847 2607 4903 crucis
2633 4845 2809 4919 ﬁgura
2837 4847 3118 4904 dilatatam
3143 4849 3346 4923 ubique
3376 4849 3594 4906 Domini
3623 4850 3808 4924 signi-

2199 4934 2325 4993 ﬁcat
2353 4951 2606 5010 regnum,
2630 4944 2686 4992 et
2707 4939 3088 4996 monarchiam
3108 4937 3236 4996 ﬁdei
3263 4938 3434 5012 ipsius
3465 4939 3631 5014 signi,
3666 4939 3810 4998 sicut

2199 5032 2356 5082 vetus
2377 5025 2648 5082 distichon
2675 5026 2870 5098 probat
2903 5046 2914 5082 :

2349 5171 2558 5228 Respice
2575 5171 2828 5222 distinctis
2845 5177 3143 5233 quadratum
3164 5177 3392 5235 partibus
3413 5180 3607 5237 orbem,

2439 5246 2502 5292 Ut
2519 5243 2726 5301 signum
2743 5247 2859 5294 ﬁdei
2877 5251 3057 5296 cuncta
3074 5253 3248 5298 tenere
3268 5251 3470 5308 probes.

2197 5349 2389 5449 Neque
2415 5351 2560 5408 enim
2589 5351 2788 5412 frustra
2817 5356 2874 5411 in
2901 5355 3076 5415 fronte
3112 5357 3382 5431 pontiﬁcis
3427 5375 3630 5418 nomen
3686 5361 3802 5418 Do:

2197 5438 2332 5494 mini
2359 5447 2837 5516 tetragrammaton
2854 5446 3211 5518 scribebatur,
3245 5449 3352 5505 nisi
3395 5449 3524 5522 quia
3569 5451 3676 5508 hoc
3713 5459 3798 5508 est

2199 5527 2418 5604 signum
2445 5531 2502 5590 in
2529 5531 2710 5592 fronte
2736 5533 2999 5610 ﬁdelium,
3018 5537 3087 5596 de
3117 5529 3297 5611 quoin
3323 5539 3538 5613 psalmo
3556 5555 3662 5614 pro
3693 5551 3802 5599 tor-
