4072 6332
189 325 284 379 329

918 325 1160 383 OPUSC.
1201 327 1293 384 ET
1351 328 1566 386 EPIST.
1615 330 1690 385 IN
1742 329 1970 388 CAUSA
2026 333 2370 392 HINCMARI
2416 336 2727 406 LAUDUN,

3395 350 3498 404 330

159 490 174 506 .
197 445 468 502 cularibus
499 447 712 503 canitur
745 467 758 503 :
790 451 1026 506 Domine
1069 453 1343 508 Dominus
1382 458 1592 520 noster,
1629 471 1798 526 quam
1824 457 2044 517 Arent.
2077 459 2139 512 In
2179 459 2287 514 illis
2329 467 2507 516 autem
2556 461 2865 519 civitatibus
2889 505 2902 532 ,
2942 465 2998 520 in
3043 466 3240 539 quibus
3287 469 3496 528 dudum

201 535 532 591 admirabile
553 540 639 592 est
658 554 865 597 nomen
889 543 1050 594 tuum
1075 539 1136 594 in
1155 542 1422 597 universa
1443 546 1632 598 terra!
1662 551 1791 614 etc.,

197 638 362 694 usque
392 625 525 679 dum
555 625 742 692 ait,'ut
768 627 1029 683 destruas
1049 629 1353 686 inimicum
1370 633 1426 686 et
1441 632 1794 702 defensorem

191 713 360 780 (Psal.
395 714 543 785 vni).
577 715 847 787 Ipsosque
893 715 1166 772 incolatus
1195 719 1576 788 parochiarum
1606 735 1670 776 ac
1698 736 1792 776 re-

197 799 578 872 gionum,olim
593 811 783 859 sancto
801 804 993 874 spiritu
1015 813 1137 860 ante
1155 806 1584 863 incarnationem
1597 808 1792 862 Christi

199 903 290 958 per
335 891 669 960 prophetam
715 893 1030 962 praedictos,
1065 902 1118 948 et
1153 902 1278 964 post
1317 895 1692 952 ascensionem
1737 897 1792 952 in

193 977 386 1033 coelum
407 978 604 1034 eodem
635 987 824 1036 sancto
841 981 1030 1051 spiritu
1059 999 1160 1052 per
1185 991 1404 1039 sanctos
1425 985 1523 1039 Dei
1544 984 1793 1040 homines

191 1065 554 1122 dimetiendos
585 1067 699 1123 fore
725 1069 1061 1126 demonstrat
1082 1079 1297 1127 sanctus
1318 1073 1548 1128 Basilius
1569 1075 1789 1144 (homil.

193 1157 412 1227 inpsal.
431 1157 550 1227 ιιι)
573 1164 852 1212 tranctans
878 1175 1100 1214 versum
1131 1177 1237 1232 quo
1265 1161 1458 1216 dicitur
1472 1163 1793 1219 Convallem

201 1243 704 1302 tabernaculorum
723 1247 1008 1304 dimetiar.
1047 1270 1070 1299 α
1106 1250 1276 1315 Hanc,
1301 1249 1569 1322 inquiens,
1591 1251 1792 1322 praeci-

196 1347 356 1403 puam
388 1341 442 1388 et
472 1334 620 1389 velut
650 1335 922 1405 privatam
971 1337 1246 1408 quondam
1292 1338 1508 1408 plebem
1529 1383 1541 1406 ,
1585 1339 1794 1396 scilicet

201 1419 554 1476 lsraeliticam
585 1423 961 1479 haereditatem
1003 1425 1212 1496 pepuli,
1244 1426 1300 1480 in
1345 1427 1670 1483 divisionem
1697 1443 1794 1483 vo-

192 1508 345 1578 cabo,
379 1518 434 1564 et
455 1526 798 1567 communem
827 1554 840 1582 ,
875 1528 1000 1569 cum
1030 1515 1242 1569 caeteris
1290 1515 1542 1570 omnibus
1573 1515 1786 1572 faciam.

195 1597 325 1652 Cum
353 1606 541 1654 autem
560 1600 793 1654 divisum
825 1600 983 1656 fuerit
1013 1611 1394 1659 testamentum
1423 1603 1478 1658 in
1509 1620 1717 1672 omnes,
1738 1613 1791 1660 et

195 1701 316 1740 cum
355 1687 478 1756 ejus
525 1688 725 1742 utilitas
762 1689 1032 1746 universis
1057 1693 1284 1762 cmperit
1312 1704 1435 1748 esse
1464 1693 1786 1759 communis,

1895 546 2043 618 apud
2071 547 2365 617 praedictos
2395 557 2551 605 erant
2579 550 2824 607 ethnicos
2855 568 3046 610 eorum
3075 557 3496 629 archiﬂamines,

1897 649 2036 706 quos
2067 643 2248 692 tamen
2267 637 2509 693 minores
2535 639 2794 694 tenebant
2823 657 2985 712 quam
3015 654 3346 703 memoratos
3374 649 3494 720 pri-

1905 730 2100 791 mates,
2159 725 2597 798 archiepiscopos
2655 727 2860 784 institui
2909 732 3212 804 praecepit,
3245 735 3337 807 qui
3389 751 3500 794 non

1894 817 2076 867 tamen
2124 813 2410 885 primatum
2433 858 2446 882 ,
2480 815 2577 870 sed
2618 816 3158 891 archiepiscOporum
3189 820 3500 881 fruerentur

1895 900 2136 956 nomine.
2187 903 2582 974 Episcoporum
2639 921 2856 977 quoque
2889 907 3128 976 judicia,
3159 916 3217 964 ut
3247 913 3501 983 superius

1894 998 2258 1046 memoratum
2297 998 2412 1059 est,
2449 999 2501 1048 et
2545 993 2750 1062 majora
2795 994 3158 1052 ecclesiarum
3187 999 3430 1070 negotia,
3453 999 3503 1056 si

1893 1075 1998 1148 ipsi
2048 1078 2482 1146 reclamaverint,
2531 1089 2622 1136 aut
2655 1081 2892 1155 aliquem
2939 1084 3216 1154 timorem,
3253 1095 3347 1142 aut
3365 1087 3502 1145 istos

1893 1159 1981 1215 vel
2011 1160 2148 1216 alios
2180 1171 2462 1233 suspectos
2491 1164 2794 1233 habuerint,
2821 1167 2891 1222 ad
2913 1167 3028 1236 jam
3043 1169 3218 1226 dictos
3238 1169 3501 1241 primates

1892 1249 1979 1304 vel
2008 1249 2362 1320 patriarchas,
2395 1267 2464 1307 ne
2483 1252 2678 1325 aliquis
2706 1253 3028 1311 innocenter
3056 1258 3281 1328 periret,
3316 1266 3498 1316 trans-

1892 1335 2026 1392 ferri
2046 1337 2350 1408 perdocuit.
2385 1341 2445 1394 ln
2491 1341 2722 1415 singulis
2751 1359 2883 1398 vero
2920 1343 3144 1416 reliquis
3167 1346 3494 1416 civitatibus,

1893 1423 2160 1497 singulos,
2187 1435 2239 1483 et
2266 1443 2374 1483 non
2405 1428 2562 1485 binos
2592 1429 2680 1486 vel
2709 1438 2892 1487 ternos
2919 1440 3010 1488 aut
3035 1433 3244 1504 plures,
3277 1435 3496 1508 episco-

1890 1529 1992 1584 pos
2063 1515 2316 1572 constitui
2386 1517 2666 1590 praacepit,
2700 1519 2794 1590 qui
2858 1535 2968 1576 non
3021 1522 3320 1592 primatum
3350 1565 3366 1591 ,
3398 1532 3494 1580 aut

1890 1601 2444 1674 archiepiscoporum,
2503 1613 2595 1660 aut
2644 1608 3185 1678 metropolitanorum
3205 1652 3221 1677 ,
3252 1611 3494 1681 nomine,

1890 1690 2020 1761 quia
2049 1699 2256 1747 matres
2287 1692 2560 1749 civitatum
2590 1709 2699 1750 non
2729 1703 2934 1764 tenent,
2983 1697 3082 1752 sed
3111 1697 3496 1770 episcoporum

195 1774 306 1830 Deo
332 1791 436 1846 pro
465 1776 628 1830 nobis
655 1777 858 1848 aliquid
885 1777 1082 1834 melius
1109 1781 1444 1850 providente,
1480 1789 1604 1837 tunc
1627 1781 1790 1836 etiam
1821 1810 1876 1872 B
1896 1785 2104 1834 tantum
2134 1781 2400 1838 vocabulo
2429 1783 2746 1853 potirentur,
2771 1784 3030 1856 quoniam
3055 1801 3159 1842 nec
3177 1785 3320 1842 inter
3346 1787 3498 1860 ipsos

196 1858 458 1914 convallis
505 1860 984 1916 tabernaculorum
1029 1863 1367 1930 dimetietur,
1387 1866 1492 1920 hoc
1525 1874 1636 1932 est,
1667 1865 1794 1920 uni-

195 1963 389 2003 versus
435 1947 590 2003 orbis
637 1957 903 2005 terrarum
925 1993 939 2016 ,
973 1951 1066 2022 qui
1122 1953 1280 2007 vallis
1324 1953 1799 2009 tabernaculorum

195 2051 294 2107 pro
320 2036 652 2092 habitaculis
694 2053 982 2109 corporum
1015 2039 1192 2096 dictus
1221 2049 1322 2108 est,
1369 2042 1459 2097 hic
1488 2043 1632 2097 velut
1664 2057 1799 2114 qua-

195 2124 318 2180 dam
348 2133 500 2180 sorte
531 2125 736 2181 divisus
775 2135 936 2198 atque
969 2128 1268 2196 dimensus,
1311 2147 1408 2201 per
1440 2130 1658 2202 singula
1683 2131 1800 2186 loca

195 2213 572 2270 Ecclesiarum
602 2215 704 2271 Dei
727 2217 996 2286 parochiis
1045 2225 1096 2272 et
1135 2217 1458 2274 incolatibus
1505 2219 1795 2275 dividetur.

195 2303 340 2358 Tunc
367 2303 535 2358 etiam
592 2319 656 2359 ea
702 2321 824 2375 qum
853 2305 1024 2360 divisa
1079 2314 1222 2372 sunt,
1255 2309 1311 2362 in
1366 2307 1622 2362 unitatem
1672 2308 1800 2364 ﬁdei

197 2387 556 2460 congregabit
601 2387 692 2443 ille
723 2389 816 2460 qui
860 2389 1109 2459 paciﬁcat
1135 2407 1233 2460 per
1270 2391 1594 2463 sanguinem
1623 2392 1799 2448 crucis

195 2491 322 2542 suae,
358 2475 478 2532 sive
507 2491 631 2548 quae
649 2475 705 2530 in
737 2484 886 2532 terra
916 2485 1058 2544 sunt,
1083 2477 1198 2534 sive
1227 2496 1347 2551 quae
1366 2479 1421 2533 in
1439 2480 1612 2549 coelis,
1633 2487 1686 2535 et
1707 2479 1800 2552 qui

196 2573 431 2629 medium
482 2574 758 2644 parietem
801 2575 1021 2630 solvens
1049 2619 1062 2642 ,
1093 2576 1220 2632 fecit
1267 2585 1495 2650 utraque
1547 2594 1733 2632 unum.
1772 2599 1794 2628 ι

195 2663 326 2718 Hinc
355 2663 562 2718 iterum
619 2663 878 2734 scriptum
927 2674 1010 2720 est
1038 2667 1408 2722 :Distribuite
1462 2669 1647 2724 domos
1679 2670 1800 2739 ejus

196 2751 446 2814 videlicet
476 2752 806 2808 universalis
836 2753 1122 2821 Ecclesiae,
1168 2772 1270 2826 per
1299 2757 1667 2810 custodiarum
1697 2771 1798 2827 pa-

198 2840 413 2896 rochias
443 2841 816 2911 praedicando,
850 2846 917 2897 ut
936 2846 1218 2899 enarretis
1235 2845 1296 2899 in
1306 2846 1572 2916 progenie
1593 2845 1796 2912 altera,

197 2931 462 2999 quoniam
500 2929 593 2985 hic
637 2934 722 2985 est
764 2931 910 2986 Deus
944 2936 1155 2997 noster,
1177 2937 1234 2988 et
1263 2935 1382 3005 ipse
1415 2937 1573 3005 reget
1616 2950 1717 2988 nos
1739 2935 1801 2988 in

188 3019 405 3073 saecula
446 3019 626 3087 (Psal.
674 3018 872 3090 xnvn).
909 3019 992 3074 Ad
1049 3021 1196 3091 quod
1253 3019 1446 3087 instar,
1503 3023 1802 3076 secundum

201 3105 638 3162 constitutionem
684 3106 950 3173 Anacleti,
1002 3107 1295 3200 Dionysius
1340 3123 1484 3180 papa
1513 3109 1802 3164 rusticanis

1897 1868 2175 1938 apostolos
2203 1884 2303 1939 par
2330 1869 2591 1926 institutio
2612 1870 2729 1938 fuit,
2765 1873 2862 1927 sed
2899 1889 3040 1930 unus
3085 1875 3337 1930 omnibus
3357 1891 3500 1947 pm

1897 1953 2015 2010 fuit.
2040 1957 2154 2011 Hoc
2184 1963 2364 2012 tamen
2411 1959 2822 2029 pravidendum
2861 1960 3111 2030 instituit,
3139 1979 3208 2018 ne
3253 1962 3310 2016 in
3353 1963 3498 2019 villis

1899 2051 1993 2098 aut
2038 2045 2297 2111 castellis,
2339 2045 2426 2102 vel
2463 2047 2694 2104 modicis
2741 2049 3044 2106 civitatibus
3090 2049 3498 2108 instituerentur

1899 2131 2160 2204 episcopi,
2179 2149 2249 2188 ne
2269 2133 2377 2190 vile
2423 2150 2614 2191 eorum
2633 2151 2832 2192 nomen
2853 2135 3027 2194 ﬁeret.
3045 2139 3350 2210 Episcopos
3366 2156 3500 2212 ergo

1898 2219 2074 2276 vicem
2104 2221 2478 2293 apostolorum
2508 2241 2707 2295 gerere
2737 2225 3029 2282 Dominum
3057 2225 3311 2285 docuisse
3349 2228 3532 2285 dice-'

1900 2309 2007 2376 bat,
2034 2318 2087 2366 et
2115 2310 2447 2382 reliquorum
2502 2311 2891 2384 discipulorum
2920 2315 3098 2372 vicem
3139 2323 3327 2374 tenere
3374 2332 3501 2389 pre-

1883 2397 2151 2469 sbyteros
2179 2399 2486 2455 insinuabat
2513 2401 2736 2458 debere.
2794 2423 2816 2452 ι

1969 2488 2038 2542 Et
2085 2496 2304 2544 sanctus
2359 2489 2655 2545 Anacletus
2687 2530 2703 2559 ,
2737 2505 3025 2547 successor
3081 2491 3375 2550 Clementis
3406 2534 3420 2563 ,
3454 2507 3491 2548 a

1899 2575 2060 2630 beato
2088 2576 2247 2632 Petro
2295 2577 2542 2648 apostolo
2585 2579 2876 2650 presbyter
2905 2579 3220 2650 ordinatus,
3244 2581 3299 2635 in
3319 2581 3500 2654 prima

1901 2663 2128 2734 epistola
2149 2664 2219 2719 ad
2248 2680 2440 2720 omnes
2461 2665 2749 2736 episcopos
2780 2675 2833 2722 et
2852 2676 3082 2724 caeteros
3099 2667 3289 2724 ﬁdeles
3309 2669 3498 2740 (epist.

1902 2756 1954 2821 l,
1988 2755 2088 2807 sub
2120 2751 2306 2824 ﬁnem)
2339 2771 2353 2808 :
2390 2774 2413 2805 α
2467 2754 2776 2826 Privilegia,
2801 2755 2994 2827 inquit,
3026 2757 3402 2813 Ecclesiarum
3446 2765 3503 2814 et

1902 2841 2242 2897 sacerdotum
2301 2843 2475 2898 sancti
2530 2843 2783 2914 apostoli,
2823 2844 2980 2913 jussu
3009 2844 3326 2912 Salvatoris,
3359 2845 3503 2902 inte-

1899 2937 2107 2984 merata
2137 2937 2189 2985 et
2234 2929 2490 2986 inviolata
2519 2931 2650 2986 aevis
2700 2931 3059 2988 decreverunt
3111 2949 3331 2990 manere
3361 2941 3503 2990 tem-

1900 3017 2145 3087 poribus.
2179 3018 2356 3089 Leges
2384 3018 2650 3075 Ecclesia:
2676 3019 2970 3091 apostolica
3001 3019 3280 3078 ﬁrmamus
3310 3029 3506 3077 aucto-

1903 3105 2088 3172 ritate,
2121 3114 2174 3161 et
2225 3107 2520 3178 peregrina
2551 3107 2758 3175 judicia
2811 3108 3216 3164 submovemus.
3265 3109 3420 3166 Unde
3450 3116 3506 3165 et

200 3194 468 3264 parochiis
499 3194 762 3250 terminos
791 3165 971 3252 certos
1001 3165 1200 3267 pos‘uit,
1220 3213 1284 3252 ac
1314 3165 1598 3268 ponendos
1619 3165 1871 3268 dispo-C
1905 3194 2170 3250 Dominus
2198 3165 2528 3250 mentionem
2558 3193 2765 3251 faciens
2795 3195 2909 3264 Lot,
2933 3211 3035 3266 per
3076 3197 3301 3268 Moysen
3329 3194 3505 3268 loqui-

202 3282 321 3349 suit,
351 3283 421 3338 de
449 3283 651 3356 quibus
680 3284 842 3339 etiam
879 3283 1324 3341 Chalcedonense
1357 3286 1648 3342 concilium
1680 3302 1801 3358 quae

201 3379 322 3426 sunt
347 3379 479 3427 nota
499 3372 766 3429 decrevit.
1363 3378 1368 3382 ’

270 3461 345 3515 De
384 3460 793 3532 provinciarum
823 3470 1007 3520 autem
1048 3462 1410 3532 dimensione,
1447 3471 1499 3518 et
1526 3464 1803 3520 civitatum

197 3547 517 3621 privilegiis,
558 3566 682 3622 quae
710 3551 781 3605 ad
811 3551 981 3606 instar
1033 3551 1321 3607 duodecim
1352 3552 1550 3606 tribum
1583 3551 1804 3607 Israeli-

201 3636 295 3692 tici
344 3637 529 3709 populi
587 3639 790 3695 ethnici
846 3647 1178 3707 statuerunt,
1214 3649 1268 3696 et
1325 3641 1624 3712 apostolica
1682 3649 1806 3696 sunt

197 3733 390 3796 postea
417 3726 801 3784 constitutione
831 3727 1063 3799 ﬁrmata,
1086 3737 1304 3785 sanctus
1328 3729 1582 3785 Clemens
1611 3729 1667 3783 in
1699 3729 1808 3801 pri-

197 3828 293 3868 ma
317 3815 547 3886 epistola
577 3816 649 3872 ad
696 3817 962 3872 Iacobum
1003 3817 1551 3890 Hierosolymitanum
1583 3817 1804 3889 episco-

195 3917 350 3974 pum,
384 3904 472 3976 qui
503 3911 558 3960 et
587 3905 760 3960 frater
790 3906 1006 3962 Domini
1036 3907 1340 3978 appellatur
1367 3907 1624 3979 .scripsit,
1659 3908 1806 3979 quod

199 3998 262 4046 tu
290 3991 344 4047 in
361 3993 749 4064 compilatione
777 4001 870 4050 tua
901 3995 1039 4052 sicut
1057 4004 1110 4051 et
1130 4011 1232 4052 nec
1249 3995 1614 4066 praecedentia
1637 3997 1807 4052 verba

198 4079 396 4136 Leonis
437 4097 646 4154 ponere
691 4082 930 4152 voluisti,
964 4101 1035 4140 ne
1081 4083 1416 4140 inveniretur
1464 4084 1520 4138 in
1549 4085 1630 4140 eis
1660 4085 1805 4158 quod

197 4176 261 4225 tu
287 4169 461 4238 alicui,
507 4179 709 4242 praeter
740 4173 1053 4243 apostolicae
1085 4173 1232 4228 sedis
1263 4172 1530 4244 pontifici,
1571 4172 1807 4229 deberes

196 4258 382 4330 aliquo
418 4260 584 4315 modo
632 4260 813 4326 subdi,
845 4261 1084 4318 inaniter
1125 4269 1322 4333 putans
1355 4261 1498 4332 quod
1530 4261 1576 4316 si
1607 4268 1659 4316 tu
1688 4261 1808 4317 haec

201 4346 261 4402 in
285 4353 374 4404 tuo
399 4348 654 4420 pitaciolo
683 4365 794 4405 non
823 4366 1078 4420 poneres,
1102 4350 1195 4406 alii
1209 4367 1321 4405 non
1349 4349 1608 4405 haberent
1638 4349 1808 4405 libros

201 4435 301 4490 ubi
327 4453 390 4492 ea
419 4437 606 4512 legere
634 4439 959 4510 potuissent.
994 4440 1102 4494 Sed
1122 4439 1244 4512 quis
1275 4455 1341 4494 ea
1359 4455 1479 4510 quae
1500 4438 1641 4493 nosti
1659 4437 1808 4510 igno-

1903 3290 1994 3338 tur
2023 3282 2210 3338 dicens
2243 3299 2258 3336 :
2291 3283 2578 3356 Ingressus
2610 3299 2671 3339 es
2690 3283 2930 3355 quidem,
2963 3283 3230 3356 inquiunt,
3253 3291 3312 3340 ut
3339 3285 3506 3342 adve-

1903 3383 1994 3436 na,
2026 3370 2271 3442 nunquid
2291 3378 2347 3425 ut
2363 3371 2576 3440 judices
2591 3372 2618 3426 ‘I
2639 3371 2798 3443 (Gen.
2820 3371 2970 3442 xxx.)
2991 3372 3342 3445 Unaquaeque
3360 3371 3506 3428 enim

1903 3459 2191 3530 provincia
2220 3467 2326 3514 tam
2349 3459 2500 3528 juxta
2528 3460 2929 3516 ecclesiasticas
2958 3461 3290 3532 quamjuxta
3322 3459 3511 3517 saeculi

1905 3545 2080 3620 leges,
2101 3564 2230 3603 suos
2251 3547 2414 3603 debet
2428 3548 2606 3617 justos
2623 3555 2676 3604 et
2691 3564 2800 3602 non
2821 3547 3038 3618 iniquos
3057 3548 3262 3604 habere
3271 3547 3507 3616 judices,

1905 3644 1960 3690 et
1987 3652 2096 3691 non
2125 3644 2397 3703 externos,
2430 3636 2535 3691 nisi
2563 3635 2872 3708 apostolicae
2917 3636 3077 3705 hujus
3132 3635 3280 3692 sedis
3309 3635 3510 3694 decre-

1904 3725 2042 3780 verit
2069 3724 2360 3780 auctoritas
2393 3739 2406 3780 :
2439 3732 2708 3798 quatenus
2723 3723 3031 3797 quicunque
3053 3740 3276 3781 causam
3307 3726 3511 3782 habue-

1905 3813 1994 3881 rit,
2043 3814 2190 3884 apud
2220 3830 2348 3869 suos
2397 3813 2610 3882 judices
2636 3813 2928 3882 judicetur,
2962 3819 3017 3870 et
3061 3829 3172 3870 non
3201 3814 3270 3870 ad
3299 3813 3510 3870 alienos

1905 3917 2069 3958 causa
2121 3902 2381 3975 vagandi,
2433 3901 2744 3958 stimulante
2791 3902 3087 3974 protervis,
3127 3918 3282 3958 suam
3321 3899 3509 3974 despi-

1906 3991 2057 4046 ciens
2101 3991 2332 4062 patriam
2388 3997 2644 4061 transeat,
2681 3991 2780 4048 sed
2836 3991 2908 4046 ad
2945 3990 3232 4048 duodecim
3262 3989 3508 4059 ejusdem

1905 4079 2205 4152 provinciae
2243 4079 2492 4150 judices,
2544 4079 2615 4134 ad
2697 4095 2926 4151 quorum
2984 4078 3249 4148 judicium
3313 4093 3506 4136 omnes

1908 4183 2084 4224 causae
2118 4167 2396 4224 civitatum
2452 4167 2780 4233 referuntur,
2811 4166 3090 4223 deferatur
3119 4166 3416 4237 negotium.
3450 4167 3509 4223 Si

1907 4264 2090 4312 autem
2132 4255 2292 4310 fuerit
2329 4254 2781 4320 ecclesiasticum,
2814 4253 2960 4324 apud
2990 4254 3299 4325 episcopos,
3339 4253 3509 4309 inter-

1907 4344 2157 4400 veniente
2196 4343 2459 4416 primate,
2514 4342 2560 4398 si
2605 4342 2778 4412 major
2821 4356 2991 4398 causa
3036 4341 3196 4397 fuerit
3232 4359 3248 4409 ;
3297 4340 3344 4396 si
3375 4355 3506 4399 vero

1907 4433 2106 4504 minor,
2139 4431 2575 4504 metropolitano.
2609 4431 2668 4488 Si
2703 4446 2836 4488 vero
2864 4430 3028 4487 fuerit
3047 4429 3329 4499 saeculare,
3361 4430 3507 4503 apud

201 4525 332 4580 rat?
352 4525 502 4581 Prius
541 4527 688 4582 enim
717 4543 880 4599 quam
908 4527 1226 4584 formareris
1264 4527 1319 4582 in
1347 4535 1504 4582 utero
1533 4525 1626 4582 illa
1650 4525 1810 4583 novi-
1837 4522 1892 4582 D
1913 4521 2158 4592 ejusdem
2217 4520 2426 4578 ordinis
2465 4521 2632 4589 viros,
2659 4515 2864 4591 judicio
2894 4527 3074 4576 tamen
3103 4519 3504 4592 episcOporum,

196 4629 347 4681 mus,
379 4622 431 4670 et
475 4623 765 4688 antequam
793 4617 976 4672 exires
1025 4618 1095 4672 de
1146 4617 1307 4672 vulva
1339 4615 1640 4687 saepissime
1669 4615 1806 4690 legi-

199 4718 350 4771 mus,
382 4713 433 4759 et
485 4704 794 4772 discretius,
856 4721 1014 4776 quam
1045 4713 1101 4760 tu
1160 4705 1468 4776 Scripturas
1524 4721 1707 4762 sacras
1755 4713 1808 4762 et

196 4805 445 4848 canones
474 4809 664 4851 sacros
692 4793 967 4865 intelligas
987 4793 1369 4850 intelleximus.
1395 4794 1481 4849 Ait
1509 4793 1651 4848 enim
1679 4794 1806 4848 bea-

195 4889 293 4935 tus
325 4881 572 4938 Clemens
615 4883 757 4938 inter
803 4882 906 4937 alia
937 4882 992 4936 in
1020 4882 1250 4954 praefata
1279 4883 1510 4954 epistola
1541 4883 1726 4954 (epist.
1750 4887 1804 4949 2,

195 4969 310 5024 sub
363 4971 643 5040 medium),
680 4992 702 5022 α
721 4971 956 5041 jussisse
988 4971 1210 5027 beatum
1263 4973 1515 5039 Petrum,
1567 4971 1621 5026 in
1679 4970 1805 5036 illis,

191 5057 473 5130 inquiens,
507 5059 838 5127 civitatibus,
875 5059 930 5114 in
961 5060 1158 5132 quibus
1216 5060 1345 5116 olim
1395 5061 1539 5132 apud
1562 5059 1808 5115 ethnicos

194 5146 376 5218 primi
418 5147 668 5204 ﬂamines
706 5163 918 5214 eorum,
961 5157 1123 5221 atque
1141 5149 1301 5220 primi
1363 5149 1502 5220 legis
1558 5149 1810 5205 doctores

195 5243 386 5302 erant,
427 5237 809 5309 episcoporum
850 5237 1107 5308 primates
1153 5238 1283 5308 poni
1331 5239 1418 5294 vel
1453 5237 1808 5309 patriarchas,

195 5324 302 5395 qui
335 5324 671 5397 reliquorum
703 5325 1090 5397 episcoporum
1125 5325 1330 5396 judicia
1361 5334 1412 5381 et
1442 5326 1650 5394 majora
1678 5341 1812 5397 quo-

193 5413 312 5468 ties
349 5428 572 5470 necesse
603 5413 748 5470 foret
773 5415 991 5486 negotia
1007 5415 1063 5469 in
1082 5413 1191 5470 tide
1209 5413 1506 5485 agitarent,
1526 5421 1580 5468 et
1610 5429 1812 5470 secun-

191 5502 344 5556 dum
374 5501 587 5558 Domini
623 5503 980 5573 voluntatem,
1025 5503 1164 5559 sicut
1205 5502 1606 5558 constituerunt
1641 5503 1815 5558 sancti

191 5591 467 5665 apostoli,
499 5592 571 5648 ita
598 5599 661 5648 ut
685 5607 756 5647 ne
789 5591 912 5664 quis
940 5592 1140 5662 injuste
1165 5591 1588 5666 periclitaretur,
1629 5587 1814 5650 diﬁni-

505 5709 747 5768 Paraon.
781 5707 1026 5768 CXXVI.

1905 4627 2031 4668 cum
2082 4610 2376 4684 Apostolus
2427 4611 2766 4683 privatorum
2837 4610 3266 4666 Christianorum
3309 4623 3505 4664 causas

1905 4701 2080 4773 magis
2127 4701 2196 4756 ad
2231 4700 2517 4757 Ecclesias
2540 4697 2761 4766 deferri,
2810 4703 2864 4754 et
2919 4698 3120 4753 ibidem
3180 4695 3508 4752 sacerdotali

1900 4791 2108 4860 judicio
2129 4789 2434 4846 terminarit
2461 4789 2647 4845 voluit.
2677 4809 2700 4838 ι
2728 4788 2796 4843 Ει
2825 4787 2880 4842 in
2911 4784 3151 4842 secunda
3178 4783 3407 4855 epistola
3433 4785 3506 4844 ad

1909 4879 2200 4950 episcOpos
2272 4878 2328 4933 in
2367 4877 2518 4934 Italia
2567 4875 2886 4933 constitutos
2949 4871 3081 4928 dicit
3138 4889 3153 4927 :
3204 4871 3506 4932 Provinciae

1908 4976 2086 5024 autem
2106 4966 2276 5023 multo
2305 4974 2432 5022 ante
2463 4964 2665 5022 Christi
2691 4963 2986 5018 adventum
3033 4968 3276 5034 tempore
3315 4963 3505 5020 divisae

1910 5065 2035 5112 sunt
2079 5057 2314 5110 maxima
2345 5071 2410 5110 ex
2467 5061 2644 5125 parte,
2676 5058 2728 5106 et
2774 5057 2966 5121 postea
3021 5049 3091 5106 ab
3133 5051 3417 5124 apostolis,
3451 5055 3506 5106 et

1910 5146 2070 5200 beato
2110 5144 2386 5200 Clemente
2440 5141 2847 5214 praedecessore
2903 5146 3110 5212 nostro,
3142 5140 3261 5211 ipsa
3307 5137 3504 5197 divisio

1913 5243 1994 5290 est
2023 5241 2292 5290 renovata.
2326 5233 2395 5287 Et
2426 5229 2481 5286 in
2517 5229 2690 5301 capite
2718 5225 3144 5301 provinciarum,
3176 5228 3270 5284 ubi
3297 5227 3506 5284 dudum

1912 5323 2175 5396 primates
2222 5319 2362 5391 legis
2418 5325 2574 5375 erant
2637 5317 2841 5385 smeuli,
2879 5334 2946 5376 ac
2997 5317 3178 5391 prima
3223 5313 3508 5386 judiciaria

1912 5417 2170 5484 potestas,
2207 5407 2278 5464 ad
2307 5424 2444 5480 quos
2471 5405 2564 5480 qui
2584 5423 2681 5480 per
2707 5407 2950 5480 reliquas
2987 5407 3230 5463 civitates
3269 5418 3510 5462 commo-

1915 5499 2193 5567 rabantur,
2227 5498 2446 5570 quando
2485 5495 2564 5553 eis
2621 5512 2850 5554 necesse
2902 5503 3037 5564 erat,
3072 5495 3164 5568 qui
3210 5494 3281 5548 ad
3334 5492 3513 5548 aulam

1914 5589 2302 5664 imperatorum
2339 5585 2426 5649 vel
2455 5602 2651 5661 regum
2680 5585 2978 5661 confugere
3005 5599 3117 5642 non
3135 5587 3408 5658 poterant,
3423 5578 3512 5638 vel

3024 5703 3088 5760 11
