4072 6350
586 302 683 354 331

1591 288 1935 345 HINCMARI
1961 276 2364 343 RHEMENSIS
2394 268 2947 335 ARCHIEPISCOPI.

3774 274 3883 329 332

585 419 777 491 quibus
808 414 1134 487 permissum
1164 428 1275 469 non
1303 420 1417 469 erat
1446 411 1798 482 coniungere,
1831 426 1930 482 pro
1946 424 2179 482 oppres-
2200 407 2256 468 A
2283 402 2418 459 locis
2463 401 2787 491 patriarchae
2831 397 3132 491 anonullis
3194 404 3477 491 vocantur.
3528 395 3613 450 Illi
3647 401 3844 491 autem
3868 436 3883 465 ,

583 504 827 561 sionibus
856 503 944 560 vel
991 502 1266 572 injustitiis
1296 501 1406 556 suis
1438 498 1890 573 [confugiebant],
1921 498 2180 569 ipsosque

581 592 928 665 appellabant
959 591 1174 665 quoties
1205 607 1342 663 opus
1387 596 1524 656 erat,
1560 588 1697 644 sicut
1724 588 1781 643 in
1840 587 1964 659 lege
1990 601 2179 643 eorum

580 688 922 756 praeceptum
970 687 1109 747 erat,
1170 679 1304 751 ipsis
1358 693 1576 752 quoque
1630 677 1687 732 in
1734 675 2038 732 civitatibus
2093 673 2181 730 vel

587 770 726 827 locis
749 768 925 826 nostri
951 768 1292 841 patriarchas
1324 766 1413 824 vel
1441 764 1721 838 primates,
1758 764 1849 836 qui
1878 779 2042 819 unam
2069 762 2181 819 for-

579 874 729 915 mam
762 865 966 927 tenent,
991 857 1120 913 licet
1134 855 1349 913 diversa
1378 854 1488 911 sint
1515 853 1762 920 nomina,
1794 852 1949 925 leges
1982 850 2180 907 divinae

583 955 636 1004 et
681 945 1070 1003 ecclesiastica
1116 945 1245 1016 poni
1292 951 1345 1001 et
1396 958 1518 999 esse
1553 942 1869 1012 jusserunt,
1912 939 1982 995 ad
2041 954 2179 1012 quos

581 1020 843 1107 episcopi,
881 1034 928 1090 si
956 1049 1184 1090 necesse
1212 1031 1394 1098 fuerit,
1438 1029 1822 1103 confrugerent
1849 1044 2055 1102 eosque
2084 1044 2181 1100 ap-

579 1124 865 1196 pellarent,
890 1130 943 1179 et
962 1121 1067 1194 ipsi
1087 1121 1305 1178 nomine
1325 1120 1618 1192 primatum
1634 1119 1965 1185 fruerentur,
1998 1125 2180 1174 etnon

576 1212 678 1283 alii
725 1229 740 1267 :
790 1211 1016 1283 reliquae
1070 1225 1204 1268 vero
1245 1207 1680 1280 metropolitanae
1726 1207 1991 1274 civitates,
2058 1222 2178 1277 quae

579 1301 819 1357 minores
847 1298 1058 1369 judices
1103 1298 1399 1365 habebant,
1432 1296 1565 1353 lices
1606 1295 1846 1366 majores
1891 1294 2178 1352 comitibus

582 1396 783 1456 essent,
844 1388 1102 1444 haberent
1130 1385 1579 1458 metrOpolitanos
1608 1400 1755 1452 suos,
1789 1383 1880 1456 qui
1905 1383 2179 1457 praedictis

576 1478 726 1548 juste
747 1476 1032 1531 obedirent
1058 1475 1397 1546 primatibus,
1429 1475 1568 1531 sicut
1596 1481 1649 1530 et
1668 1473 1724 1528 in
1750 1472 1966 1546 legibus
1994 1472 2180 1528 surculi

578 1564 709 1621 olim
755 1564 1065 1620 ordinatum
1105 1570 1243 1630 erat,
1278 1563 1368 1636 qui
1416 1578 1528 1618 non
1573 1561 1901 1634 primatum,
1951 1561 2051 1617 sed
2089 1568 2182 1618 aut

576 1651 1117 1724 metropolitanorum
1151 1694 1166 1719 ,
1225 1658 1319 1707 aut
1384 1650 1918 1722 archiepiscoporum
1960 1649 2179 1706 nomine

576 1740 914 1798 fruerentur.
978 1741 1048 1796 Et
1102 1739 1229 1797 licet
1267 1739 1497 1812 singulae
1542 1738 1875 1810 metropoles
1931 1737 2176 1795 civitates

577 1846 704 1886 suas
770 1829 1084 1902 provincias
1161 1828 1429 1899 habeant,
1460 1836 1515 1884 et
1562 1843 1690 1883 suos
1737 1827 2176 1900 metropolitanos

579 1919 787 1975 habere
817 1917 1054 1974 debeant
1083 1916 1392 1989 episcopos,
1430 1916 1571 1972 sicut
1598 1915 1753 1988 prius
1798 1916 2178 1988 meteopolita-

588 2023 691 2063 nos
726 2006 941 2076 judices
988 2005 1265 2061 habebant
1315 2004 1642 2071 saeculares,
1676 2004 1933 2077 primates
1977 2012 2178 2073 tamen,

585 2103 644 2151 ut
670 2094 957 2173 praeﬁxum
985 2102 1084 2162 est,
1118 2101 1173 2149 et
1199 2101 1330 2150 tunc
1356 2101 1410 2149 et
1437 2108 1583 2150 nunc
1610 2092 1813 2149 habere
1835 2092 2003 2162 jussae
2033 2101 2176 2161 sunt,

587 2184 656 2240 ad
707 2200 845 2256 quos
873 2190 999 2255 post
1043 2183 1231 2239 sedem
1286 2181 1642 2255 apostolicam
1700 2197 1909 2237 summa
1960 2182 2182 2255 negotia

589 2272 934 2339 conveniant,
969 2279 1028 2326 ut
1073 2270 1276 2327 ibidem
1327 2271 1525 2343 quibus
1568 2286 1795 2326 necesse
1837 2270 2000 2326 fuerit
2033 2269 2180 2326 rele-

584 2368 781 2419 ventur
862 2369 916 2417 et
934 2360 1094 2450 ‘juste
1165 2360 1516 2416 restituantur
1547 2401 1560 2427 ,
1630 2367 1684 2415 et
1719 2358 1776 2414 hi
1836 2358 1929 2432 qui
1985 2358 2180 2429 injuste

585 2446 965 2522 opprimuntur
1010 2448 1154 2520 juste
1208 2448 1574 2505 reformentur
1618 2455 1779 2520 atque
1854 2446 2141 2505 fulciantur
2165 2491 2178 2516 ,

588 2538 1083 2610 episcoporumque
1138 2552 1321 2593 causae
1376 2545 1430 2592 et
1487 2552 1796 2593 surmorum
1838 2535 2198 2608 negotiorum

579 2626 805 2697 judicia,
864 2624 1017 2683 salva
1070 2625 1384 2697 apostolicae
1426 2625 1572 2680 sedis
1621 2624 1960 2693 auctoritate,
1986 2625 2180 2694 justis-

593 2714 729 2769 sime
802 2714 1182 2771 terminentur.
1233 2734 1257 2764 ι
1308 2714 1379 2769 Et
1423 2713 1480 2767 in
1519 2713 1678 2770 tertia
1714 2713 1991 2785 epistola:
2028 2735 2051 2764 ‹‹
2101 2714 2183 2770 De

587 2801 934 2875 primatibus,
988 2801 1201 2873 inquit,
1261 2801 1568 2858 charissimi
1592 2845 1606 2869 ,
1639 2818 1801 2873 super
1846 2801 2042 2874 quibus
2096 2819 2183 2858 me

589 2890 808 2968 quidam
838 2898 1080 2946 vestrum
1110 2889 1520 2958 consuluerunt,
1553 2898 1645 2945 aut
1672 2890 1719 2945 si
1749 2906 1871 2946 esse
1899 2889 2180 2959 deberent,

593 2995 663 3035 an
711 2994 843 3047 non,
888 2986 1152 3050 quantum
1197 2979 1461 3034 hactenus
1502 2978 1573 3034 de
1615 2976 1701 3034 his
1746 2995 1779 3034 a
1824 2977 1984 3035 beato
2025 2979 2184 3035 Petro

583 3066 850 3142 apostolo,
883 3073 935 3122 et
956 3083 985 3122 a
1007 3066 1228 3140 reliquis
1258 3066 1540 3139 apostolis,
1571 3074 1624 3122 et
1649 3082 1684 3122 a
1716 3067 1876 3124 beato
1903 3066 2179 3124 Clemente

580 3163 772 3213 nostro
829 3162 1016 3212 sancto
1074 3154 1482 3227 praedecessore
1539 3162 1593 3212 et
1629 3163 1862 3227 martyre
1931 3155 2182 3213 novimus

542 3234 547 3237 ’
582 3252 843 3302 statutum
871 3284 886 3314 ,
924 3244 1203 3318 denegare
1248 3243 1405 3299 vobis
1457 3242 1680 3301 minime
1735 3260 2051 3317 possumus.
2112 3245 2181 3301 Et

542 3320 545 3325 ’
585 3334 707 3405 quis
737 3339 838 3400 est,
874 3333 968 3403 qui
995 3331 1361 3404 quaerentibus
1393 3331 1652 3388 fratribus
1681 3333 1955 3408 denegare
2008 3334 2181 3406 possit

591 3420 978 3476 dubitationem
1060 3418 1149 3477 vel
1231 3419 1588 3479 necessitates
1645 3436 1836 3477 eorum
1874 3421 1903 3476 ‘2
1976 3420 2178 3479 Sacer-

582 3509 788 3579 dotum,
813 3507 1034 3579 fratres,
1068 3507 1206 3564 ordo
1234 3507 1522 3579 bipartitus
1543 3516 1644 3574 est,
1678 3515 1731 3564 et
1759 3509 1898 3565 sicut
1916 3509 2179 3567 Dominus

581 3597 736 3654 illum
785 3596 1109 3668 constituit,
1142 3611 1177 3651 a
1229 3596 1378 3652 nullo
1434 3596 1598 3653 debet
1650 3596 1978 3669 perturbari.
2020 3597 2178 3654 Scitis

539 3675 545 3681 ’
583 3694 767 3741 autem
796 3702 826 3739 a
870 3684 1103 3740 Domino
1137 3684 1416 3756 apostolos
1448 3700 1573 3742 esse
1624 3684 1828 3744 electos
1873 3693 1926 3741 et
1979 3686 2178 3742 consti-

583 3779 747 3842 tutos,
780 3779 832 3827 et
856 3780 1050 3843 postea
1100 3788 1202 3843 per
1230 3773 1475 3829 diversas
1530 3772 1841 3845 provincias
1885 3772 1957 3829 ad
1984 3774 2180 3845 pmdi—

582 3859 820 3917 candum
847 3859 1156 3929 dispersos.
1201 3858 1335 3915 Cum
1371 3876 1504 3917 vero
1541 3860 1742 3916 messis
1780 3870 2022 3933 cceperat
2049 3878 2177 3919 cre-

586 3963 761 4018 scere,
821 3946 1015 4003 videns
1077 3961 1284 4018 paucos
1322 3963 1447 4005 esse
1501 3948 1826 4021 operarios,
1860 3949 1929 4004 ad
1985 3965 2176 4007 eorum

585 4035 954 4105 adjumentum
1005 4035 1351 4107 septuaginta
1383 4035 1514 4109 eligi
1566 4036 1826 4109 praecepit
1855 4036 2172 4110 discipulos.

589 4122 842 4194 Episcopi
858 4138 986 4179 vero
1004 4121 1221 4179 Domini
1236 4123 1940 4198 apostolorum,presbyteri
1957 4142 2175 4200 quoque

587 4212 935 4285 septuaginta
960 4277 969 4288 '
996 4211 1388 4287 discipulorum
1414 4212 1597 4270 locum
1651 4220 1856 4271 tenent.
1919 4216 2175 4288 EpiscOpi

583 4277 765 4358 autem
783 4277 989 4357 honiii
1008 4277 1260 4357 [castellis
1289 4310 1382 4357 aut
1400 4302 1630 4358 modicis
1652 4277 2176 4361 civitatibusdebent

588 4388 863 4459 constitui,
916 4389 1013 4445 sed
1041 4389 1352 4461 presbyteri
1384 4407 1481 4462 per
1536 4392 1764 4447 castella
1818 4400 1872 4448 et
1928 4393 2174 4451 modicas

2278 491 2369 563 qui
2409 491 2464 544 in
2502 488 2791 560 metropoli
2821 503 2854 542 a
2882 489 3039 543 beato
3087 485 3268 553 Petro,
3317 484 3605 542 ordinante
3647 483 3886 538 Domino

2279 586 2330 636 et
2359 578 2765 649 prwdecessore
2793 585 2978 632 nostro
3025 574 3284 647 praedicto
3332 581 3521 628 sancto
3575 572 3883 639 Clemente,

2279 683 2375 723 seu
2395 683 2427 723 a
2454 667 2613 722 nobis
2642 665 2923 722 constituti
2954 671 3097 732 sunt,
3143 679 3254 718 non
3282 678 3472 718 omnes
3500 661 3768 733 primates
3797 658 3887 716 vel

2277 755 2600 828 patriarchae
2648 771 2771 811 esse
2816 761 3065 825 possunt.
3100 752 3208 808 Sed
3265 751 3373 808 illa:
3400 751 3563 807 urbes
3590 767 3714 823 quae
3742 764 3890 820 pra:-

2278 843 2398 901 fatis
2419 850 2472 899 et
2491 844 2690 915 priscis
2720 843 3056 914 temporibus
3084 841 3371 913 primatum
3391 847 3636 907 tenuere,
3669 837 3888 894 archie-

2276 933 2649 1005 piscoporum,
2687 931 3142 997 Patriarcharum,
3190 937 3279 985 aut
3321 928 3616 1000 primatum
3661 926 3889 982 nomine

2276 1021 2525 1077 fruantur
2555 1036 2569 1078 :
2604 1021 2829 1091 reliquae
2883 1036 3015 1076 vero
3046 1018 3381 1090 metropoles
3431 1016 3888 1087 archiepiscopo-

2277 1122 2420 1173 rum,
2461 1114 2554 1161 aut
2577 1104 3111 1177 metrOpolitanorum
3136 1146 3150 1170 ,
3216 1110 3268 1158 et
3295 1118 3407 1158 non
3454 1101 3888 1173 patriarcharum

2278 1203 2372 1250 aut
2412 1194 2706 1265 primatum
2745 1201 2968 1251 utantur
3011 1190 3345 1258 nominibus,
3377 1190 3504 1262 quia
3531 1191 3651 1246 hac
3688 1189 3888 1245 eadem

2278 1290 2332 1339 et
2374 1283 2527 1355 leges
2566 1282 2751 1339 seculi
2779 1282 2981 1337 insuis
3019 1281 3295 1337 continent
3332 1277 3693 1352 principibus.
3750 1276 3888 1333 Alia:

2278 1379 2457 1427 autem
2499 1371 2692 1443 prima:
2723 1371 2989 1439 civitates,
3043 1386 3180 1442 quas
3234 1368 3391 1425 vobis
3445 1367 3786 1439 conscriptas
3830 1365 3888 1420 in

2280 1461 2519 1532 quodam
2572 1469 2720 1516 tomo
2764 1460 3026 1516 mittimus
3059 1499 3074 1529 ,
3108 1475 3141 1513 a
3172 1457 3375 1514 sanctis
3430 1455 3693 1528 apostolis
3748 1461 3806 1511 et
3856 1469 3891 1510 a

2279 1549 2441 1605 beato
2473 1549 2770 1617 Clemente,
2805 1548 2919 1606 sive
2951 1564 2984 1603 a
3013 1547 3174 1603 nobis
3200 1547 3464 1618 primates
3495 1544 3888 1618 praedicatores

2280 1646 2620 1710 acceperunt.
2655 1638 2784 1704 Haec
2825 1653 2959 1695 vero
2988 1643 3338 1693 sacrosancta
3381 1636 3626 1691 Romana
3656 1641 3711 1690 et
3747 1648 3888 1705 apo-

2281 1727 2466 1782 stolica
2514 1727 2783 1795 Ecclesia,
2816 1742 2927 1782 non
2983 1725 3050 1780 ab
3096 1725 3238 1792 aliis,
3273 1724 3371 1780 sed
3404 1723 3470 1778 ab
3500 1721 3621 1793 ipso
3651 1721 3887 1778 Domino

2280 1815 2559 1871 Salvatore
2587 1823 2773 1871 nostro
2800 1816 3095 1887 primatum
3123 1813 3371 1879 obtinuit,
3407 1810 3548 1868 sicut
3574 1810 3693 1883 ipse
3724 1811 3887 1867 beato

2280 1905 2441 1961 Petro
2472 1904 2721 1976 apostolo
2753 1904 2887 1961 dixit
2921 1922 2935 1959 :
2974 1906 3051 1959 Tu
3101 1919 3159 1959 es
3204 1905 3427 1968 Petrus,
3462 1904 3519 1958 et
3547 1915 3721 1973 super
3740 1901 3886 1957 hanc

2279 1998 2502 2064 petram
2521 1994 2801 2062 aediﬁcabo
2831 1993 3140 2050 Ecclesium
3160 2008 3367 2047 meam.
3396 2010 3418 2041 ι
3456 1989 3526 2043 Et
3544 1988 3711 2061 paulo
3725 1996 3883 2061 post:

2285 2102 2308 2132 α
2343 2081 2522 2137 Prima
2562 2097 2700 2153 ergo
2728 2082 2889 2137 sedes
2935 2089 3020 2137 est
3066 2080 3277 2137 caelesti
3332 2076 3597 2135 beneﬁcio
3624 2077 3889 2135 Romane

2280 2170 2565 2238 Ecclesiae,
2613 2186 2778 2242 quam
2805 2215 2821 2238 ,
2888 2178 2947 2226 ut
3002 2178 3368 2225 memoratum
3409 2174 3530 2235 est,
3581 2166 3889 2224 beatissimi

2279 2259 2471 2315 Petrus
2501 2267 2554 2314 et
2582 2259 2779 2315 Paulus
2799 2275 2898 2314 suo
2919 2259 3181 2330 martyrio
3199 2264 3607 2314 consecrarunt.
3632 2256 3887 2313 Secunda

2280 2356 2459 2404 autem
2492 2347 2652 2403 sedes
2681 2348 2827 2419 apud
2865 2347 3253 2403 Alexandriam
3292 2346 3439 2403 beati
3473 2347 3620 2402 Petri
3666 2345 3887 2402 nomine

2281 2451 2315 2492 a
2341 2438 2523 2494 Marco
2552 2439 2671 2506 ejus
2698 2435 2966 2508 discipulo
2996 2444 3159 2509 atque
3203 2435 3536 2508 evangelista
3565 2442 3887 2493 consecrata

2282 2532 2382 2595 est,
2432 2525 2556 2597 quia
2584 2524 2702 2597 ipse
2748 2532 2799 2581 et
2828 2525 2884 2580 in
2939 2526 3170 2597 Egypto
3200 2525 3433 2597 primum
3474 2524 3709 2583 verbum
3738 2524 3886 2581 veri-

2281 2613 2405 2670 tatis
2460 2613 2697 2670 directus
2752 2629 2787 2669 a
2841 2614 3001 2670 Petro
3055 2613 3369 2685 pradicavit
3393 2657 3409 2679 ,
3472 2620 3527 2670 et
3580 2612 3886 2687 gloriosum

2283 2702 2519 2774 suscepit
2564 2702 2906 2773 martyrium,
2942 2702 3029 2758 cui
3058 2701 3387 2759 venerabilis
3418 2700 3687 2759 successit
3717 2701 3885 2757 Habi-

2280 2789 2404 2845 lius.
2453 2790 2638 2848 Tertia
2683 2806 2815 2848 vero
2873 2790 3034 2847 sedes
3092 2790 3238 2863 apud
3285 2790 3645 2858 Antiochiam,
3678 2789 3737 2846 id
3783 2798 3883 2858 est,

2281 2878 2426 2934 beati
2455 2880 2597 2934 Petri
2627 2879 2889 2951 apostolis
2936 2880 3166 2934 habetur
3211 2878 3569 2947 honorabilis,
3625 2879 3758 2952 quia
3782 2878 3889 2935 illic

2281 2967 2603 3040 priusquam
2652 2970 2879 3025 Romam
2925 2969 3137 3025 veniret
3189 2968 3466 3035 habitavit,
3499 2974 3554 3023 et
3613 2968 3887 3041 Ignatium

2284 3056 2604 3128 episcopum
2633 3057 2931 3125 constituit,
2956 3065 3009 3112 et
3030 3056 3140 3113 illic
3158 3057 3398 3129 primum
3422 3073 3627 3112 nomen
3645 3056 3884 3113 Christia

2214 3123 2263 3187 CI
2282 3123 2734 3202 norum-novella:
2788 3123 2966 3218 gentis
2997 3123 3246 3203 exortum
3278 3153 3377 3202 est.
3436 3146 3701 3219 Reliquas
3730 3160 3880 3213 vero,

2281 3240 2339 3290 ut
2390 3234 2763 3315 praediximus,
2812 3233 2870 3290 in
2899 3235 3135 3307 quodam
3190 3242 3355 3303 tomo,
3385 3234 3762 3308 prolixitatem
3805 3234 3882 3291 vi-

2280 3329 2456 3380 tantes
2512 3324 2778 3395 epistolaa,
2813 3324 2971 3380 vobis
3026 3324 3367 3396 conscriptas
3396 3323 3717 3381 direximus.
3752 3323 3880 3379 Inde

2279 3426 2517 3484 namque
2546 3419 2601 3469 et
2622 3412 2768 3469 beati
2796 3411 3041 3484 Apostoli
3069 3411 3211 3469 inter
3239 3429 3298 3472 se
3346 3419 3642 3468 statuerunt
3670 3420 3732 3468 ut
3761 3411 3880 3484 epi-

2278 3501 2431 3572 scopi
2446 3500 2788 3573 singularum
2824 3500 3025 3558 scirent
3061 3501 3302 3574 gentium
3321 3500 3442 3573 quis
3471 3500 3616 3559 inter
3645 3517 3747 3558 eos
3767 3500 3879 3574 pri-

2278 3603 2401 3643 mus
2430 3597 2595 3657 esset,
2628 3597 2893 3662 quatenus
2909 3590 2978 3646 ad
3000 3606 3127 3646 eum
3146 3591 3323 3663 potior
3355 3606 3549 3645 eorum
3567 3589 3879 3647 sollicitudo

2278 3676 2597 3748 pertineret.
2653 3678 2796 3734 Nam
2823 3686 2877 3735 et
2901 3679 3043 3736 inter
3090 3680 3279 3737 beatos
3310 3679 3589 3752 apostolos
3629 3680 3879 3752 quaedam

2278 3764 2379 3820 fuit
2405 3765 2685 3836 discretio,
2735 3776 2788 3823 et
2829 3768 2955 3824 licet
3002 3784 3194 3825 omnes
3224 3775 3409 3826 essent
3435 3767 3690 3840 apostoli,
3721 3769 3881 3825 Petro

2279 3861 2458 3911 tamen
2499 3871 2533 3912 a
2573 3856 2809 3913 Domino
2865 3864 2948 3913 est
2995 3873 3340 3927 concessum,
3383 3865 3435 3913 et
3483 3857 3591 3930 ipsi
3636 3857 3787 3915 inter
3822 3872 3880 3914 se

2278 3942 2516 4014 idipsum
2564 3945 2893 4015 voluerunt,
2943 3954 3000 4001 ut
3055 3946 3278 4021 reliquis
3305 3946 3559 4003 omnibus
3613 3954 3881 4019 praeesset

2277 4032 2556 4103 apostolis,
2603 4042 2656 4089 et
2722 4035 2956 4106 Cephas,
2999 4034 3056 4091 id
3100 4043 3183 4092 est
3238 4043 3400 4108 caput
3450 4043 3501 4090 et
3547 4034 3880 4109 principium

2277 4128 2485 4178 teneret
2539 4123 2872 4194 apostolatus
2893 4124 3021 4196 quia
3065 4131 3119 4181 et
3173 4125 3421 4181 eamdem
3474 4122 3713 4180 formam
3768 4124 3881 4181 suis

2278 4212 2707 4279 successoribus,
2740 4221 2793 4267 et
2820 4212 3042 4286 reliquis
3087 4213 3348 4286 apostolis
3375 4212 3671 4269 tenendam
3700 4213 3879 4269 tradi-

2275 4298 2493 4356 derunt.
2522 4300 2591 4356 Et
2619 4316 2730 4356 non
2757 4301 2932 4357 solum
2957 4303 3064 4358 hoc
3105 4302 3162 4357 in
3203 4301 3360 4359 Novo
3412 4302 3766 4358 Testamento
3795 4310 3880 4359 est

2276 4388 2643 4457 constitutum,
2667 4389 2766 4446 sed
2787 4390 2950 4446 etiam
2978 4390 3033 4446 in
3061 4391 3241 4447 Veteri
3268 4390 3385 4446 fuit.
3423 4390 3580 4447 Unde
3613 4391 3879 4464 scriptum

585 4477 829 4534 civitates
868 4483 1030 4550 atque
1081 4477 1240 4533 villas
1286 4478 1488 4535 debent
1516 4479 1585 4534 ab
1631 4480 1903 4554 episcopis
1933 4482 2175 4539 ordinari
2203 4477 2255 4539 D
2280 4485 2361 4532 est
2385 4494 2397 4532 :
2418 4479 2637 4549 Moyses
2655 4487 2709 4533 et
2726 4482 2912 4536 Aaron
2931 4481 2987 4535 in
3004 4480 3379 4538 sacerdotibus
3396 4480 3512 4550 ejus
3533 4481 3713 4550 (Psal.
3736 4480 3877 4552 XVII)

587 4573 640 4623 et
666 4566 815 4638 poni,
877 4565 1078 4638 singuli
1106 4572 1288 4622 tamen
1341 4583 1442 4639 per
1470 4567 1715 4640 singulos
1771 4569 1954 4626 titulos
2011 4586 2177 4627 suos:

587 4662 638 4711 et
695 4655 984 4727 episcopus
1026 4669 1137 4710 non
1190 4654 1258 4711 ab
1313 4670 1442 4724 uno,
1476 4657 1574 4713 sed
1630 4671 1662 4711 a
1719 4656 1969 4730 pluribus
2020 4659 2183 4717 debet

585 4743 859 4816 episcOpis
889 4743 1152 4810 ordinari,
1196 4751 1249 4800 et
1286 4750 1345 4799 ut
1373 4745 1580 4801 dictum
1609 4752 1711 4812 est,
1766 4762 1875 4802 non
1905 4747 1975 4803 ad
1999 4748 2179 4805 modi-

583 4846 702 4885 cam
730 4833 1024 4900 civitatem,
1058 4848 1127 4888 ne
1170 4831 1392 4888 vilescat
1421 4848 1621 4890 nomen
1667 4834 1928 4907 episcOpi,
1963 4845 2054 4892 aut
2082 4837 2180 4894 ali-

581 4918 724 4985 cubi,
783 4921 881 4975 sed
935 4920 1005 4975 ad
1055 4921 1439 4977 honorabilem
1498 4921 1696 4977 urbem
1762 4923 2093 4994 titulandus,
2127 4934 2180 4983 et

578 5005 1010 5063 denominandus
1029 5016 1111 5065 est
1134 5027 1147 5065 :
1180 5010 1471 5081 presbyter
1499 5027 1632 5066 vero
1653 5010 1723 5066 ad
1745 5013 2177 5087 qualemcunque

578 5094 757 5151 locum
797 5094 884 5152 vel
939 5095 1245 5165 ecclesiam,
1285 5097 1340 5153 in
1390 5113 1456 5154 eo
1504 5099 1850 5156 constitutam
1879 5110 1961 5159 est
1988 5102 2175 5175 praeti-

578 5183 824 5254 ciendus,
878 5191 1043 5257 atque
1082 5185 1139 5240 in
1182 5201 1245 5243 ea
1298 5185 1494 5242 diebus
1542 5187 1665 5244 vitae.
1724 5206 1835 5246 suae
1871 5191 2173 5250 durandus.

576 5272 824 5345 Amplius
883 5288 1047 5345 quam
1093 5273 1182 5329 isti
1243 5273 1352 5330 duo
1399 5275 1621 5333 ordines
1669 5279 2032 5351 sacerdotum,
2073 5297 2177 5339 nec

577 5361 735 5417 nobis
785 5377 817 5416 a
847 5362 964 5417 Deo
1021 5360 1203 5418 collati
1242 5373 1385 5433 sunt,
1433 5380 1534 5421 nec
1588 5367 1817 5438 apostoli
1855 5369 2170 5426 docuerunt.

577 5450 972 5522 Episcoporum
1003 5466 1135 5509 vero
1164 5452 1303 5508 ordo
1332 5469 1473 5509 unus
1494 5460 1598 5527 est,
1627 5455 1753 5513 licet
1780 5458 1888 5514 sint
1915 5459 2174 5532 primates

574 5538 655 5596 illi
685 5538 777 5611 qui
802 5539 1007 5613 primas
1036 5540 1280 5603 civitates
1308 5547 1514 5615 tenent,
1556 5544 1649 5617 qui
1677 5554 1729 5602 et
1759 5546 1815 5603 in
1845 5548 2173 5619 quibusdam

2280 4564 2337 4621 id
2366 4574 2466 4633 est,
2497 4567 2661 4638 primi
2690 4567 2830 4624 inter
2856 4584 2953 4625 eos
2982 4568 3215 4625 fuerunt.
3246 4591 3268 4620 ι
3303 4569 3436 4625 Inde
3456 4585 3672 4625 sacrum
3700 4568 3878 4626 Nice-

2283 4669 2412 4709 num
2461 4655 2751 4712 concilium
2822 4657 3174 4729 paucioribus
3231 4657 3452 4731 quidem
3500 4658 3721 4728 verbis,
3779 4658 3877 4714 sed

2279 4758 2390 4798 non
2426 4744 2625 4800 minori
2653 4746 2967 4802 auctoritate
3005 4747 3247 4803 decrevit
3292 4747 3444 4819 (can,
3505 4748 3580 4819 6),
3611 4756 3877 4820 quatenus

2284 4852 2307 4883 α
2346 4832 2566 4905 antiqua
2608 4836 2979 4903 consuetudo,
3032 4836 3237 4892 scilicet
3280 4853 3401 4908 qum
3447 4836 3593 4908 apud
3631 4836 3879 4894 ethnicos

2279 4928 2482 4977 statuta
2519 4922 2714 4991 fuerat,
2755 4932 2808 4981 et
2835 4925 3131 4996 apostolica
3160 4932 3247 4982 est
3282 4933 3471 4996 postea
3492 4926 3878 4983 constitutione

2276 5008 2508 5078 ﬁrmata,
2542 5020 2803 5082 servetur,
2828 5021 2886 5068 ut
2914 5012 3314 5069 Alexandrinus
3335 5014 3624 5087 episcopus
3653 5010 3879 5071 suorum

2277 5099 2518 5155 omnium
2573 5100 2770 5156 habeat
2814 5110 3167 5173 potestatem,
3192 5103 3316 5176 quia
3370 5111 3425 5159 et
3475 5103 3632 5160 urbis
3688 5105 3877 5160 Roma:

2276 5185 2534 5260 episcopo
2574 5189 2761 5261 parilis
2793 5207 2913 5248 mos
2943 5199 3043 5248 est.
3094 5191 3349 5248 Similiter
3393 5200 3448 5248 et
3484 5192 3631 5265 apud
3677 5192 3876 5249 Antio-

2275 5274 2451 5331 chiam
2471 5285 2807 5352 ceterasque
2833 5280 3138 5352 provincias
3160 5281 3273 5338 suis
3290 5280 3577 5354 privilegia
3592 5289 3878 5340 serventur

2274 5362 2554 5422 Ecclesiis.

2343 5463 2441 5519 His
2471 5472 2651 5521 autem
2693 5465 3094 5537 praetermissis,
3128 5467 3226 5525 sed
3256 5475 3311 5525 et
3366 5483 3486 5540 quae
3513 5466 3873 5541 Zephyrimus

2275 5548 2512 5614 decrevit
2533 5555 2717 5628 (epist.
2750 5556 2825 5629 1),
2847 5564 2907 5615 ut
2938 5556 3162 5629 quilibet
3191 5558 3483 5633 episcopus
3525 5566 3815 5618 accusatus
3840 5572 3874 5614 ι
