4072 6286
187 202 288 253 333

903 197 1147 257 OPUSC.
1189 199 1278 256 ET
1334 199 1552 256 EPIST.
1605 201 1678 256 IN
1733 199 1958 256 CAUSA
2013 199 2356 256 HINCMARI
2393 202 2700 260 LAUDUN.

3381 207 3483 264 334

186 321 474 377 duodecim
515 321 789 390 judicetur
835 323 1127 396 episcOpis,
1161 325 1231 379 ad
1273 325 1570 392 Callistum,
1614 332 1667 380 et
1693 325 1788 382 'ad
1807 325 1862 385 A
1890 331 1942 379 et
1970 339 2080 380 non
2110 325 2178 379 ab
2209 325 2422 392 alienis,
2453 325 2510 380 id
2539 335 2620 382 est
2649 342 2679 380 a
2709 342 2818 382 suae
2854 327 3016 398 justis
3045 328 3321 398 judicibus
3349 346 3486 402 pro-

186 410 406 466 Lucium
437 418 488 466 te
520 411 815 478 contulisti,
852 421 903 467 et
941 430 1060 484 qua:
1105 414 1412 484 Stephanus
1458 414 1657 479 statuit,
1693 414 1784 486 qui

187 507 306 570 post
337 516 436 554 eos
465 499 582 565 fuit,
606 501 922 573 contingere
951 502 1188 567 noluisti,
1215 502 1305 573 qui
1325 502 1452 558 dicit
1477 503 1663 574 (epist.
1688 503 1744 571 2)
1768 519 1782 555 :

193 613 214 636 ι
242 587 440 643 Nullus
489 589 700 659 praefati
748 590 976 659 ordinis,
1022 591 1272 646 videlicet
1318 591 1662 661 episcopalis,
1708 591 1790 644 vir

187 678 430 732 accusari
478 686 677 748 potest,
711 686 803 733 aut
833 679 1168 749 respondere
1217 679 1330 733 suis
1379 678 1789 734 accusatoribus

187 766 368 832 debet,
401 767 721 837 priusquam
760 767 1087 840 regulariter
1117 784 1149 822 a
1178 784 1276 822 suo
1307 767 1536 838 primate
1567 775 1791 824 vocatus

191 855 275 924 sit,
326 855 619 926 locumque
669 855 997 910 defendendi
1026 864 1077 910 et
1108 857 1416 928 inquirendi
1465 857 1692 926 accipiat
1722 855 1792 910 ad

188 944 460 998 abluenda
491 944 740 999 crimina.
773 945 919 999 Nulli
948 946 1092 998 enim
1124 945 1544 1015 metrOpolitani,
1580 954 1670 999 aut
1703 944 1795 998 alii

189 1033 437 1103 episcopi
485 1033 826 1103 appellentur
872 1033 1165 1103 primates,
1218 1034 1322 1087 nisi
1360 1034 1414 1088 hi
1458 1034 1548 1104 qui
1595 1033 1794 1103 primas

189 1122 347 1176 sedes
390 1129 595 1186 tenent,
630 1129 683 1175 et
715 1138 946 1193 quorum
996 1122 1241 1178 civitates
1287 1121 1492 1192 antiqui
1534 1122 1796 1193 primates

191 1226 311 1265 esse
339 1218 692 1265 censuerunt.
739 1211 954 1282 Reliqui
986 1227 1134 1277 vero,
1170 1211 1260 1281 qui
1291 1211 1538 1266 civitates
1586 1219 1796 1265 metro-

189 1299 459 1370 politanas
490 1299 670 1370 adepti
692 1308 833 1364 sunt,
859 1316 967 1354 non
988 1300 1248 1370 primates
1269 1309 1359 1354 aut
1380 1299 1796 1370 archiepiscopi,

193 1389 287 1443 sed
349 1388 754 1458 metropolitani
802 1396 1084 1444 vocentur.
1138 1389 1311 1444 Urbes
1357 1389 1501 1443 enim
1552 1395 1603 1442 et
1656 1388 1796 1453 loca,

193 1476 390 1547 quibus
438 1477 697 1548 primates
740 1477 1035 1547 prmsidere
1082 1478 1302 1542 debent,
1348 1493 1456 1531 non
1500 1476 1798 1542 modernis,

199 1565 295 1620 sed
329 1565 496 1620 etiam
524 1565 708 1619 multis
739 1574 860 1619 ante
892 1567 1185 1620 adventum
1207 1565 1406 1620 Christi
1437 1573 1562 1619 sunt
1594 1572 1803 1620 statutae

193 1655 557 1724 temporibus,
613 1670 844 1724 quarum
901 1654 1164 1724 primates
1223 1655 1382 1708 etiam
1426 1654 1657 1726 gentiles
1706 1669 1862 1744 proB

196 1742 492 1811 majoribus
522 1743 757 1815 negotiis
787 1743 1150 1813 appellabant.
1177 1745 1235 1796 In
1258 1742 1389 1812 ipsis
1412 1759 1540 1796 vero
1568 1742 1796 1795 urbibus

197 1840 317 1902 post
349 1831 548 1885 Christi
578 1832 874 1886 adventum
903 1831 1134 1902 apostoli
1155 1839 1206 1885 et
1229 1847 1577 1886 successores
1609 1846 1796 1885 eorum

196 1919 530 1990 patriarchas
559 1920 644 1973 vel
674 1920 936 1990 primates
966 1927 1280 1990 posuerunt,
1316 1920 1383 1973 ad
1414 1936 1549 1990 quos
1579 1919 1798 1989 episco-

199 2025 386 2085 porum
438 2008 680 2079 negotia,
715 2009 865 2063 salva
895 2009 949 2062 in
979 2009 1230 2063 omnibus
1269 2008 1564 2078 apostolica
1608 2015 1803 2062 aucto-

200 2099 372 2163 ritate,
400 2106 452 2152 et
475 2098 714 2166 majores
737 2113 914 2152 causae
935 2106 1056 2167 post
1077 2098 1432 2168 apostolicam
1464 2104 1588 2150 sunt
1621 2096 1809 2150 sedem

200 2171 522 2242 referendae.
549 2189 615 2241 Et
635 2187 779 2252 licet,
805 2187 1065 2256 Apostolo
1106 2186 1450 2256 prohibente,
1489 2185 1630 2239 inter
1667 2183 1819 2239 Chri-

203 2276 402 2331 stianos
418 2292 528 2330 non
546 2276 779 2330 debeant
799 2265 1170 2330 accusationes
1189 2275 1453 2342 exerceri,
1471 2275 1516 2328 si
1533 2273 1812 2344 prohiberi

203 2382 308 2420 non
329 2372 591 2436 poterunt
607 2365 1002 2433 accusationes,
1019 2364 1394 2434 episcoporum
1409 2364 1477 2417 ad
1488 2370 1811 2417 memoratos

204 2455 476 2526 primates
496 2454 698 2509 debent
716 2454 782 2507 ad
804 2453 1206 2508 accusatoribus
1230 2452 1446 2506 deferri.
1478 2450 1813 2507 Studendum

201 2553 278 2600 est
299 2552 484 2598 tamen
508 2543 782 2614 episc0pis
802 2550 858 2596 ut
882 2542 1208 2596 dissidentes
1228 2540 1423 2596 fratres
1443 2541 1619 2610 magis
1637 2541 1706 2593 ad
1727 2555 1819 2609 pa-

205 2649 320 2690 cem
351 2648 519 2705 quam
543 2631 610 2686 ad
627 2631 900 2699 judicium
923 2633 1288 2686 cohortentur.
1311 2629 1615 2700 Episcopus
1636 2636 1815 2683 autem

211 2722 365 2777 aliter
394 2737 507 2777 non
537 2720 697 2775 debet
729 2720 904 2774 audiri
933 2720 1018 2774 vel
1041 2719 1296 2788 judicari,
1329 2718 1434 2772 nisi
1454 2718 1507 2771 in
1529 2716 1816 2788 praesentia

207 2812 449 2866 omnium
497 2808 1054 2880 comprovincialium,
1091 2816 1142 2862 et
1171 2807 1241 2862 ab
1271 2807 1522 2862 omnibus
1563 2821 1816 2876 compro-

205 2899 526 2956 vincialibus
566 2898 855 2970 episcopis,
902 2897 995 2968 qui
1035 2897 1169 2968 ipsis
1212 2897 1526 2951 absentibus
1565 2894 1818 2964 judicarii

206 3005 300 3044 nec
331 2987 522 3053 debet,
559 3003 661 3042 nec
693 2993 888 3056 potest.
933 3007 954 3035 ››

277 3077 489 3133 Deinde
539 3075 778 3146 plurima
808 3092 872 3129 ex
913 3074 1159 3146 plurimis
1206 3089 1504 3144 exponens,
1559 3089 1679 3144 qua?
1721 3072 1817 3125 tibi

210 3166 322 3221 visa
352 3166 575 3221 fuerunt
606 3170 788 3219 tecum
814 3163 1016 3229 facere,
1051 3163 1146 3217 sed
1178 3179 1372 3218 revera
1399 3162 1698 3232 probantur
1725 3176 1818 3216 re-

217 3255 514 3326 darguere,
560 3253 836 3323 Pelagium
869 3253 1215 3307 decessorem
1247 3252 1301 3306 S.
1337 3250 1588 3320 Gregorii
1618 3248 1818 3303 transi-

210 3343 334 3413 listi,
363 3352 418 3398 et
448 3343 613 3399 verba
646 3341 985 3397 successoris
1014 3341 1129 3408 ejus
1162 3341 1220 3394 B.
1256 3338 1510 3409 Gregorii
1539 3339 1609 3393 ad
1636 3338 1818 3392 Theo-

212 3435 427 3489 ctistam
472 3431 757 3503 patriciam
785 3447 815 3485 a
846 3447 944 3484 suo
977 3445 1162 3498 sensu,
1199 3437 1456 3500 quantum
1492 3443 1558 3483 ex
1601 3435 1652 3481 te
1697 3425 1816 3492 fuit,

217 3522 482 3587 alienans,
515 3519 705 3574 alienis
736 3537 766 3573 a
796 3520 955 3574 beato
1005 3518 1272 3590 Gregorio
1321 3516 1504 3572 verbis
1551 3516 1818 3586 impostu-

214 3612 364 3666 rasti.
421 3609 510 3664 Ait
558 3609 700 3664 enim
744 3608 888 3664 idem
936 3607 1189 3680 Pelagius
1239 3607 1309 3662 ad
1358 3605 1676 3677 episcopos,
1730 3603 1821 3674 qui

221 3698 415 3768 injusta
446 3698 732 3754 vocatione
759 3696 986 3752 Joannis
1016 3696 1085 3751 ad
1117 3696 1384 3766 synodum
1433 3692 1820 3748 Constantino-

219 3788 386 3861 polim
417 3795 475 3842 ut
505 3788 865 3842 decernerent
895 3801 1017 3841 eum
1043 3785 1402 3839 universalcm
1425 3781 1610 3838 vocari
1630 3780 1824 3836 consti-

218 3884 432 3934 tuerunt
464 3877 673 3949 (Pelag.
708 3874 776 3943 II,
797 3875 959 3947 epist.
988 3877 1037 3940 1,
1062 3874 1162 3928 sub
1191 3872 1376 3943 tinem)
1402 3890 1414 3926 :
1445 3893 1466 3922 α
1490 3873 1568 3926 De
1599 3878 1818 3935 cmtero,

216 3966 484 4038 inquiens,
521 3964 737 4029 fratres,
786 3979 952 4034 super
997 3961 1291 4034 provincim
1336 3976 1519 4025 causa,
1552 3959 1696 4014 unde
1727 3974 1820 4013 se-

219 4055 338 4111 dem
365 4054 720 4127 apostolicam
749 4052 952 4108 dudum
982 4051 1270 4107 consulere
1304 4049 1571 4116 voluistis,
1606 4047 1821 4103 videtur

218 4145 370 4200 nobis
404 4142 733 4198 sufficienter
763 4148 1048 4196 tractatum
1081 4156 1113 4195 a
1143 4139 1342 4194 sanctis
1389 4134 1820 4209 praedecessori-

217 4232 316 4289 bus
345 4233 570 4288 nostris.
597 4231 703 4286 Sed
746 4231 874 4303 quia
906 4231 1086 4285 denuo
1116 4237 1360 4283 nostram
1390 4225 1821 4282 mediocritatem

219 4321 282 4378 de
310 4322 500 4378 eadem
536 4336 594 4376 re
629 4320 970 4392 interrogare
1027 4317 1254 4390 dignum
1310 4314 1567 4380 duxistis,
1630 4313 1820 4369 scitote

1887 413 2099 481 vinciae,
2135 421 2188 468 et
2216 429 2326 469 non
2355 415 2423 468 ab
2455 415 2709 484 externis,
2743 416 2868 486 nisi,
2899 425 2956 471 ut
2979 418 3094 486 jam
3139 419 3487 489 praelibatum

1887 510 1988 567 est,
2008 518 2038 555 a
2057 501 2366 570 judicandis
2398 503 2559 557 fuerit
2587 503 2908 576 appellatus.
2935 505 2993 560 Si
3012 521 3140 562 vero
3165 506 3220 560 in
3251 507 3492 577 qualibet

1887 590 2168 660 provincia
2215 599 2348 647 ortae
2399 590 2599 646 fuerint
2645 592 2992 663 quaestiones,
3036 602 3087 648 et
3131 594 3274 649 inter
3318 595 3490 666 ipsius

1890 679 2186 749 provinciae
2214 681 2503 751 episcopos
2532 681 2848 753 discrepare
2877 682 3105 753 coeperit
3141 683 3295 749 ratio,
3328 691 3490 755 atque

1891 767 2029 822 inter
2071 768 2220 838 ipsos
2265 769 2596 831 dissidentes
2623 785 2733 825 non
2762 770 3068 840 conveniat,
3119 771 3188 826 ad
3233 771 3495 839 majorem

1893 862 2022 911 tunc
2054 857 2239 910 sedem
2282 857 2606 924 referantur,
2640 866 2692 913 et
2722 858 2768 912 si
2797 859 2905 914 illic
2935 857 3092 914 facile
3119 866 3174 915 et
3196 859 3342 927 juste
3385 874 3496 915 non

1894 944 2300 1012 discernuntur,
2332 945 2426 1000 ubi
2457 946 2618 1000 fuerit
2647 947 2887 1016 synodus
2917 947 3241 1018 regulariter
3269 961 3498 1019 congre-

1899 1041 2020 1103 gata
2052 1034 2314 1089 canonice
2344 1041 2399 1088 et
2421 1034 2567 1102 juste
2595 1034 2993 1090 discernantur.
3026 1035 3256 1104 Majores
3283 1049 3417 1090 vero
3446 1042 3500 1090 et

1898 1119 2143 1176 difﬁciles
2192 1121 2540 1192 quaestiones,
2574 1130 2631 1177 ut
2671 1130 2862 1178 sancta
2908 1123 3150 1195 synodus
3197 1122 3399 1189 statuit,
3451 1130 3504 1178 et

1897 1208 2060 1265 beata
2091 1210 2426 1266 consuetudo
2448 1211 2636 1284 exigit,
2667 1212 2736 1266 ad
2765 1212 2952 1268 sedem
2981 1211 3338 1284 apostolicam
3364 1225 3502 1267 sem-

1900 1313 2001 1368 per
2032 1298 2359 1354 referantur.
2397 1319 2419 1349 ι

2497 1409 2722 1464 CAPUT
2760 1411 2905 1466 XVI.

1899 1509 1974 1564 De
2031 1507 2328 1578 metrOpoli
2375 1507 2730 1578 Rhemorum,
2767 1511 2825 1561 et
2861 1511 3046 1563 castra
3089 1505 3399 1576 Lauduno;
3446 1513 3505 1566 et

1973 1578 2114 1648 quod
2145 1577 2258 1649 tres
2286 1578 2577 1648 primaria:
2609 1577 2765 1632 sedes
2795 1594 2913 1632 una
2954 1580 3072 1649 fuit
3121 1579 3276 1634 sedes
3321 1582 3499 1636 Petri.

1973 1648 2282 1704 Hormisdte
2310 1649 2381 1702 ad
2410 1651 2673 1703 sanctum
2702 1648 3017 1719 Remigium
3049 1651 3308 1720 epistola.

1982 1748 2138 1815 Vide,
2191 1748 2378 1817 frater,
2423 1756 2600 1803 utrum
2629 1756 2776 1804 certa
2807 1749 2875 1802 sit
2902 1747 3183 1819 provincia
3223 1742 3511 1820 metropoli

1908 1836 2242 1892 Rhemorum
2289 1853 2353 1891 ex
2403 1837 2626 1907 antiquo
2675 1837 2918 1905 subjecta
2966 1853 2978 1892 :
3029 1853 3150 1908 qua
3196 1836 3510 1909 metropolis

1908 1925 2162 1980 undecim
2216 1924 2460 1980 civitates
2516 1925 2618 1978 sub
2665 1940 2725 1980 se
2768 1925 2949 1979 habuit
3005 1925 3168 1980 etiam
3224 1933 3513 1998 antequam

1911 2012 2102 2067 beatus
2149 2013 2427 2085 Remigius
2475 2014 2794 2069 auctoritate
2836 2013 3075 2068 Africani
3119 2013 3332 2070 concilii
3362 2014 3512 2068 ordi-

1911 2109 2069 2156 naret
2119 2100 2434 2172 episcopum
2466 2101 2520 2155 in
2551 2101 2776 2157 castello
2805 2102 2860 2155 in
2892 2117 3000 2172 quo
3030 2110 3083 2156 et
3110 2109 3167 2156 tu
3195 2099 3514 2172 metropolis

1912 2199 2017 2244 tua:
2039 2189 2370 2262 suffragator
2400 2207 2460 2244 es
2487 2189 2761 2244 ordinatus
2791 2189 3101 2261 episcopus,
3133 2198 3186 2246 et
3214 2190 3516 2261 refragator

1911 2279 2084 2350 ipsius
2113 2278 2390 2351 dignitatis
2435 2287 2599 2350 atque
2646 2279 2998 2345 auctoritatis,
3032 2294 3174 2347 asse,
3210 2286 3267 2334 ut
3294 2279 3510 2346 dicitur,

1914 2367 2201 2422 excrevisti
2231 2368 2300 2422 de
2328 2367 2522 2437 pusillo
2551 2383 2783 2438 magnus
2813 2367 2954 2437 apud
2990 2375 3042 2421 te
3075 2367 3380 2438 oppidanus
3410 2365 3520 2438 epi-

1915 2471 2130 2527 scopus.
2165 2456 2343 2523 Quod,
2378 2456 2516 2510 sicut
2547 2455 2839 2526 Eutropius
2869 2456 3123 2526 antiquus
3152 2455 3514 2528 historiogra-

1913 2545 2054 2616 phus
2084 2543 2234 2610 dicit,
2267 2552 2490 2598 auctore
2518 2543 2826 2598 Marcobrio
2854 2550 3090 2614 praetore
3118 2543 3414 2610 conditum,
3445 2542 3514 2598 ab

1916 2633 2136 2687 exordio
2166 2632 2248 2687 sui
2275 2632 2331 2687 in
2353 2631 2673 2702 paganismo
2715 2630 2858 2687 inter
2899 2631 3144 2687 civitates
3174 2630 3261 2687 vel
3288 2631 3516 2703 provin-

1916 2721 2083 2777 ciales
2129 2720 2291 2776 sedes
2333 2736 2533 2774 nomen
2562 2728 2615 2774 et
2643 2721 2824 2775 locum
2852 2735 2964 2774 non
2991 2720 3195 2775 habuit.
3251 2722 3320 2774 Et
3365 2728 3517 2790 post-

1918 2826 2083 2881 quam
2111 2810 2169 2863 B.
2205 2808 2383 2863 Sixtus
2412 2823 2446 2863 a
2477 2809 2624 2864 Sixto
2653 2808 2800 2864 sedis
2831 2809 3089 2863 Romanae
3116 2807 3371 2878 pontiﬁce
3399 2807 3516 2879 pri-

1917 2914 2040 2953 mus
2070 2897 2140 2952 ad
2170 2897 2533 2952 Rhemensem
2553 2896 2896 2967 metropolim
2917 2896 3015 2952 fuit
3038 2897 3277 2952 directus
3303 2897 3515 2967 episco-

1917 3003 2039 3057 pus,
2090 2986 2146 3040 in
2192 2985 2604 3041 Christianismo
2645 3002 2743 3056 per
2788 2985 3095 3056 quindecim
3144 2984 3518 3055 archiepisco-

1918 3091 2110 3148 porum
2127 3082 2393 3144 tempora,
2410 3073 2656 3144 plurimis
2673 3088 2942 3128 annorum
2959 3072 3188 3128 evolutis
3205 3071 3514 3140 curriculis,

1920 3164 1974 3217 in
2005 3163 2298 3218 Rhemensi
2341 3163 2617 3232 parochia,
2667 3161 2804 3216 sicut
2832 3168 2886 3217 et
2913 3161 3016 3214 alia
3060 3160 3356 3231 municipia
3397 3176 3520 3230 quae

1918 3251 2188 3321 hodieque
2244 3249 2446 3305 ibidem
2503 3249 2838 3314 consistunt,
2898 3248 3282 3316 municipalem
3337 3247 3520 3303 locum

1918 3340 2106 3405 tenuit,
2138 3339 2276 3394 sicut
2305 3346 2359 3393 et
2389 3346 2566 3393 tomus
2613 3353 2774 3410 quem
2821 3336 3111 3393 Anacletus
3150 3335 3422 3408 episcopis
3451 3333 3522 3392 de

1921 3429 2129 3485 sedium
2158 3427 2460 3498 privilegiis
2494 3443 2552 3481 se
2583 3426 3049 3497 interrogantibus
3069 3441 3127 3479 se
3148 3424 3365 3480 misisse
3393 3423 3526 3480 dicit

1919 3525 2172 3588 patenter
2199 3515 2454 3580 ostendit,
2484 3513 2648 3571 veluti
2678 3514 2796 3585 ipse
2825 3513 3013 3586 legere
3055 3520 3211 3583 potes
3241 3513 3299 3567 in
3327 3509 3523 3568 eodem

1920 3605 2198 3670 breviaro,
2248 3604 2305 3658 in
2365 3617 2472 3674 quo
2533 3601 2822 3672 descriptis
2875 3601 3180 3656 civitatibus
3238 3599 3526 3672 metropoli

1921 3695 2253 3749 Rhemorum
2284 3690 2562 3761 subjectis,
2587 3706 2788 3746 nomen
2815 3688 3026 3746 castelli
3054 3689 3111 3744 in
3140 3703 3248 3762 quo
3279 3705 3339 3744 es
3367 3687 3523 3746 ordi-

1920 3791 2078 3838 natus
2120 3780 2430 3853 episcopus,
2481 3795 2821 3852 nequaquam
2867 3777 3131 3834 invenies.
3185 3778 3294 3832 Sed
3330 3784 3384 3833 et
3425 3793 3526 3848 per

1920 3869 2107 3942 plures
2149 3885 2321 3925 annos
2373 3877 2620 3940 tempore
2670 3867 2913 3937 ejusdem
2942 3868 3000 3922 B.
3034 3865 3286 3938 Remigii,
3321 3865 3432 3937 qui,
3467 3871 3527 3921 ut

1921 3974 2147 4016 veraces
2175 3957 2499 4013 nostratium
2544 3956 2781 4012 historia:
2823 3963 3146 4022 monstrant,
3181 3953 3526 4026 septuaginta

1925 4056 2157 4118 quatuor
2187 4055 2239 4102 et
2269 4062 2335 4103 eo
2366 4045 2598 4117 amplius
2644 4059 2816 4101 annos
2843 4045 2900 4100 in
2929 4044 3244 4116 episcOpatu
3291 4043 3520 4114 degens,

1924 4145 1977 4192 et
2004 4135 2187 4190 multis
2216 4135 2522 4204 insignibus
2552 4133 2835 4189 virtutibus
2857 4133 3054 4200 clarus,
3074 4133 3188 4200 jam
3219 4131 3274 4184 in
3302 4136 3522 4185 senecta

1923 4241 2019 4280 sua
2065 4223 2267 4278 ibidem
2314 4221 2579 4276 ordinavit
2626 4220 2974 4291 episcopum,
3025 4225 3080 4272 et
3123 4218 3285 4272 rebus
3339 4217 3520 4273 eccle—

1924 4311 2156 4368 siasticis
2189 4309 2469 4382 (quoniam
2517 4309 2815 4365 secundum
2861 4322 3048 4362 sacras
3093 4303 3316 4378 regulas
3360 4303 3521 4376 quid-

220 4421 419 4468 certam
449 4408 786 4482 provinciam
817 4425 938 4463 esse
968 4423 1089 4479 quae
1119 4406 1280 4461 habet
1310 4405 1501 4459 decem
1529 4402 1615 4459 vel
1646 4401 1816 4456 unde-
1834 4399 1890 4460 D
1922 4400 2050 4474 quid
2079 4415 2261 4456 rerum
2282 4406 2335 4454 et
2355 4398 2750 4469 mancipiorum
2771 4397 2826 4452 in
2846 4396 3038 4452 ordine
3060 4393 3408 4468 epiSCOpatus
3430 4407 3522 4482 ac-

218 4501 317 4556 cim
363 4500 633 4563 civitates,
670 4506 720 4552 et
749 4513 914 4552 unum
956 4511 1180 4567 regem,
1215 4501 1267 4549 et
1309 4493 1535 4548 totidem
1581 4491 1818 4546 minores

221 4596 514 4661 potestates
547 4586 646 4642 sub
677 4601 756 4653 se,
790 4593 842 4641 et
871 4602 1039 4640 unum
1070 4583 1404 4654 episcopum,
1438 4580 1683 4652 aliosque
1713 4577 1818 4634 suf-

223 4678 524 4752 fragatores
553 4676 746 4732 decem
777 4674 862 4730 vel
890 4673 1142 4730 undecim
1174 4673 1461 4743 episcopos
1487 4669 1718 4738 judices,
1753 4667 1819 4722 ad

223 4783 449 4840 quorum
473 4764 739 4836 judicium
769 4778 958 4819 omnes
988 4778 1168 4818 causa:
1211 4761 1608 4831 episcoporum.
1645 4765 1698 4812 et
1725 4772 1820 4812 re-

223 4855 490 4928 liquorum
513 4852 880 4918 sacerdotum,
905 4867 964 4905 ac
987 4849 1265 4906 civitatum
1290 4864 1468 4904 causas
1494 4846 1815 4910 referantur,

227 4952 277 4999 ut
307 4945 375 5000 ab
403 4944 489 4998 his
518 4941 769 4998 omnibus
807 4942 951 5010 juste
995 4954 1238 4994 consona
1267 4954 1403 4995 voce
1433 4935 1819 5000 decernantur,

231 5032 327 5087 nisi
357 5033 428 5088 ad
455 5032 719 5101 majorem
748 5029 1123 5084 auctoritatem
1154 5027 1314 5082 fuerit
1345 5026 1416 5081 ab
1443 5025 1527 5080 his
1559 5023 1651 5096 qui
1671 5021 1819 5092 judi-

229 5123 377 5177 candi
418 5128 545 5176 sunt
589 5119 932 5192 appellatum.
968 5118 1122 5173 Unde
1154 5132 1261 5172 non
1291 5121 1502 5187 oportet
1529 5121 1588 5168 ut
1617 5112 1821 5184 degra-

229 5210 376 5266 detur
422 5209 512 5266 vel
557 5209 924 5263 dehonoretur
979 5221 1316 5279 unaquaeque
1370 5201 1672 5274 provincia,
1726 5199 1824 5255 sed

229 5299 364 5371 apud
391 5298 741 5368 semetipsam
771 5297 969 5351 habeat
992 5295 1205 5364 judices
1251 5291 1587 5359 sacerdotes,
1621 5297 1673 5344 et
1703 5288 1823 5359 epi—

232 5403 419 5461 scopos
451 5385 720 5459 singulos,
742 5385 994 5442 videlicet
1017 5385 1169 5454 juxta
1191 5381 1410 5437 ordines
1433 5394 1580 5448 suos,
1615 5385 1668 5432 et
1697 5376 1822 5448 qui-

229 5501 455 5559 cumque
487 5500 706 5542 causam
735 5483 1000 5550 habuerit,
1035 5497 1067 5538 a
1098 5481 1208 5537 suis
1234 5477 1508 5548 judicibus
1533 5475 1823 5545 judicetur,

1922 4488 2088 4564 quirit
2106 4489 2414 4560 episcopus,
2435 4487 2574 4543 sicut
2602 4495 2655 4543 et
2682 4486 2788 4542 illa:
2809 4501 2931 4559 quae
2951 4492 3075 4541 ante
3096 4485 3312 4540 fuerunt
3330 4481 3520 4538 Eccle-

1920 4579 2034 4646 siae,
2068 4578 2338 4633 habentur
2363 4575 2808 4647 Ecclesiasticae),
2833 4575 2979 4630 idem
3011 4571 3346 4645 episcopium
3375 4569 3520 4627 sudi-

1919 4668 2123 4724 cienter
2153 4666 2358 4722 ditavit.
2393 4665 2756 4733 Quamobrem
2778 4664 2916 4719 sicut
2937 4662 3097 4717 sedes
3125 4658 3516 4727 Ecclesiarum,

1919 4757 2126 4814 scilicet
2171 4758 2448 4822 Romanae,
2491 4751 2888 4821 Alexandrinae,
2935 4758 3096 4820 atque
3147 4747 3518 4816 Antiochense,

1920 4846 2122 4902 idcirco
2154 4843 2464 4915 specialiter
2492 4842 2725 4913 legimus
2755 4838 2912 4894 sedes
2960 4837 3086 4904 dici,
3121 4851 3242 4892 cum
3271 4835 3523 4908 plurimm

1921 4933 2080 4989 sedes
2111 4940 2163 4988 et
2191 4931 2580 5004 apostolorum,
2612 4930 2750 4984 sicut
2790 4924 2981 4982 Jacobi
3025 4923 3436 4997 Hierosolyma,
3469 4933 3523 4982 et

1921 5022 2142 5078 Joannis
2174 5021 2321 5092 apud
2368 5021 2664 5090 Ephesum,
2696 5016 2752 5072 in
2781 5030 2890 5087 qua
2919 5014 3059 5069 sedit
3086 5021 3140 5070 et
3167 5014 3522 5070 Thimotbeus

1922 5111 2067 5166 beati
2083 5109 2233 5165 Pauli
2256 5109 2571 5180 discipulus,
2593 5113 2644 5160 et
2659 5102 2842 5159 multa
2863 5103 2982 5160 alite
2999 5101 3376 5175 principalium
3399 5101 3522 5159 civi-

1924 5208 2091 5256 tatum
2123 5199 2378 5271 quoniam
2408 5195 2565 5250 sedes
2598 5201 2739 5260 sunt,
2779 5193 2909 5265 quin
2952 5193 3150 5264 potius,
3183 5191 3308 5247 licet
3337 5191 3533 5262 dispa-’

1924 5297 2114 5344 rentur
2142 5285 2537 5357 longinquitate
2568 5291 2855 5353 terrarum,
2878 5297 2988 5338 una
3009 5281 3171 5338 sedes
3191 5287 3316 5335 sunt
3335 5276 3522 5350 magni

1923 5377 2067 5433 Petri
2097 5373 2464 5448 apostolorum
2493 5370 2752 5444 principis
2787 5391 2798 5427 :
2831 5370 2902 5427 ita
2931 5387 3028 5443 pro
3055 5369 3220 5426 modo
3251 5385 3349 5423 suo
3380 5367 3523 5423 Rhe-

1924 5488 2138 5531 morum
2185 5468 2520 5544 metropolis,
2553 5478 2606 5528 et
2643 5469 3016 5530 Lauduncnsis
3062 5466 3338 5541 parochia,
3392 5478 3522 5536 spe-
