4072 6308
631 304 736 359 335

1633 282 1975 339 HINCMARI
2005 276 2408 337 RHEMENSIS
2438 273 2989 332 ARCHIEPISCOPI.

3830 270 3939 324 336

631 423 840 481 cialiter
868 419 1012 475 inter
1040 423 1270 474 caeteras
1300 412 1461 468 sedes
1488 408 1854 482 provinciales
1898 408 2228 462 Rhemorum
2250 403 2307 463 Α
2335 402 2481 475 legia
2506 401 2676 456 tertiae
2704 400 2851 455 sedis
2880 412 3201 471 agnoscere,
3226 412 3347 467 quae
3365 395 3422 450 in
3441 394 3591 451 nullo
3612 395 3945 465 cujusquam

625 509 925 584 provinciae
955 521 1064 563 una
1095 512 1178 559 est
1206 502 1387 567 sedes,
1413 499 1541 570 quia
1560 499 1750 553 beatus
1782 495 2061 566 Remigius
2088 509 2236 584 eam-

2335 490 2628 545 ambitione
2658 488 2919 543 minuitur
2952 505 2964 541 :
2998 487 3126 557 quia
3156 493 3299 539 tanta
3331 484 3478 555 apud
3507 500 3597 539 me
3638 492 3721 538 est
3752 482 3944 539 Nicae-

628 572 755 655 dem
803 596 992 652 sedem
1038 592 1456 648 Laudunensem
1503 586 1560 642 in
1606 584 1867 641 subsellio
1912 580 2235 638 Rhemensis
2334 595 2528 634 norum
2562 593 2829 634 canonum
2859 575 3184 641 reverentia,
3208 582 3351 629 utea
3381 590 3503 645 quae
3533 580 3708 628 sunta
3731 572 3944 628 sanctis

629 684 947 757 metropolis
989 680 1291 739 consedere
1338 676 1484 744 fecit,
1537 691 1699 747 quam
1740 689 1773 728 a
1813 688 1907 727 sua
1953 669 2228 742 parochia,

627 790 738 831 non
786 781 966 828 autem
993 788 1023 825 a
1051 767 1302 825 dimcesis
1348 763 1649 836 provincia,
1701 760 1880 817 scidit.
1926 757 2063 827 Quia
2101 772 2232 813 vero

626 859 993 918 Alexandrina
1022 865 1075 914 et
1103 855 1443 912 Antiochena
1492 852 1671 916 sedes,
1720 850 1858 904 sicut
1888 855 1941 902 et
1969 848 2228 928 Romana,

624 949 769 1006 beati
798 946 942 1003 Petri
987 946 1093 1001 sint
1134 943 1313 1012 sedes,
1360 942 1469 996 Leo
1514 938 1583 994 ad
1626 939 1946 993 Dioscorum
1994 934 2230 990 Alexan-

624 1036 842 1094 drinum
863 1034 1181 1106 episcOpum
1201 1035 1487 1093 monstrat,
1507 1026 1696 1081 dicens
1716 1025 1904 1096 (epist.
1923 1022 1980 1095 7)
2005 1041 2019 1076 :
2046 1043 2068 1072 «
2095 1021 2230 1077 Cum

625 1124 771 1182 enim
836 1120 1180 1179 beatissimus
1242 1118 1432 1172 Petrus
1495 1112 1856 1185 apostolicum
1905 1126 1938 1165 a
1993 1110 2229 1166 Domino

624 1210 898 1282 acceperit
937 1208 1314 1281 principatum,
1360 1212 1413 1259 et
1458 1204 1706 1259 Romana
1748 1198 2000 1256 Ecclesia
2029 1198 2085 1252 in
2113 1198 2229 1267 ejus

619 1306 937 1370 permaneat
979 1294 1251 1363 institutis,
1285 1292 1438 1347 nefas
1468 1299 1550 1345 est
1582 1290 1805 1346 credere
1837 1286 1983 1360 quod
2014 1294 2228 1342 sanctus

622 1385 917 1457 discipulus
965 1384 1082 1452 ejus
1126 1384 1357 1447 Marcus,
1404 1380 1497 1452 qui
1538 1376 1961 1433 Alexandrinam
2018 1376 2226 1447 primus

620 1473 924 1532 Ecclesiam
957 1470 1299 1544 gubernavit,
1334 1468 1456 1524 aliis
1484 1466 1691 1540 regulis
1720 1464 2070 1521 traditionum
2102 1479 2227 1519 sua-

619 1579 741 1619 rum
770 1561 989 1618 decreta
1032 1557 1361 1624 formaverit,
1411 1572 1535 1612 cum
1579 1555 1695 1610 sine
1737 1554 1904 1610 dubio
1932 1553 2002 1609 de
2031 1552 2225 1608 eodem

618 1650 767 1708 fonte
795 1649 986 1724 gratiae
1032 1665 1170 1703 unus
1219 1646 1439 1717 spiritus
1470 1653 1524 1700 et
1554 1642 1807 1714 discipuli
1836 1642 1997 1697 fuerit
2023 1648 2076 1696 et
2102 1657 2223 1697 ma-

2333 666 2585 721 Patribus
2631 666 2951 731 constituta,
3012 680 3113 720 nec
3167 662 3546 734 permiserim,
3604 678 3706 717 nec
3763 661 3945 731 patiar

2330 754 2511 826 aliqua
2540 754 2779 810 novitate
2807 752 3021 809 violari.
3055 752 3122 806 Et
3150 752 3196 806 si
3225 751 3369 806 enim
3418 750 3633 806 diversa
3674 765 3943 804 nonnun-

2332 857 2498 914 quam
2529 851 2652 898 sunt
2680 842 2875 898 merita
2903 841 3214 913 praesulum,
3247 848 3429 895 tamen
3455 840 3580 908 jura
3616 844 3946 909 permanent

2330 931 2562 998 sedium,
2596 931 2792 1002 quibus
2839 938 3066 1002 possunt
3110 928 3290 985 aemuli
3337 927 3798 1000 perturbationem
3831 926 3941 982 ali-

2331 1036 2493 1092 quam
2524 1019 2771 1076 fortassis
2814 1018 3032 1086 inferre,
3066 1033 3175 1075 non
3204 1026 3384 1074 tamen
3425 1024 3655 1089 possunt
3682 1015 3938 1072 minuere

2330 1108 2673 1179 dignitatem.
2713 1129 2734 1158 ι)

2398 1198 2466 1252 Et
2513 1204 2731 1253 sanctus
2778 1196 3082 1269 Gregorius
3130 1196 3200 1251 ad
3245 1194 3587 1253 Anastasium
3633 1194 3937 1251 Antioche-

2326 1301 2456 1340 num
2488 1286 2803 1356 episcopum
2832 1286 2951 1356 (lib.
2986 1300 3084 1350 vn,
3116 1286 3277 1357 epist.
3311 1285 3404 1355 3):
3432 1306 3454 1335 α
3480 1284 3623 1340 Ecce
3652 1284 3708 1338 in
3740 1292 3936 1340 sancta

2326 1382 2603 1430 senectute
2635 1374 2909 1450 beatitudo
2938 1382 3120 1429 vestra
3148 1372 3329 1428 multis
3358 1373 3797 1429 tribulationibus
3844 1373 3936 1427 la-

2326 1463 2503 1532 borat,
2537 1463 2634 1519 sed
2660 1464 2980 1535 perpendat,
3011 1463 3165 1532 cujus
3203 1462 3391 1517 sedem
3438 1470 3632 1527 teneat,
3683 1460 3936 1533 nunquid

2323 1567 2432 1607 non
2462 1551 2623 1619 illius,
2649 1551 2735 1608 cui
2767 1568 2900 1607 voce
2929 1551 3168 1607 veritatis
3196 1550 3399 1607 dictum
3420 1558 3501 1605 est
3525 1567 3538 1605 :
3568 1552 3705 1606 Cum
3734 1566 3937 1607 senue-

2322 1642 2422 1709 ris,
2443 1642 2592 1696 alius
2612 1647 2666 1696 te
2683 1643 2889 1712 cinget,
2912 1645 2967 1696 et
2984 1640 3149 1696 ducet
3165 1657 3269 1713 quo
3286 1656 3399 1696 non
3415 1641 3524 1695 vis?
3536 1639 3695 1711 (Joan
3708 1682 3720 1694 .
3740 1639 3929 1711 xxx.»

620 1738 796 1813 gistri,
848 1754 951 1793 nec
998 1736 1145 1792 aliud
1197 1734 1479 1790 ordinatus
1525 1733 1738 1786 tradere
1781 1730 2013 1819 potuerit
2064 1746 2222 1801 quam
2241 1759 2293 1819 B
2323 1729 2390 1819 Et
2408 1728 2555 1819 idem
2574 1729 2917 1819 adeumdem
2938 1729 3057 1819 (lib.
3082 1745 3155 1819 ιγ,
3180 1731 3344 1819 epist.
3371 1730 3462 1819 37)
3491 1746 3504 1782 :
3534 1750 3556 1779 α
3583 1730 3778 1819 Amen,
3802 1743 3932 1801 gra-

618 1827 767 1900 quod
794 1825 861 1881 ab
891 1825 1201 1882 ordinatore
1250 1821 1508 1893 suscepit.
1553 1822 1676 1875 Non
1723 1834 1854 1890 ergo
1903 1818 2138 1889 patimur
2166 1825 2223 1872 ut

619 1932 741 1973 cum
768 1915 928 1970 unius
972 1928 1074 1969 nos
1120 1911 1362 1982 corporis
1393 1917 1446 1964 et
1474 1907 1601 1963 ﬁdei
1646 1907 1927 1973 fateamur,
1960 1907 2016 1961 in
2043 1906 2222 1979 aliquo

617 2005 1010 2074 discrepemus,
1050 2010 1102 2056 et
1149 2000 1254 2055 alia
1284 1998 1538 2064 doctoris,
1572 1998 1675 2051 alia
1703 1996 1953 2068 discipuli
1980 1996 2222 2051 instituta

616 2092 917 2148 videantur.
974 2112 996 2140 υ
1048 2090 1117 2144 Ει
1173 2096 1392 2143 sanctus
1448 2086 1749 2158 Gregorius
1803 2085 1872 2139 ad
1927 2084 2219 2157 Eulogium

615 2179 1045 2236 Alexandrinum
1075 2178 1390 2248 episcopum
1420 2176 1537 2246 (lib.
1572 2190 1691 2244 vm,
1716 2176 1878 2246 epist.
1915 2173 2004 2243 42)
2030 2191 2042 2226 :
2074 2193 2095 2223 κ
2122 2173 2219 2228 Ve-

614 2269 803 2338 ritatis,
836 2268 1027 2338 inquit,
1058 2265 1326 2332 minister,
1370 2264 1517 2320 Petri
1563 2278 1766 2334 sequax
1799 2270 1851 2316 et
1881 2269 2080 2318 sanctae
2104 2260 2216 2317 Ec-

614 2356 797 2413 clesiae
823 2355 1170 2426 praedicator,
1204 2353 1307 2408 scit
1335 2352 1460 2424 quia
1504 2351 1598 2406 illa
1642 2351 1789 2423 loqui
1818 2350 2059 2421 potuisti,
2094 2366 2217 2423 quae

611 2444 679 2500 de
711 2444 843 2499 sede
872 2443 1017 2498 Petri
1047 2441 1278 2513 apostoli
1306 2457 1407 2512 per
1435 2455 1498 2496 os
1527 2438 1767 2495 doctoris
1790 2454 1989 2494 sonare
2017 2438 2215 2494 debue-

607 2540 751 2588 runt.
788 2555 808 2581 ιι
843 2533 911 2586 Et
939 2531 1069 2586 item
1109 2530 1252 2585 idem
1282 2529 1351 2584 ad
1380 2528 1668 2584 eumdem:
1694 2526 1773 2582 Sit
1801 2543 1936 2599 ergo
1964 2526 2043 2583 illi
2069 2527 2208 2593 laus,

606 2620 675 2675 sit
703 2620 758 2675 in
789 2619 1018 2675 excelsis
1048 2617 1239 2691 gloria,
1265 2617 1419 2685 cujus
1440 2617 1585 2671 dono
1613 2615 1791 2670 adhuc
1820 2615 1877 2669 in
1907 2615 2038 2670 sede
2067 2614 2210 2670 Petri

605 2707 797 2763 clamat
827 2723 931 2762 vox
971 2706 1154 2761 Marci.
1194 2727 1215 2755 ››
1248 2706 1331 2761 Βε
1377 2704 1713 2759 Antiochena
1756 2711 1937 2776 autem
1966 2701 2209 2759 Ecclesia

606 2803 826 2851 sanctus
881 2793 1226 2850 Innocentius
1268 2793 1337 2846 ad
1383 2791 1752 2847 Alexandrum
1807 2790 2207 2846 Antiochenum

601 2883 917 2955 episcopum
965 2881 1097 2939 dicit
1143 2882 1330 2953 (epist.
1364 2883 1503 2949 20):
1560 2904 1581 2928 ι(
1614 2879 1974 2936 Revolventes
2022 2880 2205 2951 itaque

600 2971 975 3028 auctoritatem
1022 2971 1261 3026 Nicaenae
1308 2968 1520 3041 synodi,
1553 2985 1673 3039 quae
1703 2984 1809 3023 una
1838 2968 2080 3024 omnium
2107 2984 2205 3039 per

602 3060 796 3116 orbem
824 3067 1097 3115 terrarum
1125 3065 1364 3113 mentem
1407 3056 1642 3128 explicat
1684 3057 2047 3123 sacerdotum,
2082 3073 2202 3129 quae

599 3148 811 3204 censuit
836 3148 906 3203 de
935 3147 1269 3202 Antiochena
1299 3145 1550 3202 Ecclesia
1577 3145 1785 3200 cunctis
1828 3143 2100 3211 fidelibus,
2132 3161 2201 3201 ne

597 3235 827 3291 dixerim
875 3235 1289 3305 sacerdotibus,
1332 3251 1454 3290 esse
1496 3234 1863 3290 necessarium
1894 3233 2196 3305 custodire,

594 3339 704 3395 qua
750 3339 914 3394 super
954 3322 1238 3379 dioecesim
1286 3337 1441 3378 suam
1489 3322 1802 3393 praedictam
1854 3320 2159 3377 Ecclesiam
2182 3364 2195 3390 ,

593 3425 704 3467 non
771 3427 936 3482 super
998 3411 1159 3466 alium
1230 3410 1466 3483 aliquam
1530 3409 1867 3480 provinciam
1925 3425 2196 3481 recogno-

590 3500 791 3556 scimus
840 3500 1202 3556 constitutam.
1254 3500 1409 3555 Unde
1458 3498 1792 3554 advertimus
1821 3505 2069 3553 nontam
2096 3492 2195 3569 pro

587 3588 818 3645 civitatis
864 3587 1276 3660 magniﬁcentia
1305 3589 1409 3644 hoc
1440 3587 1618 3644 eidem
1647 3586 1981 3651 attributum,
2032 3601 2195 3658 quam

586 3677 731 3748 quod
786 3676 960 3746 prima
1015 3676 1177 3746 primi
1235 3675 1466 3746 apostoli
1520 3674 1681 3730 sedes
1740 3691 1863 3730 esse
1921 3682 2191 3730 monstre-

587 3771 695 3830 tur,
728 3763 821 3817 ubi
852 3771 904 3817 et
933 3778 1132 3818 nomen
1162 3763 1372 3835 accepit
1399 3763 1593 3835 religio
1637 3763 1957 3828 Christiana,
1990 3770 2044 3817 et
2073 3777 2192 3833 quae

586 3837 911 3909 conventum
941 3851 1313 3922 apostolorum
1344 3850 1491 3921 apud
1522 3866 1582 3904 se
1609 3848 1731 3905 fieri
1774 3850 2190 3906 celeberrimum

582 3940 801 4007 meruit,
833 3954 1061 4010 quaeque
1088 3939 1240 3994 urbis
1270 3940 1458 3995 Romae
1507 3938 1626 3993 sedi
1670 3954 1780 3993 non
1808 3938 2047 4008 cederet,
2083 3940 2188 3995 nisi

582 4027 729 4101 quod
768 4026 857 4081 illa
902 4027 959 4082 in
1004 4027 1229 4082 transitu
1273 4026 1487 4093 meruit,
1538 4026 1644 4082 ista
1689 4035 1997 4098 susceptum
2042 4028 2187 4100 apud

2324 1817 2415 1872 tia.
2440 1816 2574 1886 Quae
2604 1817 2858 1873 videlicet
2883 1818 3070 1888 verba,
3103 1818 3171 1874 de
3201 1817 3416 1889 scriptis
3446 1816 3645 1873 vestris
3674 1825 3927 1888 accepta,
3976 1822 3990 1832 '

2322 1905 2528 1962 idcirco
2558 1906 2613 1961 in
2644 1906 2780 1961 meis
2811 1906 3054 1977 epistolis
3098 1922 3262 1977 pono,
3293 1914 3351 1960 ut
3382 1906 3450 1961 de
3483 1914 3671 1962 sancto
3716 1905 3931 1979 Ignatio

2321 2003 2499 2050 vestra
2542 1996 2815 2051 beatitudo
2861 2003 3157 2068 cognoscat
3205 1995 3329 2067 quia
3376 2010 3485 2051 non
3534 1994 3713 2050 solum
3743 2002 3930 2051 vester

2321 2087 2420 2143 est,
2454 2080 2552 2134 sed
2581 2080 2744 2134 etiam
2782 2087 2987 2135 noster.
3042 2079 3193 2134 Sicut
3239 2079 3386 2135 enim
3432 2078 3760 2151 magistrum
3807 2080 3928 2148 ejus

2318 2167 2690 2237 apostolorum
2744 2168 3046 2239 principem
3102 2168 3368 2223 habemus
3425 2183 3793 2235 communem,
3855 2168 3927 2223 ita

2316 2272 2530 2327 quoque
2552 2256 2797 2325 ejusdem
2816 2256 3075 2327 principis
3105 2256 3430 2327 discipulum
3468 2257 3650 2311 nullus
3669 2264 3922 2312 nostrum

2314 2344 2477 2399 habet
2507 2345 2797 2416 privatum.
2838 2367 2859 2395 »
2896 2346 3052 2401 Hunc
3099 2345 3243 2399 enim
3287 2344 3555 2418 Ignatium
3585 2346 3783 2401 beatus
3814 2346 3924 2402 Pe-

2313 2439 2431 2488 trus
2454 2476 2467 2499 ,
2501 2434 2719 2505 quando
2764 2435 2993 2489 Romam
3041 2433 3225 2505 petiit,
3276 2433 3574 2490 Antiochiae
3602 2450 3705 2505 pro
3736 2452 3798 2491 se
3828 2451 3922 2491 or-

2312 2521 2515 2576 dinavit
2557 2523 2890 2594 episcopum.
2924 2523 2995 2577 Et
3023 2521 3150 2578 licet
3196 2522 3385 2578 beatus
3431 2523 3626 2578 Petrus
3672 2531 3837 2579 antea
3864 2523 3919 2580 in

2309 2610 2596 2667 Antiochia
2625 2611 2844 2677 sederit,
2879 2628 3041 2683 quam
3067 2612 3297 2667 Romam
3329 2611 3555 2678 venerit,
3588 2611 3736 2667 unde
3767 2613 3918 2668 Mar-

2308 2714 2430 2753 cum
2459 2699 2845 2754 Alexandriam
2874 2699 3021 2755 misit
3054 2717 3066 2755 :
3100 2716 3208 2755 non
3240 2708 3419 2755 tamen
3464 2699 3586 2756 ideo
3631 2701 3920 2758 Antiochia

2307 2787 2564 2854 secunda,
2611 2788 2708 2843 sed
2755 2788 2912 2843 tertia
2950 2788 3130 2857 sedes,
3164 2796 3217 2844 et
3245 2787 3615 2844 Alexandrina
3666 2788 3917 2846 Ecclesia

2306 2875 2548 2931 secunda
2591 2877 2751 2931 sedes
2783 2876 2999 2944 dicitur,
3050 2885 3276 2948 propter
3320 2877 3670 2950 privilegium
3724 2878 3915 2933 Evan-

2302 2963 2452 3033 gelii,
2487 2964 2634 3035 quod
2663 2973 2885 3020 sanctus
2915 2967 3133 3021 Marcus
3160 2965 3494 3039 evangelista
3517 2981 3612 3021 ore
3644 2966 3794 3023 Petri
3821 2984 3914 3023 ex-

2302 3052 2443 3122 cepit
2474 3060 2634 3125 atque
2666 3054 3012 3124 conscripsit,
3046 3054 3191 3125 quod
3218 3062 3271 3109 et
3299 3054 3356 3109 in
3383 3054 3720 3111 Alexandria
3764 3073 3914 3127 prae-

2301 3140 2533 3207 dicavit,
2567 3149 2619 3196 et
2655 3142 3082 3198 Alexandrinum
3130 3143 3391 3214 populum
3415 3186 3428 3211 ,
3479 3159 3604 3200 cum
3653 3144 3909 3214 subjectis

2301 3228 2479 3284 eidem
2535 3246 2752 3303 magna:
2799 3230 3003 3287 civitati
3052 3231 3299 3297 urbibus,
3350 3248 3493 3288 verae
3540 3231 3669 3288 ﬁdei
3708 3233 3907 3289 funda-

2297 3326 2481 3374 mento
2512 3317 2775 3388 fundavit,
2809 3319 2947 3375 sicut
2976 3328 3029 3375 et
3059 3329 3276 3376 sanctus
3307 3320 3602 3392 Gregorius
3631 3321 3700 3376 ad
3734 3322 3906 3378 Eulo-

2295 3406 2446 3477 gium
2476 3407 2902 3463 Alexandrinum
2951 3409 3270 3480 episcopum
3318 3408 3460 3465 inter
3488 3417 3689 3466 caetera
3720 3411 3909 3467 scribit

2294 3494 2484 3550 dicens
2514 3496 2633 3566 (lib.
2656 3512 2708 3562 v,
2734 3500 2898 3569 epist.
2922 3499 3012 3569 60)
3037 3515 3050 3552 :
3080 3519 3102 3548 α
3128 3499 3226 3553 Est
3245 3496 3449 3570 aliquid
3477 3498 3624 3570 quod
3652 3514 3756 3555 nos
3779 3516 3905 3572 erga

2291 3582 2715 3639 Alexandrinam
2743 3585 3045 3641 Ecclesiam
3076 3587 3312 3659 quadam
3348 3586 3735 3658 peculiaritate
3767 3605 3899 3645 con-

2291 3671 2529 3744 stringit,
2565 3673 2701 3727 etin
2752 3675 2869 3743 ejus
2916 3688 3102 3731 amore
3150 3675 3435 3747 proniores
3484 3675 3721 3732 existere
3773 3694 3901 3749 spe-

2289 3758 2413 3814 ciali
2463 3761 2866 3831 quodammodo
2914 3762 3038 3834 lege
3086 3762 3379 3834 compellit.
3429 3763 3570 3819 Nam
3615 3764 3758 3820 sicut
3788 3781 3902 3821 om-

2288 3846 2449 3902 nibus
2497 3848 2667 3921 liquet
2709 3851 2855 3921 quod
2903 3852 3091 3907 beatus
3143 3851 3479 3925 evangelista
3525 3854 3745 3909 Marcus
3774 3869 3810 3908 a
3840 3855 3895 3910 S.

2287 3936 2445 3991 Petro
2474 3938 2718 4008 apostolo
2746 3940 3011 4013 magistro
3056 3956 3155 3996 suo
3202 3940 3593 3996 Alexandriam
3618 3940 3686 3996 sit
3717 3950 3896 3998 trans-

2284 4025 2505 4093 missus,
2554 4027 2631 4083 sic
2674 4028 2835 4097 hujus
2880 4045 2981 4085 nos
3029 4029 3279 4102 magistri
3312 4038 3364 4084 et
3394 4029 3645 4102 discipuli
3692 4031 3901 4089 unitate

581 4132 643 4172 se
671 4122 1210 4187 consummatamque
1241 4116 1463 4189 gaudet.
1493 4136 1517 4166 ι
1551 4115 1623 4170 Et
1652 4116 1760 4171 Leo
1791 4116 1861 4171 ad
1894 4116 2184 4173 Maximum
2285 4114 2727 4188 constringimur,
2760 4124 2819 4171 ut
2847 4125 2900 4172 et
2929 4133 3034 4190 ego
3064 4118 3183 4173 sedi
3202 4118 3465 4189 discipuli
3494 4118 3801 4190 presidere
3823 4119 3894 4176 vi-

579 4203 977 4261 Antiochenum
995 4203 1312 4275 episcopum
1332 4203 1520 4277 (epist.
1545 4205 1634 4275 66)
1656 4220 1669 4259 :
1691 4203 1965 4276 «Oportet,
1987 4204 2180 4277 inquit,
2283 4202 2415 4257 dear
2440 4211 2667 4275 propter
2703 4205 3045 4279 magistrum,
3078 4214 3131 4261 et
3160 4222 3259 4263 vos
3289 4206 3404 4262 sedi
3454 4207 3704 4280 magistri
3752 4224 3890 4281 pro-

578 4292 923 4349 dilectionem
971 4300 1120 4348 tuam
1165 4300 1279 4348 toto
1326 4292 1492 4349 corde
1541 4293 1858 4363 conspicere
1888 4294 2041 4362 cujus
2070 4295 2181 4349 Ec-
2280 4298 2400 4360 pter
2426 4292 2771 4364 discipulum.
2806 4294 2891 4350 Ad
2937 4296 3077 4351 hanc
3125 4303 3304 4351 autem
3353 4295 3611 4352 unitatem
3638 4296 3892 4353 cordium

580 4380 764 4437 clesiae
793 4381 1181 4453 gubernaculis
1209 4389 1263 4437 te
1292 4382 1556 4437 Dominus
1585 4382 1753 4438 voluit
1776 4382 2092 4453 praesidere,
2127 4391 2182 4438 et
2280 4380 2441 4435 etiam
2468 4389 2668 4437 vestra:
2697 4383 2992 4438 sanctitatis
3037 4383 3249 4439 meritis
3292 4383 3548 4458 ligamur,
3584 4402 3724 4457 quos
3755 4401 3894 4443 auc—

579 4468 697 4537 ejus
725 4468 1038 4524 meminisse
1068 4469 1329 4525 doctrinae
1359 4485 1518 4541 quam
1544 4469 1850 4541 praecipuus
1894 4470 2177 4541 apostolo-
2199 4470 2252 4530 D
2285 4468 2417 4523 toris
2464 4469 2834 4526 suisalubriter
2876 4471 3031 4544 sequi
3077 4471 3319 4529 instituta
3365 4474 3753 4544 cognoscimus
3778 4518 3793 4542 ,
3840 4482 3895 4530 et

578 4572 699 4613 rum
727 4556 969 4613 omnium
997 4557 1343 4635 beatissimus
1370 4558 1580 4625 Petrus,
1612 4574 1713 4629 per
1743 4565 1913 4613 totum
1956 4559 2177 4631 quidem

577 4646 841 4701 mundum
884 4645 1140 4702 uniformi
1183 4646 1585 4717 praedicatione,
1617 4644 1716 4701 sed
1745 4646 1968 4716 speciali
1996 4648 2176 4720 magi-

576 4734 745 4790 sterio
785 4735 840 4790 in
885 4735 1219 4791 Antiochena
1265 4742 1318 4790 et
1358 4736 1607 4791 Romana
1651 4733 1784 4789 urbe
1824 4733 2085 4803 fundavit,
2118 4745 2177 4793 ut

578 4820 731 4876 illum
754 4820 809 4877 in
838 4838 951 4878 suae
979 4822 1383 4895 glorificationis
1422 4822 1695 4878 domicilio
1731 4823 2173 4894 praeminentem

575 4924 643 4966 ea
670 4909 941 4981 intelligas
970 4928 1260 4981 reposcere
1306 4911 1549 4966 instituta
1595 4927 1715 4982 quae
1761 4910 1998 4979 tradidit,
2032 4914 2174 4970 sicut

571 4998 643 5053 ab
673 4999 793 5070 ipsa
824 5014 984 5070 quam
1013 5000 1296 5056 confessus
1326 5008 1407 5055 est
1435 4999 1662 5056 veritate
1691 5000 1947 5071 suscepit.
1980 5003 2171 5074 Neque

569 5086 683 5144 ullo
706 5088 871 5143 modo
902 5087 1047 5143 sinas
1077 5089 1133 5144 in
1175 5088 1542 5145 Orientalibus
1585 5088 1865 5158 Ecclesiis,
1899 5091 2168 5147 maxime-

565 5192 672 5249 que
699 5176 785 5232 his
815 5192 950 5249 quas
981 5176 1330 5233 Antiochense
1359 5177 1477 5232 sedi
1528 5178 2016 5235 sacratissimorum
2062 5195 2167 5252 pa-

561 5271 704 5320 trum
732 5264 939 5320 Nicaeni
981 5281 1218 5323 canones
1261 5265 1601 5337 deputarunt,
1636 5267 1704 5322 ab
1735 5267 2000 5339 improbis
2048 5270 2167 5325 hae-

557 5352 743 5410 reticis
797 5355 1102 5428 Evangelia
1140 5353 1405 5410 resultari.
1447 5373 1467 5405 ι
1526 5356 1593 5411 Ει
1648 5365 1772 5427 post
1826 5356 2102 5429 aliquanta
2149 5387 2162 5423 ε

562 5463 585 5492 ι
619 5442 854 5513 Dignum
884 5449 966 5497 est
994 5443 1140 5498 enim
1169 5450 1221 5498 te
1251 5443 1565 5514 apostolicae
1594 5444 1712 5500 sedi
1741 5445 1797 5499 in
1826 5445 1928 5501 hac
1955 5445 2164 5501 sollici-

551 5536 736 5593 tudine
767 5553 888 5595 esse
919 5544 1250 5612 consortem,
1284 5545 1339 5597 et
1364 5539 1435 5594 ad
1464 5539 1663 5614 agendi
1702 5538 1955 5596 ﬁduciam
1988 5540 2164 5611 privi-

2279 4572 2495 4628 semper
2522 4557 2592 4613 ad
2621 4559 2873 4632 magistri
2904 4559 2989 4614 sui
3016 4561 3300 4634 gremium,
3332 4562 3476 4618 unde
3520 4561 3632 4619 illic
3679 4562 3892 4633 praedi-

2277 4646 2417 4701 catio
2448 4646 2639 4702 salutis
2688 4656 2878 4703 exorta
2920 4657 3023 4715 est,
3066 4658 3178 4706 tota
3206 4667 3265 4706 se
3296 4649 3547 4707 conferre
3596 4650 3893 4709 devotione

2277 4735 2559 4790 sentimus.
2598 4756 2620 4785 ››
2649 4735 2718 4790 Et
2745 4736 2895 4804 item,
2931 4739 3077 4809 quod
3123 4747 3235 4795 tres
3281 4738 3390 4795 illa;
3437 4740 3620 4807 sedes,
3675 4740 3891 4799 scilicet

2275 4823 2536 4891 Romana,
2586 4824 2972 4897 Alexandrina,
3007 4835 3059 4883 et
3088 4828 3442 4896 Antiochena,
3484 4844 3594 4884 una
3643 4830 3690 4885 si
3735 4831 3887 4887 Petri

2274 4912 2453 4980 sedes,
2469 4912 2537 4968 ad
2552 4914 2801 4971 eumdem
2814 4915 3104 4988 Eulogium
3117 4917 3542 4973 Alexandrinum
3556 4918 3885 4990 episcopum

2272 5002 2457 5057 scribit
2504 5003 2622 5073 (lib.
2656 5019 2731 5070 vr,
2765 5006 2927 5077 epist.
2963 5006 3054 5077 37)
3088 5022 3102 5062 :
3139 5029 3160 5053 «ι
3198 5005 3553 5074 Suavissima,
3601 5006 3883 5080 inquiens,

2269 5090 2401 5145 mihi
2459 5092 2719 5148 sanctitas
2777 5101 2960 5150 vestra
3014 5093 3180 5149 multa
3232 5094 3288 5149 in
3334 5094 3577 5166 epistolis
3635 5096 3751 5151 suis
3811 5096 3886 5152 de

2269 5178 2443 5235 sancti
2471 5180 2841 5251 apostolorum
2885 5182 3150 5254 principis
3196 5182 3342 5239 Petri
3388 5184 3650 5240 cathedra
3695 5184 3884 5243 locuta

2268 5275 2372 5335 est,
2404 5269 2591 5326 dicens
2623 5273 2768 5344 quod
2794 5272 2915 5344 ipse
2941 5272 2999 5328 in
3027 5287 3093 5328 ea
3120 5288 3265 5330 nunc
3293 5290 3466 5346 usque
3496 5273 3552 5329 in
3582 5274 3695 5330 suis
3742 5290 3880 5334 suc-

2266 5358 2580 5414 cessoribus
2601 5360 2805 5417 sedeat.
2838 5360 2909 5417 Et
2939 5360 3159 5433 quidem
3182 5378 3288 5436 ego
3315 5361 3598 5436 indignum
3627 5379 3719 5420 me
3746 5380 3878 5421 esse

2265 5461 2374 5502 non
2422 5448 2597 5504 solum
2642 5447 2699 5504 in
2745 5451 2951 5506 honore
2996 5450 3421 5521 praesidentium,
3455 5452 3553 5507 sed
3599 5452 3766 5509 etiam
3813 5453 3877 5510 in

2264 5562 2494 5606 numero
2541 5547 2797 5604 stantium
2841 5562 3112 5625 agnosco;
3162 5550 3261 5608 sed
3305 5558 3501 5608 cuncta
3548 5567 3668 5624 quae
3717 5550 3872 5609 dicta
