4072 6298
204 274 298 330 337

903 270 1144 329 OPUSC.
1191 272 1283 328 ET
1335 273 1556 331 EPIST.
1615 273 1714 330 IN.
1737 273 1964 332 CAUSA
2009 274 2354 331 HINCMARI
2409 277 2714 334 LAUDUN.

3399 281 3503 338 338

207 405 324 453 sunt
351 396 410 451 in
439 411 508 452 eo
535 395 770 452 libenter
809 397 1017 469 accepi,
1070 398 1219 469 quod
1264 398 1354 453 ille
1399 398 1532 454 mihi
1561 397 1630 454 de
1659 397 1799 454 Petri
1821 399 1878 460 A
1906 415 2191 456 excessum
2246 400 2586 456 notissimum
2645 401 2944 457 secundum
2988 404 3208 476 regulas
3257 404 3500 473 reclusit,

206 485 457 542 cathedra
485 485 700 541 locutus
731 493 832 554 est,
883 485 973 558 qui
1013 487 1159 542 Petri
1203 487 1516 543 cathedram
1547 495 1710 554 tenet,
1749 496 1801 544 et

205 591 319 632 cum
348 590 440 629 me
470 574 728 646 specialis
756 575 931 630 honor
978 575 1128 630 nullo
1168 576 1334 631 modo
1362 575 1609 642 delectet,
1641 576 1800 632 valde

203 671 379 720 tamen
406 663 616 717 laetatus
647 679 787 730 sum,
821 661 944 736 quia
989 679 1088 718 vos
1133 663 1460 734 sanctissimi
1490 665 1637 736 quod
1667 665 1799 720 mihi

199 751 970 824 impendistis,vobismetipsis
989 751 1235 807 dedistis.
1261 750 1394 822 Quis
1415 753 1560 807 enim
1590 753 1798 809 nesciat

199 849 442 898 sanctam
471 841 782 896 Ecclesiam
819 841 874 896 in
917 840 1286 912 apostolorum
1315 841 1578 913 principis
1609 843 1796 899 solidi-

195 938 300 986 tate
329 928 730 996 conﬁrmatam,
793 929 887 1002 qui
945 928 1257 984 ﬁrmitatem
1300 929 1497 985 mentis
1544 931 1704 986 traxit
1740 932 1795 986 in

197 1017 435 1085 nomine,
469 1025 528 1072 ut
555 1019 747 1074 Petrus
791 1034 826 1073 a
866 1025 1026 1089 petra
1071 1025 1378 1084 vocaretur,
1425 1019 1512 1075 cui
1539 1019 1794 1076 Veritatis

195 1123 326 1164 voce
383 1106 583 1163 dicitur
624 1124 638 1161 :
693 1106 810 1162 Tibi
864 1107 1000 1162 dabo
1061 1109 1244 1164 claves
1309 1109 1469 1179 regni
1525 1109 1794 1165 caelorum

192 1195 410 1266 (Matth.
443 1197 570 1265 xvr)
611 1214 624 1262 ;
655 1199 714 1251 et
742 1199 806 1251 tu
853 1196 1158 1268 aliquando
1187 1213 1487 1252 conversus
1517 1198 1793 1267 conﬁrma

195 1287 406 1356 fratres
440 1289 565 1341 tuos
594 1284 748 1356 (Luc.
772 1285 955 1354 xxn);
989 1292 1042 1340 et
1059 1284 1251 1339 iterum
1277 1303 1290 1340 :
1319 1287 1511 1342 Simon
1531 1287 1786 1355 Joannis,

194 1390 348 1428 amas
380 1389 473 1428 me
498 1377 523 1428 ?
550 1375 724 1429 Pasce
751 1388 876 1429 oves
904 1389 1058 1428 meas
1089 1373 1272 1444 (Joan.
1297 1375 1442 1445 xxx).
1477 1375 1556 1429 Ita
1585 1382 1636 1429 et
1667 1389 1790 1430 cum

193 1460 342 1516 multi
373 1461 482 1516 sint
513 1461 766 1532 apostoli,
800 1476 902 1532 pro
932 1461 1051 1531 ipso
1097 1469 1279 1517 tamen
1309 1462 1635 1533 principatu,
1670 1463 1790 1518 sola

189 1549 557 1622 apostolorum
589 1549 853 1621 principis
884 1549 1046 1605 sedes
1073 1549 1128 1606 in
1149 1551 1468 1606 auctoritate
1489 1551 1782 1621 convaluit,

189 1655 304 1713 qua:
333 1639 392 1692 in
423 1638 592 1694 tribus
625 1637 761 1694 locis
789 1638 949 1696 unius
996 1646 1097 1694 est.
1146 1640 1269 1710 Ipse
1299 1639 1444 1694 enim
1476 1640 1787 1696 sublimavit

1901 495 2027 558 post
2071 487 2297 561 dignam
2341 488 2770 545 satisfactionem
2817 490 3044 545 restituit
3073 509 3086 545 :
3121 492 3256 548 sicut
3285 501 3339 549 et
3367 493 3502 550 mihi

1901 576 2222 632 decessores
2253 576 2326 632 tui
2355 577 2576 634 Simeon
2620 586 2673 633 et
2717 578 3010 644 Pardulus,
3043 579 3130 634 cui
3160 581 3495 652 successisti,

1900 663 2258 719 exhibuerunt
2311 681 2486 737 usque
2543 666 2612 720 ad
2669 675 2816 721 tuam
2869 666 3240 737 praelationem
3265 712 3278 734 ,
3333 685 3496 742 quem

1899 752 2224 808 Rhemensis
2253 753 2503 809 Ecclesia
2530 753 2600 808 ab
2628 753 2782 826 ipsis,
2825 762 2881 809 ut
2909 753 2981 809 ita
3011 754 3206 821 dicam,
3239 758 3490 814 cunabu-

1897 839 1965 894 lis
2005 840 2151 897 dulci
2209 841 2542 914 benignitate
2595 841 2837 908 nutrivit,
2897 850 2950 898 et
3009 843 3208 914 pannis
3256 843 3493 902 infantiae

1895 928 2026 983 eluit
2055 937 2216 1000 atque
2272 931 2436 996 exuit,
2489 938 2542 985 et
2584 931 2651 985 ad
2698 930 2878 986 virum
2921 931 3196 1001 perduxit,
3231 939 3395 1004 atque
3419 934 3488 991 ad

1896 1016 2270 1088 episcopatum
2301 1018 2568 1089 provexit.
2603 1019 2684 1074 De
2715 1034 2822 1090 quo
2851 1035 2994 1075 nunc
3009 1035 3109 1090 per
3136 1022 3231 1075 ora
3261 1020 3365 1075 sibi
3387 1037 3496 1078 ser-

1894 1105 2154 1160 vientium
2180 1121 2303 1162 cum
2344 1106 2595 1178 suspiriis
2639 1123 2704 1162 ac
2746 1107 3038 1178 gemitibus
3077 1107 3206 1164 dicit
3239 1126 3251 1162 :
3285 1109 3366 1164 Ex
3395 1125 3495 1166 no-

1895 1193 1978 1248 bis
2010 1194 2156 1261 exiit,
2190 1195 2289 1249 sed
2318 1209 2426 1250 non
2457 1203 2572 1250 erat
2601 1211 2668 1250 ex
2695 1195 2887 1262 nobis;
2938 1195 2985 1250 si
3032 1195 3175 1252 enim
3204 1195 3398 1252 fuisset
3427 1214 3494 1255 ex

1892 1282 2069 1351 nobis,
2099 1283 2496 1354 permansisset
2539 1284 2723 1356 utique
2773 1284 3080 1340 nobiscum.
3112 1285 3183 1339 Et
3211 1286 3495 1343 attendens

1893 1370 2126 1441 qualiter
2155 1371 2398 1442 episcopi
2428 1371 2705 1427 civitatum
2736 1388 2846 1427 suae
2873 1372 3186 1443 provinciae,
3213 1389 3352 1444 quos
3380 1389 3490 1431 non

1889 1457 2126 1523 nutrivit,
2159 1459 2257 1513 sed
2286 1459 2610 1529 regulariter
2652 1459 2934 1525 ordinavit,
2985 1459 3036 1515 ei
3069 1460 3420 1534 benignitatis
3440 1469 3494 1518 et

1889 1545 2201 1600 humilitatis
2245 1554 2406 1618 atque
2453 1547 2778 1603 obedientiaa
2831 1547 3146 1618 impendant
3202 1549 3483 1622 obsequia,

1889 1634 2017 1690 dicit
2049 1653 2062 1689 :
2095 1635 2335 1706 Populus
2381 1652 2544 1707 quem
2585 1652 2694 1691 non
2737 1636 2972 1708 cognovi
3015 1636 3182 1694 servit
3228 1637 3380 1720 mihi,
3427 1638 3484 1694 in

187 1728 391 1792 sedem,
427 1727 480 1781 in
510 1743 614 1798 qua
645 1727 811 1782 etiam
841 1727 1127 1798 quiescere
1157 1735 1212 1783 et
1239 1728 1588 1798 praesidendo
1618 1729 1782 1784 vitam
1804 1755 1856 1813 B
1885 1723 2071 1778 auditu
2099 1723 2246 1778 auris
2279 1723 2463 1780 obedit
2492 1725 2625 1779 mihi
2659 1743 2672 1779 :
2704 1723 2846 1779 ﬁlius
2886 1732 3066 1780 autem
3095 1725 3304 1782 alienus
3333 1722 3488 1784 men-

187 1815 340 1871 ﬁnire
371 1815 635 1889 dignatus
693 1823 793 1871 est.
852 1817 976 1887 Ipse
1022 1817 1304 1872 decoravit
1347 1817 1555 1884 sedem,
1588 1817 1642 1871 in
1674 1834 1783 1889 qua
1805 1811 1848 1813 _
1885 1811 2014 1866 titus
2043 1820 2126 1867 est
2153 1811 2303 1880 mihi,
2337 1811 2483 1866 ﬁlius
2509 1812 2717 1867 alienus
2745 1813 3062 1868 inveteravit
3091 1813 3267 1885 (Psal.
3309 1815 3475 1888 xvu),

187 1904 582 1976 evangelistam
613 1903 941 1975 discipulum
971 1905 1135 1959 misit.
1161 1906 1284 1976 Ipse
1313 1903 1542 1961 ﬁrmavit
1573 1906 1780 1972 sedem,

186 1994 238 2047 in
265 2009 376 2066 qua
407 2000 618 2064 septem
646 1993 802 2047 annis
833 1992 1082 2064 quamvis
1099 1993 1442 2050 discessurus
1463 1993 1620 2049 sedit.
1647 1995 1782 2049 Cum

185 2098 314 2156 ergo
343 2081 510 2136 unius
543 2089 705 2153 atque
733 2098 838 2136 una
888 2081 955 2136 sit
997 2081 1178 2148 sedes,
1225 2083 1312 2137 cui
1359 2099 1427 2138 ex
1458 2082 1780 2139 auctoritate

185 2171 364 2226 divina
393 2177 510 2225 tres
539 2186 684 2225 nunc
731 2170 974 2241 episcopi
1017 2171 1332 2241 prmsident,
1381 2171 1642 2244 quidquid
1673 2187 1779 2244 ego

185 2259 249 2315 de
277 2259 437 2314 vobis
467 2259 598 2313 boni
646 2259 829 2325 audio,
879 2259 984 2315 hoc
1033 2259 1166 2332 mihi
1194 2260 1438 2332 imputo;
1475 2260 1520 2314 si
1551 2261 1681 2331 quid
1710 2261 1778 2316 de

183 2364 265 2404 me
293 2347 425 2403 boni
456 2347 700 2417 creditis,
733 2349 836 2402 hoc
865 2348 1062 2402 vestris
1099 2329 1307 2404 meritis
1337 2329 1618 2420 imputate,
1653 2349 1777 2421 quia

183 2436 234 2492 in
262 2437 355 2492 illo
385 2453 555 2492 unum
588 2452 776 2491 sumus
825 2435 918 2508 qui
947 2435 1021 2491 ait
1055 2454 1068 2490 :
1107 2439 1172 2495 Ut
1200 2453 1393 2493 omnes
1423 2455 1605 2493 unum
1634 2439 1772 2505 sint,

183 2527 330 2581 sicut
347 2530 405 2581 et
427 2529 510 2590 tu,
537 2527 726 2591 Pater,
759 2526 827 2580 in
861 2541 950 2580 me
985 2529 1042 2580 et
1070 2542 1166 2596 ego
1211 2526 1276 2581 in
1306 2530 1377 2591 te,
1407 2530 1473 2582 ut
1510 2530 1565 2582 et
1580 2527 1694 2598 ipsi
1712 2527 1774 2582 in

182 2615 332 2670 nobis
352 2631 538 2670 unum
567 2613 689 2668 sint
719 2615 899 2684 (Joan.
923 2614 1085 2684 xvn).

248 2702 304 2758 Si
335 2718 494 2776 ergo,
525 2701 711 2768 frater,
743 2701 1030 2757 immemor
1071 2701 1460 2758 beneﬁciorum
1498 2718 1528 2756 a
1559 2717 1646 2758 me
1675 2703 1772 2758 tibi

180 2791 545 2864 impensorum
603 2790 820 2859 oblitus,
879 2791 1172 2846 adversum
1219 2807 1306 2846 me
1349 2791 1616 2847 rebellare
1663 2807 1772 2847 non

177 2881 347 2946 times,
381 2880 512 2935 time
553 2887 736 2934 tamen
785 2879 1050 2935 rebellare
1101 2880 1364 2935 adversus
1409 2880 1629 2935 beatum
1659 2882 1772 2937 Re-

176 2969 416 3042 migium,
452 2967 543 3040 qui
573 2967 710 3024 sicut
737 2967 900 3022 modo
931 2967 1150 3037 audisti,
1183 2985 1328 3025 nunc
1359 2985 1533 3041 usque
1571 2969 1626 3023 in
1657 2969 1770 3023 suis

177 3057 582 3114 successoribus
615 3055 1079 3129 qualibuscunque
1111 3057 1300 3124 sedet;
1351 3065 1402 3112 et
1449 3057 1577 3130 quia
1608 3057 1769 3114 sedes

178 3147 315 3202 illius
364 3154 466 3211 est,
515 3145 571 3200 in
619 3161 726 3217 qua
774 3145 985 3200 resides
1025 3162 1091 3200 ex
1139 3146 1452 3202 auctoritate
1482 3147 1682 3214 divina,
1715 3154 1768 3202 et

175 3233 339 3306 ipsius
367 3234 517 3290 beati
545 3233 781 3304 Remigii
823 3233 1173 3306 benignitate,
1219 3235 1358 3288 inter
1407 3235 1588 3300 sedes,
1621 3236 1766 3306 quod

174 3333 322 3379 antea
363 3339 474 3379 non
520 3322 710 3388 fuerat,
755 3331 1060 3394 computata
1091 3341 1103 3377 :
1138 3323 1398 3395 quidquid
1439 3325 1506 3378 de
1535 3339 1642 3390 me,
1675 3323 1766 3396 qui

174 3413 332 3468 sedeo
361 3412 420 3466 in
447 3412 580 3467 sede
609 3411 771 3478 illius,
806 3411 934 3466 boni
965 3411 1138 3478 audis,
1164 3411 1258 3466 tibi
1278 3411 1542 3482 imputare
1571 3412 1759 3478 debes,

173 3502 293 3573 quia
343 3499 608 3574 quidquid
663 3500 731 3554 de
778 3508 832 3555 te
885 3499 1014 3554 boni
1059 3500 1240 3568 audio,
1289 3500 1421 3554 mihi
1453 3500 1678 3571 imputo,
1713 3509 1764 3556 et

170 3589 427 3662 quidquid
482 3589 551 3644 de
602 3597 654 3644 te
701 3587 981 3643 sinistrum
1027 3589 1208 3654 audio,
1260 3605 1370 3644 non
1398 3597 1601 3644 tantum
1635 3590 1760 3658 tuis,

172 3679 262 3734 sed
285 3687 337 3734 et
362 3678 505 3734 meis
529 3676 773 3748 peccatis
801 3677 1008 3748 imputo
1049 3694 1150 3748 per
1178 3679 1328 3748 cujus
1357 3694 1554 3732 manus
1583 3678 1762 3750 impo-

170 3767 413 3822 sitionem
456 3766 559 3821 Dei
590 3765 796 3835 judicio
825 3773 878 3821 te
907 3766 963 3820 in
990 3766 1084 3821 illa
1114 3767 1244 3821 sede
1274 3766 1516 3822 residere
1549 3782 1760 3837 cogno-

168 3871 278 3912 sco.
311 3855 514 3912 Desine
543 3871 677 3928 ergo
707 3854 774 3908 ab
805 3871 872 3910 ea
899 3871 1061 3928 quam
1091 3855 1283 3926 cepisti
1331 3856 1527 3911 mentis
1556 3856 1761 3928 impro-

167 3943 344 4015 bitate,
389 3953 440 4001 et
489 3959 709 3999 assume
752 3943 952 3999 mentis
999 3944 1352 4000 humilitatem
1399 3961 1524 4001 cum
1561 3945 1759 4000 virtute

166 4043 363 4091 sancta:
391 4033 736 4099 obedientiae,
770 4041 827 4088 ut
855 4033 910 4088 in
956 4033 1050 4089 illo
1097 4051 1262 4089 unum
1293 4033 1480 4100 simus,
1515 4033 1606 4105 qui
1635 4033 1709 4089 ait
1741 4053 1758 4088 :

172 4125 236 4180 Ut
247 4140 436 4180 omnes
465 4139 650 4179 unum
663 4123 798 4188 sint,
820 4123 970 4178 sicut
985 4126 1044 4178 et
1062 4127 1143 4188 tu,
1176 4126 1367 4189 Pater,
1390 4125 1452 4180 in
1482 4139 1571 4178 me
1591 4127 1648 4178 et
1665 4139 1758 4194 ego

163 4213 228 4267 in
257 4217 309 4268 te
339 4230 353 4266 :
377 4217 442 4268 ut
467 4216 525 4268 et
547 4212 659 4284 ipsi
683 4213 748 4266 in
771 4211 927 4268 nobis
951 4229 1132 4267 unum
1153 4211 1290 4267 sint.
1317 4210 1587 4280 Quoniam
1618 4211 1759 4266 sicut

161 4308 213 4355 et
241 4317 305 4356 ex
333 4301 518 4357 verbis
548 4300 864 4372 apostolicae
881 4300 1026 4355 sedis
1049 4299 1264 4366 audisti,
1289 4299 1415 4355 licet
1437 4301 1631 4354 harum
1652 4300 1756 4353 Ec-

159 4388 464 4458 clesiarum,
500 4389 882 4445 Alexandrinae
911 4389 1118 4445 scilicet
1149 4398 1201 4444 et
1221 4388 1589 4452 Antiochenaz,
1617 4403 1758 4458 pra:-

1884 1907 2138 1964 videlicet
2167 1908 2295 1981 quia
2326 1909 2470 1982 quod
2499 1911 2612 1983 agit
2639 1910 2710 1965 ad
2749 1909 3024 1965 hominem
3059 1919 3328 1966 vetustum
3359 1928 3486 1984 per-

1883 1998 2031 2064 tinet,
2066 2006 2120 2053 et
2147 1998 2415 2054 claudicat
2463 2014 2494 2053 a
2536 1997 2742 2054 semitis
2793 1997 2924 2064 suis,
2970 2015 3104 2071 quas
3132 1999 3188 2054 in
3217 1999 3483 2055 mandatis

1881 2085 2099 2141 Domini
2155 2102 2254 2157 per
2305 2086 2657 2142 humilitatem
2711 2094 2764 2142 et
2808 2086 3170 2142 obedientiam
3228 2088 3485 2144 debuerat

1883 2189 2122 2240 currere,
2187 2183 2240 2229 et
2287 2191 2510 2229 sumens
2565 2175 2864 2230 lamentum
2920 2175 3139 2230 Domini
3182 2176 3251 2231 de
3295 2175 3474 2230 Isaia:

1879 2264 2111 2328 Filium,
2137 2262 2330 2334 inquit,
2351 2264 2571 2318 nutrivi
2587 2267 2644 2318 et
2662 2264 2936 2329 cxaltavi,
2963 2265 3082 2336 ipse
3103 2267 3298 2320 autem
3326 2280 3483 2337 sper-

1877 2353 1972 2406 nit
1996 2367 2086 2406 me
2117 2351 2248 2423 (Isa.
2283 2351 2346 2422 ι).
2377 2352 2446 2404 Et
2476 2351 2601 2406 licet
2639 2359 2694 2406 tu
2737 2351 2840 2406 hoc
2887 2350 3022 2407 forte
3068 2367 3176 2408 non
3207 2351 3478 2425 recogites

1878 2455 2056 2511 neque
2087 2439 2301 2509 timeas,
2336 2446 2512 2496 certus
2541 2447 2721 2494 tamen
2759 2455 2882 2495 esse
2918 2447 3076 2510 potes
3106 2439 3231 2510 quia
3259 2447 3476 2495 sanctus

1876 2527 2156 2598 Remigius
2184 2543 2214 2581 a
2245 2536 2296 2582 te
2327 2535 2580 2598 reposcat
2598 2527 2653 2581 in
2669 2535 2967 2598 conspectu
2983 2527 3201 2583 Domini
3217 2528 3472 2584 obedien-

1875 2615 2006 2670 tiam
2035 2615 2453 2687 dependendum
2503 2615 2616 2670 suis
2649 2615 3162 2681 suceessoribus,.et
3193 2615 3299 2670 tuis
3326 2632 3474 2686 prae-

1873 2704 2085 2775 positis,
2121 2720 2282 2775 quam
2309 2703 2537 2758 instituit
2567 2703 2786 2776 quando
2820 2703 2875 2758 in
2905 2704 3100 2759 eodem
3133 2703 3380 2769 castello,
3412 2703 3469 2758 in

1873 2809 1981 2864 quo
2013 2792 2293 2847 ordinatus
2339 2808 2418 2858 es,
2471 2791 2812 2848 consecravit
2859 2791 3197 2862 episcopum,
3232 2791 3375 2848 sicut
3403 2791 3478 2848 de

1871 2881 2052 2937 verbis
2081 2881 2220 2936 beati
2247 2880 2443 2936 Leonis
2493 2881 2563 2935 ad
2606 2879 2895 2935 Maximum
2925 2880 3320 2936 Antiochenum
3349 2880 3470 2951 epi-

1871 2985 2098 3040 scopum
2129 2987 2143 3024 :
2175 2969 2456 3041 Proeposui
2483 2969 2698 3024 beatum
2718 2969 2951 3034 Petrum,
2977 2967 3031 3022 in
3058 2985 3172 3025 suae
3199 2967 3471 3040 gloriﬁca-

1869 3059 2032 3114 tionis
2045 3057 2318 3113 domicilio
2333 3057 2799 3129 praeminentem,
2816 3073 2881 3112 ea
2899 3071 3184 3127 reposcere
3200 3056 3462 3126 instituta,

1869 3164 1991 3218 quae
2031 3147 2086 3200 in
2142 3145 2422 3202 Antiochia
2479 3144 2718 3202 tradidit.
2778 3147 3049 3211 Attamen,
3099 3144 3254 3211 velis,
3305 3144 3465 3213 nolis,

1869 3243 2088 3290 sanctus
2117 3233 2406 3289 Ilormisda
2434 3249 2576 3304 papa
2604 3233 2702 3288 tibi
2748 3233 2996 3289 ostendet
3022 3235 3310 3304 primatem
3339 3248 3463 3288 esse

1867 3323 2024 3392 hujus
2053 3322 2343 3394 provinciae
2373 3322 2528 3376 illum
2558 3322 2650 3393 qui
2669 3321 2726 3376 in
2743 3322 2872 3377 sede
2889 3319 3037 3376 beati
3061 3321 3298 3394 Remigii
3317 3320 3466 3392 apud

1865 3411 2196 3467 Rhemorum
2265 3409 2606 3481 metropolim
2673 3419 2756 3466 est
2809 3410 3090 3465 ordinatus
3147 3409 3457 3480 episcopus.

1864 3500 1952 3556 Ait
1979 3499 2124 3555 enim
2153 3499 2207 3554 in
2239 3499 2465 3571 epistola
2493 3499 2562 3554 ad
2593 3515 2717 3554 eum
2753 3497 2954 3554 directa
2989 3515 3001 3552 :
3041 3519 3062 3548 α
3095 3497 3460 3552 Dilectissimo

1863 3589 2010 3644 fratri
2041 3588 2290 3660 Remigio
2321 3587 2624 3643 Hormisda.
2673 3586 2984 3658 Suscipiens
3021 3586 3181 3656 plena
3211 3584 3460 3641 fraterni-

1864 3677 1984 3731 tatis
2014 3686 2121 3733 tuaa
2147 3677 2610 3748 congratulatione
2640 3675 2931 3746 colloquia,
2977 3673 3172 3746 quibus
3201 3689 3302 3728 nos
3331 3690 3458 3747 ger-

1862 3781 2041 3822 manae
2077 3765 2262 3820 salutis
2311 3774 2414 3821 tuae
2459 3763 2745 3821 laetiﬁcavit
2782 3763 3002 3834 indicio,
3035 3763 3305 3834 corporali
3334 3778 3459 3819 cum

1865 3854 2192 3926 spiritalibus
2232 3853 2424 3911 ofﬁciis
2473 3853 2839 3910 incolumitate
2871 3851 3122 3922 subnixo,
3155 3867 3454 3924 congruum

1861 3959 1984 3998 esse
2013 3943 2405 4014 perspeximus,
2430 3943 2569 3998 hanc
2593 3943 2788 4014 ipsam,
2814 3957 2978 4014 quam
2996 3948 3177 3996 mente
3192 3941 3456 4012 gerimus,

1859 4031 2044 4088 verbis
2071 4032 2278 4102 aperire
2309 4031 2567 4086 laetitiam.
2592 4031 2724 4102 Agis
2745 4030 2890 4085 enim
2911 4029 3106 4084 summi
3134 4029 3460 4084 documenta

1859 4119 2152 4192 pontiﬁcis,
2185 4120 2313 4174 dum
2344 4127 2397 4174 et
2425 4119 2771 4188 praedicanda
2812 4117 2964 4183 facis,
2997 4125 3052 4173 et
3081 4133 3143 4171 ea
3175 4116 3456 4172 insinuare

1860 4224 1968 4263 non
1996 4207 2200 4262 diﬂ‘ers.
2235 4207 2652 4278 Praerogativam
2695 4205 2862 4276 igitur
2907 4205 2976 4259 de
3003 4203 3172 4258 nostri
3204 4203 3445 4274 sumpsi-

1859 4313 1981 4351 mus
2011 4295 2274 4350 electione
2323 4294 2530 4364 judicii,
2565 4294 2780 4366 quando
2809 4292 2864 4347 id
2907 4299 3187 4362 operatum
3236 4299 3288 4346 te
3335 4307 3458 4360 esse

1859 4385 2166 4450 didicimus,
2200 4383 2346 4456 quod
2374 4383 2583 4438 caeteris
2625 4381 2900 4455 agendum
2947 4379 3196 4436 obnixius
3221 4379 3460 4452 impera-

161 4477 306 4533 suies
337 4478 476 4534 beati
504 4479 651 4533 Petri
685 4479 846 4534 sedes
875 4486 1062 4534 tenere
1109 4494 1169 4534 se
1219 4485 1573 4549 cognoscant,
1608 4475 1753 4549 quod
1773 4475 1826 4534 D
1857 4489 1998 4544 mus,
2031 4481 2087 4528 ut
2119 4473 2173 4528 in
2203 4472 2496 4544 provinciis
2535 4479 2677 4527 tanta
2724 4470 3117 4543 longinquitate
3148 4469 3450 4538 disjunctis,

159 4575 210 4622 et
240 4567 468 4622 Romani
494 4566 778 4640 pontiﬁces
810 4575 1150 4634 attestantur,
1176 4583 1284 4622 non
1307 4575 1483 4622 tamen
1513 4566 1754 4621 subditas

161 4657 376 4712 easdem
425 4657 590 4713 sedes
645 4656 903 4712 Romanae
957 4656 1074 4711 sedi
1127 4656 1400 4728 denegant
1424 4698 1437 4725 ,
1496 4671 1598 4712 nec
1650 4655 1755 4726 ipsi

158 4743 403 4802 Romano
427 4743 669 4816 pontiﬁci
699 4745 856 4802 subdi
885 4745 1050 4800 modo
1079 4745 1318 4817 quolibet
1347 4745 1714 4815 dedignantur
1737 4765 1751 4813 ;

158 4850 264 4890 nec
291 4834 366 4890 tui
394 4835 718 4890 decessores
749 4851 810 4889 ac
839 4835 1273 4906 praedecessores
1292 4833 1448 4889 subdi
1471 4833 1754 4905 dedignati

157 4931 283 4977 sunt
308 4923 637 4979 Rhcmorum
668 4923 958 4995 episcOpis,
981 4931 1033 4978 et
1056 4923 1124 4978 de
1142 4923 1304 4978 rebus
1325 4923 1588 4980 Ecclesiae
1616 4923 1753 4978 Rhe-

154 5027 364 5069 morum
419 5012 738 5084 metropolis
789 5012 859 5067 de
907 5011 1102 5084 quibus
1141 5012 1362 5067 ditatum
1406 5019 1489 5067 cst
1533 5011 1752 5083 episco-

153 5101 305 5172 pium
333 5102 713 5168 Laudunense,
751 5102 968 5173 quando
997 5101 1050 5156 in
1078 5101 1254 5174 ipsam
1291 5109 1555 5157 venerunt
1583 5115 1752 5172 paro-

151 5190 350 5259 chiam,
396 5190 673 5246 humiliter
729 5206 796 5246 ac
849 5191 1086 5262 benigne
1139 5189 1434 5246 Rhemensi
1489 5190 1753 5246 Ecclesiae

148 5277 420 5348 famulari,
455 5296 522 5336 ex
553 5293 661 5352 quo
707 5279 900 5335 beatus
947 5278 1228 5350 Remigius
1276 5285 1527 5334 sanctum
1567 5279 1753 5335 Gene-

151 5367 390 5423 baudum
416 5369 471 5423 in
502 5368 849 5424 Laudunensi
895 5368 1117 5425 castello
1165 5367 1480 5439 episcopum
1518 5383 1627 5423 non
1657 5383 1752 5424 so-

147 5456 263 5512 lum
299 5456 589 5526 constituit,
622 5457 720 5513 sed
752 5457 930 5524 etiam,
982 5465 1042 5512 ut
1071 5457 1308 5514 ostendit
1335 5455 1553 5528 antiqua
1583 5457 1752 5512 tradi-

148 5554 246 5623 tio,
307 5563 356 5610 et
399 5555 791 5614 monimentum
847 5555 1187 5627 reclusionis,
1231 5569 1338 5630 qua
1379 5569 1500 5612 eum
1530 5563 1755 5627 propter

1853 4571 1907 4620 et
1937 4561 2248 4634 apostolica)
2280 4561 2426 4618 sedis
2455 4561 2718 4633 vigorem,
2774 4568 2826 4615 et
2867 4567 3076 4631 patrum
3104 4557 3308 4629 regulis
3337 4564 3454 4611 stu-

1856 4653 1986 4708 deas
2015 4652 2276 4708 adhibere
2306 4651 2631 4706 custodiam.
2666 4650 2826 4706 Vices
2875 4649 3056 4718 itaque
3100 4654 3310 4700 nostras
3355 4661 3454 4716 per

1855 4758 2016 4796 omne
2068 4757 2296 4814 regnum
2343 4740 2526 4796 dilecti
2564 4747 2617 4794 et
2644 4736 2896 4810 spiritalis
2924 4734 3018 4788 filii
3047 4732 3216 4788 nostri
3245 4733 3450 4788 Clodo-

1853 4831 1960 4896 vei,
2019 4846 2182 4902 quem
2237 4845 2442 4901 nuper,
2499 4825 2917 4883 adminiculante
2973 4837 3204 4893 superna
3251 4822 3446 4895 gratia,

1853 4918 2101 4990 plurimis
2155 4927 2207 4972 et
2253 4917 2619 4988 apostolorum
2677 4911 3012 4983 temporibus
3053 4909 3450 4983 aaquiparandis

1855 5007 2134 5080 signorum
2163 5006 2437 5062 miraculis
2471 5001 2911 5075 praedicationem
2949 4998 3284 5056 salutiferam
3311 5016 3448 5056 con-

1855 5095 2256 5162 comitantibus,
2287 5095 2356 5149 ad
2383 5093 2545 5148 ﬁdem
2589 5106 2711 5146 cum
2767 5097 2930 5161 gente
2973 5089 3184 5162 integra
3208 5103 3448 5146 conver-

1855 5185 1984 5252 tisti,
2019 5193 2072 5240 et
2099 5183 2232 5240 sacri
2291 5184 2436 5238 dono
2482 5178 2822 5250 baptismatis
2880 5177 3233 5243 consecrasti,
3284 5177 3449 5233 salvis

1853 5272 2157 5346 privilegiis
2213 5287 2334 5342 quae
2387 5267 2812 5340 metropolitanis
2856 5266 3095 5324 decrevit
3137 5265 3446 5338 antiquitas,

1854 5361 2111 5434 praesenti
2168 5357 2485 5414 auctoritate
2534 5356 2938 5425 committimus,
2992 5362 3257 5426 augentes
3287 5352 3450 5409 studii

1855 5451 2015 5520 hujus
2043 5447 2450 5519 participatione
2488 5445 2790 5512 ministerii,
2827 5444 3164 5518 dignitatem,
3197 5443 3452 5498 relevan-

1855 5558 1938 5607 tes
1994 5554 2206 5603 nostras
2262 5545 2506 5615 ejusdem
2555 5545 2797 5602 remedio
2835 5541 3254 5617 dispensationis
3282 5555 3450 5596 excu-
