4072 6342
575 375 678 428 339

1497 361 1841 420 HINCMARI
1893 333 2294 418 RHEMENSIS
2352 357 2901 416 ARCHIEPISCOPI.

3777 355 3883 411 340

573 495 712 552 bias.
737 493 806 549 Et
835 491 961 548 licet
991 493 1060 548 de
1089 489 1321 564 singulis
1337 505 1448 546 non
1463 488 1712 559 indigeas
1739 487 1979 555 edoceri,
2013 502 2046 542 a
2066 501 2174 558 quo
2195 486 2254 548 A
2283 489 2340 543 et
2366 491 2542 553 orate,
2578 501 2650 542 ne
2670 483 2902 540 intretis
2929 485 2993 540 in
3037 483 3414 539 tentationem
3453 472 3676 554 (Matth.
3709 497 3880 549 xxvi,

567 584 682 654 jam
711 579 1068 654 probavimus
1121 579 1331 636 acutius
1386 577 1638 634 universa
1681 575 1908 646 servari,
1959 574 2172 647 gratius

573 680 756 728 tamen
787 687 911 727 esse
942 669 1101 737 solet,
1136 669 1183 723 si
1211 667 1370 724 ituris
1415 675 1619 722 trames
1665 665 1987 730 ostenditur,
2013 672 2065 719 et
2094 663 2174 718 la-

574 760 848 818 boraturis
874 757 1098 828 injuncti
1127 757 1310 828 operis
1339 756 1516 812 forma
1543 763 1898 810 monstratur.
1916 754 2173 808 Paternas

575 848 742 920 igitur
769 847 1006 922 regulas,
1039 855 1093 902 et
1120 846 1338 903 decreta
1385 843 1744 901 sanctissimis
1784 841 2015 898 diﬁnita
2042 856 2174 896 con-

577 937 718 996 ciliis
749 937 817 992 ab
837 936 1090 992 omnibus
1136 935 1410 991 servanda
1445 933 1784 988 mandamus.
1819 932 1881 985 In
1908 931 1994 986 his
2026 928 2172 1001 vigi-

583 1025 810 1083 lantiam
837 1031 1004 1092 tuam,
1035 1024 1090 1079 in
1120 1023 1204 1079 his
1233 1038 1422 1080 curam
1461 1029 1515 1077 et
1561 1021 1818 1077 fraternae
1842 1019 2050 1076 monita
2077 1035 2177 1073 ex-

581 1113 904 1171 hortationis
950 1111 1302 1168 ostendimus.
1349 1111 1444 1166 His
1487 1127 1552 1166 ea
1594 1117 1793 1182 quanta
1841 1108 2066 1179 dignum
2095 1114 2177 1162 est

583 1201 895 1260 reverentia
923 1200 1223 1269 custoditis,
1257 1199 1466 1254 nullum
1501 1198 1761 1270 relinquit
1793 1197 1969 1268 culpa
1997 1197 2177 1252 locum

585 1299 789 1348 sanctae
836 1287 1232 1346 observationis
1279 1288 1640 1344 obstaculum.
1690 1285 1771 1341 Ibi
1799 1285 1884 1342 fas
1911 1285 2177 1357 nefasque

584 1380 951 1452 perscriptum
981 1385 1083 1443 est,
1115 1377 1190 1434 ibi
1219 1377 1570 1448 prohibitum,
1601 1376 1673 1432 ad
1702 1375 1849 1447 quod
1877 1373 2059 1430 nullus
2081 1389 2178 1428 au-

587 1469 712 1525 deat
739 1468 1001 1540 aspirare,
1029 1467 1104 1522 ibi
1133 1482 1455 1524 concessum
1485 1466 1632 1538 quod
1660 1465 1858 1520 debeat
1883 1480 2040 1518 mens
2061 1465 2177 1518 Deo

584 1557 844 1630 placitura
861 1571 1213 1628 praesumere.
1247 1555 1472 1625 Quoties
1501 1553 1812 1610 universale
1840 1553 2016 1624 poscit
2047 1551 2179 1608 reli-

585 1645 764 1718 gionis
821 1661 988 1702 causa
1043 1643 1354 1713 concilium,
1405 1651 1460 1700 te
1489 1642 1667 1700 cuncti
1695 1641 1888 1698 fratres
1920 1648 2182 1706 evocante

587 1735 930 1803 conveniant,
965 1741 1019 1789 et
1045 1733 1093 1788 si
1112 1749 1250 1806 quos
1281 1749 1472 1788 eorum
1489 1731 1740 1803 specialis
1768 1730 1976 1802 negotii
2003 1730 2184 1800 pulsat

586 1823 830 1889 intentio,
857 1822 1041 1896 jurgia
1067 1822 1207 1876 inter
1235 1837 1332 1878 eos
1359 1821 1554 1877 oborta
1593 1835 1902 1891 compesce,
1935 1819 2186 1875 discussa
2205 1847 2258 1906 B

589 1926 744 1968 sacra
773 1911 900 1984 lege
927 1909 1339 1967 determinando
1360 1909 1674 1966 certamina.
1703 1907 1978 1979 Quidquid
2008 1915 2188 1962 autem

587 1999 702 2056 illic
730 2015 829 2070 pro
859 1998 967 2054 ﬁde
996 2007 1050 2056 et
1078 1999 1307 2056 veritate
1335 1999 1705 2066 constitutum,
1740 1997 1828 2052 vel
1855 1995 2088 2068 provida
2109 1995 2190 2050 di-

592 2087 943 2160 spensatione
989 2094 1340 2158 praeceptum,
1389 2086 1477 2142 vel
1521 2102 1770 2157 personae
1799 2091 1968 2141 notrae
1997 2092 2190 2142 aucto-

591 2176 748 2232 ritate
801 2175 960 2231 fuerit
1008 2173 1400 2245 conﬁrmatum,
1453 2182 1623 2231 totum
1671 2175 1741 2229 ad
1779 2173 2066 2230 scientiam
2092 2189 2194 2228 no-

595 2273 763 2320 stram
791 2264 1058 2321 instructa
1086 2263 1369 2320 relationis
1399 2263 1743 2319 attestatione
1773 2262 2077 2334 perveniat.
2109 2262 2191 2318 Eo

595 2351 686 2408 ﬁet
713 2361 772 2408 ut
800 2360 855 2410 et
881 2361 1069 2410 noster
1097 2353 1310 2408 animus
1341 2353 1502 2410 oﬂicii
1533 2352 1796 2410 charitate
1826 2351 1954 2420 dati,
1988 2358 2042 2406 et
2069 2359 2192 2405 tuus

595 2441 884 2499 securitate
926 2441 1242 2514 perfruatur
1297 2443 1528 2513 accepti.
1586 2443 1734 2498 Deus
1782 2447 1835 2496 te
1862 2439 2193 2496 incolumem

591 2531 882 2599 custodiat,
917 2530 1085 2586 frater
1114 2529 1450 2588 charissime.
1489 2549 1514 2580 ι

666 2619 775 2676 Sed
807 2627 861 2676 et
889 2619 1162 2675 Adrianus
1189 2635 1332 2690 papa
1349 2618 1562 2690 Tilpino
1580 2617 1978 2690 praedecessori
2006 2624 2194 2671 nostro

597 2707 729 2763 talia
771 2725 885 2764 suae
930 2707 1262 2764 auctoritatis
1310 2707 1619 2780 privilegia,
1669 2715 1722 2762 et
1751 2705 1856 2761 sibi
1885 2705 2194 2761 commissae

595 2795 861 2853 Ecclesiae
891 2796 1058 2862 dedit,
1091 2796 1231 2852 sicut
1260 2795 1464 2867 scripta
1509 2812 1632 2868 quas
1667 2795 1931 2850 habemus
1961 2794 2194 2849 demon-

600 2891 790 2940 strant.
825 2883 962 2953 Quae
982 2884 1247 2956 exiguitas
1295 2900 1420 2940 mea
1464 2900 1570 2940 nec
1617 2883 1831 2952 meruit,
1873 2899 1974 2938 nec
2002 2883 2192 2948 ambit,

597 2988 702 3030 nec
728 2973 952 3044 appetit,
985 2987 1089 3029 nec
1108 2973 1353 3045 requirit.
1377 2988 1687 3046 quanquam
1706 2979 1763 3028 et
1781 2971 1956 3043 quarti
1975 2969 2192 3041 Leonis,

598 3062 650 3118 ei
679 3063 899 3118 nomine
943 3077 1009 3118 ac
1055 3063 1230 3136 gratia
1274 3061 1553 3118 Benedicti
1601 3059 1897 3118 auctoritas
1925 3060 2058 3114 mihi
2086 3059 2199 3131 pri-

595 3150 798 3224 vilegia
820 3166 932 3208 non
961 3167 996 3207 δ,
1023 3167 1113 3207 me
1145 3151 1368 3224 quasita
1396 3149 1742 3220 contulerint,
1773 3149 1897 3222 quia
1929 3148 2198 3205 suﬂiciunt

595 3240 730 3296 mihi
759 3256 879 3312 qua;
919 3255 1021 3312 per
1069 3255 1256 3296 sacros
1282 3255 1540 3297 .canones
1584 3238 1874 3310 unicuique
1922 3246 2048 3294 sunt
2074 3253 2195 3294 me-

599 3329 931 3400 tropolitano
961 3329 1176 3385 collata.
1207 3329 1366 3386 Unde
1413 3329 1550 3384 sicut
1579 3328 1834 3384 omnibus
1863 3327 2196 3398 generaliter

599 3417 874 3491 episcopis
903 3417 1157 3474 convenit
1175 3433 1278 3490 pro
1306 3419 1553 3474 Romano
1583 3416 1858 3488 pontiﬁce,
1893 3425 1946 3471 et
1973 3416 2200 3488 speciali

601 3507 744 3562 Petri
771 3506 977 3564 vicario
1006 3507 1298 3564 Dominum
1319 3521 1567 3572 exorare,
1591 3505 1758 3562 veluti
1781 3512 1834 3560 et
1857 3505 2074 3559 traditio
2102 3505 2198 3560 de-

597 3603 864 3652 monstrat
891 3595 1260 3652 ecclesiastica
1288 3595 1378 3666 (de
1407 3610 1517 3668 qua
1545 3592 1870 3650 Coelestinus
1899 3591 2030 3648 dicit
2055 3591 2199 3664 [post

601 3686 764 3756 epist.
791 3683 872 3756 8]:
895 3706 917 3736 σι
935 3684 1392 3758 Obsecrationum
1422 3681 1840 3740 sacerdotalium
1855 3687 2202 3736 sacramenta

602 3771 981 3842 respiciamus,
1013 3788 1135 3843 quae
1165 3774 1234 3827 ab
1261 3771 1522 3844 apostolis
1551 3771 1744 3826 tradita
1771 3770 1828 3824 in
1857 3776 1969 3825 toto
1997 3770 2200 3824 mundo

600 3866 764 3931 atque
777 3859 834 3914 in
853 3859 1002 3916 omni
1022 3860 1286 3917 catholica
1303 3860 1552 3916 Ecclesia
1565 3858 1906 3915 uniformiter
1919 3857 2202 3914 celebran-

585 3955 712 4015 ‘tur,
744 3957 802 4003 ut
829 3948 1011 4020 legem
1041 3949 1302 4004 credendi
1330 3949 1420 4003 lex
1449 3954 1650 4002 statuat
1670 3945 2100 4017 supplicandi»),
2125 3945 2202 4002 ei-

605 4036 844 4108 demque
873 4037 942 4092 ab
970 4037 1222 4092 omnibus
1240 4035 1448 4094 obediri
1465 4043 1695 4106 oportet,
1720 4035 1858 4091 sicut
1877 4051 1944 4090 ex
1965 4049 2202 4106 evange-

603 4123 711 4180 lica
740 4132 791 4181 et
821 4125 1123 4197 apostolica
1152 4125 1486 4192 auctoritate,
1504 4125 1772 4194 majorum
1792 4123 2100 4190 traditione,
2127 4131 2201 4180 at-

609 4230 716 4286 que
741 4214 961 4287 antiqua
977 4213 1372 4272 consuetudine
1393 4213 1638 4271 noscitur
1653 4229 1777 4270 esse
1798 4207 2107 4270 decretum:
2123 4213 2204 4269 sic

610 4303 678 4360 ab
728 4303 980 4360 omnibus
1024 4302 1319 4375 provincia:
1365 4302 1726 4374 coepiscopis,
1777 4301 1871 4374 qui
1909 4319 1940 4356 a
1971 4302 2202 4372 primate

609 4407 721 4447 suae
749 4391 1069 4463 metropolis
1098 4391 1434 4462 ordinantur,
1483 4390 1736 4448 convenit
1775 4391 2078 4447 secundum
2106 4405 2200 4446 sa-

604 4496 728 4536 cras
761 4481 981 4552 regulas
1009 4480 1239 4548 obediri,
1272 4488 1322 4537 et
1350 4496 1449 4551 pro
1471 4496 1537 4536 eo
1568 4479 1858 4540 Dominum
1887 4479 2198 4551 supplicari,

2273 578 2385 648 41).
2421 576 2718 631 Commune
2749 581 2867 628 erat
2897 571 3148 628 omnibus
3178 571 3439 644 apostolis
3467 571 3778 642 periculum
3810 571 3882 628 de

2275 665 2571 722 tentatione
2601 662 2924 732 formidinis,
2959 669 3012 718 et
3041 661 3238 717 divina
3285 659 3640 732 protectionis
3671 659 3880 716 auxilio

2273 754 2478 826 pariter
2505 751 2844 826 indigebant,
2891 750 3149 822 quoniam
3189 749 3436 812 diabolus
3465 766 3656 805 omnes
3688 748 3883 822 exagi-

2277 851 2410 909 tare,
2440 857 2631 898 omnes
2659 839 2912 912 cupiebat
2952 839 3191 907 elidere;
3239 847 3294 895 et
3331 847 3516 894 tamen
3560 837 3820 910 specialis
3848 855 3880 893 a

2275 931 2510 988 Domino
2540 929 2686 986 Petri
2717 945 2848 985 cura
2877 928 3186 1000 suscipitur,
3217 935 3274 983 ut
3300 943 3402 999 pro
3436 926 3541 996 ﬁde
3571 927 3719 983 Petri
3745 944 3882 998 pro-

2276 1020 2396 1092 prie
2426 1020 2781 1091 supplicetur,
2813 1026 3068 1090 tanquam
3115 1017 3344 1074 aliorum
3373 1025 3542 1072 status
3571 1016 3777 1073 certior
3809 1016 3882 1079 sit

2277 1109 2508 1176 futurus,
2541 1108 2588 1164 si
2615 1124 2772 1164 mens
2802 1106 3064 1179 principis
3092 1107 3233 1163 victa
3262 1123 3373 1162 non
3409 1105 3590 1162 fuerit.
3622 1107 3682 1161 In
3713 1105 3879 1162 Petro

2279 1213 2412 1270 ergo
2441 1197 2685 1253 omnium
2713 1196 2975 1252 fortitudo
3005 1195 3264 1262 munitur,
3297 1202 3352 1252 et
3383 1195 3567 1251 divina
3595 1194 3777 1267 gratia
3807 1195 3882 1250 ita

2279 1287 2562 1343 ordinatur
2607 1285 2888 1352 auxilium,
2931 1292 2989 1340 ut
3033 1283 3260 1339 ﬁrmitas
3307 1300 3428 1356 qum
3467 1288 3568 1356 per
3597 1283 3882 1339 Christum

2281 1377 2440 1432 Petro
2468 1374 2740 1441 tribuitur,
2788 1390 2889 1446 per
2937 1375 3160 1429 Petrum
3198 1373 3457 1445 apostolis
3483 1373 3816 1429 conferatur.
3853 1394 3878 1423 ι

2281 1464 2413 1519 Cum
2441 1463 2625 1536 itaque
2655 1471 2708 1520 et
2735 1462 2892 1520 vobis
2919 1462 3215 1534 provinciae
3243 1462 3603 1534 coepiscopis,
3634 1479 3738 1533 per
3767 1462 3884 1534 pri-

2281 1561 2480 1609 matem
2537 1553 2674 1622 ejus,
2733 1551 3068 1608 orationibus
3111 1559 3164 1608 et
3209 1567 3399 1606 manus
3428 1550 3774 1622 impositioue
3823 1551 3884 1607 in

2282 1641 2623 1697 ordinatione
2679 1641 2856 1712 gratia
2911 1640 3084 1697 sancti
3140 1639 3373 1712 Spiritus
3445 1648 3499 1696 et
3549 1639 3885 1712 episcopalis

2283 1731 2420 1787 ordo
2476 1731 2745 1798 tribuitur,
2798 1731 3002 1800 justum
3057 1745 3180 1786 esse
3239 1729 3591 1800 perpenditur
3626 1737 3702 1798 ut,
3736 1745 3886 1801 papa

2288 1819 2534 1876 Romano
2588 1819 2834 1890 praelato,
2893 1817 2946 1874 ei
2995 1835 3026 1872 a
3081 1818 3238 1875 vobis
3292 1817 3552 1874 orationis
3581 1817 3800 1874 devotio
3833 1826 3888 1874 et

2290 1907 2616 1964 obeditionis
2669 1907 2887 1964 dilectio
2941 1907 3311 1978 rependatur;
3373 1907 3521 1978 quod
3573 1914 3626 1962 et
3678 1907 3736 1961 in
3774 1907 3886 1962 illis

2288 1997 2622 2068 temporibus
2677 2003 2856 2052 actum
2910 1996 3163 2068 legimus,
3219 1995 3277 2050 in
3327 1995 3523 2067 quibus
3575 2011 3686 2050 non
3741 1996 3885 2051 adeo

2289 2085 2578 2141 abundavit
2608 2084 2883 2158 iniquitas,
2918 2092 2971 2139 et
3000 2083 3248 2156 refriguit
3276 2083 3513 2140 charitas
3553 2084 3690 2140 sicut
3719 2085 3886 2140 modo

2287 2174 2344 2229 in
2373 2173 2576 2232 nostris
2624 2175 2822 2246 agitur.
2871 2174 3018 2246 Lege
3066 2173 3322 2228 nimirum
3369 2171 3657 2251 epistolam
3683 2174 3884 2230 Leonis

2290 2265 2360 2319 ad
2386 2263 2751 2330 Anastasium,
2801 2270 2854 2318 et
2907 2261 3150 2320 invenies
3198 2277 3323 2318 cum
3352 2261 3525 2318 Attico
3555 2263 3885 2334 metropoli-

2291 2360 2415 2408 tano
2438 2351 2722 2423 episcopos
2750 2351 3049 2422 provinciae
3097 2367 3208 2406 sua;
3257 2351 3486 2406 Romam
3512 2350 3735 2406 venisse
3766 2351 3884 2408 sine

2291 2441 2430 2496 datis
2488 2441 2742 2507 induciis,
2797 2456 2907 2496 non
2963 2440 3266 2496 retardatos
3300 2447 3449 2496 metu
3479 2439 3887 2497 sublimissimae

2289 2531 2428 2586 inter
2448 2530 2752 2586 mundanos
2781 2529 2966 2600 apices
2994 2529 3294 2600 potestatis,
3341 2546 3442 2600 per
3471 2529 3738 2586 saevitiam
3763 2529 3886 2586 hie-

2290 2619 2415 2686 mis,
2471 2635 2570 2690 per
2622 2619 2727 2674 iter
2776 2635 3033 2689 asperum
3088 2626 3142 2674 et
3195 2618 3448 2689 periculis
3492 2619 3747 2689 plenum,
3793 2636 3891 2691 per

2291 2705 2464 2764 invias
2492 2707 2665 2773 nives,
2699 2722 2825 2762 cum
2853 2715 3006 2762 tanto
3048 2705 3239 2762 labore
3269 2715 3433 2780 atque
3463 2705 3805 2777 discrimine,
3834 2716 3888 2764 ut

2294 2812 2362 2852 ex
2390 2794 2478 2853 his
2505 2795 2596 2868 qui
2622 2795 2938 2868 episcopum
2967 2796 3205 2852 comitati
3233 2804 3376 2866 sunt,
3413 2795 3640 2868 quidam
3670 2795 3887 2854 defece-

2295 2885 2422 2952 rint,
2456 2893 2514 2940 ut
2541 2900 2667 2942 cum
2722 2899 2790 2940 eo
2847 2883 2918 2940 de
2974 2883 3358 2958 indignissima
3401 2883 3696 2942 afflictione
3726 2903 3890 2958 quam

2294 2973 2535 3047 pertulit,
2566 2973 2905 3045 lacrymabili
2940 2974 3154 3030 actione
3207 2982 3698 3046 conquererentur.
3731 2974 3892 3046 Quod

2295 3071 2355 3118 tu
2390 3063 2665 3136 quomodo
2697 3077 2916 3133 ageres,
2954 3063 3001 3118 si
3053 3062 3530 3135 metropolitanum
3590 3072 3747 3120 tuum
3793 3065 3896 3122 hoc

2293 3151 2541 3223 indigere
2569 3152 2806 3218 videres,
2854 3151 2948 3224 qui
2994 3151 3425 3224 quantiscunque
3462 3160 3621 3223 potes
3654 3154 3894 3210 molitio-

2295 3241 2454 3298 nibus
2481 3248 2678 3308 certas,
2710 3247 2768 3296 ut
2795 3248 2902 3297 tua:
2927 3241 3216 3312 metr0poli
3263 3241 3634 3300 auctoritatem
3665 3259 3737 3299 ex
3763 3243 3897 3299 anti-
3972 3238 3982 3245 ’

2296 3345 2405 3403 quo
2434 3346 2536 3402 per
2563 3344 2752 3386 sacras
2779 3329 3000 3402 regulas
3049 3329 3365 3386 attributam
3411 3329 3672 3404 deroges,
3705 3348 3772 3388 ac
3799 3348 3898 3404 per

2297 3419 2404 3476 hoc
2429 3418 2682 3475 omnibus
2706 3418 3141 3490 metropolitanis
3159 3418 3340 3475 debita
3361 3419 3489 3488 jura
3513 3419 3677 3476 tollas
3692 3420 3722 3475 ?
3752 3421 3899 3477 Sicut

2299 3508 2444 3563 enim
2471 3509 2766 3579 Apostolus
2797 3507 3088 3563 Corinthiis
3103 3507 3264 3564 dicit:
3289 3511 3360 3564 Et
3387 3511 3437 3564 si
3457 3510 3591 3564 aliis
3622 3527 3744 3568 non
3773 3527 3898 3566 sum

2299 3597 2603 3669 apostolus,
2640 3597 2738 3656 sed
2778 3601 2968 3652 tamen
2997 3599 3144 3654 vobis
3173 3615 3332 3664 sum;
3362 3615 3500 3654 nam
3531 3600 3900 3670 signaculum

2300 3687 2647 3758 apostolatus
2675 3685 2790 3741 mei
2818 3703 2908 3742 vos
2940 3686 3075 3742 estis
3103 3689 3167 3742 in
3195 3687 3432 3743 Domino
3461 3687 3512 3757 (I
3537 3687 3660 3744 Cor.
3697 3688 3819 3758 ix);
3849 3695 3904 3744 et

2301 3773 2348 3829 si
2374 3773 2495 3830 aliis
2521 3774 2728 3846 primas
2754 3773 2896 3830 forte
2939 3789 3047 3830 non
3097 3790 3297 3843 essem,
3329 3774 3426 3830 tibi
3455 3782 3641 3831 tamen
3669 3775 3820 3849 apud
3850 3785 3905 3832 te

2300 3863 2507 3935 primas
2535 3879 2659 3920 esse
2687 3862 3016 3931 debueram;
3066 3877 3194 3919 nam
3241 3863 3586 3937 signaculum
3627 3865 3902 3936 primatus

2299 3952 2410 4008 mei
2435 3959 2492 4008 tu
2521 3969 2600 4020 es,
2631 3968 2796 4025 quem
2823 3952 2980 4026 signe
3009 3952 3440 4027 interrogatione
3481 3953 3739 4026 primatis
3761 3955 3905 4012 alte-

2299 4050 2432 4118 rius,
2468 4067 2595 4106 cum
2623 4066 2897 4108 consensu
2925 4051 3376 4122 coepiscoporum
3417 4052 3748 4109 Rhemensis
3772 4069 3906 4125 pro-

2301 4139 2512 4209 vinciae,
2569 4139 2721 4210 potui
2779 4140 3034 4196 ordinare
3091 4140 3457 4212 episcopum:
3491 4141 3586 4214 qui
3642 4159 3737 4198 me
3777 4149 3906 4198 tunc

2300 4229 2656 4286 vehementer
2707 4244 2772 4286 ac
2824 4229 3098 4286 inhianter
3151 4230 3411 4302 cupiebas
3455 4246 3578 4286 esse
3605 4231 3904 4303 primatem

2300 4319 2464 4375 totius
2516 4317 2829 4390 provinciae,
2887 4325 3096 4376 tantum
3147 4327 3207 4374 ut
3261 4317 3349 4376 vel
3402 4319 3460 4376 in
3513 4334 3624 4376 uno
3681 4319 3911 4393 cpidulo

2299 4423 2493 4479 posses
2520 4423 2644 4464 esse
2673 4408 2984 4480 episcopus,
3017 4415 3070 4465 et
3101 4407 3284 4478 etiam,
3317 4408 3364 4464 si
3393 4407 3592 4466 vellem
3621 4417 3677 4466 et
3705 4418 3908 4468 aucto-

2303 4497 2438 4553 ritas
2467 4512 2532 4553 ac
2562 4497 2698 4552 ratio
2739 4495 2900 4566 foret,
2950 4497 3176 4554 honoris
3221 4512 3286 4554 ac
3331 4497 3617 4570 potestatis
3647 4499 3910 4571 cupidus,

607 4569 863 4642 quoniam
907 4569 1250 4627 incolumitas
1290 4569 1635 4642 presidentis
1681 4568 1830 4624 salus
1873 4576 1957 4624 est
2002 4568 2194 4624 subdi-

2301 4585 2528 4642 vicanus
2573 4583 2688 4640 ﬁeri
2730 4585 3068 4642 consentires
3114 4568 3420 4660 episcopus,
3455 4587 3549 4660 qui
3579 4568 3778 4644 Graece
3807 4603 3911 4645 vo-

606 4667 802 4716 torum.
841 4658 952 4716 Sed
979 4667 1033 4716 et
1060 4667 1114 4715 te
1140 4659 1196 4714 in
1244 4658 1330 4714 his
1377 4657 1778 4732 vigilantiorem
1822 4672 2014 4713 curam
2043 4657 2200 4712 exhi-

608 4748 740 4804 bere
771 4757 1120 4816 convenerat,
1153 4762 1316 4820 quem
1346 4747 1544 4814 taliter,
1579 4753 1638 4802 ut
1665 4745 1927 4818 praemisi,
1951 4762 1982 4800 a
2011 4761 2071 4802 se
2099 4763 2205 4801 nu-

613 4835 796 4891 tritum
826 4838 1158 4895 Rhemorum
1191 4835 1509 4908 metropolis
1538 4836 1594 4890 in
1624 4834 1885 4891 subsellio
1915 4835 2062 4890 sedis
2095 4851 2205 4891 suae

612 4924 884 4982 ordinavit
912 4928 1250 4998 episcopum.
1271 4925 1408 4996 Qua:
1437 4940 1548 4982 non
1576 4940 1722 4995 meo,
1746 4924 1846 4980 sed
1875 4941 1940 4980 ex
1971 4923 2208 4996 Scriptu-

610 5027 800 5068 rarum
831 5029 995 5070 sensu
1021 5016 1165 5070 beati
1178 5015 1376 5072 Leonis
1391 5013 1729 5070 institutione
1757 5012 1979 5085 profero
2009 5014 2201 5085 (serm.

611 5105 664 5170 3,
693 5103 759 5157 in
787 5103 1176 5161 anniversario
1204 5105 1295 5162 die
1324 5103 1576 5176 ejusdem
1593 5103 2022 5176 assumptionis)
2047 5121 2102 5158 ες
2126 5103 2206 5158 In-

614 5196 808 5258 stante,
842 5190 1034 5262 inquit,
1064 5193 1320 5263 passione
1345 5207 1445 5248 sua
1472 5191 1754 5258 Dominus,
1806 5207 1928 5263 qua:
1957 5191 2205 5264 discipu-

613 5279 793 5335 lorum
822 5287 939 5336 erat
966 5280 1246 5337 turbatura
1268 5280 1648 5351 constantiam,
1681 5279 1756 5336 ait
1790 5298 1803 5334 :
1837 5281 2051 5348 Simon,
2081 5297 2206 5338 ecce

612 5369 857 5425 Satanas
886 5371 1289 5443 expostulavit,
1327 5375 1395 5427 ut
1433 5386 1526 5426 vos
1555 5373 1812 5427 cerneret
1840 5371 2018 5427 veluti
2049 5371 2206 5426 triti-

614 5474 780 5523 cum;
802 5473 899 5530 ego
929 5463 1124 5516 autem
1144 5461 1338 5532 rogavi
1357 5475 1462 5532 pro
1491 5463 1545 5516 te
1573 5475 1646 5516 ne
1661 5460 1886 5530 deﬁciat
1903 5461 2039 5530 ﬁdes
2071 5463 2207 5526 tua;

614 5550 673 5603 et
707 5550 772 5604 tu
801 5547 1106 5620 aliquando
1155 5564 1457 5607 conversus
1505 5549 1778 5619 conﬁrma
1824 5552 2036 5620 fratres
2085 5552 2208 5605 tuos

613 5646 775 5714 (Luc.
807 5659 952 5702 χχιι.
987 5649 1074 5717 31,
1109 5646 1220 5719 32).
1251 5647 1320 5703 Et
1347 5646 1600 5705 omnibus
1629 5647 1926 5721 apostolis:
1955 5647 2202 5718 Vigilate,

2304 4681 2459 4730 catur
2485 4673 2929 4746 chorepiscopus,
2980 4676 3119 4732 sicut
3164 4691 3310 4733 nunc
3355 4685 3524 4748 paret,
3565 4676 3661 4750 qui
3688 4677 3913 4733 humili-

2303 4761 2426 4819 tatis
2455 4763 2760 4819 ministerio
2807 4779 2874 4820 ac
2919 4771 3188 4836 potestate
3235 4764 3476 4821 abuteris
3505 4765 3562 4821 in
3589 4764 3912 4839 cupiditatis

2304 4867 2368 4911 ac
2393 4852 2662 4926 superbiae
2689 4852 2944 4910 vanitate.

2884 4989 3107 5046 CAPUT
3143 4987 3316 5047 XVII.

2303 5115 2378 5169 De
2399 5113 2702 5189 rebellione
2755 5113 3049 5189 minorum
3093 5115 3449 5189 sacerdotum
3483 5131 3618 5188 erga
3637 5119 3914 5189 potiores,

2377 5189 2432 5241 et
2461 5185 2527 5240 de
2561 5185 3192 5258 Constantinopolitaaa
3209 5185 3336 5243 sede
3367 5185 3691 5244 reluctante
3713 5189 3924 5248 adver-

2376 5272 2470 5311 sus
2501 5257 2886 5328 apostolicam.

2377 5377 2446 5432 Et
2475 5392 2600 5434 cum
2628 5377 2747 5434 haec
2803 5377 2882 5434 ita
2929 5395 2992 5435 se
3037 5379 3290 5450 habeant,
3341 5396 3451 5437 non
3479 5381 3654 5439 miror
3681 5384 3730 5440 si
3759 5393 3818 5442 te
3851 5386 3926 5444 ad

2306 5467 2410 5523 hoc
2434 5467 2583 5539 potui
2610 5482 2932 5539 provocare,
2994 5477 3052 5525 ut
3092 5469 3386 5526 adversum
3430 5485 3521 5527 me
3567 5479 3838 5546 tumeres,
3873 5486 3930 5534 et

2306 5555 2484 5614 nolles
2512 5556 2813 5614 secundum
2835 5555 3074 5614 divinam
3122 5557 3532 5630 dispositionem
3565 5577 3689 5619 esse
3719 5565 3928 5636 subje-

2307 5661 2444 5724 ctus,
2477 5655 2569 5728 qui
2599 5654 2875 5712 Conditori
2905 5670 3006 5714 suo
3033 5654 3227 5714 nolens
3269 5657 3482 5729 subjici,
3514 5658 3584 5716 de
3617 5660 3760 5718 coelo
3792 5679 3931 5722 cum
