4072 6290
218 271 309 326 341

892 267 1132 323 OPUSC.
1195 267 1286 324 ET
1342 267 1557 324 EPIST.
1617 267 1692 322 IN
1747 267 1972 324 CAUSA
2028 271 2370 328 HINCMARI
2425 273 2729 330 LAUDUN.

3392 273 3496 332 342

220 394 328 450 suis
356 392 714 466 complicibus
743 393 799 447 in
827 393 967 448 hunc
997 393 1353 465 caliginosum
1382 409 1568 448 aerem
1595 393 1816 449 misera—
1844 393 1895 455 A
1988 398 2052 451 Et
2085 398 2229 468 quod
2250 399 2318 452 de
2347 385 2450 454 hoc
2480 415 2587 452 uno
2616 399 2842 470 primate
2868 398 3162 466 Gallicano,
3197 399 3289 471 qui
3317 416 3349 454 a
3377 400 3509 454 sede

221 484 396 539 biliter
435 492 519 540 est
556 483 816 552 dejectus,
862 482 1082 536 aternis
1126 482 1403 552 suppliciis
1453 482 1804 537 cruciandus.

221 574 354 628 Nam
386 580 441 626 et
469 572 523 626 in
555 571 737 626 Veteri
765 570 1112 626 Testamento
1143 571 1370 624 minoris
1399 570 1676 642 dignitatis
1720 586 1814 625 sa-

221 663 469 718 cerdotes
500 668 691 716 contra
716 660 958 730 potiores
989 675 1117 714 suos
1147 675 1208 716 se
1255 659 1625 724 elevaverunt,
1677 659 1817 716 Core

223 751 427 807 scilicet
455 764 579 806 cum
609 749 720 804 suis
749 749 1106 818 complicibus
1130 767 1143 814 ;
1175 748 1316 802 unde
1344 748 1634 804 vindictam
1665 748 1818 804 debi-

222 849 324 896 tam
356 854 392 894 a
418 839 654 894 Domino
684 845 1058 909 susceperunt,
1104 837 1240 892 sicut
1282 837 1596 892 veneranda
1639 843 1818 891 narrat

221 927 445 984 historia
474 927 664 998 (Num.
697 926 838 996 xvr).
899 926 960 980 In
989 927 1145 982 Novo
1202 925 1568 981 nihilominus
1623 927 1818 981 Testa-

223 1024 405 1073 mento
434 1016 576 1070 inter
604 1030 792 1071 sacros
823 1013 1041 1071 ordines
1067 1013 1304 1086 legimus
1333 1013 1628 1069 seditiones
1654 1029 1819 1070 exor-

226 1115 307 1160 tas
332 1123 346 1160 :
380 1112 436 1160 et
461 1104 702 1176 primum
725 1103 942 1175 quidem
973 1102 1291 1159 diaconibus
1323 1119 1382 1158 se
1395 1104 1659 1158 adversus
1687 1117 1820 1174 pre-

223 1191 486 1261 sbyteros,
522 1189 759 1259 itemque
814 1187 1149 1258 presbyteris
1181 1194 1232 1242 et
1282 1186 1690 1258 chorepiscopis
1719 1186 1820 1241 ad-

228 1294 416 1335 versus
446 1276 734 1348 episcopos
784 1275 1154 1345 efferentibus,
1210 1275 1354 1330 unde
1411 1289 1556 1332 nunc
1595 1290 1822 1331 necesse

227 1382 333 1423 non
362 1365 632 1420 habemus
660 1380 970 1421 sermonem
999 1365 1055 1419 in
1083 1363 1310 1437 longum
1339 1365 1677 1435 protrahere,
1703 1378 1824 1434 qua

227 1455 477 1512 novimus
500 1470 532 1509 a
562 1453 736 1509 sacris
766 1452 1064 1508 canonibus
1092 1469 1214 1508 esse
1245 1454 1561 1524 composita.
1594 1453 1825 1507 Tantum

229 1545 294 1600 de
323 1542 624 1615 episcopali
650 1541 843 1598 ordine
873 1541 1139 1610 dicamus,
1172 1557 1335 1614 quem
1363 1541 1522 1596 etiam
1550 1540 1694 1614 ignis
1723 1556 1824 1597 cu-

225 1632 482 1705 piditatis,
516 1639 570 1686 et
607 1631 798 1702 rapina
843 1630 1138 1686 altitudinis
1197 1630 1334 1686 adeo
1379 1630 1550 1701 potuit
1605 1629 1825 1685 inﬂam-

228 1737 397 1789 mare,
433 1721 574 1776 sicut
630 1719 889 1790 scriptum
935 1727 1065 1775 est:
1100 1720 1290 1792 Aperi,
1349 1718 1574 1785 Libane,
1635 1721 1825 1797 portas

236 1817 376 1876 tuas,
395 1813 454 1866 et
469 1812 770 1866 consumat
788 1809 938 1879 ignis
959 1809 1148 1864 cedro:
1165 1812 1292 1864 tuas
1305 1808 1494 1878 (Zach.
1515 1810 1619 1875 χι),
1635 1814 1693 1861 ut
1711 1806 1829 1878 qui-

233 1914 334 1971 que
389 1897 492 1954 Dei
571 1896 895 1952 ordinationi
947 1897 1198 1952 resistere
1243 1912 1353 1950 non
1399 1902 1722 1959 metuerunt.
1782 1903 1835 1951 et

231 2003 351 2044 cum
381 1987 630 2043 obtinere
659 2001 769 2040 non
799 1993 1090 2057 potuerunt
1117 1993 1174 2040 ut
1223 1985 1328 2039 sibi
1373 1984 1680 2056 praepositis
1721 1998 1830 2040 non

232 2077 540 2142 subessent,
572 2073 736 2130 etiam
763 2075 1005 2130 hareses
1036 2082 1090 2128 et
1119 2073 1410 2129 schismata
1453 2072 1831 2138 condiderunt,

219 2179 398 2241 .seque
425 2163 578 2235 ipsos
609 2163 680 2216 ab
725 2162 929 2217 unitate
977 2161 1240 2239 Ecclesia
1282 2161 1641 2232 projecerunt,
1699 2159 1837 2216 sicut

233 2251 413 2306 multis
442 2251 786 2308 documentis
815 2251 1103 2306 ostendere
1132 2265 1450 2320 possumus.
1490 2247 1836 2304 Rebellautes

232 2356 446 2414 quoque
475 2340 720 2411 episcopi
761 2338 1027 2394 adversus
1074 2337 1517 2408 metrOpolitanos
1569 2338 1682 2392 sive
1743 2353 1836 2392 ar—

234 2429 612 2501 chiepisc0pos
643 2443 771 2482 suos
803 2426 908 2497 (his
941 2427 1084 2482 enim
1114 2427 1327 2481 duobus
1366 2425 1679 2481 nominibus
1731 2426 1836 2479 hu-

228 2520 312 2589 jus
340 2517 678 2574 excellentia
707 2515 944 2588 dignitas
966 2515 1332 2588 designatur),
1366 2515 1604 2585 itemque
1633 2520 1835 2568 metro-

233 2606 454 2679 politani
483 2606 571 2661 vel
592 2603 986 2676 archiepiscopi
1015 2603 1278 2658 adversus
1309 2603 1569 2674 primates
1597 2603 1683 2658 vel
1740 2615 1836 2673 pa-

236 2696 516 2763 triarchas,
550 2693 643 2766 qui
671 2694 728 2749 in
755 2693 839 2748 his
866 2693 1078 2749 duobus
1108 2691 1416 2746 nominibus
1446 2707 1554 2746 uno
1590 2691 1838 2763 prioratu

235 2785 549 2857 funguntur,
583 2783 682 2838 sed
711 2789 764 2836 et
792 2781 1011 2854 quidem
1040 2780 1437 2851 archiepiscopi
1485 2779 1570 2836 vel
1630 2787 1836 2836 metro-

234 2873 455 2948 politani
483 2871 746 2944 primates
782 2870 1201 2942 provinciarum,
1261 2870 1535 2926 multoties
1583 2870 1640 2924 in
1670 2869 1839 2925 sacris

237 2962 539 3019 canonibus
585 2959 978 3016 inveniuntur:
1012 2958 1088 3014 illi
1123 2957 1395 3025 videlicet,
1461 2958 1553 3030 qui
1606 2957 1662 3012 in
1716 2957 1839 3014 loco

236 3051 616 3108 defunctorum
682 3047 1220 3120 archiepiscoporum
1263 3047 1351 3103 vel
1392 3046 1838 3117 metropolitano-

238 3156 377 3206 rum,
431 3139 500 3194 ab
548 3137 820 3210 episcopis
867 3137 1293 3208 uniuscujusque
1347 3135 1658 3207 provincia,
1719 3135 1836 3192 sine
1860 3107 1908 3169 Ο

237 3222 668 3300 interrogatione
697 3226 922 3282 alterius
950 3225 1197 3296 primatis
1224 3224 1522 3296 praevalent
1578 3222 1839 3290 ordinari,

239 3327 290 3374 et
318 3334 384 3374 ex
415 3316 652 3386 antiqua
684 3313 1089 3370 consuetudinis
1130 3314 1272 3384 lege,
1307 3328 1340 3367 a
1376 3313 1506 3369 sede
1549 3310 1842 3382 apostolica

239 3406 385 3478 pallii
417 3405 597 3461 solent
627 3405 789 3475 genio
821 3402 1087 3475 insigniri,
1121 3410 1172 3457 et
1200 3402 1255 3456 in
1296 3402 1416 3458 loco
1465 3400 1842 3456 decedentium

240 3496 642 3567 episcoporum,
678 3493 793 3548 sine
815 3493 1063 3548 consultu
1093 3492 1180 3547 vel
1211 3491 1429 3546 licentia
1459 3489 1708 3561 primatis
1756 3487 1842 3543 al-

242 3585 430 3650 terius,
460 3583 520 3638 in
551 3597 650 3637 sna
695 3581 977 3652 provincia
1032 3579 1235 3652 quique
1284 3586 1513 3651 possunt
1560 3579 1844 3649 episcopos

241 3674 517 3740 ordinare,
552 3671 694 3727 sicut
720 3678 942 3726 sanctus
972 3669 1268 3740 Gregorius
1310 3669 1558 3724 scribens
1603 3667 1672 3721 ad
1729 3669 1844 3722 Au-

242 3761 524 3835 gustinum
554 3759 858 3832 Anglorum
902 3759 1239 3829 episcopum,
1293 3757 1572 3812 evidenter
1608 3754 1848 3810 ostendit

242 3852 360 3920 (lib.
393 3865 501 3920 xu,
533 3850 698 3920 epist.
731 3851 819 3912 31,
852 3849 1119 3917 interrog.
1142 3847 1196 3913 9)
1221 3862 1232 3900 :
1262 3869 1282 3893 ις
1321 3847 1379 3900 In
1413 3844 1737 3910 Galliarum,
1770 3844 1846 3898 in-

243 3940 469 4012 quiens,
531 3936 820 4008 episcopos
877 3936 1076 3990 nullam
1123 3934 1216 3988 tibi
1247 3933 1616 3988 auctoritatem
1660 3931 1850 3987 tribui-

244 4045 381 4097 mus,
407 4027 540 4100 quia
554 4026 625 4081 ab
661 4024 898 4096 antiquis
932 4025 1400 4096 praedecessorum
1434 4038 1682 4078 meorum
1718 4030 1850 4078 tem-

244 4118 467 4190 poribus
487 4115 710 4188 pallium
739 4115 1075 4170 Arelatensis
1107 4113 1396 4183 episcopus
1426 4112 1654 4183 accepit,
1690 4126 1851 4183 quem

245 4223 343 4264 nos
369 4206 596 4279 privare
623 4205 935 4260 auctoritate
964 4211 1228 4274 percepta
1255 4201 1474 4255 minime
1504 4202 1786 4256 debemus.
1825 4218 1847 4249 ι

246 4298 311 4352 Et
336 4303 465 4367 post
493 4293 773 4365 aliquanta
806 4308 818 4347 :
858 4313 880 4342 ι
916 4293 1037 4362 Ipse
1082 4289 1398 4345 auctoritate
1458 4288 1682 4360 propria
1740 4287 1853 4358 cpi-

248 4400 442 4457 scopos
482 4382 786 4440 Galliarum
834 4380 1083 4450 judicare
1129 4395 1236 4434 non
1295 4378 1516 4448 poteris,
1583 4377 1681 4432 sed
1725 4392 1852 4432 sua-

1915 486 2208 556 apostolica
2239 487 2462 558 pallium
2491 493 2796 558 acceperat,
2831 487 2980 556 dixit,
3013 489 3117 544 hoc
3148 497 3200 543 et
3255 489 3323 543 de
3370 487 3504 542 reli-

1917 573 2037 645 quis
2065 575 2387 640 Galliarum,
2423 582 2476 630 et
2523 576 2886 648 Belgicorum,
2947 583 3106 647 atque
3145 576 3508 632 Germanico-

1916 679 2036 717 rum
2066 664 2390 734 primatibus
2421 672 2502 718 est
2532 665 2717 734 utique
2735 664 3165 736 intelligendum.
3186 666 3331 719 Inter
3351 680 3507 736 quos,

1918 751 2056 806 sicut
2085 759 2138 806 et
2170 751 2306 806 inter
2337 753 2576 824 reliquos
2606 753 2913 824 episcopos,
2947 753 3064 808 hac
3083 752 3320 808 conditio
3353 769 3512 825 regu-

1918 839 2046 895 laris
2077 847 2349 909 servatur,
2384 848 2442 895 ut
2473 841 2564 912 qui
2610 841 2761 911 prius
2823 839 2982 896 fuerit
3019 841 3316 906 ordinatus,
3362 840 3514 910 prior

1918 928 2200 993 habeatur,
2239 929 2385 984 velut
2412 929 2558 983 idem
2580 936 2798 986 sanctus
2829 929 3130 1002 Gregorius
3179 929 3234 982 in
3287 928 3516 998 epistola

1920 1017 1989 1072 ad
2018 1016 2298 1087 praefatum
2329 1017 2693 1088 Augustinum
2721 1025 2970 1088 patenter
2997 1017 3254 1073 ostendit.
3279 1017 3360 1072 De
3391 1016 3516 1086 qui-

1921 1105 2021 1160 bus
2047 1103 2372 1176 primatibus
2403 1113 2453 1160 et
2485 1105 2682 1162 Africa
2708 1106 3005 1176 provincia
3051 1105 3281 1162 concilia
3329 1104 3517 1160 dicunt

1922 1194 2100 1264 (conc.
2140 1195 2402 1266 Carthag.
2425 1239 2437 1260 ,
2466 1211 2512 1250 ε.
2551 1197 2638 1264 19)
2673 1211 2685 1247 :
2722 1217 2743 1242 ‹‹
2780 1193 3060 1266 Quisquis,
3092 1194 3363 1267 inquiens,
3405 1192 3520 1265 epi-

1925 1297 2210 1353 scoporum
2252 1290 2557 1348 accusatur,
2591 1283 2659 1337 ad
2689 1283 2972 1353 primatem
3019 1282 3316 1353 provincia
3344 1281 3513 1352 ipsius

1925 1386 2142 1427 causam
2170 1370 2379 1427 deferat
2409 1380 2738 1427 accusator.»
2761 1373 2828 1427 Et
2847 1371 2975 1426 item
3008 1389 3021 1425 :
3061 1392 3083 1421 az
3106 1369 3207 1439 Qui
3228 1385 3529 1441 provocan-

1924 1461 2054 1515 dum
2083 1460 2408 1530 putaverint,
2440 1461 2507 1514 ad
2535 1461 2792 1530 primates
2823 1475 3041 1516 suarum
3097 1459 3519 1530 provinciarum,

1928 1548 2067 1604 sicut
2095 1557 2148 1604 et
2178 1549 2246 1604 de
2275 1548 2546 1619 episcOpis
2574 1564 2718 1619 sape
2756 1548 3106 1604 constitutum
3164 1555 3265 1617 est,
3328 1562 3526 1618 provo-

1923 1644 2100 1694 cent.»
2136 1637 2202 1692 Et
2230 1636 2359 1692 item
2391 1638 2667 1708 (African.
2689 1681 2704 1704 ,
2741 1652 2862 1693 can.
2897 1638 2988 1708 92)
3021 1652 3082 1690 τα
3109 1634 3266 1704 Quod
3287 1635 3333 1690 si
3361 1643 3414 1690 et
3443 1634 3512 1689 ab

1855 1749 1908 1808 B
1932 1727 2031 1793 eis,
2065 1725 2269 1782 scilicet
2300 1725 2492 1782 vicinis
2513 1725 2802 1797 episcOpis,
2834 1725 3241 1797 provocandum
3293 1730 3522 1795 putave-

1933 1815 2062 1879 rint,
2097 1830 2206 1869 non
2235 1821 2533 1886 provocent
2561 1813 2666 1868 nisi
2694 1814 2763 1869 ad
2791 1813 3048 1870 Africana
3085 1811 3426 1878 concilia,vel
3453 1813 3523 1866 ad

1932 1903 2191 1976 primates
2218 1901 2627 1973 provinciarum
2668 1916 2909 1958 suarum.
2975 1921 2998 1951 ι
3029 1902 3098 1956 Ει
3151 1900 3282 1956 item
3339 1901 3519 1969 (conc.

1938 1991 2148 2057 Carth.,
2184 2006 2303 2048 can.
2338 1992 2464 2061 17):
2502 2012 2524 2040 α
2554 1990 2970 2062 Utunaquaque
2999 1989 3280 2060 provincia
3305 1995 3526 2059 pr0pter

1933 2080 2384 2152 longinquitatem
2415 2078 2699 2150 primatem
2730 2079 2925 2134 habeat
2966 2077 3269 2149 proprium.
3316 2076 3527 2132 Placuit

1934 2175 1990 2223 ut
2043 2167 2358 2223 Mauritania
2409 2166 2699 2233 Sitifensis,
2762 2174 2820 2220 ut
2887 2166 3179 2237 postulavit
3241 2165 3531 2236 primatem

1936 2257 2233 2328 provinciae
2261 2256 2548 2322 Numidia,
2584 2272 2649 2310 ex
2680 2255 2830 2323 cujus
2861 2262 3003 2310 coetu
3037 2261 3342 2325 separatur,
3378 2268 3537 2308 suum

1936 2340 2132 2396 habeat
2177 2341 2480 2412 primatem,
2551 2355 2712 2411 quem
2755 2337 3222 2394 consentientibus
3283 2336 3534 2391 omnibus

1937 2429 2258 2502 primatibus
2291 2428 2692 2500 provinciarum
2722 2427 3120 2491 Africanarum,
3151 2425 3238 2480 vel
3283 2424 3534 2480 omnibus
3611 2425 3618 2428 ’

1938 2518 2227 2590 episcopis,
2261 2525 2484 2588 propter
2514 2515 2966 2587 longinquitatem
3010 2513 3213 2569 habere
3267 2513 3536 2584 permissa

1938 2615 2037 2663 est.
2068 2629 2090 2657 »
2125 2607 2192 2662 Et
2223 2606 2511 2677 episcopus
2541 2606 2632 2678 qui
2665 2604 2734 2659 ad
2781 2605 3048 2674 synodum
3078 2619 3186 2658 non
3218 2601 3531 2670 occurrerit,

1938 2695 2004 2750 ad
2053 2695 2338 2767 primatem
2382 2710 2542 2749 suum
2583 2694 2802 2762 jubetur
2847 2692 3112 2747 rationem
3171 2689 3545 2762 impedimenti

1941 2785 2024 2841 sui
2053 2786 2322 2852 reddere;
2356 2792 2408 2838 et
2454 2783 2545 2838 ille
2588 2782 2792 2853 primas
2834 2781 2995 2836 debet
3037 2781 3170 2836 dare
3218 2779 3451 2848 judices,
3485 2779 3541 2834 in

1940 2873 2091 2943 cujus
2127 2872 2407 2944 provincia
2479 2872 2632 2927 locus
2663 2879 2746 2926 est
2775 2870 3118 2938 constitutus,
3153 2875 3205 2923 et
3251 2883 3430 2924 causa
3468 2866 3538 2921 ﬁ-

1940 2962 2153 3019 nienda
2184 2969 2308 3016 sunt
2323 2977 2418 3032 per
2449 2960 2662 3030 judices
2710 2959 3016 3030 episcopos,
3039 2957 3152 3013 sive
3183 2973 3318 3029 quos
3333 2956 3542 3028 prima-

1939 3059 2021 3108 tes
2060 3051 2326 3118 dederint,
2358 3050 2472 3105 sive
2503 3064 2638 3122 quos
2658 3049 2799 3103 inter
2820 3064 2879 3102 se
2903 3045 3289 3118 conquirentes
3338 3045 3544 3101 vicinos

1943 3157 2008 3198 ex
2039 3155 2309 3195 consensu
2339 3136 2658 3210 delegerint.
2699 3159 2721 3183 ε
2751 3135 2819 3192 Ει
2845 3134 3089 3206 episcopi
3107 3134 3286 3205 (conc.
3313 3133 3502 3189 Carth.
3522 3175 3537 3198 ,

1942 3245 2064 3285 can.
2089 3231 2178 3296 23)
2210 3235 2363 3282 trans
2391 3242 2545 3282 mare
2574 3224 2848 3296 proﬁcisci
2887 3238 2994 3278 non
3027 3224 3246 3287 debent,
3279 3219 3384 3276 nisi
3414 3235 3546 3276 con-

1945 3317 2087 3373 sulto
2106 3318 2298 3389 prima
2316 3315 2462 3370 sedis
2482 3315 2740 3386 episcopo
2763 3329 2873 3368 sua
2895 3311 3154 3383 cujusque
3167 3309 3484 3382 provincia.
3511 3329 3536 3358 ι

1945 3407 2176 3463 Sanctus
2189 3420 2406 3478 quoque
2418 3404 2664 3460 Zosimus
2676 3401 2944 3458 universis
2957 3401 3228 3471 episcopis
3239 3398 3550 3470 perGallias

1946 3503 1999 3553 et
2030 3502 2238 3566 septem
2268 3493 2579 3565 provincias
2611 3491 2912 3548 constitutis
2944 3489 3159 3559 scripsit
3207 3489 3390 3558 (epist.
3443 3487 3499 3557 5)
3531 3503 3545 3540 :

1951 3606 1973 3636 ι
2010 3583 2150 3653 Quia
2181 3582 2446 3653 quisquis,
2481 3580 2847 3652 pratermissa
2877 3575 3277 3649 metropolitani
3305 3575 3388 3630 sui
3429 3574 3545 3630 for-

1945 3682 2120 3738 mata,
2164 3673 2277 3727 sive
2322 3671 2626 3742 episcopus,
2689 3683 2784 3725 seu
2843 3668 3166 3738 presbyter,
3217 3666 3331 3720 sive
3375 3663 3553 3720 diaco-

1947 3779 2070 3831 nus,
2104 3770 2195 3817 aut
2224 3761 2484 3831 deinceps
2512 3758 2783 3815 inferioris
2815 3758 3016 3831 gradus
3045 3756 3130 3825 sit,
3157 3756 3224 3810 ad
3245 3770 3368 3810 eum
3421 3769 3548 3826 per-

1949 3851 2159 3908 venerit
2193 3893 2207 3920 ,
2255 3851 2386 3906 sciat
2419 3866 2478 3904 se
2499 3848 2700 3918 suscipi
2720 3846 2942 3902 omnino
2962 3860 3070 3901 non
3090 3860 3274 3916 posse.
3313 3865 3335 3894 »
3357 3844 3425 3898 Et
3445 3841 3546 3898 Hi-

1949 3942 2095 3998 larus
2124 3954 2266 4012 papa
2293 3940 2350 3993 in
2388 3937 2619 3994 decretis
2649 3937 2715 3991 ad
2739 3937 2977 4008 quinque
3007 3933 3312 4005 provincias
3353 3933 3540 4002 (epist.

1954 4031 2007 4102 8)
2042 4048 2054 4084 :
2093 4051 2114 4080 «
2142 4028 2278 4084 Illud
2307 4027 2472 4083 etiam
2499 4041 2608 4082 non
2639 4025 2914 4096 potuimus
2943 4021 3239 4094 praterire,
3275 4019 3421 4092 quod
3442 4019 3551 4075 sol-

1953 4118 2230 4175 licitudine
2261 4115 2606 4187 diligentiore
2633 4113 2934 4169 curandum
2964 4120 3062 4178 est,
3095 4126 3163 4166 ne
3200 4118 3402 4180 prater
3428 4123 3550 4164 me-

1954 4206 2399 4278 tropolitanorum
2445 4217 2664 4257 suorum
2714 4201 2916 4255 litteras
2973 4198 3136 4270 aliqui
3195 4197 3438 4267 episcopi
3481 4196 3554 4251 ad

1955 4294 2247 4368 quamlibet
2278 4289 2612 4364 provinciam
2644 4285 3183 4358 audeantprolicisci,
3211 4285 3354 4355 quod
3385 4283 3548 4338 etiam

1956 4386 2011 4440 in
2039 4384 2184 4440 omni
2217 4398 2420 4456 genere
2450 4379 2610 4436 ofﬁcii
2659 4377 2924 4435 clericalis
2967 4392 3065 4447 per
3095 4373 3340 4445 singulas
3385 4373 3548 4429 debet

249 4475 446 4539 dendo,
482 4470 834 4540 blandiendo:
868 4470 1010 4524 bona
1040 4485 1254 4542 quoque
1285 4477 1377 4522 tua
1408 4483 1576 4536 Opera
1607 4465 1685 4521 eis
1735 4464 1855 4520 imi-
1887 4465 1936 4524 D
1961 4473 2234 4529 Ecclesias
2264 4469 2545 4528 custodiri.
2582 4490 2604 4520 »
2640 4471 2704 4524 Et
2735 4475 2952 4522 sanctus
2983 4463 3285 4535 Gregorius
3317 4463 3388 4518 ad
3425 4461 3554 4516 Vin-

252 4563 411 4619 tanda
437 4559 817 4626 monstrando,
853 4574 1140 4630 pravorum
1170 4565 1389 4612 mentes
1439 4557 1506 4610 ad
1559 4554 1858 4610 sanctitatis

254 4651 482 4708 studium
506 4649 768 4713 reforma,
801 4648 928 4720 quia
949 4647 1207 4717 scriptum
1238 4654 1318 4702 est
1334 4646 1390 4700 in
1407 4646 1532 4716 lege
1554 4663 1565 4698 :
1591 4648 1699 4701 Per
1720 4645 1858 4700 alie-

254 4758 386 4798 nam
396 4756 636 4797 messem
652 4738 961 4801 transiens,
978 4738 1186 4808 falcem
1199 4737 1426 4791 mittere
1439 4751 1549 4790 non
1562 4734 1740 4801 debes,
1764 4733 1860 4789 sed

266 4848 440 4886 manu
467 4830 656 4898 spicas
685 4831 974 4883 conterere
1001 4829 1055 4880 et
1085 4823 1686 4880 manducare.Falcem
1716 4821 1860 4877 enim

254 4918 436 4986 judicii
464 4916 678 4972 mittere
708 4930 817 4969 non
845 4921 1000 4985 potes
1032 4913 1085 4967 in
1115 4930 1176 4966 ea
1207 4921 1394 4983 segete
1426 4928 1550 4984 qua
1580 4910 1734 4966 alteri
1773 4910 1859 4966 vi-

260 5008 414 5064 detur
443 5021 569 5062 esse
599 5003 911 5069 commissa,
947 5003 1042 5058 sed
1072 5019 1172 5073 per
1201 5001 1453 5058 effectum
1497 5001 1626 5056 boni
1675 5001 1860 5071 operis

262 5095 530 5152 frumenta
559 5092 843 5150 Dominica
869 5092 1122 5148 vitiorum
1154 5107 1372 5146 suorum
1386 5090 1557 5161 paleis
1593 5089 1855 5161 exspolia,

262 5193 312 5240 et
332 5185 386 5240 in
417 5182 685 5240 Ecclesia
710 5197 907 5252 corpus
937 5181 1211 5237 monendo
1241 5178 1689 5250 etpersuadendo
1704 5178 1860 5251 quasi

264 5273 574 5329 mandendo
627 5279 903 5328 converte.
957 5269 1187 5338 Quando
1240 5285 1372 5323 vero
1423 5285 1486 5321 ex
1546 5269 1863 5324 auctoritate

263 5363 535 5437 agendum
567 5369 669 5428 est,
703 5375 823 5416 cum
850 5361 1113 5432 pradicto
1132 5356 1433 5412 Arelatensi
1451 5357 1707 5428 episcOpo
1727 5373 1863 5427 aga-

266 5460 367 5520 tur,
402 5469 472 5508 ne
501 5449 840 5521 praetermitti
868 5450 1041 5522 possit
1069 5451 1172 5503 hoc
1205 5446 1350 5518 quod
1378 5445 1599 5517 antiqua
1647 5447 1864 5501 Patrum

266 5551 527 5607 institutio
554 5548 780 5605 invenit.
820 5570 842 5598 υ

1958 4563 2190 4618 centium
2225 4570 2276 4616 et
2308 4568 2537 4618 catcros
2569 4559 2856 4629 episcopos
2888 4554 3078 4611 scribit
3108 4555 3224 4623 (lib.
3258 4568 3358 4617 vn,
3387 4552 3550 4621 epist.

1959 4658 2008 4721 8,
2041 4652 2240 4707 indict.
2279 4653 2363 4720 lt)
2399 4667 2410 4704 :
2440 4671 2461 4698 ‹‹
2489 4650 2798 4711 Ilortamus,
2838 4644 3109 4714 inquiens,
3160 4639 3552 4695 fraternitatem

1957 4749 2195 4796 vestram
2223 4747 2279 4794 ut
2311 4739 2356 4792 si
2403 4753 2728 4810 quemquam
2767 4741 3008 4790 vestrum
3049 4745 3147 4799 pro
3205 4729 3387 4784 causis
3425 4742 3554 4800 pro-

1958 4830 2094 4901 priis
2121 4830 2428 4899 ubicunque
2457 4826 2674 4897 longius
2703 4819 3024 4890 compulerit
3051 4817 3328 4873 ambulare
3360 4833 3552 4874 neces-

1961 4919 2108 4982 sitas,
2161 4933 2195 4973 a
2239 4916 2653 4986 metropolitano
2692 4919 2870 4966 vestro
2917 4906 3215 4963 secundum
3261 4907 3488 4963 inditam
3525 4922 3558 4961 a

1961 5007 2163 5062 sanctis
2195 5005 2444 5062 Patribus
2476 5003 2738 5073 regulam,
2773 5006 2956 5070 petere
2987 4996 3260 5053 licentiam
3291 4995 3555 5061 debeatis,

1962 5113 2063 5152 nec
2097 5104 2219 5153 etim
2247 5103 2575 5168 postponere
2603 5091 2657 5144 in
2687 5089 2866 5160 aliquo
2912 5086 3278 5158 prasumatis,
3331 5092 3557 5156 excepto

1963 5188 2026 5254 si,
2069 5187 2212 5261 quod
2241 5200 2348 5240 non
2379 5189 2644 5253 optamus,
2677 5186 2861 5234 contra
2893 5176 3146 5234 eumdem
3189 5175 3559 5245 metrOpolita-

1964 5291 2093 5332 num
2123 5282 2364 5330 vestrum
2389 5285 2487 5325 vos
2517 5269 2719 5324 habere
2749 5268 2956 5339 aliquid
3013 5282 3191 5322 causa
3246 5261 3554 5335 contigerit,

1965 5375 2021 5419 ut
2052 5365 2119 5419 ob
2151 5364 2255 5418 hoc
2285 5361 2430 5415 sedis
2460 5357 2769 5429 apostolica
2791 5357 3054 5427 judicium
3084 5355 3138 5410 hi
3169 5352 3260 5425 qui
3289 5361 3474 5423 petere
3491 5351 3563 5404 fe-

1965 5453 2165 5507 stinant
2192 5449 2460 5507 licentiam
2491 5448 2744 5514 habeant,
2777 5447 2922 5519 quod
2953 5445 3099 5503 scitis
3142 5458 3242 5513 per
3299 5454 3558 5507 canones,

1970 5542 2130 5597 etiam
2160 5539 2498 5611 antiquorum
2533 5539 2749 5593 Patrum
2778 5535 3152 5591 instititutione
3164 5530 3510 5602 permissum.
3531 5547 3553 5576 ι
