4164 6298
291 252 392 307 345

993 246 1241 307 OPUSC.
1304 246 1395 305 ET
1447 247 1664 308 EPIST.
1724 249 1799 306 IN
1845 249 2072 308 CAUSA
2125 251 2467 310 HINCMARI
2521 252 2832 314 LAUDUN.

3495 262 3598 318 346

300 375 549 432 ordinant
589 372 886 441 arbitratu;
917 372 1125 431 vicinos
1189 382 1388 442 autem,
1444 376 1490 430 si
1529 377 1792 442 aestimas,
1828 377 1898 431 ad
1927 377 1982 437 A
2004 379 2167 450 epist.
2201 378 2291 448 38)
2325 397 2336 434 :
2375 401 2397 425 ι
2448 380 2621 452 Rogo,
2669 380 2938 452 inquiens,
2991 383 3286 455 deprecor,
3319 394 3372 442 et
3405 367 3606 460 quanta

296 479 489 520 manus
533 463 936 534 impositionem
974 471 1077 520 tuae
1114 465 1307 535 gratia:
1352 472 1557 519 statuas
1586 465 1893 536 pervenire,

296 568 529 625 quorum
586 553 732 608 enim
763 561 813 608 te
862 553 1117 619 maxime,
1153 562 1361 623 spectat
1410 569 1574 622 cura,
1624 554 1898 624 praecipue

297 659 446 704 tuum
478 649 683 705 debent
710 649 913 704 mereri
937 649 1220 718 judicium.
1257 671 1278 699 »
1317 649 1387 704 Et
1413 651 1522 704 Leo
1548 650 1798 706 scribens
1826 651 1898 706 ad

295 737 646 794 Anastasium
662 736 1209 792 Thessalonicensem
1231 737 1548 808 episcopum
1568 739 1754 810 (epist.
1783 741 1891 810 88),

297 827 579 882 evidenter
610 826 843 880 ostendit
872 842 1031 898 quam
1059 826 1434 896 praelationem
1463 827 1667 898 primas
1687 835 1896 883 metro-

271 915 660 985 politanorum
681 929 747 969 ex
778 914 1120 987 delegatione
1163 914 1476 984 apostolicae
1505 916 1652 970 sedis
1692 916 1895 972 habere

295 1004 511 1064 debeat,
536 1003 724 1058 dicens
759 1021 770 1056 :
810 1025 830 1053 «
869 1005 950 1058 De
978 1019 1218 1073 persona
1240 1005 1599 1059 consecrandi
1631 1004 1892 1075 episcOpi,

295 1099 344 1148 et
372 1092 442 1146 de
474 1091 611 1147 cleri
640 1091 924 1162 plebisque
979 1107 1268 1160 consensu,
1299 1093 1744 1163 metropolitanus
1775 1093 1894 1165 epi-

294 1196 490 1250 scopus
519 1181 591 1235 ad
611 1180 999 1236 fraternitatem
1020 1188 1167 1236 tuam
1188 1180 1401 1247 referat,
1428 1182 1681 1253 quodque
1696 1182 1750 1236 in
1767 1198 1895 1254 pro-

297 1269 473 1325 vincia
503 1270 644 1325 bene
672 1268 878 1341 placuit
907 1269 1048 1325 scire
1098 1278 1148 1324 te
1180 1269 1362 1336 faciat,
1397 1277 1455 1325 ut
1498 1271 1894 1326 ordinationem

295 1358 388 1414 rite
417 1357 808 1414 celebrandam
838 1367 927 1413 tua
957 1374 1172 1430 quoque
1205 1357 1386 1413 firmet
1433 1359 1741 1416 auctoritas.
1776 1362 1894 1416 Me-

293 1446 619 1518 tropolitano
677 1461 808 1502 vero
865 1446 1137 1513 defuncto,
1172 1464 1295 1502 cum
1356 1448 1411 1503 in
1439 1449 1559 1504 loco
1607 1450 1726 1517 ejus
1755 1447 1895 1504 alius

294 1535 454 1591 fuerit
483 1535 888 1607 subrogandus,
935 1536 1297 1606 provinciales
1329 1537 1572 1607 episcopi
1602 1538 1670 1593 ad
1702 1539 1893 1594 civita-

295 1633 401 1680 tem
447 1624 794 1695 metropolim
853 1625 1145 1680 convenire
1203 1627 1514 1691 debebunt,
1548 1633 1604 1680 ut
1651 1627 1894 1682 omnium

1998 483 2222 537 possum
2254 467 2540 524 dulcedine
2557 484 2812 539 exposco,
2845 478 2902 524 ut
2931 470 3238 528 fraternitas
3267 483 3447 531 vestra
3464 493 3604 532 cun-

1999 556 2098 611 ctis
2129 556 2229 609 sibi
2260 556 2605 612 adulantibus
2632 566 2793 628 atque
2826 560 3029 614 erroris
3077 577 3274 618 nomen
3304 565 3604 621 deferenti-

1999 645 2103 698 bus
2134 645 2492 710 contradicat,
2528 663 2627 701 nec
2659 647 2818 701 stulto
2847 664 2911 702 ac
2943 650 3176 719 superbo
3207 654 3470 710 vocabulo
3500 672 3602 726 ap-

1999 732 2190 802 pellari
2221 734 2543 791 consentiat.
2582 757 2604 783 n
2629 734 2698 790 Et
2729 735 2855 790 item
2890 754 2902 790 :
2929 758 2950 787 α
2973 738 3272 809 Perpende,
3299 757 3454 813 rogo,
3475 745 3598 814 quia

1997 820 2052 875 in
2081 822 2184 876 hac
2210 823 2635 893 praesumptione
2679 825 2968 880 temeraria
2997 840 3104 897 pax
3161 827 3323 882 totius
3353 830 3602 886 turbatur

1997 909 2278 976 Ecclesiae,
2312 917 2363 966 et
2391 912 2582 983 gratiae
2612 913 2995 968 contradicitur
3035 917 3396 972 communiter
3422 919 3600 974 omni-

2000 998 2100 1053 bus
2123 997 2326 1054 eﬂ‘usae.
2354 1019 2378 1050 ι
2402 999 2471 1055 Et
2489 1001 2620 1056 item
2640 1019 2687 1055 εκ
2711 1001 2846 1069 Quis
2867 1019 3003 1075 rogo
3019 1003 3074 1058 in
3102 1005 3204 1060 hoc
3226 1013 3329 1061 tam
3348 1023 3602 1077 perverso

1997 1087 2259 1142 vocabulo
2292 1087 2395 1143 nisi
2425 1089 2514 1144 ille
2545 1090 2615 1144 ad
2663 1090 2980 1146 imitandum
3009 1093 3328 1164 proponitur
3357 1097 3469 1166 qui,
3503 1098 3605 1152 de-

1998 1177 2197 1246 spectis
2227 1177 2544 1248 angelorum
2575 1178 2903 1250 legionibus,
2959 1197 3145 1237 secum
3176 1184 3446 1240 socialiter
3474 1200 3602 1241 con-

1997 1265 2214 1330 stitutis,
2246 1265 2314 1320 ad
2351 1266 2564 1322 culmen
2609 1276 2836 1324 conatus
2871 1277 2952 1324 est
2995 1271 3383 1341 singularitatis
3415 1290 3602 1329 erum-

1995 1369 2145 1423 pere,
2177 1360 2303 1408 utet
2334 1354 2468 1409 nulli
2497 1355 2742 1422 subesse,
2792 1366 2843 1411 et
2881 1358 3031 1412 solus
3081 1360 3334 1416 omnibus
3364 1378 3603 1432 praeesse

1997 1441 2273 1496 videretur
2295 1443 2322 1497 ?
2355 1463 2376 1492 ι
2410 1444 2476 1497 Et
2519 1443 2647 1500 item
2679 1463 2691 1498 :
2749 1466 2770 1496 ι
2796 1446 2951 1500 Certe
3008 1449 3195 1503 Petrus
3233 1451 3599 1520 apostolorum

1996 1530 2252 1603 princeps
2282 1531 2581 1586 membrum
2629 1541 2828 1590 sanctae
2869 1542 2925 1590 et
2959 1535 3284 1593 universalis
3315 1540 3594 1606 Ecclesiae,

1996 1618 2210 1688 Paulus,
2241 1619 2505 1686 Andreas,
2530 1622 2787 1687 Joannes,
2823 1623 2951 1695 quid
2983 1625 3128 1680 aliud
3160 1641 3322 1696 quam
3355 1628 3598 1700 singula-

295 1713 620 1770 clericorum
652 1721 812 1785 atque
842 1713 1084 1768 omnium
1103 1715 1303 1770 civium
1323 1715 1596 1770 voluntate
1619 1715 1888 1785 discussa,
1914 1735 1966 1793 Β
1996 1723 2118 1762 rum
2150 1716 2272 1762 sunt
2328 1709 2569 1778 plebium
2613 1710 2806 1780 capita,
2841 1718 2894 1766 et
2941 1719 3124 1768 tamen
3157 1715 3256 1768 sub
3285 1731 3392 1770 uno
3423 1717 3598 1786 capite

296 1818 357 1858 ex
385 1803 720 1873 presbyteris
751 1801 994 1870 ejusdem
1028 1801 1308 1870 Ecclesiae,
1344 1804 1430 1859 vel
1462 1819 1526 1858 ex
1548 1804 1884 1870 diaconibus,

294 1891 524 1961 optimus
555 1891 808 1961 eligatur,
844 1891 911 1944 de
942 1891 1096 1959 cujus
1126 1891 1346 1947 nomine
1375 1893 1443 1945 ad
1467 1900 1612 1947 tuam
1641 1894 1887 1948 notitiam

292 1979 656 2050 provinciales
693 1978 931 2034 referant
965 1981 1297 2046 sacerdotes,
1333 1979 1606 2050 impleturi
1634 1989 1760 2036 vota
1792 1999 1888 2052 po-

293 2067 580 2135 scentium,
611 2081 738 2124 cum
769 2067 912 2138 quod
971 2067 1104 2138 ipsis
1135 2068 1337 2138 placuit
1367 2068 1464 2124 tibi
1521 2086 1737 2141 quoque
1766 2070 1886 2140 pla-

291 2157 466 2212 Cuisse
517 2156 898 2228 cognoverint.
937 2177 958 2205 ν
992 2159 1058 2212 Et
1079 2157 1208 2212 item
1244 2175 1257 2212 :
1291 2181 1310 2205 «
1348 2159 1407 2211 In
1458 2158 1754 2214 evocandis
1787 2167 1889 2214 ate

293 2245 562 2316 episcopis
610 2245 1107 2300 moderatissimum
1138 2262 1260 2300 esse
1292 2254 1342 2300 te
1393 2247 1661 2312 volumus,
1687 2263 1755 2303 ne
1793 2263 1893 2318 per

292 2334 513 2401 majoris
543 2333 840 2404 diligentiae
871 2334 1110 2404 speciem
1140 2334 1395 2390 fraternis
1415 2334 1639 2406 gloriari
1657 2335 1891 2390 videaris

292 2423 518 2491 injuriis.
554 2423 710 2478 Unde
757 2422 802 2476 si
831 2437 1000 2478 causa
1055 2421 1234 2494 aliqua
1263 2424 1434 2491 major
1478 2424 1598 2490 erit,
1632 2425 1701 2479 ob
1731 2439 1892 2496 quam

293 2510 610 2567 rationabile
654 2525 721 2567 ac
778 2511 1148 2566 necessarium
1179 2512 1250 2566 sit
1279 2511 1583 2567 fraternum
1627 2498 1891 2568 advocare

293 2607 634 2664 conventum,
671 2599 827 2654 binos
879 2601 948 2655 de
998 2599 1229 2672 singulis
1259 2601 1552 2671 provinciis
1583 2601 1887 2672 episcOpos,

292 2705 422 2760 quos
481 2687 887 2760 metropolitani
917 2689 1249 2743 crediderint
1299 2705 1422 2745 esse
1472 2689 1892 2754 mittendos,ad

289 2776 682 2833 fraternitatem
738 2784 886 2832 tuam
935 2777 1120 2832 venire
1151 2777 1396 2844 sufficiat,
1429 2787 1484 2832 ut
1529 2794 1637 2834 non
1660 2778 1893 2848 amplius

292 2867 357 2921 ab
387 2873 588 2921 statuto
646 2865 864 2922 concilii
908 2873 1149 2937 tempore
1209 2884 1367 2938 quam
1417 2867 1534 2922 dies
1584 2868 1893 2939 quindecim

292 2963 636 3011 remorentur
674 2955 934 3026 episcopi.
976 2976 996 3004 »
1033 2955 1182 3023 Quos
1227 2957 1674 3026 metropolitanos
1705 2966 1895 3012 contra

295 3060 420 3100 suos
450 3044 716 3116 primates
739 3060 796 3097 se
841 3043 1089 3099 elevasse
1120 3044 1175 3098 in
1223 3045 1402 3099 Gestis
1433 3046 1892 3100 Chalcedonensis

290 3133 477 3205 synodi
507 3132 827 3204 reperimus,
863 3150 1107 3204 quosque
1129 3133 1317 3189 eadem
1350 3135 1592 3205 synodus
1615 3135 1762 3203 juste
1791 3151 1884 3189 re-

290 3222 505 3293 darguit
535 3231 588 3276 et
616 3223 932 3278 auctoritate
964 3223 1242 3294 repressit.

355 3312 698 3367 Patriarchas
747 3327 959 3383 quoque
988 3311 1073 3367 vel
1120 3312 1400 3382 primates,
1438 3311 1529 3382 qui
1561 3311 1771 3367 duobus
1801 3312 1885 3366 his

291 3401 596 3457 nominibus
627 3401 683 3454 in
721 3400 877 3455 unius
919 3401 1188 3472 prioratus
1219 3400 1517 3470 funguntur
1544 3399 1742 3466 oﬂicio,
1777 3416 1885 3456 non

292 3490 462 3545 solum
492 3490 758 3544 adversus
788 3489 1000 3544 tertiam
1033 3497 1084 3542 et
1114 3490 1410 3544 secundam
1452 3490 1657 3554 sedem,
1695 3505 1886 3544 verum

293 3587 342 3635 et
360 3588 549 3635 contra
581 3578 809 3648 primam
837 3586 890 3632 et
919 3579 1276 3649 apostolicam
1308 3580 1496 3633 sedem
1523 3578 1758 3649 legimus
1789 3595 1886 3633 ex-

291 3668 496 3735 tulisse,
533 3667 673 3722 adeo
703 3675 758 3721 ut
781 3667 1070 3738 episcopus
1117 3667 1725 3737 Constantinopolitanae
1758 3667 1886 3721 civi-

291 3757 426 3823 tatis,
475 3757 607 3812 olim
665 3756 997 3811 Heracleotis
1042 3755 1407 3826 suffragante,
1439 3764 1623 3811 contra
1671 3756 1888 3826 regulas

288 3845 460 3901 tertiae
488 3845 640 3900 sedis
663 3846 977 3915 episcopum
1007 3845 1256 3899 ordinare
1286 3844 1691 3915 praesumpserit
1720 3854 1773 3900 et
1803 3861 1888 3900 se-

286 3935 473 3990 cundat
502 3935 622 3990 sedi
650 3950 710 3988 se
739 3950 770 3988 a
802 3935 1008 4005 synodo
1030 3934 1164 3990 etab
1183 3934 1724 4004 imperialipotestate
1745 3950 1888 4005 prae-

287 4024 415 4080 ferri
447 4031 642 4079 contra
678 4023 896 4093 regulas
954 4022 1261 4078 obtinuerit.
1304 4025 1371 4076 Et
1431 4023 1554 4094 quia
1585 4039 1738 4078 mens
1785 4039 1888 4093 po-

285 4113 465 4169 tentia:
514 4111 675 4166 avida
738 4127 846 4167 non
899 4119 1079 4182 potest
1135 4113 1415 4167 concessis
1466 4111 1569 4166 sibi
1627 4111 1889 4166 limitibus

286 4217 406 4259 esse
436 4209 713 4267 contenta,
746 4201 816 4255 ad
846 4203 949 4256 hoc
981 4217 1151 4271 usque
1195 4200 1442 4270 prorupit
1468 4208 1525 4255 ut
1555 4208 1744 4255 contra
1774 4199 1889 4270 pri-

286 4307 424 4346 mam
456 4299 508 4347 et
567 4290 922 4361 apostolicam
982 4290 1169 4345 sedem
1220 4289 1584 4344 universalem
1613 4289 1801 4344 vocari
1832 4305 1890 4342 se

285 4379 489 4448 fecerit,
523 4379 662 4435 sicut
716 4380 771 4433 in
821 4379 1065 4449 epistolis
1124 4378 1309 4450 magni
1367 4377 1561 4432 Leonis
1623 4392 1778 4448 papae
1827 4392 1892 4432 ac

1995 1811 2186 1852 omnes
2217 1798 2483 1862 membra,
2518 1806 2682 1870 atque
2704 1806 2761 1854 ut
2797 1808 2992 1856 cuncta
3022 1801 3170 1857 brevi
3194 1803 3412 1875 cingulo
3439 1805 3598 1861 locu-

1990 1884 2160 1940 tionis
2192 1886 2506 1955 astringam,
2539 1887 2712 1942 sancti
2743 1896 2869 1944 ante
2899 1888 3100 1962 legem,
3136 1892 3307 1947 sancti
3331 1893 3431 1947 sub
3453 1893 3595 1964 lege,

1991 1975 2164 2030 sancti
2189 1975 2288 2028 sub
2321 1975 2520 2046 gratia,
2555 1991 2747 2032 omnes
2774 1977 2830 2032 hi
2859 1976 3204 2049 perficientes
3252 1997 3452 2053 corpus
3483 1982 3600 2038 Do-

1989 2062 2141 2130 mini,
2175 2062 2229 2116 in
2267 2064 2527 2118 membris
2561 2071 2684 2120 sunt
2712 2065 2975 2122 Ecclesiae
3013 2068 3307 2136 constituti,
3339 2077 3394 2125 et
3438 2085 3600 2126 nemo

1993 2166 2053 2207 se
2079 2167 2320 2223 unquam
2370 2153 2737 2209 universalem
2800 2155 2984 2210 vocari
3016 2156 3204 2211 voluit.
3237 2158 3435 2212 Vestra
3460 2175 3597 2229 ergo

1993 2239 2253 2295 sanctitas
2284 2251 2544 2312 agnoscat
2565 2249 2828 2313 quantum
2858 2245 3002 2315 apud
3034 2261 3094 2300 se
3122 2252 3340 2312 tumeat,
3369 2262 3491 2317 quae
3511 2247 3602 2304 illo

1992 2329 2211 2384 nomine
2263 2330 2449 2385 vocari
2503 2331 2724 2401 appetit,
2777 2348 2882 2403 quo
2923 2333 3107 2389 vocari
3136 2333 3312 2389 nullus
3341 2351 3601 2405 prmsum-

1992 2417 2118 2488 psit,
2153 2418 2246 2489 qui
2275 2418 2544 2473 veraciter
2592 2427 2812 2473 sanctus
2845 2420 2960 2475 fuit.
3010 2422 3268 2493 Nunquid
3304 2437 3433 2490 non,
3460 2423 3599 2478 sicut

1994 2513 2172 2561 vestra
2199 2505 2513 2562 fraternitas
2541 2508 2705 2571 novit,
2740 2523 2837 2578 per
2867 2517 3112 2563 sanctum
3145 2517 3197 2564 et
3225 2511 3597 2566 venerandum

1994 2595 2436 2650 Cbalcedonense
2459 2596 2749 2650 concilium
2779 2597 2937 2666 hujus
2984 2598 3295 2669 apostolicae
3323 2599 3471 2654 sedis
3503 2615 3600 2654 an-

1992 2682 2206 2749 tistites,
2239 2683 2344 2751 cui,
2377 2683 2492 2739 Deo
2538 2684 2878 2754 disponente,
2936 2687 3208 2756 deservio,
3257 2689 3598 2745 universales

1995 2772 2175 2826 oblato
2205 2773 2414 2827 honore
2435 2775 2610 2828 vocati
2629 2783 2750 2829 sunt
2769 2774 2797 2828 τ
2827 2776 2936 2830 Sed
2958 2783 3138 2830 tamen
3160 2775 3339 2831 nullus
3362 2793 3598 2849 unquam

1995 2860 2087 2914 tali
2108 2861 2374 2916 vocabulo
2407 2861 2667 2933 appellari
2695 2863 2880 2929 voluit,
2913 2864 3093 2918 nullus
3143 2865 3247 2920 sibi
3277 2865 3380 2920 hoc
3421 2873 3596 2922 teme-

1993 2949 2194 3007 rarium
2245 2965 2446 3005 nomen
2495 2951 2755 3022 arripuit,
2800 2969 2869 3006 ne
2916 2953 2962 3006 si
2997 2953 3100 3007 sibi
3143 2953 3197 3008 in
3255 2953 3600 3024 pontificatus

1993 3038 2164 3110 gradu
2199 3038 2428 3110 gloriam
2455 3039 2849 3110 singularitatis
2880 3041 3166 3112 arriperet,
3192 3042 3331 3096 hanc
3347 3043 3599 3098 omnibus

1993 3126 2252 3181 fratribus
2301 3127 2611 3199 denegasse
2663 3128 2954 3184 videretur.
2987 3150 3007 3178 ν
3041 3129 3111 3184 Et
3169 3131 3294 3184 item
3331 3146 3344 3186 :
3384 3154 3404 3179 «
3455 3131 3597 3198 Quid

1992 3230 2151 3285 ergo,
2183 3214 2354 3270 frater
2382 3215 2723 3282 cbarissime,
2758 3216 2810 3269 in
2842 3217 2935 3272 illo
2963 3217 3195 3272 terribili
3225 3218 3471 3274 examine
3504 3237 3598 3275 ve-

1987 3303 2156 3358 nienti
2179 3304 2349 3373 judici
2400 3320 2460 3360 es
2505 3304 2776 3371 dicturus,
2804 3305 2900 3378 qui
2929 3322 3038 3361 non
3090 3306 3265 3362 solum
3297 3309 3469 3377 Pater,
3503 3310 3599 3363 sed

1989 3393 2150 3448 etiam
2179 3393 2458 3466 generalis
2487 3395 2647 3448 Pater
2668 3394 2722 3447 in
2753 3395 2954 3450 mundo
2977 3396 3158 3450 vocari
3184 3397 3436 3467 appetis?
3455 3398 3598 3454 Ecce

1990 3499 2055 3538 ex
2083 3483 2188 3537 hoc
2217 3481 2453 3537 nefando
2483 3483 2733 3538 elationis
2765 3485 3029 3538 vocabulo
3050 3484 3299 3539 Ecclesia
3319 3485 3595 3553 scinditur,

1989 3571 2216 3626 fratrum
2246 3572 2488 3626 omnium
2517 3571 2687 3626 corda
2714 3573 2787 3628 ad
2818 3572 3132 3627 scandalum
3154 3581 3532 3644 provocantur.
3572 3595 3594 3624 »

1987 3661 2055 3716 Et
2083 3659 2140 3713 in
2171 3660 2402 3731 epistola
2435 3661 2504 3714 ab
2540 3660 2894 3716 Sabinianum
2923 3661 3215 3716 diaconum
3242 3661 3299 3716 in
3327 3662 3599 3719 Constan-

1989 3748 2214 3820 tinopoli
2260 3749 2596 3820 responsalis
2643 3748 2959 3821 fungentem
2991 3750 3166 3806 oﬁicio
3214 3751 3334 3823 (lib.
3366 3767 3443 3822 IV,
3474 3752 3596 3808 ind.

1992 3842 2077 3906 t3,
2112 3838 2276 3907 epist.
2335 3839 2476 3909 39):
2535 3859 2556 3889 α
2608 3839 2691 3894 Ad
2720 3853 2844 3905 noc,
2879 3839 3072 3911 inquit,
3132 3855 3302 3912 usque
3355 3841 3604 3912 pervenit

1992 3925 2144 3998 (quin
2203 3927 2440 3981 Joannes
2510 3927 3142 3999 Constantinopolitanus
3178 3929 3492 4000 episcopus)
3541 3936 3598 3984 ut

1991 4015 2090 4071 sub
2135 4015 2423 4072 occasione
2481 4016 2788 4087 presbyteri
2834 4017 3058 4072 Joannis
3092 4025 3250 4089 gesta
3277 4019 3383 4074 huc
3419 4026 3598 4073 trans-

1989 4104 2244 4168 mitteret,
2279 4104 2332 4157 in
2364 4104 2558 4174 quibus
2580 4121 2639 4159 se
2670 4120 2811 4174 pene
2830 4121 2931 4174 per
2967 4121 3184 4160 omnem
3219 4122 3433 4162 versum
3456 4122 3602 4162 oecu-

1991 4192 2262 4248 menicum
2277 4191 2648 4262 patriarcham
2670 4191 2990 4247 nominaret.
3013 4214 3034 4241 »
3061 4194 3127 4248 Et
3147 4202 3270 4263 post
3291 4194 3563 4264 aliquanta
3585 4212 3597 4248 :

1997 4302 2018 4330 tt
2056 4281 2115 4334 In
2147 4280 2252 4333 isto
2284 4279 2429 4334 enim
2461 4279 2698 4334 scelesto
2726 4280 2996 4335 vocabulo
3025 4280 3336 4336 consentire
3363 4281 3497 4334 nihil
3520 4289 3602 4336 est

1991 4368 2137 4424 aliud
2170 4382 2334 4440 quam
2366 4367 2528 4424 fidem
2565 4369 2835 4440 perdere;
2867 4370 3012 4424 unde
3035 4369 3172 4424 sicut
3192 4369 3285 4425 tibi
3297 4369 3407 4438 jam
3423 4378 3600 4425 trans-

287 4469 426 4525 beati
447 4468 720 4541 Gregorii,
749 4475 799 4524 et
818 4467 1216 4538 nuperNicolai
1235 4466 1550 4539 relegimus.
1579 4465 1741 4534 Cujus
1761 4480 1886 4536 pro-
1917 4453 1968 4512 D
1991 4457 2123 4512 actis
2169 4457 2412 4528 epistolis
2461 4457 2672 4530 scripsi.
2724 4473 3003 4530 nunquam
3033 4472 3156 4515 cum
3193 4473 3260 4514 eo
3300 4458 3599 4530 procedere

284 4558 391 4614 fani
425 4556 681 4614 vocabuli
711 4556 1082 4628 praesumptio,
1108 4557 1298 4627 rapina
1329 4556 1535 4610 scilicet
1567 4554 1885 4623 altitudinis,

287 4648 510 4720 qualiter
556 4645 767 4718 repulsa
809 4646 880 4700 sit
929 4661 961 4700 a
1020 4645 1180 4701 beato
1212 4646 1412 4711 Leone,
1447 4659 1555 4699 una
1587 4660 1708 4699 cum
1740 4659 1893 4699 arro-

287 4737 465 4808 gantia
515 4734 899 4806 appellationis
951 4733 1204 4788 indebitae
1236 4750 1268 4788 a
1299 4733 1892 4802 Constantinopolitano

287 4826 546 4898 episcopo
577 4832 871 4895 usurpatae,
903 4823 1034 4894 quia
1064 4830 1167 4878 tuae
1195 4822 1593 4892 compilationis
1625 4821 1892 4892 perplexi-

289 4923 369 4970 tas
399 4915 517 4983 ejus
551 4914 696 4968 dicta
723 4911 852 4968 alibi
883 4913 1050 4981 exigit
1080 4928 1301 4982 ponere,
1334 4927 1432 4966 suo
1471 4911 1592 4966 loco
1623 4910 1884 4966 invenies.

286 5003 349 5058 Et
371 5005 504 5076 quid
535 5003 604 5057 de
625 5003 820 5057 eodem
848 5001 1116 5057 vocabulo
1146 5002 1337 5056 beatus
1369 5000 1673 5071 Gregorius
1703 5016 1889 5055 sense-

288 5093 351 5148 rit
381 5101 432 5149 et
494 5091 817 5157 decreverit,
860 5091 948 5146 hic
997 5107 1098 5161 pro
1137 5091 1243 5146 loci
1300 5089 1703 5161 opportunitate
1761 5088 1887 5143 duxi

290 5182 621 5252 ponendum,
657 5181 807 5249 cujus
854 5179 1020 5236 verba
1049 5180 1206 5234 latius
1254 5194 1316 5234 ac
1354 5179 1567 5250 plenius
1597 5178 1651 5231 in
1681 5177 1886 5234 eisdem

291 5271 550 5342 epistolis,
584 5271 653 5324 de
682 5269 876 5340 quibus
908 5269 995 5324 hic
1026 5269 1273 5338 quaedam
1295 5266 1574 5332 defloravi,
1596 5267 1768 5321 lector
1784 5281 1886 5336 po-

288 5360 406 5414 terit
437 5359 705 5414 invenire.
741 5358 826 5412 Ait
846 5357 991 5414 enim
1012 5357 1066 5411 in
1089 5356 1314 5428 epistola
1336 5356 1403 5409 ad
1425 5355 1601 5425 ipsum
1622 5356 1885 5410 Joannem

289 5447 939 5519 Constantinopolitanum
997 5447 1333 5518 episcopum,
1368 5445 1458 5516 qui
1497 5461 1555 5498 se
1596 5444 1885 5498 universa-

291 5533 394 5594 lem
430 5539 746 5611 episcopum
791 5537 1073 5610 satagebat
1129 5535 1310 5592 vocari
1361 5535 1478 5605 (lib.
1513 5548 1588 5598 Iv,
1639 5533 1759 5587 ind.
1797 5537 1883 5598 l3,

1991 4561 2319 4617 praesumas.
2366 4566 2387 4595 ν
2421 4546 2490 4602 Et
2519 4547 2586 4602 ad
2609 4547 3013 4603 Constantinam
3044 4550 3347 4620 Augustam
3377 4547 3496 4617 (lib.
3518 4562 3594 4613 1v,

1993 4635 2117 4692 ind.
2143 4639 2226 4701 t3,
2262 4636 2426 4706 epist.
2463 4637 2554 4706 34)
2579 4653 2592 4691 :
2623 4657 2645 4686 ι
2672 4637 2810 4692 Cum
2830 4652 2888 4690 se
2910 4651 3053 4692 nova
3072 4635 3496 4706 praesumptione
3511 4643 3596 4690 at-

1995 4741 2101 4796 que
2131 4724 2387 4794 superbia
2418 4725 2562 4780 idem
2593 4724 2762 4780 frater
2802 4741 2958 4779 meus
2988 4723 3351 4780 universalem
3382 4724 3599 4794 episco-

1992 4829 2121 4882 pum
2154 4813 2415 4884 appellet,
2449 4813 2518 4868 ita
2539 4821 2598 4868 ut
2627 4823 2826 4868 sanctae
2849 4811 3127 4867 memoria:
3155 4811 3464 4868 decessoris
3493 4813 3600 4869 mei

1992 4910 2236 4972 tempore
2265 4903 2465 4958 ascribi
2517 4919 2576 4957 se
2606 4903 2661 4956 in
2692 4902 2900 4973 synodo
2948 4899 3042 4956 tali
3071 4903 3175 4958 hoc
3228 4903 3468 4973 superbo
3496 4919 3598 4958 vo-

1989 4991 2181 5046 cabulo
2232 4989 2457 5055 faceret,
2519 4989 2768 5061 quamvis
2815 4996 3012 5045 cuncta
3056 4997 3175 5046 acta
3207 4990 3352 5046 illius
3404 4992 3599 5063 synodi

1991 5079 2120 5135 sede
2197 5080 2503 5150 apostolica
2561 5078 2964 5134 contradicente
2995 5079 3171 5134 soluta
3219 5080 3325 5135 sint
3375 5098 3388 5135 :
3446 5081 3599 5136 triste

1989 5167 2121 5222 mihi
2150 5167 2356 5240 aliquid
2385 5166 2769 5223 serenissimus
2802 5167 3068 5223 Dominus
3099 5168 3291 5237 innuit,
3315 5169 3460 5241 quod
3487 5185 3596 5225 non

1990 5273 2114 5312 eum
2145 5256 2405 5327 corripuit
2437 5255 2527 5326 qui
2545 5256 2810 5326 superbit,
2846 5258 2944 5312 sed
2985 5273 3070 5312 me
3110 5257 3286 5328 magis
3322 5258 3392 5312 ab
3419 5258 3595 5313 inten-

1989 5345 2131 5399 tione
2161 5360 2280 5400 mea
2309 5344 2581 5399 declinare
2616 5344 2832 5413 studuit,
2869 5347 2961 5418 qui
2999 5347 3052 5401 in
3082 5347 3186 5402 hac
3216 5361 3381 5402 causa
3408 5347 3593 5401 Evan-

1989 5433 2258 5505 geliorum
2285 5441 2336 5487 et
2366 5448 2635 5489 canonum
2665 5443 2864 5491 statuta
2891 5435 3207 5491 humilitatis
3252 5443 3414 5508 atque
3445 5436 3598 5492 recti-

1987 5531 2188 5588 tudinis
2219 5530 2416 5588 virtute
2444 5531 2698 5588 defendo.
2739 5532 2853 5602 Qua
2900 5533 2954 5589 in
2985 5549 3044 5588 re
3073 5548 3106 5589 a
3135 5532 3398 5604 praedicto
3423 5532 3591 5588 fratre
