  <div class='ocr_page' id='page_1' title='image "/cluster/home/n/w/nwhite01/storage/ocr_20150623/126/umn.31951002477419r/207.png"; bbox 0 0 4164 6320; ppageno 0'>
   <div class='ocr_carea' id='block_1_1' title="bbox 543 301 648 357">
    <p class='ocr_par' dir='ltr' id='par_1_1' title="bbox 543 301 648 357">
     <span class='ocr_line' id='line_1_1' title="bbox 543 301 648 357; baseline -0.01 0"><span class='ocrx_word' id='word_1_1' title='bbox 543 301 648 357; x_wconf 70' lang='grc'><strong>34³7</strong></span> 
     </span>
    </p>
   </div>
   <div class='ocr_carea' id='block_1_2' title="bbox 1506 285 2909 352">
    <p class='ocr_par' dir='ltr' id='par_1_2' title="bbox 1506 285 2909 352">
     <span class='ocr_line' id='line_1_2' title="bbox 1506 285 2909 352; baseline -0.001 -1"><span class='ocrx_word' id='word_1_2' title='bbox 1506 293 1849 352; x_wconf 80' lang='lat' dir='ltr'><strong>HINCMARI</strong></span> <span class='ocrx_word' id='word_1_3' title='bbox 1903 285 2307 348; x_wconf 81' lang='lat' dir='ltr'><strong>RHEMENSIS</strong></span> <span class='ocrx_word' id='word_1_4' title='bbox 2360 291 2909 350; x_wconf 83' lang='lat' dir='ltr'><strong>ARCHIEPISCOPI.</strong></span> 
     </span>
    </p>
   </div>
   <div class='ocr_carea' id='block_1_3' title="bbox 3741 295 3847 349">
    <p class='ocr_par' dir='ltr' id='par_1_3' title="bbox 3741 295 3847 349">
     <span class='ocr_line' id='line_1_3' title="bbox 3741 295 3847 349; baseline 0 0"><span class='ocrx_word' id='word_1_5' title='bbox 3741 295 3847 349; x_wconf 70' lang='lat' dir='ltr'><strong>3L8</strong></span> 
     </span>
    </p>
   </div>
   <div class='ocr_carea' id='block_1_4' title="bbox 549 413 3852 494">
    <p class='ocr_par' dir='ltr' id='par_1_4' title="bbox 549 413 3852 494">
     <span class='ocr_line' id='line_1_4' title="bbox 549 413 3852 494; baseline -0.003 -12"><span class='ocrx_word' id='word_1_6' title='bbox 549 433 604 482; x_wconf 90' lang='lat' dir='ltr'><strong>et</strong></span> <span class='ocrx_word' id='word_1_7' title='bbox 659 424 1044 482; x_wconf 90' lang='lat' dir='ltr'><strong>consacerdote</strong></span> <span class='ocrx_word' id='word_1_8' title='bbox 1097 437 1242 491; x_wconf 90' lang='lat' dir='ltr'><strong>meo,</strong></span> <span class='ocrx_word' id='word_1_9' title='bbox 1275 428 1463 480; x_wconf 92' lang='lat' dir='ltr'><strong>contra</strong></span> <span class='ocrx_word' id='word_1_10' title='bbox 1511 419 1886 494; x_wconf 90' lang='lat' dir='ltr'><strong>evangelicam</strong></span> <span class='ocrx_word' id='word_1_11' title='bbox 1929 423 2143 474; x_wconf 91' lang='lat' dir='ltr'><strong>senten-</strong></span> <span class='ocrx_word' id='word_1_12' title='bbox 2170 413 2226 474; x_wconf 89' lang='lat' dir='ltr'><strong>A</strong></span> <span class='ocrx_word' id='word_1_13' title='bbox 2247 417 2376 488; x_wconf 90' lang='lat' dir='ltr'><strong>quia</strong></span> <span class='ocrx_word' id='word_1_14' title='bbox 2404 419 2518 474; x_wconf 91' lang='lat' dir='ltr'><strong>scio</strong></span> <span class='ocrx_word' id='word_1_15' title='bbox 2549 419 2640 492; x_wconf 89' lang='lat' dir='ltr'><strong>qui</strong></span> <span class='ocrx_word' id='word_1_16' title='bbox 2670 436 2809 486; x_wconf 89' lang='lat' dir='ltr'><strong>sum,</strong></span> <span class='ocrx_word' id='word_1_17' title='bbox 2844 418 2936 491; x_wconf 88' lang='lat' dir='ltr'><strong>qui</strong></span> <span class='ocrx_word' id='word_1_18' title='bbox 2965 417 3116 474; x_wconf 81' lang='lat' dir='ltr'><strong>estis.</strong></span> <span class='ocrx_word' id='word_1_19' title='bbox 3147 417 3292 474; x_wconf 92' lang='lat' dir='ltr'><strong>Loco</strong></span> <span class='ocrx_word' id='word_1_20' title='bbox 3321 417 3467 472; x_wconf 85' lang='lat' dir='ltr'><strong>enim</strong></span> <span class='ocrx_word' id='word_1_21' title='bbox 3487 416 3620 474; x_wconf 90' lang='lat' dir='ltr'><strong>mihi</strong></span> <span class='ocrx_word' id='word_1_22' title='bbox 3647 415 3852 474; x_wconf 80' lang='lat' dir='ltr'><strong>fratres</strong></span> 
     </span>
    </p>
   </div>
   <div class='ocr_carea' id='block_1_5' title="bbox 551 507 2150 585">
    <p class='ocr_par' dir='ltr' id='par_1_5' title="bbox 551 507 2150 585">
     <span class='ocr_line' id='line_1_5' title="bbox 551 507 2150 585; baseline -0.006 -15"><span class='ocrx_word' id='word_1_23' title='bbox 551 517 700 584; x_wconf 87' lang='lat' dir='ltr'><strong>tiam,</strong></span> <span class='ocrx_word' id='word_1_24' title='bbox 723 522 914 570; x_wconf 90' lang='lat' dir='ltr'><strong>contra</strong></span> <span class='ocrx_word' id='word_1_25' title='bbox 940 514 1162 569; x_wconf 90' lang='lat' dir='ltr'><strong>beatum</strong></span> <span class='ocrx_word' id='word_1_26' title='bbox 1211 527 1427 585; x_wconf 92' lang='lat' dir='ltr'><strong>quoque</strong></span> <span class='ocrx_word' id='word_1_27' title='bbox 1483 511 1705 566; x_wconf 90' lang='lat' dir='ltr'><strong>Petrum</strong></span> <span class='ocrx_word' id='word_1_28' title='bbox 1734 507 2060 580; x_wconf 82' lang='lat' dir='ltr'><strong>apostolum,</strong></span> <span class='ocrx_word' id='word_1_29' title='bbox 2095 511 2150 560; x_wconf 88' lang='lat' dir='ltr'><strong>et</strong></span> 
     </span>
    </p>
   </div>
   <div class='ocr_carea' id='block_1_6' title="bbox 547 600 2149 671">
    <p class='ocr_par' dir='ltr' id='par_1_6' title="bbox 547 600 2149 671">
     <span class='ocr_line' id='line_1_6' title="bbox 547 600 2149 671; baseline -0.007 -11"><span class='ocrx_word' id='word_1_30' title='bbox 547 611 736 660; x_wconf 89' lang='lat' dir='ltr'><strong>contra</strong></span> <span class='ocrx_word' id='word_1_31' title='bbox 762 618 954 659; x_wconf 89' lang='lat' dir='ltr'><strong>omnes</strong></span> <span class='ocrx_word' id='word_1_32' title='bbox 981 601 1282 668; x_wconf 91' lang='lat' dir='ltr'><strong>Ecclesias,</strong></span> <span class='ocrx_word' id='word_1_33' title='bbox 1315 606 1612 671; x_wconf 83' lang='lat' dir='ltr'><strong>contraque</strong></span> <span class='ocrx_word' id='word_1_34' title='bbox 1657 612 1925 654; x_wconf 88' lang='lat' dir='ltr'><strong>canonum</strong></span> <span class='ocrx_word' id='word_1_35' title='bbox 1955 600 2149 650; x_wconf 90' lang='lat' dir='ltr'><strong>statuta</strong></span> 
     </span>
    </p>
   </div>
   <div class='ocr_carea' id='block_1_7' title="bbox 547 683 2145 764">
    <p class='ocr_par' dir='ltr' id='par_1_7' title="bbox 547 683 2145 764">
     <span class='ocr_line' id='line_1_7' title="bbox 547 683 2145 764; baseline -0.007 -17"><span class='ocrx_word' id='word_1_36' title='bbox 547 692 744 764; x_wconf 89' lang='lat' dir='ltr'><strong>agitur.</strong></span> <span class='ocrx_word' id='word_1_37' title='bbox 783 713 806 742; x_wconf 69' lang='grc' dir='ltr'><strong>ι</strong></span> <span class='ocrx_word' id='word_1_38' title='bbox 839 693 908 747; x_wconf 90' lang='lat' dir='ltr'><strong>Et</strong></span> <span class='ocrx_word' id='word_1_39' title='bbox 927 691 1088 764; x_wconf 91' lang='lat' dir='ltr'><strong>paulo</strong></span> <span class='ocrx_word' id='word_1_40' title='bbox 1116 697 1240 762; x_wconf 84' lang='lat' dir='ltr'><strong>post</strong></span> <span class='ocrx_word' id='word_1_41' title='bbox 1273 707 1286 744; x_wconf 88' lang='lat'><strong>:</strong></span> <span class='ocrx_word' id='word_1_42' title='bbox 1323 711 1347 740; x_wconf 72' lang='grc' dir='ltr'><strong><em>ι</em></strong></span> <span class='ocrx_word' id='word_1_43' title='bbox 1407 688 1585 744; x_wconf 80' lang='lat' dir='ltr'><strong>Triste</strong></span> <span class='ocrx_word' id='word_1_44' title='bbox 1643 694 1825 741; x_wconf 90' lang='lat' dir='ltr'><strong>tamen</strong></span> <span class='ocrx_word' id='word_1_45' title='bbox 1855 683 2013 740; x_wconf 83' lang='lat' dir='ltr'>valde</span> <span class='ocrx_word' id='word_1_46' title='bbox 2045 689 2145 749; x_wconf 92' lang='lat' dir='ltr'><strong>est,</strong></span> 
     </span>
    </p>
   </div>
   <div class='ocr_carea' id='block_1_8' title="bbox 548 771 2150 852">
    <p class='ocr_par' dir='ltr' id='par_1_8' title="bbox 548 771 2150 852">
     <span class='ocr_line' id='line_1_8' title="bbox 548 771 2150 852; baseline -0.007 -16"><span class='ocrx_word' id='word_1_47' title='bbox 548 789 608 836; x_wconf 92' lang='lat' dir='ltr'><strong>ut</strong></span> <span class='ocrx_word' id='word_1_48' title='bbox 640 781 908 852; x_wconf 82' lang='lat' dir='ltr'><strong>patienter</strong></span> <span class='ocrx_word' id='word_1_49' title='bbox 961 779 1184 846; x_wconf 85' lang='lat' dir='ltr'><strong>feratur,</strong></span> <span class='ocrx_word' id='word_1_50' title='bbox 1242 786 1512 850; x_wconf 85' lang='lat' dir='ltr'><strong>quatenus</strong></span> <span class='ocrx_word' id='word_1_51' title='bbox 1568 773 1839 846; x_wconf 83' lang='lat' dir='ltr'><strong>deSpectis</strong></span> <span class='ocrx_word' id='word_1_52' title='bbox 1895 771 2150 828; x_wconf 90' lang='lat' dir='ltr'><strong>omnibus</strong></span> 
     </span>
    </p>
   </div>
   <div class='ocr_carea' id='block_1_9' title="bbox 547 862 2150 941">
    <p class='ocr_par' dir='ltr' id='par_1_9' title="bbox 547 862 2150 941">
     <span class='ocr_line' id='line_1_9' title="bbox 547 862 2150 941; baseline -0.008 -15"><span class='ocrx_word' id='word_1_53' title='bbox 547 869 845 941; x_wconf 68' lang='lat' dir='ltr'><strong>praedictus</strong></span> <span class='ocrx_word' id='word_1_54' title='bbox 883 869 1052 924; x_wconf 84' lang='lat' dir='ltr'><strong>frater</strong></span> <span class='ocrx_word' id='word_1_55' title='bbox 1079 875 1132 924; x_wconf 91' lang='lat' dir='ltr'><strong>et</strong></span> <span class='ocrx_word' id='word_1_56' title='bbox 1171 867 1532 940; x_wconf 90' lang='lat' dir='ltr'><strong>coepiscopus</strong></span> <span class='ocrx_word' id='word_1_57' title='bbox 1558 879 1713 920; x_wconf 90' lang='lat' dir='ltr'><strong>meus</strong></span> <span class='ocrx_word' id='word_1_58' title='bbox 1743 862 1893 920; x_wconf 90' lang='lat' dir='ltr'><strong>solus</strong></span> <span class='ocrx_word' id='word_1_59' title='bbox 1921 867 2150 918; x_wconf 90' lang='lat' dir='ltr'><strong>conetur</strong></span> 
     </span>
    </p>
   </div>
   <div class='ocr_carea' id='block_1_10' title="bbox 549 947 2149 1030">
    <p class='ocr_par' dir='ltr' id='par_1_10' title="bbox 549 947 2149 1030">
     <span class='ocr_line' id='line_1_10' title="bbox 549 947 2149 1030; baseline -0.006 -17"><span class='ocrx_word' id='word_1_60' title='bbox 549 957 774 1030; x_wconf 90' lang='lat' dir='ltr'><strong>apellari</strong></span> <span class='ocrx_word' id='word_1_61' title='bbox 831 957 1143 1030; x_wconf 90' lang='lat' dir='ltr'><strong>episcopus.</strong></span> <span class='ocrx_word' id='word_1_62' title='bbox 1201 956 1311 1012; x_wconf 92' lang='lat' dir='ltr'><strong>Sed</strong></span> <span class='ocrx_word' id='word_1_63' title='bbox 1337 955 1396 1011; x_wconf 87' lang='lat' dir='ltr'><strong>in</strong></span> <span class='ocrx_word' id='word_1_64' title='bbox 1422 955 1526 1010; x_wconf 91' lang='lat' dir='ltr'><strong>hac</strong></span> <span class='ocrx_word' id='word_1_65' title='bbox 1581 954 1698 1023; x_wconf 88' lang='lat' dir='ltr'><strong>ejus</strong></span> <span class='ocrx_word' id='word_1_66' title='bbox 1729 950 1989 1024; x_wconf 82' lang='lat' dir='ltr'><strong>superbia</strong></span> <span class='ocrx_word' id='word_1_67' title='bbox 2017 947 2149 1022; x_wconf 88' lang='lat' dir='ltr'><strong>quid</strong></span> 
     </span>
    </p>
   </div>
   <div class='ocr_carea' id='block_1_11' title="bbox 549 1040 2149 1117">
    <p class='ocr_par' dir='ltr' id='par_1_11' title="bbox 549 1040 2149 1117">
     <span class='ocr_line' id='line_1_11' title="bbox 549 1040 2149 1117; baseline -0.006 -16"><span class='ocrx_word' id='word_1_68' title='bbox 549 1044 699 1102; x_wconf 80' lang='lat' dir='ltr'><strong>aliud</strong></span> <span class='ocrx_word' id='word_1_69' title='bbox 741 1045 846 1100; x_wconf 87' lang='lat' dir='ltr'><strong>nisi</strong></span> <span class='ocrx_word' id='word_1_70' title='bbox 875 1044 1184 1117; x_wconf 89' lang='lat' dir='ltr'><strong>pr0pinqua</strong></span> <span class='ocrx_word' id='word_1_71' title='bbox 1225 1043 1338 1112; x_wconf 91' lang='lat' dir='ltr'><strong>jam</strong></span> <span class='ocrx_word' id='word_1_72' title='bbox 1366 1040 1678 1098; x_wconf 83' lang='lat' dir='ltr'><strong>Antichristi</strong></span> <span class='ocrx_word' id='word_1_73' title='bbox 1719 1054 1843 1096; x_wconf 90' lang='lat' dir='ltr'><strong>esse</strong></span> <span class='ocrx_word' id='word_1_74' title='bbox 1899 1047 2149 1110; x_wconf 89' lang='lat' dir='ltr'><strong>tempora</strong></span> 
     </span>
    </p>
   </div>
   <div class='ocr_carea' id='block_1_12' title="bbox 552 1121 2174 1208">
    <p class='ocr_par' dir='ltr' id='par_1_12' title="bbox 552 1121 2174 1208">
     <span class='ocr_line' id='line_1_12' title="bbox 552 1121 2174 1208; baseline -0.007 -18"><span class='ocrx_word' id='word_1_75' title='bbox 552 1134 958 1208; x_wconf 78' lang='lat' dir='ltr'><strong>designantur?</strong></span> <span class='ocrx_word' id='word_1_76' title='bbox 994 1153 1016 1183; x_wconf 73' lang='grc' dir='ltr'><strong>ι</strong></span> <span class='ocrx_word' id='word_1_77' title='bbox 1051 1134 1118 1188; x_wconf 86' lang='grc' dir='ltr'><strong>Ει</strong></span> <span class='ocrx_word' id='word_1_78' title='bbox 1148 1132 1202 1186; x_wconf 93' lang='lat' dir='ltr'><strong>in</strong></span> <span class='ocrx_word' id='word_1_79' title='bbox 1233 1129 1464 1202; x_wconf 90' lang='lat' dir='ltr'><strong>epistola</strong></span> <span class='ocrx_word' id='word_1_80' title='bbox 1493 1129 1562 1184; x_wconf 90' lang='lat' dir='ltr'><strong>ad</strong></span> <span class='ocrx_word' id='word_1_81' title='bbox 1592 1127 1888 1201; x_wconf 82' lang='lat' dir='ltr'><strong>Eulogium</strong></span> <span class='ocrx_word' id='word_1_82' title='bbox 1921 1121 2174 1183; x_wconf 77' lang='lat' dir='ltr'><strong>Alexan-‘</strong></span> 
     </span>
    </p>
   </div>
   <div class='ocr_carea' id='block_1_13' title="bbox 550 1215 2142 1288">
    <p class='ocr_par' dir='ltr' id='par_1_13' title="bbox 550 1215 2142 1288">
     <span class='ocr_line' id='line_1_13' title="bbox 550 1215 2142 1288; baseline -0.006 -9"><span class='ocrx_word' id='word_1_83' title='bbox 550 1223 768 1279; x_wconf 88' lang='lat' dir='ltr'><strong>drinum</strong></span> <span class='ocrx_word' id='word_1_84' title='bbox 815 1231 870 1279; x_wconf 89' lang='lat' dir='ltr'><strong>et</strong></span> <span class='ocrx_word' id='word_1_85' title='bbox 915 1221 984 1277; x_wconf 91' lang='lat' dir='ltr'><strong>ad</strong></span> <span class='ocrx_word' id='word_1_86' title='bbox 1015 1220 1358 1278; x_wconf 86' lang='lat' dir='ltr'><strong>Anastasium</strong></span> <span class='ocrx_word' id='word_1_87' title='bbox 1403 1218 1802 1275; x_wconf 83' lang='lat' dir='ltr'><strong>Antiochenum</strong></span> <span class='ocrx_word' id='word_1_88' title='bbox 1833 1215 2142 1288; x_wconf 86' lang='lat' dir='ltr'><strong>episcopos,</strong></span> 
     </span>
    </p>
   </div>
   <div class='ocr_carea' id='block_1_14' title="bbox 554 1303 2143 1382">
    <p class='ocr_par' dir='ltr' id='par_1_14' title="bbox 554 1303 2143 1382">
     <span class='ocr_line' id='line_1_14' title="bbox 554 1303 2143 1382; baseline -0.006 -15"><span class='ocrx_word' id='word_1_89' title='bbox 554 1327 588 1367; x_wconf 89' lang='lat' dir='ltr'><strong>a</strong></span> <span class='ocrx_word' id='word_1_90' title='bbox 614 1311 736 1382; x_wconf 90' lang='lat' dir='ltr'><strong>pari</strong></span> <span class='ocrx_word' id='word_1_91' title='bbox 765 1311 863 1382; x_wconf 97' lang='lat' dir='ltr'><strong>(lib</strong></span> <span class='ocrx_word' id='word_1_92' title='bbox 893 1326 970 1378; x_wconf 80' lang='lat' dir='ltr'><strong>Iv,</strong></span> <span class='ocrx_word' id='word_1_93' title='bbox 998 1309 1119 1366; x_wconf 83' lang='lat' dir='ltr'><strong>ind.</strong></span> <span class='ocrx_word' id='word_1_94' title='bbox 1157 1312 1243 1376; x_wconf 86' lang='grc'><strong>13,</strong></span> <span class='ocrx_word' id='word_1_95' title='bbox 1275 1307 1441 1382; x_wconf 82' lang='lat' dir='ltr'><strong>epist.</strong></span> <span class='ocrx_word' id='word_1_96' title='bbox 1473 1309 1564 1378; x_wconf 89' lang='lat'><strong>36)</strong></span> <span class='ocrx_word' id='word_1_97' title='bbox 1601 1324 1615 1362; x_wconf 92' lang='lat'><strong>:</strong></span> <span class='ocrx_word' id='word_1_98' title='bbox 1670 1328 1694 1358; x_wconf 74' lang='grc' dir='ltr'>ι</span> <span class='ocrx_word' id='word_1_99' title='bbox 1745 1306 1920 1374; x_wconf 89' lang='lat' dir='ltr'><strong>Sicut,</strong></span> <span class='ocrx_word' id='word_1_100' title='bbox 1950 1303 2143 1376; x_wconf 83' lang='lat' dir='ltr'><strong>inquit,</strong></span> 
     </span>
    </p>
   </div>
   <div class='ocr_carea' id='block_1_15' title="bbox 553 1393 2146 1466">
    <p class='ocr_par' dir='ltr' id='par_1_15' title="bbox 553 1393 2146 1466">
     <span class='ocr_line' id='line_1_15' title="bbox 553 1393 2146 1466; baseline -0.006 -11"><span class='ocrx_word' id='word_1_101' title='bbox 553 1399 864 1456; x_wconf 90' lang='lat' dir='ltr'><strong>veneranda</strong></span> <span class='ocrx_word' id='word_1_102' title='bbox 893 1398 1024 1454; x_wconf 90' lang='lat' dir='ltr'><strong>mihi</strong></span> <span class='ocrx_word' id='word_1_103' title='bbox 1059 1405 1240 1454; x_wconf 89' lang='lat' dir='ltr'><strong>vestra</strong></span> <span class='ocrx_word' id='word_1_104' title='bbox 1270 1397 1528 1454; x_wconf 87' lang='lat' dir='ltr'><strong>sanctitas</strong></span> <span class='ocrx_word' id='word_1_105' title='bbox 1570 1393 1739 1464; x_wconf 87' lang='lat' dir='ltr'><strong>novit,</strong></span> <span class='ocrx_word' id='word_1_106' title='bbox 1773 1408 1874 1466; x_wconf 91' lang='lat' dir='ltr'><strong>per</strong></span> <span class='ocrx_word' id='word_1_107' title='bbox 1902 1399 2146 1448; x_wconf 89' lang='lat' dir='ltr'><strong>sanctam</strong></span> 
     </span>
    </p>
   </div>
   <div class='ocr_carea' id='block_1_16' title="bbox 555 1479 2142 1558">
    <p class='ocr_par' dir='ltr' id='par_1_16' title="bbox 555 1479 2142 1558">
     <span class='ocr_line' id='line_1_16' title="bbox 555 1479 2142 1558; baseline -0.005 -14"><span class='ocrx_word' id='word_1_108' title='bbox 555 1488 1055 1544; x_wconf 88' lang='lat' dir='ltr'><strong>Chalcedonensem</strong></span> <span class='ocrx_word' id='word_1_109' title='bbox 1087 1486 1352 1558; x_wconf 81' lang='lat' dir='ltr'><strong>synodum</strong></span> <span class='ocrx_word' id='word_1_110' title='bbox 1372 1483 1612 1558; x_wconf 85' lang='lat' dir='ltr'><strong>pontifici</strong></span> <span class='ocrx_word' id='word_1_111' title='bbox 1634 1482 1782 1540; x_wconf 88' lang='lat' dir='ltr'><strong>sedis</strong></span> <span class='ocrx_word' id='word_1_112' title='bbox 1811 1479 2142 1553; x_wconf 75' lang='lat' dir='ltr'><strong>apostolicae,</strong></span> 
     </span>
    </p>
   </div>
   <div class='ocr_carea' id='block_1_17' title="bbox 552 1569 2146 1648">
    <p class='ocr_par' dir='ltr' id='par_1_17' title="bbox 552 1569 2146 1648">
     <span class='ocr_line' id='line_1_17' title="bbox 552 1569 2146 1648; baseline -0.007 -15"><span class='ocrx_word' id='word_1_113' title='bbox 552 1576 638 1633; x_wconf 92' lang='lat' dir='ltr'><strong>cui</strong></span> <span class='ocrx_word' id='word_1_114' title='bbox 667 1576 784 1632; x_wconf 90' lang='lat' dir='ltr'><strong>Deo</strong></span> <span class='ocrx_word' id='word_1_115' title='bbox 812 1576 1136 1648; x_wconf 91' lang='lat' dir='ltr'><strong>disponente</strong></span> <span class='ocrx_word' id='word_1_116' title='bbox 1183 1573 1454 1640; x_wconf 84' lang='lat' dir='ltr'><strong>deservio,</strong></span> <span class='ocrx_word' id='word_1_117' title='bbox 1495 1573 1599 1628; x_wconf 90' lang='lat' dir='ltr'><strong>hoc</strong></span> <span class='ocrx_word' id='word_1_118' title='bbox 1646 1569 2014 1628; x_wconf 87' lang='lat' dir='ltr'><strong>universitatis</strong></span> <span class='ocrx_word' id='word_1_119' title='bbox 2041 1583 2146 1623; x_wconf 91' lang='lat' dir='ltr'><strong>no-</strong></span> 
     </span>
    </p>
   </div>
   <div class='ocr_carea' id='block_1_18' title="bbox 548 1660 2148 1733">
    <p class='ocr_par' dir='ltr' id='par_1_18' title="bbox 548 1660 2148 1733">
     <span class='ocr_line' id='line_1_18' title="bbox 548 1660 2148 1733; baseline -0.005 -13"><span class='ocrx_word' id='word_1_120' title='bbox 548 1680 674 1720; x_wconf 90' lang='lat' dir='ltr'><strong>men</strong></span> <span class='ocrx_word' id='word_1_121' title='bbox 713 1663 956 1720; x_wconf 90' lang='lat' dir='ltr'><strong>oblatum</strong></span> <span class='ocrx_word' id='word_1_122' title='bbox 997 1669 1099 1720; x_wconf 91' lang='lat' dir='ltr'><strong>est.</strong></span> <span class='ocrx_word' id='word_1_123' title='bbox 1135 1662 1242 1720; x_wconf 91' lang='lat' dir='ltr'><strong>Sed</strong></span> <span class='ocrx_word' id='word_1_124' title='bbox 1287 1661 1469 1718; x_wconf 86' lang='lat' dir='ltr'><strong>nullus</strong></span> <span class='ocrx_word' id='word_1_125' title='bbox 1517 1675 1756 1733; x_wconf 88' lang='lat' dir='ltr'><strong>unquam</strong></span> <span class='ocrx_word' id='word_1_126' title='bbox 1795 1660 2148 1716; x_wconf 90' lang='lat' dir='ltr'><strong>decessorum</strong></span> 
     </span>
    </p>
   </div>
   <div class='ocr_carea' id='block_1_19' title="bbox 552 1745 2142 1824">
    <p class='ocr_par' dir='ltr' id='par_1_19' title="bbox 552 1745 2142 1824">
     <span class='ocr_line' id='line_1_19' title="bbox 552 1745 2142 1824; baseline -0.005 -15"><span class='ocrx_word' id='word_1_127' title='bbox 552 1768 801 1810; x_wconf 88' lang='lat' dir='ltr'><strong>meorum</strong></span> <span class='ocrx_word' id='word_1_128' title='bbox 832 1754 936 1810; x_wconf 89' lang='lat' dir='ltr'><strong>hoc</strong></span> <span class='ocrx_word' id='word_1_129' title='bbox 963 1760 1074 1808; x_wconf 89' lang='lat' dir='ltr'><strong>tam</strong></span> <span class='ocrx_word' id='word_1_130' title='bbox 1101 1751 1331 1824; x_wconf 86' lang='lat' dir='ltr'><strong>profano</strong></span> <span class='ocrx_word' id='word_1_131' title='bbox 1385 1749 1653 1806; x_wconf 89' lang='lat' dir='ltr'><strong>vocabulo</strong></span> <span class='ocrx_word' id='word_1_132' title='bbox 1699 1747 1777 1804; x_wconf 85' lang='lat' dir='ltr'><strong>uti</strong></span> <span class='ocrx_word' id='word_1_133' title='bbox 1821 1745 2099 1804; x_wconf 88' lang='lat' dir='ltr'><strong>consensit</strong></span> <span class='ocrx_word' id='word_1_134' title='bbox 2129 1762 2142 1802; x_wconf 89' lang='lat'><strong>:</strong></span> 
     </span>
    </p>
   </div>
   <div class='ocr_carea' id='block_1_20' title="bbox 554 1834 2148 1916">
    <p class='ocr_par' dir='ltr' id='par_1_20' title="bbox 554 1834 2148 1916">
     <span class='ocr_line' id='line_1_20' title="bbox 554 1834 2148 1916; baseline -0.006 -19"><span class='ocrx_word' id='word_1_135' title='bbox 554 1842 678 1916; x_wconf 90' lang='lat' dir='ltr'><strong>quia</strong></span> <span class='ocrx_word' id='word_1_136' title='bbox 692 1840 965 1907; x_wconf 86' lang='lat' dir='ltr'><strong>videlicet,</strong></span> <span class='ocrx_word' id='word_1_137' title='bbox 999 1841 1048 1896; x_wconf 88' lang='lat' dir='ltr'><strong>si</strong></span> <span class='ocrx_word' id='word_1_138' title='bbox 1066 1856 1206 1895; x_wconf 92' lang='lat' dir='ltr'><strong>unus</strong></span> <span class='ocrx_word' id='word_1_139' title='bbox 1247 1838 1551 1911; x_wconf 87' lang='lat' dir='ltr'><strong>patriarcha</strong></span> <span class='ocrx_word' id='word_1_140' title='bbox 1580 1835 1904 1894; x_wconf 80' lang='lat' dir='ltr'><strong>universalis</strong></span> <span class='ocrx_word' id='word_1_141' title='bbox 1930 1834 2148 1900; x_wconf 91' lang='lat' dir='ltr'><strong>dicitur,</strong></span> 
     </span>
    </p>
   </div>
   <div class='ocr_carea' id='block_1_21' title="bbox 551 1923 2158 2004">
    <p class='ocr_par' dir='ltr' id='par_1_21' title="bbox 551 1923 2158 2004">
     <span class='ocr_line' id='line_1_21' title="bbox 551 1923 2158 2004; baseline -0.006 -17"><span class='ocrx_word' id='word_1_142' title='bbox 551 1930 986 2004; x_wconf 88' lang='lat' dir='ltr'><strong>patriarcharum</strong></span> <span class='ocrx_word' id='word_1_143' title='bbox 1033 1943 1235 1986; x_wconf 90' lang='lat' dir='ltr'><strong>nomen</strong></span> <span class='ocrx_word' id='word_1_144' title='bbox 1277 1927 1486 1984; x_wconf 59' lang='lat' dir='ltr'><strong>caeteris</strong></span> <span class='ocrx_word' id='word_1_145' title='bbox 1516 1926 1830 1998; x_wconf 82' lang='lat' dir='ltr'><strong>derogatur.</strong></span> <span class='ocrx_word' id='word_1_146' title='bbox 1881 1923 1992 1980; x_wconf 89' lang='lat' dir='ltr'><strong>Sed</strong></span> <span class='ocrx_word' id='word_1_147' title='bbox 2018 1923 2158 1978; x_wconf 90' lang='lat' dir='ltr'><strong>absit</strong></span> 
     </span>
    </p>
   </div>
   <div class='ocr_carea' id='block_1_22' title="bbox 550 2012 2162 2087">
    <p class='ocr_par' dir='ltr' id='par_1_22' title="bbox 550 2012 2162 2087">
     <span class='ocr_line' id='line_1_22' title="bbox 550 2012 2162 2087; baseline -0.005 -12"><span class='ocrx_word' id='word_1_148' title='bbox 550 2020 676 2087; x_wconf 90' lang='lat' dir='ltr'><strong>hoc,</strong></span> <span class='ocrx_word' id='word_1_149' title='bbox 709 2019 848 2074; x_wconf 86' lang='lat' dir='ltr'><strong>absit</strong></span> <span class='ocrx_word' id='word_1_150' title='bbox 893 2035 927 2073; x_wconf 89' lang='lat' dir='ltr'><strong>a</strong></span> <span class='ocrx_word' id='word_1_151' title='bbox 960 2015 1249 2074; x_wconf 88' lang='lat' dir='ltr'><strong>Christiani</strong></span> <span class='ocrx_word' id='word_1_152' title='bbox 1275 2024 1457 2072; x_wconf 88' lang='lat' dir='ltr'><strong>mente</strong></span> <span class='ocrx_word' id='word_1_153' title='bbox 1511 2015 1568 2072; x_wconf 89' lang='lat' dir='ltr'><strong>id</strong></span> <span class='ocrx_word' id='word_1_154' title='bbox 1628 2014 1730 2070; x_wconf 93' lang='lat' dir='ltr'><strong>sibi</strong></span> <span class='ocrx_word' id='word_1_155' title='bbox 1775 2012 1918 2070; x_wconf 85' lang='lat' dir='ltr'><strong>velle</strong></span> <span class='ocrx_word' id='word_1_156' title='bbox 1973 2027 2162 2084; x_wconf 88' lang='lat' dir='ltr'><strong>quem-</strong></span> 
     </span>
    </p>
   </div>
   <div class='ocr_carea' id='block_1_23' title="bbox 554 2101 2160 2178">
    <p class='ocr_par' dir='ltr' id='par_1_23' title="bbox 554 2101 2160 2178">
     <span class='ocr_line' id='line_1_23' title="bbox 554 2101 2160 2178; baseline -0.004 -16"><span class='ocrx_word' id='word_1_157' title='bbox 554 2107 701 2178; x_wconf 90' lang='lat' dir='ltr'><strong>piam</strong></span> <span class='ocrx_word' id='word_1_158' title='bbox 729 2106 991 2178; x_wconf 89' lang='lat' dir='ltr'><strong>arripere,</strong></span> <span class='ocrx_word' id='word_1_159' title='bbox 1021 2106 1168 2162; x_wconf 91' lang='lat' dir='ltr'><strong>unde</strong></span> <span class='ocrx_word' id='word_1_160' title='bbox 1219 2106 1486 2162; x_wconf 87' lang='lat' dir='ltr'><strong>honorem</strong></span> <span class='ocrx_word' id='word_1_161' title='bbox 1532 2103 1756 2159; x_wconf 88' lang='lat' dir='ltr'><strong>fratrum</strong></span> <span class='ocrx_word' id='word_1_162' title='bbox 1807 2116 2034 2158; x_wconf 90' lang='lat' dir='ltr'><strong>suorum</strong></span> <span class='ocrx_word' id='word_1_163' title='bbox 2064 2101 2160 2156; x_wconf 91' lang='lat' dir='ltr'><strong>im-</strong></span> 
     </span>
    </p>
   </div>
   <div class='ocr_carea' id='block_1_24' title="bbox 555 2185 2157 2264">
    <p class='ocr_par' dir='ltr' id='par_1_24' title="bbox 555 2185 2157 2264">
     <span class='ocr_line' id='line_1_24' title="bbox 555 2185 2157 2264; baseline -0.004 -18"><span class='ocrx_word' id='word_1_164' title='bbox 555 2191 804 2246; x_wconf 89' lang='lat' dir='ltr'><strong>minuere</strong></span> <span class='ocrx_word' id='word_1_165' title='bbox 860 2207 926 2247; x_wconf 82' lang='lat' dir='ltr'><strong>ex</strong></span> <span class='ocrx_word' id='word_1_166' title='bbox 981 2189 1452 2264; x_wconf 89' lang='lat' dir='ltr'><strong>quantulacunque</strong></span> <span class='ocrx_word' id='word_1_167' title='bbox 1497 2196 1652 2260; x_wconf 90' lang='lat' dir='ltr'><strong>parte</strong></span> <span class='ocrx_word' id='word_1_168' title='bbox 1703 2187 1970 2243; x_wconf 86' lang='lat' dir='ltr'><strong>videatur.</strong></span> <span class='ocrx_word' id='word_1_169' title='bbox 2019 2185 2157 2241; x_wconf 90' lang='lat' dir='ltr'><strong>Cum</strong></span> 
     </span>
    </p>
   </div>
   <div class='ocr_carea' id='block_1_25' title="bbox 559 2275 2158 2353">
    <p class='ocr_par' dir='ltr' id='par_1_25' title="bbox 559 2275 2158 2353">
     <span class='ocr_line' id='line_1_25' title="bbox 559 2275 2158 2353; baseline -0.004 -17"><span class='ocrx_word' id='word_1_170' title='bbox 559 2295 694 2353; x_wconf 88' lang='lat' dir='ltr'><strong>ergo</strong></span> <span class='ocrx_word' id='word_1_171' title='bbox 721 2294 822 2336; x_wconf 90' lang='lat' dir='ltr'><strong>nos</strong></span> <span class='ocrx_word' id='word_1_172' title='bbox 850 2280 996 2336; x_wconf 92' lang='lat' dir='ltr'><strong>hunc</strong></span> <span class='ocrx_word' id='word_1_173' title='bbox 1023 2280 1287 2336; x_wconf 88' lang='lat' dir='ltr'><strong>honorem</strong></span> <span class='ocrx_word' id='word_1_174' title='bbox 1310 2277 1564 2335; x_wconf 90' lang='lat' dir='ltr'><strong>nolumus</strong></span> <span class='ocrx_word' id='word_1_175' title='bbox 1583 2276 1824 2332; x_wconf 89' lang='lat' dir='ltr'><strong>oblatum</strong></span> <span class='ocrx_word' id='word_1_176' title='bbox 1857 2275 2158 2346; x_wconf 87' lang='lat' dir='ltr'><strong>suscipere,</strong></span> 
     </span>
    </p>
   </div>
   <div class='ocr_carea' id='block_1_26' title="bbox 557 2364 2163 2442">
    <p class='ocr_par' dir='ltr' id='par_1_26' title="bbox 557 2364 2163 2442">
     <span class='ocr_line' id='line_1_26' title="bbox 557 2364 2163 2442; baseline -0.004 -17"><span class='ocrx_word' id='word_1_177' title='bbox 557 2376 786 2442; x_wconf 89' lang='lat' dir='ltr'><strong>pensate</strong></span> <span class='ocrx_word' id='word_1_178' title='bbox 833 2383 999 2442; x_wconf 91' lang='lat' dir='ltr'><strong>quam</strong></span> <span class='ocrx_word' id='word_1_179' title='bbox 1052 2367 1478 2442; x_wconf 88' lang='lat' dir='ltr'><strong>ignominiosum</strong></span> <span class='ocrx_word' id='word_1_180' title='bbox 1521 2367 1591 2422; x_wconf 89' lang='lat' dir='ltr'><strong>sit</strong></span> <span class='ocrx_word' id='word_1_181' title='bbox 1648 2367 1791 2422; x_wconf 90' lang='lat' dir='ltr'><strong>hunc</strong></span> <span class='ocrx_word' id='word_1_182' title='bbox 1830 2364 1932 2420; x_wconf 89' lang='lat' dir='ltr'><strong>sibi</strong></span> <span class='ocrx_word' id='word_1_183' title='bbox 1979 2379 2163 2437; x_wconf 89' lang='lat' dir='ltr'><strong>quem-</strong></span> 
     </span>
    </p>
   </div>
   <div class='ocr_carea' id='block_1_27' title="bbox 555 2452 2164 2530">
    <p class='ocr_par' dir='ltr' id='par_1_27' title="bbox 555 2452 2164 2530">
     <span class='ocr_line' id='line_1_27' title="bbox 555 2452 2164 2530; baseline -0.004 -17"><span class='ocrx_word' id='word_1_184' title='bbox 555 2457 700 2530; x_wconf 90' lang='lat' dir='ltr'><strong>piam</strong></span> <span class='ocrx_word' id='word_1_185' title='bbox 731 2457 995 2514; x_wconf 87' lang='lat' dir='ltr'><strong>violenter</strong></span> <span class='ocrx_word' id='word_1_186' title='bbox 1027 2472 1292 2528; x_wconf 89' lang='lat' dir='ltr'><strong>usurpare</strong></span> <span class='ocrx_word' id='word_1_187' title='bbox 1321 2455 1584 2512; x_wconf 82' lang='lat' dir='ltr'><strong>voluisse.</strong></span> <span class='ocrx_word' id='word_1_188' title='bbox 1637 2455 1929 2526; x_wconf 87' lang='lat' dir='ltr'><strong>Propterea</strong></span> <span class='ocrx_word' id='word_1_189' title='bbox 1971 2452 2164 2508; x_wconf 87' lang='lat' dir='ltr'><strong>sancti-</strong></span> 
     </span>
    </p>
   </div>
   <div class='ocr_carea' id='block_1_28' title="bbox 554 2542 2164 2618">
    <p class='ocr_par' dir='ltr' id='par_1_28' title="bbox 554 2542 2164 2618">
     <span class='ocr_line' id='line_1_28' title="bbox 554 2542 2164 2618; baseline -0.005 -16"><span class='ocrx_word' id='word_1_190' title='bbox 554 2555 638 2602; x_wconf 90' lang='lat' dir='ltr'><strong>tas</strong></span> <span class='ocrx_word' id='word_1_191' title='bbox 657 2553 896 2602; x_wconf 85' lang='lat' dir='ltr'><strong>vestram</strong></span> <span class='ocrx_word' id='word_1_192' title='bbox 915 2546 972 2601; x_wconf 92' lang='lat' dir='ltr'><strong>in</strong></span> <span class='ocrx_word' id='word_1_193' title='bbox 993 2545 1107 2602; x_wconf 91' lang='lat' dir='ltr'><strong>suis</strong></span> <span class='ocrx_word' id='word_1_194' title='bbox 1127 2545 1374 2618; x_wconf 89' lang='lat' dir='ltr'><strong>epistolis</strong></span> <span class='ocrx_word' id='word_1_195' title='bbox 1399 2544 1674 2601; x_wconf 90' lang='lat' dir='ltr'><strong>neminem</strong></span> <span class='ocrx_word' id='word_1_196' title='bbox 1689 2557 1928 2616; x_wconf 89' lang='lat' dir='ltr'><strong>unquam</strong></span> <span class='ocrx_word' id='word_1_197' title='bbox 1948 2542 2164 2598; x_wconf 90' lang='lat' dir='ltr'><strong>univer-</strong></span> 
     </span>
    </p>
   </div>
   <div class='ocr_carea' id='block_1_29' title="bbox 559 2629 2164 2702">
    <p class='ocr_par' dir='ltr' id='par_1_29' title="bbox 559 2629 2164 2702">
     <span class='ocr_line' id='line_1_29' title="bbox 559 2629 2164 2702; baseline -0.003 -12"><span class='ocrx_word' id='word_1_198' title='bbox 559 2635 726 2690; x_wconf 89' lang='lat' dir='ltr'><strong>salem</strong></span> <span class='ocrx_word' id='word_1_199' title='bbox 755 2635 1018 2702; x_wconf 87' lang='lat' dir='ltr'><strong>nominet,</strong></span> <span class='ocrx_word' id='word_1_200' title='bbox 1050 2650 1120 2690; x_wconf 92' lang='lat' dir='ltr'><strong>ne</strong></span> <span class='ocrx_word' id='word_1_201' title='bbox 1151 2634 1256 2688; x_wconf 90' lang='lat' dir='ltr'><strong>sibi</strong></span> <span class='ocrx_word' id='word_1_202' title='bbox 1275 2633 1518 2689; x_wconf 88' lang='lat' dir='ltr'><strong>debitum</strong></span> <span class='ocrx_word' id='word_1_203' title='bbox 1561 2633 1826 2698; x_wconf 90' lang='lat' dir='ltr'><strong>detrahat,</strong></span> <span class='ocrx_word' id='word_1_204' title='bbox 1855 2647 1982 2688; x_wconf 89' lang='lat' dir='ltr'><strong>cum</strong></span> <span class='ocrx_word' id='word_1_205' title='bbox 2010 2629 2164 2686; x_wconf 91' lang='lat' dir='ltr'><strong>alteri</strong></span> 
     </span>
    </p>
   </div>
   <div class='ocr_carea' id='block_1_30' title="bbox 558 2721 2164 2780">
    <p class='ocr_par' dir='ltr' id='par_1_30' title="bbox 558 2721 2164 2780">
     <span class='ocr_line' id='line_1_30' title="bbox 558 2721 2164 2780; baseline -0.002 -2"><span class='ocrx_word' id='word_1_206' title='bbox 558 2725 824 2780; x_wconf 89' lang='lat' dir='ltr'><strong>honorem</strong></span> <span class='ocrx_word' id='word_1_207' title='bbox 855 2723 1014 2780; x_wconf 72' lang='lat' dir='ltr'><strong>offert</strong></span> <span class='ocrx_word' id='word_1_208' title='bbox 1042 2723 1363 2778; x_wconf 91' lang='lat' dir='ltr'><strong>indebitum.</strong></span> <span class='ocrx_word' id='word_1_209' title='bbox 1404 2744 1426 2772; x_wconf 80' lang='lat'><strong>»</strong></span> <span class='ocrx_word' id='word_1_210' title='bbox 1452 2723 1520 2779; x_wconf 89' lang='lat' dir='ltr'><strong>Et</strong></span> <span class='ocrx_word' id='word_1_211' title='bbox 1549 2722 1678 2777; x_wconf 88' lang='lat' dir='ltr'><strong>item</strong></span> <span class='ocrx_word' id='word_1_212' title='bbox 1703 2739 1718 2777; x_wconf 91' lang='lat'><strong>:</strong></span> <span class='ocrx_word' id='word_1_213' title='bbox 1753 2742 1776 2772; x_wconf 71' lang='grc' dir='ltr'>π</span> <span class='ocrx_word' id='word_1_214' title='bbox 1814 2721 1870 2776; x_wconf 92' lang='lat' dir='ltr'><strong>Si</strong></span> <span class='ocrx_word' id='word_1_215' title='bbox 1891 2721 2033 2776; x_wconf 91' lang='lat' dir='ltr'><strong>enim</strong></span> <span class='ocrx_word' id='word_1_216' title='bbox 2061 2721 2164 2776; x_wconf 91' lang='lat' dir='ltr'><strong>hoc</strong></span> 
     </span>
    </p>
   </div>
   <div class='ocr_carea' id='block_1_31' title="bbox 562 2809 2166 2884">
    <p class='ocr_par' dir='ltr' id='par_1_31' title="bbox 562 2809 2166 2884">
     <span class='ocr_line' id='line_1_31' title="bbox 562 2809 2166 2884; baseline -0.004 -15"><span class='ocrx_word' id='word_1_217' title='bbox 562 2812 670 2869; x_wconf 90' lang='lat' dir='ltr'><strong>dici</strong></span> <span class='ocrx_word' id='word_1_218' title='bbox 700 2811 932 2869; x_wconf 85' lang='lat' dir='ltr'><strong>licenter</strong></span> <span class='ocrx_word' id='word_1_219' title='bbox 959 2811 1302 2884; x_wconf 87' lang='lat' dir='ltr'><strong>permittitur,</strong></span> <span class='ocrx_word' id='word_1_220' title='bbox 1335 2812 1510 2866; x_wconf 86' lang='lat' dir='ltr'><strong>honor</strong></span> <span class='ocrx_word' id='word_1_221' title='bbox 1562 2809 1999 2882; x_wconf 86' lang='lat' dir='ltr'><strong>patriarcharum</strong></span> <span class='ocrx_word' id='word_1_222' title='bbox 2055 2823 2166 2864; x_wconf 88' lang='lat' dir='ltr'><strong>om-</strong></span> 
     </span>
    </p>
   </div>
   <div class='ocr_carea' id='block_1_32' title="bbox 562 2895 2166 2975">
    <p class='ocr_par' dir='ltr' id='par_1_32' title="bbox 562 2895 2166 2975">
     <span class='ocr_line' id='line_1_32' title="bbox 562 2895 2166 2975; baseline -0.004 -19"><span class='ocrx_word' id='word_1_223' title='bbox 562 2900 714 2956; x_wconf 91' lang='lat' dir='ltr'><strong>nium</strong></span> <span class='ocrx_word' id='word_1_224' title='bbox 741 2909 978 2975; x_wconf 82' lang='lat' dir='ltr'><strong>negatur</strong></span> <span class='ocrx_word' id='word_1_225' title='bbox 1009 2918 1025 2957; x_wconf 88' lang='lat'><strong>:</strong></span> <span class='ocrx_word' id='word_1_226' title='bbox 1059 2908 1114 2957; x_wconf 91' lang='lat' dir='ltr'><strong>et</strong></span> <span class='ocrx_word' id='word_1_227' title='bbox 1143 2917 1266 2956; x_wconf 91' lang='lat' dir='ltr'><strong>cum</strong></span> <span class='ocrx_word' id='word_1_228' title='bbox 1295 2899 1535 2958; x_wconf 84' lang='lat' dir='ltr'><strong>fortasse</strong></span> <span class='ocrx_word' id='word_1_229' title='bbox 1564 2898 1612 2954; x_wconf 90' lang='lat' dir='ltr'><strong>is</strong></span> <span class='ocrx_word' id='word_1_230' title='bbox 1625 2898 1681 2953; x_wconf 90' lang='lat' dir='ltr'><strong>in</strong></span> <span class='ocrx_word' id='word_1_231' title='bbox 1701 2913 1892 2954; x_wconf 90' lang='lat' dir='ltr'><strong>errore</strong></span> <span class='ocrx_word' id='word_1_232' title='bbox 1912 2897 2055 2969; x_wconf 88' lang='lat' dir='ltr'><strong>perit</strong></span> <span class='ocrx_word' id='word_1_233' title='bbox 2074 2895 2166 2969; x_wconf 91' lang='lat' dir='ltr'><strong>qui</strong></span> 
     </span>
    </p>
   </div>
   <div class='ocr_carea' id='block_1_33' title="bbox 562 2986 2166 3060">
    <p class='ocr_par' dir='ltr' id='par_1_33' title="bbox 562 2986 2166 3060">
     <span class='ocr_line' id='line_1_33' title="bbox 562 2986 2166 3060; baseline -0.003 -16"><span class='ocrx_word' id='word_1_234' title='bbox 562 2989 884 3045; x_wconf 87' lang='lat' dir='ltr'><strong>universalis</strong></span> <span class='ocrx_word' id='word_1_235' title='bbox 911 2989 1126 3056; x_wconf 92' lang='lat' dir='ltr'><strong>dicitur,</strong></span> <span class='ocrx_word' id='word_1_236' title='bbox 1170 2989 1352 3044; x_wconf 88' lang='lat' dir='ltr'><strong>nullus</strong></span> <span class='ocrx_word' id='word_1_237' title='bbox 1373 2989 1488 3058; x_wconf 89' lang='lat' dir='ltr'><strong>jam</strong></span> <span class='ocrx_word' id='word_1_238' title='bbox 1518 2987 1808 3060; x_wconf 89' lang='lat' dir='ltr'><strong>episcopus</strong></span> <span class='ocrx_word' id='word_1_239' title='bbox 1838 2986 2166 3042; x_wconf 89' lang='lat' dir='ltr'><strong>remansisse</strong></span> 
     </span>
    </p>
   </div>
   <div class='ocr_carea' id='block_1_34' title="bbox 557 3075 2167 3149">
    <p class='ocr_par' dir='ltr' id='par_1_34' title="bbox 557 3075 2167 3149">
     <span class='ocr_line' id='line_1_34' title="bbox 557 3075 2167 3149; baseline -0.003 -16"><span class='ocrx_word' id='word_1_240' title='bbox 557 3078 614 3134; x_wconf 90' lang='lat' dir='ltr'><strong>in</strong></span> <span class='ocrx_word' id='word_1_241' title='bbox 653 3086 790 3134; x_wconf 88' lang='lat' dir='ltr'><strong>statu</strong></span> <span class='ocrx_word' id='word_1_242' title='bbox 820 3078 1064 3134; x_wconf 90' lang='lat' dir='ltr'><strong>varitatis</strong></span> <span class='ocrx_word' id='word_1_243' title='bbox 1113 3077 1402 3135; x_wconf 88' lang='lat' dir='ltr'><strong>invenitur.</strong></span> <span class='ocrx_word' id='word_1_244' title='bbox 1453 3075 1713 3134; x_wconf 88' lang='lat' dir='ltr'><strong>Obtestor</strong></span> <span class='ocrx_word' id='word_1_245' title='bbox 1761 3091 1896 3149; x_wconf 89' lang='lat' dir='ltr'><strong>ergo</strong></span> <span class='ocrx_word' id='word_1_246' title='bbox 1943 3082 2002 3130; x_wconf 93' lang='lat' dir='ltr'><strong>ut</strong></span> <span class='ocrx_word' id='word_1_247' title='bbox 2043 3089 2167 3130; x_wconf 91' lang='lat' dir='ltr'><strong>con-</strong></span> 
     </span>
    </p>
   </div>
   <div class='ocr_carea' id='block_1_35' title="bbox 561 3163 2161 3238">
    <p class='ocr_par' dir='ltr' id='par_1_35' title="bbox 561 3163 2161 3238">
     <span class='ocr_line' id='line_1_35' title="bbox 561 3163 2161 3238; baseline -0.004 -14"><span class='ocrx_word' id='word_1_248' title='bbox 561 3174 766 3224; x_wconf 87' lang='lat' dir='ltr'><strong>stanter</strong></span> <span class='ocrx_word' id='word_1_249' title='bbox 820 3182 883 3224; x_wconf 93' lang='lat' dir='ltr'><strong>ac</strong></span> <span class='ocrx_word' id='word_1_250' title='bbox 925 3167 1042 3223; x_wconf 89' lang='lat' dir='ltr'><strong>sine</strong></span> <span class='ocrx_word' id='word_1_251' title='bbox 1071 3167 1388 3238; x_wconf 65' lang='lat' dir='ltr'><strong>praejudicio</strong></span> <span class='ocrx_word' id='word_1_252' title='bbox 1443 3165 1672 3221; x_wconf 85' lang='lat' dir='ltr'><strong>servetis</strong></span> <span class='ocrx_word' id='word_1_253' title='bbox 1703 3164 1841 3222; x_wconf 89' lang='lat' dir='ltr'><strong>sicut</strong></span> <span class='ocrx_word' id='word_1_254' title='bbox 1869 3163 2161 3234; x_wconf 89' lang='lat' dir='ltr'><strong>accepistis</strong></span> 
     </span>
    </p>
   </div>
   <div class='ocr_carea' id='block_1_36' title="bbox 563 3252 2165 3324">
    <p class='ocr_par' dir='ltr' id='par_1_36' title="bbox 563 3252 2165 3324">
     <span class='ocr_line' id='line_1_36' title="bbox 563 3252 2165 3324; baseline -0.003 -11"><span class='ocrx_word' id='word_1_255' title='bbox 563 3257 859 3324; x_wconf 89' lang='lat' dir='ltr'><strong>Ecclesias,</strong></span> <span class='ocrx_word' id='word_1_256' title='bbox 895 3265 948 3312; x_wconf 93' lang='lat' dir='ltr'><strong>et</strong></span> <span class='ocrx_word' id='word_1_257' title='bbox 975 3255 1110 3312; x_wconf 88' lang='lat' dir='ltr'><strong>nihil</strong></span> <span class='ocrx_word' id='word_1_258' title='bbox 1137 3255 1240 3311; x_wconf 91' lang='lat' dir='ltr'><strong>sibi</strong></span> <span class='ocrx_word' id='word_1_259' title='bbox 1260 3256 1316 3310; x_wconf 91' lang='lat' dir='ltr'><strong>in</strong></span> <span class='ocrx_word' id='word_1_260' title='bbox 1347 3255 1500 3310; x_wconf 90' lang='lat' dir='ltr'><strong>vobis</strong></span> <span class='ocrx_word' id='word_1_261' title='bbox 1554 3255 1672 3312; x_wconf 61' lang='lat' dir='ltr'><strong>haec</strong></span> <span class='ocrx_word' id='word_1_262' title='bbox 1719 3253 1944 3310; x_wconf 90' lang='lat' dir='ltr'><strong>tentatio</strong></span> <span class='ocrx_word' id='word_1_263' title='bbox 1973 3252 2165 3308; x_wconf 84' lang='lat' dir='ltr'><strong>diabo-</strong></span> 
     </span>
    </p>
   </div>
   <div class='ocr_carea' id='block_1_37' title="bbox 559 3341 2157 3416">
    <p class='ocr_par' dir='ltr' id='par_1_37' title="bbox 559 3341 2157 3416">
     <span class='ocr_line' id='line_1_37' title="bbox 559 3341 2157 3416; baseline -0.002 -17"><span class='ocrx_word' id='word_1_264' title='bbox 559 3344 680 3402; x_wconf 68' lang='lat' dir='ltr'><strong>licae</strong></span> <span class='ocrx_word' id='word_1_265' title='bbox 710 3345 1078 3416; x_wconf 90' lang='lat' dir='ltr'><strong>usurpationis</strong></span> <span class='ocrx_word' id='word_1_266' title='bbox 1106 3344 1360 3399; x_wconf 87' lang='lat' dir='ltr'><strong>ascribat.</strong></span> <span class='ocrx_word' id='word_1_267' title='bbox 1395 3344 1540 3398; x_wconf 90' lang='lat' dir='ltr'><strong>State</strong></span> <span class='ocrx_word' id='word_1_268' title='bbox 1568 3343 1754 3409; x_wconf 85' lang='lat' dir='ltr'><strong>fortes,</strong></span> <span class='ocrx_word' id='word_1_269' title='bbox 1787 3349 1928 3398; x_wconf 85' lang='lat' dir='ltr'><strong>state</strong></span> <span class='ocrx_word' id='word_1_270' title='bbox 1957 3341 2157 3410; x_wconf 90' lang='lat' dir='ltr'><strong>securi,</strong></span> 
     </span>
    </p>
   </div>
   <div class='ocr_carea' id='block_1_38' title="bbox 560 3429 2160 3505">
    <p class='ocr_par' dir='ltr' id='par_1_38' title="bbox 560 3429 2160 3505">
     <span class='ocr_line' id='line_1_38' title="bbox 560 3429 2160 3505; baseline -0.003 -17"><span class='ocrx_word' id='word_1_271' title='bbox 560 3432 874 3505; x_wconf 88' lang='lat' dir='ltr'><strong>scriptaque</strong></span> <span class='ocrx_word' id='word_1_272' title='bbox 929 3447 1055 3490; x_wconf 86' lang='lat' dir='ltr'><strong>cum</strong></span> <span class='ocrx_word' id='word_1_273' title='bbox 1109 3431 1436 3488; x_wconf 89' lang='lat' dir='ltr'><strong>universalis</strong></span> <span class='ocrx_word' id='word_1_274' title='bbox 1478 3430 1713 3486; x_wconf 89' lang='lat' dir='ltr'><strong>nominis</strong></span> <span class='ocrx_word' id='word_1_275' title='bbox 1749 3429 2014 3496; x_wconf 85' lang='lat' dir='ltr'><strong>falsitate,</strong></span> <span class='ocrx_word' id='word_1_276' title='bbox 2059 3445 2160 3484; x_wconf 91' lang='lat' dir='ltr'><strong>nec</strong></span> 
     </span>
    </p>
   </div>
   <div class='ocr_carea' id='block_1_39' title="bbox 558 3517 2162 3594">
    <p class='ocr_par' dir='ltr' id='par_1_39' title="bbox 558 3517 2162 3594">
     <span class='ocr_line' id='line_1_39' title="bbox 558 3517 2162 3594; baseline -0.002 -18"><span class='ocrx_word' id='word_1_277' title='bbox 558 3521 687 3578; x_wconf 90' lang='lat' dir='ltr'><strong>dare</strong></span> <span class='ocrx_word' id='word_1_278' title='bbox 739 3536 1001 3594; x_wconf 85' lang='lat' dir='ltr'><strong>unquam,</strong></span> <span class='ocrx_word' id='word_1_279' title='bbox 1065 3536 1167 3578; x_wconf 91' lang='lat' dir='ltr'><strong>nec</strong></span> <span class='ocrx_word' id='word_1_280' title='bbox 1206 3521 1488 3593; x_wconf 88' lang='lat' dir='ltr'><strong>suscipere</strong></span> <span class='ocrx_word' id='word_1_281' title='bbox 1529 3519 1894 3591; x_wconf 79' lang='lat' dir='ltr'><strong>praesumatis.</strong></span> <span class='ocrx_word' id='word_1_282' title='bbox 1956 3517 2162 3574; x_wconf 89' lang='lat' dir='ltr'><strong>Omnes</strong></span> 
     </span>
    </p>
   </div>
   <div class='ocr_carea' id='block_1_40' title="bbox 562 3605 2162 3682">
    <p class='ocr_par' dir='ltr' id='par_1_40' title="bbox 562 3605 2162 3682">
     <span class='ocr_line' id='line_1_40' title="bbox 562 3605 2162 3682; baseline -0.003 -17"><span class='ocrx_word' id='word_1_283' title='bbox 562 3611 850 3682; x_wconf 89' lang='lat' dir='ltr'><strong>episcopos</strong></span> <span class='ocrx_word' id='word_1_284' title='bbox 877 3626 1026 3667; x_wconf 69' lang='lat' dir='ltr'><strong>curae</strong></span> <span class='ocrx_word' id='word_1_285' title='bbox 1045 3618 1243 3667; x_wconf 64' lang='lat' dir='ltr'><strong>vestrae</strong></span> <span class='ocrx_word' id='word_1_286' title='bbox 1261 3609 1540 3678; x_wconf 78' lang='lat' dir='ltr'><strong>subjectos</strong></span> <span class='ocrx_word' id='word_1_287' title='bbox 1561 3609 1632 3664; x_wconf 89' lang='lat' dir='ltr'><strong>ab</strong></span> <span class='ocrx_word' id='word_1_288' title='bbox 1650 3609 1814 3678; x_wconf 90' lang='lat' dir='ltr'><strong>hujus</strong></span> <span class='ocrx_word' id='word_1_289' title='bbox 1835 3605 2162 3663; x_wconf 88' lang='lat' dir='ltr'><strong>adulationis</strong></span> 
     </span>
    </p>
   </div>
   <div class='ocr_carea' id='block_1_41' title="bbox 558 3695 2162 3770">
    <p class='ocr_par' dir='ltr' id='par_1_41' title="bbox 558 3695 2162 3770">
     <span class='ocr_line' id='line_1_41' title="bbox 558 3695 2162 3770; baseline -0.001 -17"><span class='ocrx_word' id='word_1_290' title='bbox 558 3698 930 3770; x_wconf 87' lang='lat' dir='ltr'><strong>inquinatione</strong></span> <span class='ocrx_word' id='word_1_291' title='bbox 977 3699 1282 3770; x_wconf 89' lang='lat' dir='ltr'><strong>prohibete.</strong></span> <span class='ocrx_word' id='word_1_292' title='bbox 1336 3697 1605 3754; x_wconf 87' lang='lat' dir='ltr'><strong>Universa</strong></span> <span class='ocrx_word' id='word_1_293' title='bbox 1650 3711 1750 3753; x_wconf 92' lang='lat' dir='ltr'><strong>vos</strong></span> <span class='ocrx_word' id='word_1_294' title='bbox 1787 3695 2038 3753; x_wconf 90' lang='lat' dir='ltr'><strong>Ecclesia</strong></span> <span class='ocrx_word' id='word_1_295' title='bbox 2063 3709 2162 3766; x_wconf 89' lang='lat' dir='ltr'><strong>pa-</strong></span> 
     </span>
    </p>
   </div>
   <div class='ocr_carea' id='block_1_42' title="bbox 562 3785 2162 3858">
    <p class='ocr_par' dir='ltr' id='par_1_42' title="bbox 562 3785 2162 3858">
     <span class='ocr_line' id='line_1_42' title="bbox 562 3785 2162 3858; baseline -0.001 -17"><span class='ocrx_word' id='word_1_296' title='bbox 562 3787 850 3854; x_wconf 87' lang='lat' dir='ltr'><strong>triarchas,</strong></span> <span class='ocrx_word' id='word_1_297' title='bbox 872 3800 984 3842; x_wconf 91' lang='lat' dir='ltr'><strong>non</strong></span> <span class='ocrx_word' id='word_1_298' title='bbox 1012 3787 1190 3842; x_wconf 90' lang='lat' dir='ltr'><strong>solum</strong></span> <span class='ocrx_word' id='word_1_299' title='bbox 1217 3787 1273 3842; x_wconf 90' lang='lat' dir='ltr'><strong>in</strong></span> <span class='ocrx_word' id='word_1_300' title='bbox 1303 3785 1462 3841; x_wconf 87' lang='lat' dir='ltr'><strong>bouis</strong></span> <span class='ocrx_word' id='word_1_301' title='bbox 1491 3786 1767 3858; x_wconf 87' lang='lat' dir='ltr'><strong>operibus,</strong></span> <span class='ocrx_word' id='word_1_302' title='bbox 1801 3786 1898 3841; x_wconf 91' lang='lat' dir='ltr'><strong>sed</strong></span> <span class='ocrx_word' id='word_1_303' title='bbox 1928 3785 2162 3842; x_wconf 88' lang='lat' dir='ltr'><strong>etiamin</strong></span> 
     </span>
    </p>
   </div>
   <div class='ocr_carea' id='block_1_43' title="bbox 561 3872 2160 3948">
    <p class='ocr_par' dir='ltr' id='par_1_43' title="bbox 561 3872 2160 3948">
     <span class='ocr_line' id='line_1_43' title="bbox 561 3872 2160 3948; baseline -0.003 -15"><span class='ocrx_word' id='word_1_304' title='bbox 561 3875 808 3933; x_wconf 81' lang='lat' dir='ltr'><strong>veritatis</strong></span> <span class='ocrx_word' id='word_1_305' title='bbox 835 3874 1156 3931; x_wconf 83' lang='lat' dir='ltr'><strong>auctoritate</strong></span> <span class='ocrx_word' id='word_1_306' title='bbox 1187 3881 1504 3948; x_wconf 85' lang='lat' dir='ltr'><strong>cognoscat.</strong></span> <span class='ocrx_word' id='word_1_307' title='bbox 1537 3875 1594 3930; x_wconf 91' lang='lat' dir='ltr'><strong>Si</strong></span> <span class='ocrx_word' id='word_1_308' title='bbox 1623 3889 1734 3946; x_wconf 89' lang='lat' dir='ltr'><strong>qua</strong></span> <span class='ocrx_word' id='word_1_309' title='bbox 1760 3881 1944 3931; x_wconf 88' lang='lat' dir='ltr'><strong>autem</strong></span> <span class='ocrx_word' id='word_1_310' title='bbox 1977 3872 2160 3930; x_wconf 91' lang='lat' dir='ltr'><strong>forsan</strong></span> 
     </span>
    </p>
   </div>
   <div class='ocr_carea' id='block_1_44' title="bbox 561 3961 2158 4036">
    <p class='ocr_par' dir='ltr' id='par_1_44' title="bbox 561 3961 2158 4036">
     <span class='ocr_line' id='line_1_44' title="bbox 561 3961 2158 4036; baseline -0.001 -16"><span class='ocrx_word' id='word_1_311' title='bbox 561 3964 791 4020; x_wconf 89' lang='lat' dir='ltr'><strong>adversa</strong></span> <span class='ocrx_word' id='word_1_312' title='bbox 860 3964 1266 4036; x_wconf 88' lang='lat' dir='ltr'><strong>subsequantur</strong></span> <span class='ocrx_word' id='word_1_313' title='bbox 1297 4005 1312 4032; x_wconf 92' lang='lat'><strong>,</strong></span> <span class='ocrx_word' id='word_1_314' title='bbox 1379 3961 1706 4018; x_wconf 89' lang='lat' dir='ltr'><strong>unanimiter</strong></span> <span class='ocrx_word' id='word_1_315' title='bbox 1772 3963 2158 4035; x_wconf 88' lang='lat' dir='ltr'><strong>persistentes,</strong></span> 
     </span>
    </p>
   </div>
   <div class='ocr_carea' id='block_1_45' title="bbox 561 4052 2162 4126">
    <p class='ocr_par' dir='ltr' id='par_1_45' title="bbox 561 4052 2162 4126">
     <span class='ocr_line' id='line_1_45' title="bbox 561 4052 2162 4126; baseline 0 -18"><span class='ocrx_word' id='word_1_316' title='bbox 561 4053 721 4108; x_wconf 88' lang='lat' dir='ltr'><strong>etiam</strong></span> <span class='ocrx_word' id='word_1_317' title='bbox 747 4052 1028 4109; x_wconf 89' lang='lat' dir='ltr'><strong>moriendo</strong></span> <span class='ocrx_word' id='word_1_318' title='bbox 1059 4053 1322 4108; x_wconf 88' lang='lat' dir='ltr'><strong>debemus</strong></span> <span class='ocrx_word' id='word_1_319' title='bbox 1352 4053 1661 4119; x_wconf 88' lang='lat' dir='ltr'><strong>ostendere,</strong></span> <span class='ocrx_word' id='word_1_320' title='bbox 1684 4052 1813 4125; x_wconf 89' lang='lat' dir='ltr'><strong>quia</strong></span> <span class='ocrx_word' id='word_1_321' title='bbox 1844 4053 1898 4107; x_wconf 90' lang='lat' dir='ltr'><strong>in</strong></span> <span class='ocrx_word' id='word_1_322' title='bbox 1921 4069 2162 4126; x_wconf 90' lang='lat' dir='ltr'><strong>genera-</strong></span> 
     </span>
    </p>
   </div>
   <div class='ocr_carea' id='block_1_46' title="bbox 557 4139 2163 4215">
    <p class='ocr_par' dir='ltr' id='par_1_46' title="bbox 557 4139 2163 4215">
     <span class='ocr_line' id='line_1_46' title="bbox 557 4139 2163 4215; baseline 0.001 -18"><span class='ocrx_word' id='word_1_323' title='bbox 557 4139 725 4198; x_wconf 86' lang='lat' dir='ltr'><strong>litatis</strong></span> <span class='ocrx_word' id='word_1_324' title='bbox 746 4141 944 4199; x_wconf 89' lang='lat' dir='ltr'><strong>damno</strong></span> <span class='ocrx_word' id='word_1_325' title='bbox 1001 4150 1250 4199; x_wconf 87' lang='lat' dir='ltr'><strong>nostrum</strong></span> <span class='ocrx_word' id='word_1_326' title='bbox 1279 4141 1588 4215; x_wconf 89' lang='lat' dir='ltr'><strong>specialiter</strong></span> <span class='ocrx_word' id='word_1_327' title='bbox 1643 4141 1850 4214; x_wconf 88' lang='lat' dir='ltr'><strong>aliquid</strong></span> <span class='ocrx_word' id='word_1_328' title='bbox 1881 4156 1991 4198; x_wconf 91' lang='lat' dir='ltr'><strong>non</strong></span> <span class='ocrx_word' id='word_1_329' title='bbox 2019 4156 2163 4198; x_wconf 88' lang='lat' dir='ltr'><strong>ama-</strong></span> 
     </span>
    </p>
   </div>
   <div class='ocr_carea' id='block_1_47' title="bbox 561 4231 2158 4298">
    <p class='ocr_par' dir='ltr' id='par_1_47' title="bbox 561 4231 2158 4298">
     <span class='ocr_line' id='line_1_47' title="bbox 561 4231 2158 4298; baseline -0.001 -10"><span class='ocrx_word' id='word_1_330' title='bbox 561 4248 702 4288; x_wconf 90' lang='lat' dir='ltr'><strong>mus.</strong></span> <span class='ocrx_word' id='word_1_331' title='bbox 737 4231 995 4288; x_wconf 88' lang='lat' dir='ltr'><strong>Dicamus</strong></span> <span class='ocrx_word' id='word_1_332' title='bbox 1025 4247 1150 4288; x_wconf 93' lang='lat' dir='ltr'><strong>cum</strong></span> <span class='ocrx_word' id='word_1_333' title='bbox 1179 4231 1346 4289; x_wconf 88' lang='lat' dir='ltr'><strong>Paulo</strong></span> <span class='ocrx_word' id='word_1_334' title='bbox 1371 4249 1384 4286; x_wconf 92' lang='lat'>:</span> <span class='ocrx_word' id='word_1_335' title='bbox 1406 4231 1538 4288; x_wconf 82' lang='lat' dir='ltr'><strong>Mihi</strong></span> <span class='ocrx_word' id='word_1_336' title='bbox 1566 4233 1750 4289; x_wconf 80' lang='lat' dir='ltr'><strong>vivere</strong></span> <span class='ocrx_word' id='word_1_337' title='bbox 1775 4232 2033 4289; x_wconf 80' lang='lat' dir='ltr'><strong>Christus</strong></span> <span class='ocrx_word' id='word_1_338' title='bbox 2055 4235 2158 4298; x_wconf 85' lang='lat' dir='ltr'><strong>est,</strong></span> 
     </span>
    </p>
   </div>
   <div class='ocr_carea' id='block_1_48' title="bbox 564 4315 2162 4389">
    <p class='ocr_par' dir='ltr' id='par_1_48' title="bbox 564 4315 2162 4389">
     <span class='ocr_line' id='line_1_48' title="bbox 564 4315 2162 4389; baseline -0.001 -17"><span class='ocrx_word' id='word_1_339' title='bbox 564 4321 626 4372; x_wconf 82' lang='lat' dir='ltr'><strong>et</strong></span> <span class='ocrx_word' id='word_1_340' title='bbox 648 4318 798 4372; x_wconf 84' lang='lat' dir='ltr'><strong>mori</strong></span> <span class='ocrx_word' id='word_1_341' title='bbox 841 4319 1067 4374; x_wconf 81' lang='lat' dir='ltr'><strong>lucrum</strong></span> <span class='ocrx_word' id='word_1_342' title='bbox 1097 4317 1328 4389; x_wconf 81' lang='lat' dir='ltr'><strong>(Philip.</strong></span> <span class='ocrx_word' id='word_1_343' title='bbox 1363 4315 1424 4386; x_wconf 83' lang='grc' dir='ltr'><strong>ι).</strong></span> <span class='ocrx_word' id='word_1_344' title='bbox 1451 4316 1748 4372; x_wconf 82' lang='lat' dir='ltr'><strong>Audiamus</strong></span> <span class='ocrx_word' id='word_1_345' title='bbox 1779 4316 1923 4388; x_wconf 91' lang='lat' dir='ltr'><strong>quod</strong></span> <span class='ocrx_word' id='word_1_346' title='bbox 1952 4315 2162 4388; x_wconf 87' lang='lat' dir='ltr'><strong>primus</strong></span> 
     </span>
    </p>
   </div>
   <div class='ocr_carea' id='block_1_49' title="bbox 561 4403 2162 4478">
    <p class='ocr_par' dir='ltr' id='par_1_49' title="bbox 561 4403 2162 4478">
     <span class='ocr_line' id='line_1_49' title="bbox 561 4403 2162 4478; baseline 0 -18"><span class='ocrx_word' id='word_1_347' title='bbox 561 4405 806 4460; x_wconf 88' lang='lat' dir='ltr'><strong>omnium</strong></span> <span class='ocrx_word' id='word_1_348' title='bbox 835 4412 1115 4475; x_wconf 89' lang='lat' dir='ltr'><strong>pastorum</strong></span> <span class='ocrx_word' id='word_1_349' title='bbox 1146 4404 1278 4460; x_wconf 90' lang='lat' dir='ltr'><strong>dicit</strong></span> <span class='ocrx_word' id='word_1_350' title='bbox 1309 4421 1323 4460; x_wconf 91' lang='lat'><strong>:</strong></span> <span class='ocrx_word' id='word_1_351' title='bbox 1355 4405 1415 4474; x_wconf 84' lang='lat' dir='ltr'><strong>Si</strong></span> <span class='ocrx_word' id='word_1_352' title='bbox 1444 4403 1577 4476; x_wconf 86' lang='lat' dir='ltr'><strong>quid</strong></span> <span class='ocrx_word' id='word_1_353' title='bbox 1607 4406 1881 4476; x_wconf 79' lang='lat' dir='ltr'><strong>patimini</strong></span> <span class='ocrx_word' id='word_1_354' title='bbox 1924 4408 2162 4478; x_wconf 75' lang='lat' dir='ltr'><strong>propter</strong></span> 
     </span>
    </p>
   </div>
   <div class='ocr_carea' id='block_1_50' title="bbox 2249 506 3854 580">
    <p class='ocr_par' dir='ltr' id='par_1_50' title="bbox 2249 506 3854 580">
     <span class='ocr_line' id='line_1_50' title="bbox 2249 506 3854 580; baseline 0 -18"><span class='ocrx_word' id='word_1_355' title='bbox 2249 508 2398 575; x_wconf 90' lang='lat' dir='ltr'><strong>estis,</strong></span> <span class='ocrx_word' id='word_1_356' title='bbox 2433 507 2678 564; x_wconf 91' lang='lat' dir='ltr'><strong>moribus</strong></span> <span class='ocrx_word' id='word_1_357' title='bbox 2707 515 2911 579; x_wconf 86' lang='lat' dir='ltr'><strong>patres.</strong></span> <span class='ocrx_word' id='word_1_358' title='bbox 2943 508 3066 563; x_wconf 92' lang='lat' dir='ltr'><strong>Non</strong></span> <span class='ocrx_word' id='word_1_359' title='bbox 3098 523 3235 580; x_wconf 80' lang='lat' dir='ltr'><strong>ergo</strong></span> <span class='ocrx_word' id='word_1_360' title='bbox 3257 506 3417 577; x_wconf 91' lang='lat' dir='ltr'><strong>jussi,</strong></span> <span class='ocrx_word' id='word_1_361' title='bbox 3437 506 3533 562; x_wconf 89' lang='lat' dir='ltr'><strong>sed</strong></span> <span class='ocrx_word' id='word_1_362' title='bbox 3553 523 3675 578; x_wconf 60' lang='lat' dir='ltr'><strong>qua}</strong></span> <span class='ocrx_word' id='word_1_363' title='bbox 3693 506 3854 563; x_wconf 87' lang='lat' dir='ltr'><strong>utilia</strong></span> 
     </span>
    </p>
   </div>
   <div class='ocr_carea' id='block_1_51' title="bbox 2248 595 3850 664">
    <p class='ocr_par' dir='ltr' id='par_1_51' title="bbox 2248 595 3850 664">
     <span class='ocr_line' id='line_1_51' title="bbox 2248 595 3850 664; baseline 0.001 -14"><span class='ocrx_word' id='word_1_364' title='bbox 2248 595 2366 651; x_wconf 88' lang='lat' dir='ltr'><strong>visa</strong></span> <span class='ocrx_word' id='word_1_365' title='bbox 2399 605 2543 664; x_wconf 89' lang='lat' dir='ltr'><strong>sunt,</strong></span> <span class='ocrx_word' id='word_1_366' title='bbox 2576 596 2822 652; x_wconf 87' lang='lat' dir='ltr'><strong>indicare</strong></span> <span class='ocrx_word' id='word_1_367' title='bbox 2879 595 3086 652; x_wconf 90' lang='lat' dir='ltr'><strong>curavi.</strong></span> <span class='ocrx_word' id='word_1_368' title='bbox 3117 595 3244 651; x_wconf 87' lang='lat' dir='ltr'><strong>Non</strong></span> <span class='ocrx_word' id='word_1_369' title='bbox 3287 603 3473 662; x_wconf 85' lang='lat' dir='ltr'><strong>tamen</strong></span> <span class='ocrx_word' id='word_1_370' title='bbox 3497 595 3714 652; x_wconf 91' lang='lat' dir='ltr'><strong>invenio</strong></span> <span class='ocrx_word' id='word_1_371' title='bbox 3746 611 3850 652; x_wconf 89' lang='lat' dir='ltr'><strong>ve-</strong></span> 
     </span>
    </p>
   </div>
   <div class='ocr_carea' id='block_1_52' title="bbox 2249 684 3852 756">
    <p class='ocr_par' dir='ltr' id='par_1_52' title="bbox 2249 684 3852 756">
     <span class='ocr_line' id='line_1_52' title="bbox 2249 684 3852 756; baseline 0 -16"><span class='ocrx_word' id='word_1_372' title='bbox 2249 693 2419 740; x_wconf 87' lang='lat' dir='ltr'><strong>stram</strong></span> <span class='ocrx_word' id='word_1_373' title='bbox 2459 685 2854 741; x_wconf 90' lang='lat' dir='ltr'><strong>beatitudinem</strong></span> <span class='ocrx_word' id='word_1_374' title='bbox 2881 686 2985 741; x_wconf 92' lang='lat' dir='ltr'><strong>hoc</strong></span> <span class='ocrx_word' id='word_1_375' title='bbox 3029 684 3227 755; x_wconf 88' lang='lat' dir='ltr'><strong>ipsum,</strong></span> <span class='ocrx_word' id='word_1_376' title='bbox 3264 685 3410 756; x_wconf 87' lang='lat' dir='ltr'><strong>quod</strong></span> <span class='ocrx_word' id='word_1_377' title='bbox 3438 685 3716 740; x_wconf 64' lang='lat' dir='ltr'><strong>memorias</strong></span> <span class='ocrx_word' id='word_1_378' title='bbox 3746 701 3852 740; x_wconf 89' lang='lat' dir='ltr'><strong>ve-</strong></span> 
     </span>
    </p>
   </div>
   <div class='ocr_carea' id='block_1_53' title="bbox 2248 772 3854 846">
    <p class='ocr_par' dir='ltr' id='par_1_53' title="bbox 2248 772 3854 846">
     <span class='ocr_line' id='line_1_53' title="bbox 2248 772 3854 846; baseline 0 -17"><span class='ocrx_word' id='word_1_379' title='bbox 2248 782 2376 830; x_wconf 70' lang='lat' dir='ltr'><strong>strae</strong></span> <span class='ocrx_word' id='word_1_380' title='bbox 2404 773 2580 843; x_wconf 89' lang='lat' dir='ltr'><strong>intuli,</strong></span> <span class='ocrx_word' id='word_1_381' title='bbox 2615 772 2858 846; x_wconf 87' lang='lat' dir='ltr'><strong>perfecte</strong></span> <span class='ocrx_word' id='word_1_382' title='bbox 2899 782 3090 829; x_wconf 87' lang='lat' dir='ltr'><strong>tenere</strong></span> <span class='ocrx_word' id='word_1_383' title='bbox 3121 773 3379 830; x_wconf 88' lang='lat' dir='ltr'><strong>voluisse.</strong></span> <span class='ocrx_word' id='word_1_384' title='bbox 3411 774 3551 828; x_wconf 88' lang='lat' dir='ltr'><strong>Nam</strong></span> <span class='ocrx_word' id='word_1_385' title='bbox 3579 772 3711 843; x_wconf 84' lang='lat' dir='ltr'><strong>dixi,</strong></span> <span class='ocrx_word' id='word_1_386' title='bbox 3745 789 3854 830; x_wconf 90' lang='lat' dir='ltr'><strong>nec</strong></span> 
     </span>
    </p>
   </div>
   <div class='ocr_carea' id='block_1_54' title="bbox 2246 861 3856 936">
    <p class='ocr_par' dir='ltr' id='par_1_54' title="bbox 2246 861 3856 936">
     <span class='ocr_line' id='line_1_54' title="bbox 2246 861 3856 936; baseline 0 -18"><span class='ocrx_word' id='word_1_387' title='bbox 2246 863 2381 918; x_wconf 90' lang='lat' dir='ltr'><strong>mihi</strong></span> <span class='ocrx_word' id='word_1_388' title='bbox 2401 877 2523 930; x_wconf 90' lang='lat' dir='ltr'><strong>vos,</strong></span> <span class='ocrx_word' id='word_1_389' title='bbox 2541 878 2646 919; x_wconf 90' lang='lat' dir='ltr'><strong>nec</strong></span> <span class='ocrx_word' id='word_1_390' title='bbox 2663 862 2920 936; x_wconf 89' lang='lat' dir='ltr'><strong>quiquam</strong></span> <span class='ocrx_word' id='word_1_391' title='bbox 2944 861 3104 918; x_wconf 89' lang='lat' dir='ltr'><strong>alteri</strong></span> <span class='ocrx_word' id='word_1_392' title='bbox 3122 861 3232 917; x_wconf 91' lang='lat' dir='ltr'><strong>tale</strong></span> <span class='ocrx_word' id='word_1_393' title='bbox 3259 861 3467 935; x_wconf 90' lang='lat' dir='ltr'><strong>aliquid</strong></span> <span class='ocrx_word' id='word_1_394' title='bbox 3487 861 3735 918; x_wconf 89' lang='lat' dir='ltr'><strong>scribere</strong></span> <span class='ocrx_word' id='word_1_395' title='bbox 3756 861 3856 918; x_wconf 82' lang='lat' dir='ltr'><strong>de-</strong></span> 
     </span>
    </p>
   </div>
   <div class='ocr_carea' id='block_1_55' title="bbox 2249 949 3856 1023">
    <p class='ocr_par' dir='ltr' id='par_1_55' title="bbox 2249 949 3856 1023">
     <span class='ocr_line' id='line_1_55' title="bbox 2249 949 3856 1023; baseline 0.001 -17"><span class='ocrx_word' id='word_1_396' title='bbox 2249 953 2402 1022; x_wconf 89' lang='lat' dir='ltr'><strong>bere,</strong></span> <span class='ocrx_word' id='word_1_397' title='bbox 2435 961 2489 1008; x_wconf 88' lang='lat' dir='ltr'><strong>et</strong></span> <span class='ocrx_word' id='word_1_398' title='bbox 2519 968 2648 1008; x_wconf 91' lang='lat' dir='ltr'><strong>ecce</strong></span> <span class='ocrx_word' id='word_1_399' title='bbox 2677 952 2733 1007; x_wconf 93' lang='lat' dir='ltr'><strong>in</strong></span> <span class='ocrx_word' id='word_1_400' title='bbox 2787 950 3109 1023; x_wconf 71' lang='lat' dir='ltr'><strong>praefatione</strong></span> <span class='ocrx_word' id='word_1_401' title='bbox 3135 949 3401 1022; x_wconf 63' lang='lat' dir='ltr'><strong>epistolae,</strong></span> <span class='ocrx_word' id='word_1_402' title='bbox 3431 965 3596 1022; x_wconf 89' lang='lat' dir='ltr'><strong>quam</strong></span> <span class='ocrx_word' id='word_1_403' title='bbox 3627 951 3700 1006; x_wconf 91' lang='lat' dir='ltr'><strong>ad</strong></span> <span class='ocrx_word' id='word_1_404' title='bbox 3726 965 3856 1007; x_wconf 84' lang='lat' dir='ltr'><strong>me-</strong></span> 
     </span>
    </p>
   </div>
   <div class='ocr_carea' id='block_1_56' title="bbox 2247 1038 3855 1113">
    <p class='ocr_par' dir='ltr' id='par_1_56' title="bbox 2247 1038 3855 1113">
     <span class='ocr_line' id='line_1_56' title="bbox 2247 1038 3855 1113; baseline 0 -18"><span class='ocrx_word' id='word_1_405' title='bbox 2247 1041 2426 1112; x_wconf 89' lang='lat' dir='ltr'><strong>ipsum</strong></span> <span class='ocrx_word' id='word_1_406' title='bbox 2456 1041 2548 1113; x_wconf 91' lang='lat' dir='ltr'><strong>qui</strong></span> <span class='ocrx_word' id='word_1_407' title='bbox 2578 1039 2834 1112; x_wconf 91' lang='lat' dir='ltr'><strong>prohibui</strong></span> <span class='ocrx_word' id='word_1_408' title='bbox 2862 1039 3157 1107; x_wconf 83' lang='lat' dir='ltr'><strong>direxistis,</strong></span> <span class='ocrx_word' id='word_1_409' title='bbox 3191 1039 3443 1110; x_wconf 73' lang='lat' dir='ltr'><strong>superbae</strong></span> <span class='ocrx_word' id='word_1_410' title='bbox 3472 1038 3855 1111; x_wconf 87' lang='lat' dir='ltr'><strong>appellationis</strong></span> 
     </span>
    </p>
   </div>
   <div class='ocr_carea' id='block_1_57' title="bbox 2247 1127 3856 1200">
    <p class='ocr_par' dir='ltr' id='par_1_57' title="bbox 2247 1127 3856 1200">
     <span class='ocr_line' id='line_1_57' title="bbox 2247 1127 3856 1200; baseline -0.001 -15"><span class='ocrx_word' id='word_1_411' title='bbox 2247 1129 2496 1196; x_wconf 89' lang='lat' dir='ltr'><strong>verbum,</strong></span> <span class='ocrx_word' id='word_1_412' title='bbox 2527 1128 2892 1184; x_wconf 90' lang='lat' dir='ltr'><strong>universalem</strong></span> <span class='ocrx_word' id='word_1_413' title='bbox 2913 1144 3000 1184; x_wconf 91' lang='lat' dir='ltr'><strong>me</strong></span> <span class='ocrx_word' id='word_1_414' title='bbox 3021 1143 3220 1200; x_wconf 89' lang='lat' dir='ltr'><strong>papam</strong></span> <span class='ocrx_word' id='word_1_415' title='bbox 3248 1127 3514 1196; x_wconf 87' lang='lat' dir='ltr'><strong>dicentes,</strong></span> <span class='ocrx_word' id='word_1_416' title='bbox 3536 1127 3856 1200; x_wconf 86' lang='lat' dir='ltr'><strong>imprimere</strong></span> 
     </span>
    </p>
   </div>
   <div class='ocr_carea' id='block_1_58' title="bbox 2247 1215 3858 1288">
    <p class='ocr_par' dir='ltr' id='par_1_58' title="bbox 2247 1215 3858 1288">
     <span class='ocr_line' id='line_1_58' title="bbox 2247 1215 3858 1288; baseline -0.002 -13"><span class='ocrx_word' id='word_1_417' title='bbox 2247 1219 2499 1275; x_wconf 88' lang='lat' dir='ltr'><strong>curastis.</strong></span> <span class='ocrx_word' id='word_1_418' title='bbox 2523 1217 2682 1288; x_wconf 86' lang='lat' dir='ltr'><strong>Quod</strong></span> <span class='ocrx_word' id='word_1_419' title='bbox 2712 1226 2839 1288; x_wconf 90' lang='lat' dir='ltr'><strong>peto</strong></span> <span class='ocrx_word' id='word_1_420' title='bbox 2867 1216 3192 1274; x_wconf 89' lang='lat' dir='ltr'><strong>dulcissima</strong></span> <span class='ocrx_word' id='word_1_421' title='bbox 3217 1215 3349 1272; x_wconf 90' lang='lat' dir='ltr'><strong>mihi</strong></span> <span class='ocrx_word' id='word_1_422' title='bbox 3375 1217 3634 1274; x_wconf 88' lang='lat' dir='ltr'><strong>sanctitas</strong></span> <span class='ocrx_word' id='word_1_423' title='bbox 3666 1225 3858 1273; x_wconf 87' lang='lat' dir='ltr'><strong>vestra</strong></span> 
     </span>
    </p>
   </div>
   <div class='ocr_carea' id='block_1_59' title="bbox 2246 1304 3860 1380">
    <p class='ocr_par' dir='ltr' id='par_1_59' title="bbox 2246 1304 3860 1380">
     <span class='ocr_line' id='line_1_59' title="bbox 2246 1304 3860 1380; baseline 0 -18"><span class='ocrx_word' id='word_1_424' title='bbox 2246 1307 2387 1363; x_wconf 89' lang='lat' dir='ltr'><strong>ultra</strong></span> <span class='ocrx_word' id='word_1_425' title='bbox 2415 1323 2526 1364; x_wconf 92' lang='lat' dir='ltr'><strong>non</strong></span> <span class='ocrx_word' id='word_1_426' title='bbox 2553 1305 2734 1376; x_wconf 88' lang='lat' dir='ltr'><strong>faciat,</strong></span> <span class='ocrx_word' id='word_1_427' title='bbox 2778 1306 2908 1380; x_wconf 89' lang='lat' dir='ltr'><strong>quia</strong></span> <span class='ocrx_word' id='word_1_428' title='bbox 2937 1305 3096 1362; x_wconf 90' lang='lat' dir='ltr'><strong>vobis</strong></span> <span class='ocrx_word' id='word_1_429' title='bbox 3125 1305 3463 1362; x_wconf 87' lang='lat' dir='ltr'><strong>subtrahitur</strong></span> <span class='ocrx_word' id='word_1_430' title='bbox 3519 1305 3668 1378; x_wconf 93' lang='lat' dir='ltr'><strong>quod</strong></span> <span class='ocrx_word' id='word_1_431' title='bbox 3697 1304 3860 1362; x_wconf 86' lang='lat' dir='ltr'><strong>alteri</strong></span> 
     </span>
    </p>
   </div>
   <div class='ocr_carea' id='block_1_60' title="bbox 2247 1393 3859 1469">
    <p class='ocr_par' dir='ltr' id='par_1_60' title="bbox 2247 1393 3859 1469">
     <span class='ocr_line' id='line_1_60' title="bbox 2247 1393 3859 1469; baseline -0.002 -18"><span class='ocrx_word' id='word_1_432' title='bbox 2247 1395 2538 1469; x_wconf 89' lang='lat' dir='ltr'><strong>plusquam</strong></span> <span class='ocrx_word' id='word_1_433' title='bbox 2558 1395 2698 1451; x_wconf 89' lang='lat' dir='ltr'><strong>ratio</strong></span> <span class='ocrx_word' id='word_1_434' title='bbox 2727 1395 2896 1468; x_wconf 81' lang='lat' dir='ltr'><strong>exigit</strong></span> <span class='ocrx_word' id='word_1_435' title='bbox 2923 1394 3218 1466; x_wconf 74' lang='lat' dir='ltr'><strong>praebetur.</strong></span> <span class='ocrx_word' id='word_1_436' title='bbox 3255 1395 3377 1467; x_wconf 91' lang='lat' dir='ltr'><strong>Ego</strong></span> <span class='ocrx_word' id='word_1_437' title='bbox 3407 1393 3554 1449; x_wconf 92' lang='lat' dir='ltr'><strong>enim</strong></span> <span class='ocrx_word' id='word_1_438' title='bbox 3585 1409 3698 1448; x_wconf 87' lang='lat' dir='ltr'><strong>non</strong></span> <span class='ocrx_word' id='word_1_439' title='bbox 3725 1409 3859 1451; x_wconf 88' lang='lat' dir='ltr'><strong>ver-</strong></span> 
     </span>
    </p>
   </div>
   <div class='ocr_carea' id='block_1_61' title="bbox 2246 1481 3858 1558">
    <p class='ocr_par' dir='ltr' id='par_1_61' title="bbox 2246 1481 3858 1558">
     <span class='ocr_line' id='line_1_61' title="bbox 2246 1481 3858 1558; baseline -0.001 -19"><span class='ocrx_word' id='word_1_440' title='bbox 2246 1484 2330 1540; x_wconf 91' lang='lat' dir='ltr'><strong>bis</strong></span> <span class='ocrx_word' id='word_1_441' title='bbox 2360 1501 2546 1558; x_wconf 83' lang='lat' dir='ltr'><strong>quaero</strong></span> <span class='ocrx_word' id='word_1_442' title='bbox 2603 1483 2940 1557; x_wconf 88' lang='lat' dir='ltr'><strong>prosperari,</strong></span> <span class='ocrx_word' id='word_1_443' title='bbox 2975 1483 3072 1538; x_wconf 91' lang='lat' dir='ltr'><strong>sed</strong></span> <span class='ocrx_word' id='word_1_444' title='bbox 3128 1481 3374 1538; x_wconf 90' lang='lat' dir='ltr'><strong>moribus</strong></span> <span class='ocrx_word' id='word_1_445' title='bbox 3407 1501 3421 1536; x_wconf 90' lang='lat'><strong>:</strong></span> <span class='ocrx_word' id='word_1_446' title='bbox 3454 1498 3558 1538; x_wconf 90' lang='lat' dir='ltr'><strong>nec</strong></span> <span class='ocrx_word' id='word_1_447' title='bbox 3584 1482 3858 1539; x_wconf 89' lang='lat' dir='ltr'><strong>honorem</strong></span> 
     </span>
    </p>
   </div>
   <div class='ocr_carea' id='block_1_62' title="bbox 2247 1570 3859 1645">
    <p class='ocr_par' dir='ltr' id='par_1_62' title="bbox 2247 1570 3859 1645">
     <span class='ocr_line' id='line_1_62' title="bbox 2247 1570 3859 1645; baseline -0.001 -17"><span class='ocrx_word' id='word_1_448' title='bbox 2247 1589 2371 1628; x_wconf 91' lang='lat' dir='ltr'><strong>esse</strong></span> <span class='ocrx_word' id='word_1_449' title='bbox 2425 1573 2648 1644; x_wconf 90' lang='lat' dir='ltr'><strong>deputo,</strong></span> <span class='ocrx_word' id='word_1_450' title='bbox 2685 1572 2741 1628; x_wconf 92' lang='lat' dir='ltr'><strong>in</strong></span> <span class='ocrx_word' id='word_1_451' title='bbox 2787 1587 2895 1645; x_wconf 88' lang='lat' dir='ltr'><strong>quo</strong></span> <span class='ocrx_word' id='word_1_452' title='bbox 2926 1570 3128 1628; x_wconf 87' lang='lat' dir='ltr'><strong>fratres</strong></span> <span class='ocrx_word' id='word_1_453' title='bbox 3171 1585 3327 1626; x_wconf 89' lang='lat' dir='ltr'><strong>meos</strong></span> <span class='ocrx_word' id='word_1_454' title='bbox 3381 1571 3648 1626; x_wconf 87' lang='lat' dir='ltr'><strong>honorem</strong></span> <span class='ocrx_word' id='word_1_455' title='bbox 3694 1585 3859 1626; x_wconf 90' lang='lat' dir='ltr'><strong>suum</strong></span> 
     </span>
    </p>
   </div>
   <div class='ocr_carea' id='block_1_63' title="bbox 2246 1658 3860 1735">
    <p class='ocr_par' dir='ltr' id='par_1_63' title="bbox 2246 1658 3860 1735">
     <span class='ocr_line' id='line_1_63' title="bbox 2246 1658 3860 1735; baseline -0.002 -17"><span class='ocrx_word' id='word_1_456' title='bbox 2246 1661 2482 1735; x_wconf 87' lang='lat' dir='ltr'><strong>perdere</strong></span> <span class='ocrx_word' id='word_1_457' title='bbox 2537 1674 2834 1734; x_wconf 88' lang='lat' dir='ltr'><strong>cognosco.</strong></span> <span class='ocrx_word' id='word_1_458' title='bbox 2869 1661 3022 1717; x_wconf 85' lang='lat' dir='ltr'><strong>Meus</strong></span> <span class='ocrx_word' id='word_1_459' title='bbox 3071 1675 3304 1733; x_wconf 89' lang='lat' dir='ltr'><strong>namque</strong></span> <span class='ocrx_word' id='word_1_460' title='bbox 3334 1660 3512 1716; x_wconf 89' lang='lat' dir='ltr'><strong>honor</strong></span> <span class='ocrx_word' id='word_1_461' title='bbox 3541 1667 3646 1728; x_wconf 92' lang='lat' dir='ltr'><strong>est,</strong></span> <span class='ocrx_word' id='word_1_462' title='bbox 3677 1658 3860 1714; x_wconf 89' lang='lat' dir='ltr'><strong>honor</strong></span> 
     </span>
    </p>
   </div>
   <div class='ocr_carea' id='block_1_64' title="bbox 2181 1745 3862 1834">
    <p class='ocr_par' dir='ltr' id='par_1_64' title="bbox 2181 1745 3862 1834">
     <span class='ocr_line' id='line_1_64' title="bbox 2181 1745 3862 1834; baseline -0.001 -28"><span class='ocrx_word' id='word_1_463' title='bbox 2181 1772 2237 1834; x_wconf 85' lang='grc' dir='ltr'>Β</span> <span class='ocrx_word' id='word_1_464' title='bbox 2253 1745 2583 1808; x_wconf 83' lang='lat' dir='ltr'><strong>universalis</strong></span> <span class='ocrx_word' id='word_1_465' title='bbox 2611 1749 2893 1820; x_wconf 70' lang='lat' dir='ltr'><strong>Ecclesiae,</strong></span> <span class='ocrx_word' id='word_1_466' title='bbox 2923 1765 3080 1806; x_wconf 87' lang='lat' dir='ltr'><strong>meus</strong></span> <span class='ocrx_word' id='word_1_467' title='bbox 3107 1748 3286 1806; x_wconf 89' lang='lat' dir='ltr'><strong>honor</strong></span> <span class='ocrx_word' id='word_1_468' title='bbox 3303 1755 3406 1817; x_wconf 87' lang='lat' dir='ltr'><strong>est,</strong></span> <span class='ocrx_word' id='word_1_469' title='bbox 3440 1747 3672 1804; x_wconf 88' lang='lat' dir='ltr'><strong>fratrum</strong></span> <span class='ocrx_word' id='word_1_470' title='bbox 3698 1763 3862 1804; x_wconf 82' lang='lat' dir='ltr'><strong>meo-</strong></span> 
     </span>
    </p>
   </div>
   <div class='ocr_carea' id='block_1_65' title="bbox 2258 1837 3859 1913">
    <p class='ocr_par' dir='ltr' id='par_1_65' title="bbox 2258 1837 3859 1913">
     <span class='ocr_line' id='line_1_65' title="bbox 2258 1837 3859 1913; baseline -0.002 -17"><span class='ocrx_word' id='word_1_471' title='bbox 2258 1856 2380 1896; x_wconf 91' lang='lat' dir='ltr'><strong>rum</strong></span> <span class='ocrx_word' id='word_1_472' title='bbox 2406 1839 2614 1896; x_wconf 89' lang='lat' dir='ltr'><strong>solidus</strong></span> <span class='ocrx_word' id='word_1_473' title='bbox 2642 1839 2822 1913; x_wconf 87' lang='lat' dir='ltr'><strong>vigor.</strong></span> <span class='ocrx_word' id='word_1_474' title='bbox 2863 1839 3014 1895; x_wconf 92' lang='lat' dir='ltr'><strong>Tunc</strong></span> <span class='ocrx_word' id='word_1_475' title='bbox 3067 1853 3174 1910; x_wconf 88' lang='lat' dir='ltr'><strong>ego</strong></span> <span class='ocrx_word' id='word_1_476' title='bbox 3203 1853 3335 1894; x_wconf 91' lang='lat' dir='ltr'><strong>vere</strong></span> <span class='ocrx_word' id='word_1_477' title='bbox 3378 1837 3681 1894; x_wconf 88' lang='lat' dir='ltr'><strong>honoratus</strong></span> <span class='ocrx_word' id='word_1_478' title='bbox 3711 1852 3859 1904; x_wconf 89' lang='lat' dir='ltr'><strong>sum,</strong></span> 
     </span>
    </p>
   </div>
   <div class='ocr_carea' id='block_1_66' title="bbox 2259 1925 3857 2001">
    <p class='ocr_par' dir='ltr' id='par_1_66' title="bbox 2259 1925 3857 2001">
     <span class='ocr_line' id='line_1_66' title="bbox 2259 1925 3857 2001; baseline -0.003 -16"><span class='ocrx_word' id='word_1_479' title='bbox 2259 1944 2384 1986; x_wconf 91' lang='lat' dir='ltr'><strong>cum</strong></span> <span class='ocrx_word' id='word_1_480' title='bbox 2413 1928 2644 2001; x_wconf 85' lang='lat' dir='ltr'><strong>singulis</strong></span> <span class='ocrx_word' id='word_1_481' title='bbox 2676 1927 2984 2000; x_wconf 90' lang='lat' dir='ltr'><strong>quibusque</strong></span> <span class='ocrx_word' id='word_1_482' title='bbox 3013 1926 3190 1984; x_wconf 89' lang='lat' dir='ltr'><strong>honor</strong></span> <span class='ocrx_word' id='word_1_483' title='bbox 3217 1925 3431 1982; x_wconf 89' lang='lat' dir='ltr'><strong>debitus</strong></span> <span class='ocrx_word' id='word_1_484' title='bbox 3457 1941 3569 1982; x_wconf 90' lang='lat' dir='ltr'><strong>non</strong></span> <span class='ocrx_word' id='word_1_485' title='bbox 3595 1933 3857 1999; x_wconf 87' lang='lat' dir='ltr'><strong>negatur.</strong></span> 
     </span>
    </p>
   </div>
   <div class='ocr_carea' id='block_1_67' title="bbox 2259 2013 3867 2088">
    <p class='ocr_par' dir='ltr' id='par_1_67' title="bbox 2259 2013 3867 2088">
     <span class='ocr_line' id='line_1_67' title="bbox 2259 2013 3867 2088; baseline 0 -16"><span class='ocrx_word' id='word_1_486' title='bbox 2259 2017 2315 2073; x_wconf 89' lang='lat' dir='ltr'><strong>Si</strong></span> <span class='ocrx_word' id='word_1_487' title='bbox 2345 2017 2490 2074; x_wconf 90' lang='lat' dir='ltr'><strong>enim</strong></span> <span class='ocrx_word' id='word_1_488' title='bbox 2525 2015 2890 2072; x_wconf 89' lang='lat' dir='ltr'><strong>universalem</strong></span> <span class='ocrx_word' id='word_1_489' title='bbox 2910 2031 2999 2072; x_wconf 90' lang='lat' dir='ltr'><strong>me</strong></span> <span class='ocrx_word' id='word_1_490' title='bbox 3026 2030 3229 2088; x_wconf 88' lang='lat' dir='ltr'><strong>papam</strong></span> <span class='ocrx_word' id='word_1_491' title='bbox 3282 2022 3467 2072; x_wconf 88' lang='lat' dir='ltr'><strong>vestra</strong></span> <span class='ocrx_word' id='word_1_492' title='bbox 3496 2013 3758 2072; x_wconf 86' lang='lat' dir='ltr'><strong>sanctitas</strong></span> <span class='ocrx_word' id='word_1_493' title='bbox 3788 2014 3867 2072; x_wconf 84' lang='lat' dir='ltr'><strong>di-</strong></span> 
     </span>
    </p>
   </div>
   <div class='ocr_carea' id='block_1_68' title="bbox 2259 2103 3862 2178">
    <p class='ocr_par' dir='ltr' id='par_1_68' title="bbox 2259 2103 3862 2178">
     <span class='ocr_line' id='line_1_68' title="bbox 2259 2103 3862 2178; baseline -0.002 -16"><span class='ocrx_word' id='word_1_494' title='bbox 2259 2108 2348 2176; x_wconf 91' lang='lat' dir='ltr'><strong>cit,</strong></span> <span class='ocrx_word' id='word_1_495' title='bbox 2383 2114 2550 2178; x_wconf 86' lang='lat' dir='ltr'><strong>negat</strong></span> <span class='ocrx_word' id='word_1_496' title='bbox 2581 2121 2641 2160; x_wconf 90' lang='lat' dir='ltr'><strong>se</strong></span> <span class='ocrx_word' id='word_1_497' title='bbox 2669 2107 2773 2161; x_wconf 90' lang='lat' dir='ltr'><strong>hoc</strong></span> <span class='ocrx_word' id='word_1_498' title='bbox 2803 2120 2926 2161; x_wconf 89' lang='lat' dir='ltr'><strong>esse</strong></span> <span class='ocrx_word' id='word_1_499' title='bbox 2975 2103 3122 2177; x_wconf 92' lang='lat' dir='ltr'><strong>quod</strong></span> <span class='ocrx_word' id='word_1_500' title='bbox 3150 2120 3238 2161; x_wconf 90' lang='lat' dir='ltr'><strong>me</strong></span> <span class='ocrx_word' id='word_1_501' title='bbox 3293 2103 3494 2160; x_wconf 90' lang='lat' dir='ltr'><strong>fatetur</strong></span> <span class='ocrx_word' id='word_1_502' title='bbox 3523 2103 3862 2160; x_wconf 87' lang='lat' dir='ltr'><strong>universum.</strong></span> 
     </span>
    </p>
   </div>
   <div class='ocr_carea' id='block_1_69' title="bbox 2262 2191 3870 2266">
    <p class='ocr_par' dir='ltr' id='par_1_69' title="bbox 2262 2191 3870 2266">
     <span class='ocr_line' id='line_1_69' title="bbox 2262 2191 3870 2266; baseline -0.004 -14"><span class='ocrx_word' id='word_1_503' title='bbox 2262 2194 2372 2252; x_wconf 90' lang='lat' dir='ltr'><strong>Sed</strong></span> <span class='ocrx_word' id='word_1_504' title='bbox 2401 2194 2543 2250; x_wconf 91' lang='lat' dir='ltr'><strong>absit</strong></span> <span class='ocrx_word' id='word_1_505' title='bbox 2574 2193 2699 2250; x_wconf 91' lang='lat' dir='ltr'><strong>hoc.</strong></span> <span class='ocrx_word' id='word_1_506' title='bbox 2728 2192 3009 2250; x_wconf 81' lang='lat' dir='ltr'><strong>Recedant</strong></span> <span class='ocrx_word' id='word_1_507' title='bbox 3024 2193 3196 2250; x_wconf 91' lang='lat' dir='ltr'><strong>verba</strong></span> <span class='ocrx_word' id='word_1_508' title='bbox 3211 2208 3335 2266; x_wconf 78' lang='lat' dir='ltr'><strong>quae</strong></span> <span class='ocrx_word' id='word_1_509' title='bbox 3353 2192 3649 2249; x_wconf 88' lang='lat' dir='ltr'><strong>vanitatem</strong></span> <span class='ocrx_word' id='word_1_510' title='bbox 3673 2191 3870 2248; x_wconf 82' lang='lat' dir='ltr'><strong>inﬂant</strong></span> 
     </span>
    </p>
   </div>
   <div class='ocr_carea' id='block_1_70' title="bbox 2261 2280 3872 2354">
    <p class='ocr_par' dir='ltr' id='par_1_70' title="bbox 2261 2280 3872 2354">
     <span class='ocr_line' id='line_1_70' title="bbox 2261 2280 3872 2354; baseline -0.001 -15"><span class='ocrx_word' id='word_1_511' title='bbox 2261 2292 2314 2339; x_wconf 91' lang='lat' dir='ltr'><strong>et</strong></span> <span class='ocrx_word' id='word_1_512' title='bbox 2344 2283 2668 2340; x_wconf 87' lang='lat' dir='ltr'><strong>charitatem</strong></span> <span class='ocrx_word' id='word_1_513' title='bbox 2696 2281 3008 2338; x_wconf 88' lang='lat' dir='ltr'><strong>vulnerant.</strong></span> <span class='ocrx_word' id='word_1_514' title='bbox 3039 2282 3107 2337; x_wconf 89' lang='lat' dir='ltr'><strong>Et</strong></span> <span class='ocrx_word' id='word_1_515' title='bbox 3136 2280 3356 2354; x_wconf 92' lang='lat' dir='ltr'><strong>quidem</strong></span> <span class='ocrx_word' id='word_1_516' title='bbox 3385 2281 3440 2336; x_wconf 92' lang='lat' dir='ltr'><strong>in</strong></span> <span class='ocrx_word' id='word_1_517' title='bbox 3489 2289 3682 2338; x_wconf 87' lang='lat' dir='ltr'><strong>sancta</strong></span> <span class='ocrx_word' id='word_1_518' title='bbox 3711 2281 3872 2338; x_wconf 82' lang='lat' dir='ltr'><strong>Chal-</strong></span> 
     </span>
    </p>
   </div>
   <div class='ocr_carea' id='block_1_71' title="bbox 2261 2369 3866 2443">
    <p class='ocr_par' dir='ltr' id='par_1_71' title="bbox 2261 2369 3866 2443">
     <span class='ocr_line' id='line_1_71' title="bbox 2261 2369 3866 2443; baseline -0.002 -13"><span class='ocrx_word' id='word_1_519' title='bbox 2261 2371 2555 2431; x_wconf 91' lang='lat' dir='ltr'><strong>cedonensi</strong></span> <span class='ocrx_word' id='word_1_520' title='bbox 2586 2371 2814 2443; x_wconf 82' lang='lat' dir='ltr'><strong>synodo,</strong></span> <span class='ocrx_word' id='word_1_521' title='bbox 2848 2377 3010 2442; x_wconf 90' lang='lat' dir='ltr'><strong>atque</strong></span> <span class='ocrx_word' id='word_1_522' title='bbox 3037 2378 3161 2441; x_wconf 90' lang='lat' dir='ltr'><strong>post</strong></span> <span class='ocrx_word' id='word_1_523' title='bbox 3189 2386 3223 2425; x_wconf 90' lang='lat' dir='ltr'><strong>a</strong></span> <span class='ocrx_word' id='word_1_524' title='bbox 3263 2369 3724 2442; x_wconf 86' lang='lat' dir='ltr'><strong>subsequentibus</strong></span> <span class='ocrx_word' id='word_1_525' title='bbox 3752 2371 3866 2427; x_wconf 87' lang='lat' dir='ltr'><strong>Pa-</strong></span> 
     </span>
    </p>
   </div>
   <div class='ocr_carea' id='block_1_72' title="bbox 2261 2459 3868 2530">
    <p class='ocr_par' dir='ltr' id='par_1_72' title="bbox 2261 2459 3868 2530">
     <span class='ocr_line' id='line_1_72' title="bbox 2261 2459 3868 2530; baseline -0.001 -13"><span class='ocrx_word' id='word_1_526' title='bbox 2261 2461 2456 2530; x_wconf 87' lang='lat' dir='ltr'><strong>tribus,</strong></span> <span class='ocrx_word' id='word_1_527' title='bbox 2489 2461 2592 2516; x_wconf 89' lang='lat' dir='ltr'><strong>hoc</strong></span> <span class='ocrx_word' id='word_1_528' title='bbox 2645 2468 2730 2516; x_wconf 92' lang='lat' dir='ltr'><strong>est</strong></span> <span class='ocrx_word' id='word_1_529' title='bbox 2759 2459 3144 2516; x_wconf 90' lang='lat' dir='ltr'><strong>decessoribus</strong></span> <span class='ocrx_word' id='word_1_530' title='bbox 3191 2459 3348 2527; x_wconf 89' lang='lat' dir='ltr'><strong>meis,</strong></span> <span class='ocrx_word' id='word_1_531' title='bbox 3383 2459 3627 2516; x_wconf 89' lang='lat' dir='ltr'><strong>oblatum</strong></span> <span class='ocrx_word' id='word_1_532' title='bbox 3681 2467 3868 2516; x_wconf 88' lang='lat' dir='ltr'><strong>vestra</strong></span> 
     </span>
    </p>
   </div>
   <div class='ocr_carea' id='block_1_73' title="bbox 2263 2547 3866 2606">
    <p class='ocr_par' dir='ltr' id='par_1_73' title="bbox 2263 2547 3866 2606">
     <span class='ocr_line' id='line_1_73' title="bbox 2263 2547 3866 2606; baseline -0.001 0"><span class='ocrx_word' id='word_1_533' title='bbox 2263 2550 2522 2606; x_wconf 87' lang='lat' dir='ltr'><strong>sanctitas</strong></span> <span class='ocrx_word' id='word_1_534' title='bbox 2551 2549 2726 2604; x_wconf 89' lang='lat' dir='ltr'><strong>novit.</strong></span> <span class='ocrx_word' id='word_1_535' title='bbox 2765 2548 2876 2604; x_wconf 91' lang='lat' dir='ltr'><strong>Sed</strong></span> <span class='ocrx_word' id='word_1_536' title='bbox 2903 2555 3084 2604; x_wconf 89' lang='lat' dir='ltr'><strong>tamen</strong></span> <span class='ocrx_word' id='word_1_537' title='bbox 3111 2547 3295 2604; x_wconf 90' lang='lat' dir='ltr'><strong>nullus</strong></span> <span class='ocrx_word' id='word_1_538' title='bbox 3315 2563 3502 2605; x_wconf 89' lang='lat' dir='ltr'><strong>eorum</strong></span> <span class='ocrx_word' id='word_1_539' title='bbox 3523 2547 3600 2604; x_wconf 89' lang='lat' dir='ltr'><strong>uti</strong></span> <span class='ocrx_word' id='word_1_540' title='bbox 3623 2548 3732 2605; x_wconf 88' lang='lat' dir='ltr'><strong>hoc</strong></span> <span class='ocrx_word' id='word_1_541' title='bbox 3765 2565 3866 2604; x_wconf 91' lang='lat' dir='ltr'><strong>un-</strong></span> 
     </span>
    </p>
   </div>
   <div class='ocr_carea' id='block_1_74' title="bbox 2263 2636 3868 2712">
    <p class='ocr_par' dir='ltr' id='par_1_74' title="bbox 2263 2636 3868 2712">
     <span class='ocr_line' id='line_1_74' title="bbox 2263 2636 3868 2712; baseline -0.001 -16"><span class='ocrx_word' id='word_1_542' title='bbox 2263 2654 2428 2712; x_wconf 86' lang='lat' dir='ltr'><strong>quam</strong></span> <span class='ocrx_word' id='word_1_543' title='bbox 2456 2636 2722 2695; x_wconf 90' lang='lat' dir='ltr'><strong>vocabulo</strong></span> <span class='ocrx_word' id='word_1_544' title='bbox 2751 2637 2921 2694; x_wconf 90' lang='lat' dir='ltr'><strong>voluit</strong></span> <span class='ocrx_word' id='word_1_545' title='bbox 2953 2654 2968 2692; x_wconf 90' lang='lat'><strong>:</strong></span> <span class='ocrx_word' id='word_1_546' title='bbox 2999 2644 3060 2692; x_wconf 89' lang='lat' dir='ltr'><strong>ut</strong></span> <span class='ocrx_word' id='word_1_547' title='bbox 3086 2637 3217 2692; x_wconf 91' lang='lat' dir='ltr'><strong>dum</strong></span> <span class='ocrx_word' id='word_1_548' title='bbox 3245 2637 3303 2692; x_wconf 92' lang='lat' dir='ltr'><strong>in</strong></span> <span class='ocrx_word' id='word_1_549' title='bbox 3329 2638 3434 2693; x_wconf 90' lang='lat' dir='ltr'><strong>hoc</strong></span> <span class='ocrx_word' id='word_1_550' title='bbox 3452 2636 3658 2693; x_wconf 90' lang='lat' dir='ltr'><strong>mundo</strong></span> <span class='ocrx_word' id='word_1_551' title='bbox 3691 2637 3868 2694; x_wconf 83' lang='lat' dir='ltr'><strong>hono-</strong></span> 
     </span>
    </p>
   </div>
   <div class='ocr_carea' id='block_1_75' title="bbox 2262 2724 3869 2798">
    <p class='ocr_par' dir='ltr' id='par_1_75' title="bbox 2262 2724 3869 2798">
     <span class='ocr_line' id='line_1_75' title="bbox 2262 2724 3869 2798; baseline -0.001 -14"><span class='ocrx_word' id='word_1_552' title='bbox 2262 2743 2378 2784; x_wconf 88' lang='lat' dir='ltr'><strong>rem</strong></span> <span class='ocrx_word' id='word_1_553' title='bbox 2395 2727 2740 2783; x_wconf 88' lang='lat' dir='ltr'><strong>sacerdotum</strong></span> <span class='ocrx_word' id='word_1_554' title='bbox 2759 2725 3054 2797; x_wconf 88' lang='lat' dir='ltr'><strong>diligerent</strong></span> <span class='ocrx_word' id='word_1_555' title='bbox 3070 2724 3332 2793; x_wconf 89' lang='lat' dir='ltr'><strong>omnium,</strong></span> <span class='ocrx_word' id='word_1_556' title='bbox 3356 2726 3501 2798; x_wconf 92' lang='lat' dir='ltr'><strong>apud</strong></span> <span class='ocrx_word' id='word_1_557' title='bbox 3517 2725 3869 2798; x_wconf 86' lang='lat' dir='ltr'><strong>omnipoten-</strong></span> 
     </span>
    </p>
   </div>
   <div class='ocr_carea' id='block_1_76' title="bbox 2263 2813 3868 2886">
    <p class='ocr_par' dir='ltr' id='par_1_76' title="bbox 2263 2813 3868 2886">
     <span class='ocr_line' id='line_1_76' title="bbox 2263 2813 3868 2886; baseline -0.001 -14"><span class='ocrx_word' id='word_1_558' title='bbox 2263 2825 2375 2872; x_wconf 89' lang='lat' dir='ltr'><strong>tem</strong></span> <span class='ocrx_word' id='word_1_559' title='bbox 2393 2816 2568 2872; x_wconf 91' lang='lat' dir='ltr'><strong>Deum</strong></span> <span class='ocrx_word' id='word_1_560' title='bbox 2585 2814 2917 2872; x_wconf 89' lang='lat' dir='ltr'><strong>custodirent</strong></span> <span class='ocrx_word' id='word_1_561' title='bbox 2947 2830 3124 2870; x_wconf 90' lang='lat' dir='ltr'><strong>suum.</strong></span> <span class='ocrx_word' id='word_1_562' title='bbox 3152 2835 3174 2864; x_wconf 66' lang='grc' dir='ltr'><strong>ι</strong></span> <span class='ocrx_word' id='word_1_563' title='bbox 3192 2815 3260 2870; x_wconf 93' lang='lat' dir='ltr'><strong>Et</strong></span> <span class='ocrx_word' id='word_1_564' title='bbox 3275 2814 3330 2870; x_wconf 90' lang='lat' dir='ltr'><strong>in</strong></span> <span class='ocrx_word' id='word_1_565' title='bbox 3359 2813 3591 2886; x_wconf 89' lang='lat' dir='ltr'><strong>epistola</strong></span> <span class='ocrx_word' id='word_1_566' title='bbox 3601 2813 3672 2870; x_wconf 91' lang='lat' dir='ltr'><strong>ad</strong></span> <span class='ocrx_word' id='word_1_567' title='bbox 3687 2815 3868 2871; x_wconf 91' lang='lat' dir='ltr'><strong>diver-</strong></span> 
     </span>
    </p>
   </div>
   <div class='ocr_carea' id='block_1_77' title="bbox 2264 2903 3864 2976">
    <p class='ocr_par' dir='ltr' id='par_1_77' title="bbox 2264 2903 3864 2976">
     <span class='ocr_line' id='line_1_77' title="bbox 2264 2903 3864 2976; baseline -0.001 -14"><span class='ocrx_word' id='word_1_568' title='bbox 2264 2922 2356 2962; x_wconf 91' lang='lat' dir='ltr'><strong>sos</strong></span> <span class='ocrx_word' id='word_1_569' title='bbox 2405 2904 2851 2974; x_wconf 88' lang='lat' dir='ltr'><strong>archiepiscopos</strong></span> <span class='ocrx_word' id='word_1_570' title='bbox 2884 2918 2918 2958; x_wconf 90' lang='lat' dir='ltr'><strong>a</strong></span> <span class='ocrx_word' id='word_1_571' title='bbox 2946 2903 3066 2975; x_wconf 90' lang='lat' dir='ltr'><strong>pari</strong></span> <span class='ocrx_word' id='word_1_572' title='bbox 3087 2903 3206 2973; x_wconf 88' lang='lat' dir='ltr'><strong>(lib.</strong></span> <span class='ocrx_word' id='word_1_573' title='bbox 3238 2918 3338 2967; x_wconf 85' lang='lat' dir='ltr'><strong>vn,</strong></span> <span class='ocrx_word' id='word_1_574' title='bbox 3368 2903 3574 2961; x_wconf 83' lang='lat' dir='ltr'><strong>indict.</strong></span> <span class='ocrx_word' id='word_1_575' title='bbox 3605 2907 3659 2972; x_wconf 76' lang='grc'><strong>2,</strong></span> <span class='ocrx_word' id='word_1_576' title='bbox 3693 2905 3864 2976; x_wconf 83' lang='lat' dir='ltr'><strong>epist.</strong></span> 
     </span>
    </p>
   </div>
   <div class='ocr_carea' id='block_1_78' title="bbox 2265 2991 3868 3066">
    <p class='ocr_par' dir='ltr' id='par_1_78' title="bbox 2265 2991 3868 3066">
     <span class='ocr_line' id='line_1_78' title="bbox 2265 2991 3868 3066; baseline -0.001 -17"><span class='ocrx_word' id='word_1_577' title='bbox 2265 2995 2356 3065; x_wconf 86' lang='lat'><strong>69)</strong></span> <span class='ocrx_word' id='word_1_578' title='bbox 2372 3011 2386 3048; x_wconf 89' lang='lat'><strong>:</strong></span> <span class='ocrx_word' id='word_1_579' title='bbox 2411 2993 2754 3066; x_wconf 69' lang='lat' dir='ltr'><strong>«Cognoscat</strong></span> <span class='ocrx_word' id='word_1_580' title='bbox 2767 2991 3080 3048; x_wconf 85' lang='lat' dir='ltr'><strong>fraternitas</strong></span> <span class='ocrx_word' id='word_1_581' title='bbox 3091 2999 3294 3058; x_wconf 89' lang='lat' dir='ltr'><strong>vestra,</strong></span> <span class='ocrx_word' id='word_1_582' title='bbox 3307 2993 3574 3048; x_wconf 86' lang='lat' dir='ltr'><strong>Joannem</strong></span> <span class='ocrx_word' id='word_1_583' title='bbox 3587 2991 3868 3066; x_wconf 90' lang='lat' dir='ltr'><strong>quondam</strong></span> 
     </span>
    </p>
   </div>
   <div class='ocr_carea' id='block_1_79' title="bbox 2267 3080 3866 3154">
    <p class='ocr_par' dir='ltr' id='par_1_79' title="bbox 2267 3080 3866 3154">
     <span class='ocr_line' id='line_1_79' title="bbox 2267 3080 3866 3154; baseline -0.003 -14"><span class='ocrx_word' id='word_1_584' title='bbox 2267 3081 2887 3154; x_wconf 83' lang='lat' dir='ltr'><strong>Constantinopolitanae</strong></span> <span class='ocrx_word' id='word_1_585' title='bbox 2898 3081 3130 3138; x_wconf 89' lang='lat' dir='ltr'><strong>civitatis</strong></span> <span class='ocrx_word' id='word_1_586' title='bbox 3147 3080 3658 3150; x_wconf 84' lang='lat' dir='ltr'><strong>antistitem,contra</strong></span> <span class='ocrx_word' id='word_1_587' title='bbox 3670 3081 3866 3149; x_wconf 87' lang='lat' dir='ltr'><strong>Deum,</strong></span> 
     </span>
    </p>
   </div>
   <div class='ocr_carea' id='block_1_80' title="bbox 2261 3169 3872 3244">
    <p class='ocr_par' dir='ltr' id='par_1_80' title="bbox 2261 3169 3872 3244">
     <span class='ocr_line' id='line_1_80' title="bbox 2261 3169 3872 3244; baseline -0.002 -16"><span class='ocrx_word' id='word_1_588' title='bbox 2261 3179 2449 3228; x_wconf 90' lang='lat' dir='ltr'><strong>contra</strong></span> <span class='ocrx_word' id='word_1_589' title='bbox 2470 3185 2663 3244; x_wconf 87' lang='lat' dir='ltr'><strong>pacem</strong></span> <span class='ocrx_word' id='word_1_590' title='bbox 2679 3170 2940 3226; x_wconf 75' lang='lat' dir='ltr'><strong>Ecclesiae</strong></span> <span class='ocrx_word' id='word_1_591' title='bbox 2955 3169 3010 3224; x_wconf 91' lang='lat' dir='ltr'><strong>in</strong></span> <span class='ocrx_word' id='word_1_592' title='bbox 3040 3169 3281 3226; x_wconf 91' lang='lat' dir='ltr'><strong>omnium</strong></span> <span class='ocrx_word' id='word_1_593' title='bbox 3305 3169 3567 3242; x_wconf 81' lang='lat' dir='ltr'><strong>deSpectu</strong></span> <span class='ocrx_word' id='word_1_594' title='bbox 3587 3177 3642 3226; x_wconf 89' lang='lat' dir='ltr'><strong>et</strong></span> <span class='ocrx_word' id='word_1_595' title='bbox 3673 3170 3872 3240; x_wconf 89' lang='lat' dir='ltr'><strong>injuria</strong></span> 
     </span>
    </p>
   </div>
   <div class='ocr_carea' id='block_1_81' title="bbox 2259 3258 3870 3318">
    <p class='ocr_par' dir='ltr' id='par_1_81' title="bbox 2259 3258 3870 3318">
     <span class='ocr_line' id='line_1_81' title="bbox 2259 3258 3870 3318; baseline -0.001 -2"><span class='ocrx_word' id='word_1_596' title='bbox 2259 3260 2609 3318; x_wconf 89' lang='lat' dir='ltr'><strong>sacerdotum</strong></span> <span class='ocrx_word' id='word_1_597' title='bbox 2639 3259 2924 3316; x_wconf 68' lang='lat' dir='ltr'><strong>modestiae</strong></span> <span class='ocrx_word' id='word_1_598' title='bbox 2951 3274 3015 3314; x_wconf 90' lang='lat' dir='ltr'><strong>ac</strong></span> <span class='ocrx_word' id='word_1_599' title='bbox 3039 3275 3311 3315; x_wconf 70' lang='lat' dir='ltr'><strong>mensum</strong></span> <span class='ocrx_word' id='word_1_600' title='bbox 3333 3275 3448 3316; x_wconf 75' lang='lat' dir='ltr'><strong>suae</strong></span> <span class='ocrx_word' id='word_1_601' title='bbox 3479 3258 3747 3316; x_wconf 90' lang='lat' dir='ltr'><strong>terminos</strong></span> <span class='ocrx_word' id='word_1_602' title='bbox 3769 3275 3870 3316; x_wconf 78' lang='lat' dir='ltr'><strong>ex-</strong></span> 
     </span>
    </p>
   </div>
   <div class='ocr_carea' id='block_1_82' title="bbox 2260 3345 3872 3420">
    <p class='ocr_par' dir='ltr' id='par_1_82' title="bbox 2260 3345 3872 3420">
     <span class='ocr_line' id='line_1_82' title="bbox 2260 3345 3872 3420; baseline -0.002 -14"><span class='ocrx_word' id='word_1_603' title='bbox 2260 3349 2515 3415; x_wconf 88' lang='lat' dir='ltr'><strong>cessisse,</strong></span> <span class='ocrx_word' id='word_1_604' title='bbox 2547 3356 2600 3404; x_wconf 90' lang='lat' dir='ltr'><strong>et</strong></span> <span class='ocrx_word' id='word_1_605' title='bbox 2625 3347 2810 3405; x_wconf 90' lang='lat' dir='ltr'><strong>illicite</strong></span> <span class='ocrx_word' id='word_1_606' title='bbox 2826 3349 2881 3403; x_wconf 90' lang='lat' dir='ltr'><strong>in</strong></span> <span class='ocrx_word' id='word_1_607' title='bbox 2902 3347 3112 3419; x_wconf 87' lang='lat' dir='ltr'><strong>synodo</strong></span> <span class='ocrx_word' id='word_1_608' title='bbox 3139 3348 3437 3420; x_wconf 89' lang='lat' dir='ltr'><strong>superbum</strong></span> <span class='ocrx_word' id='word_1_609' title='bbox 3457 3363 3524 3405; x_wconf 93' lang='lat' dir='ltr'><strong>ac</strong></span> <span class='ocrx_word' id='word_1_610' title='bbox 3546 3345 3872 3420; x_wconf 88' lang='lat' dir='ltr'><strong>pestiferum</strong></span> 
     </span>
    </p>
   </div>
   <div class='ocr_carea' id='block_1_83' title="bbox 2261 3436 3871 3508">
    <p class='ocr_par' dir='ltr' id='par_1_83' title="bbox 2261 3436 3871 3508">
     <span class='ocr_line' id='line_1_83' title="bbox 2261 3436 3871 3508; baseline -0.001 -14"><span class='ocrx_word' id='word_1_611' title='bbox 2261 3438 2675 3504; x_wconf 74' lang='lat' dir='ltr'><strong>mcumenicum,</strong></span> <span class='ocrx_word' id='word_1_612' title='bbox 2727 3438 2834 3493; x_wconf 89' lang='lat' dir='ltr'><strong>hoc</strong></span> <span class='ocrx_word' id='word_1_613' title='bbox 2867 3445 2949 3492; x_wconf 90' lang='lat' dir='ltr'><strong>est</strong></span> <span class='ocrx_word' id='word_1_614' title='bbox 2987 3437 3342 3508; x_wconf 89' lang='lat' dir='ltr'><strong>universalis,</strong></span> <span class='ocrx_word' id='word_1_615' title='bbox 3395 3438 3497 3492; x_wconf 91' lang='lat' dir='ltr'><strong>sibi</strong></span> <span class='ocrx_word' id='word_1_616' title='bbox 3544 3436 3871 3494; x_wconf 88' lang='lat' dir='ltr'><strong>vocabulum</strong></span> 
     </span>
    </p>
   </div>
   <div class='ocr_carea' id='block_1_84' title="bbox 2260 3525 3872 3599">
    <p class='ocr_par' dir='ltr' id='par_1_84' title="bbox 2260 3525 3872 3599">
     <span class='ocr_line' id='line_1_84' title="bbox 2260 3525 3872 3599; baseline -0.001 -17"><span class='ocrx_word' id='word_1_617' title='bbox 2260 3542 2573 3598; x_wconf 89' lang='lat' dir='ltr'><strong>usurpasse.</strong></span> <span class='ocrx_word' id='word_1_618' title='bbox 2607 3525 2767 3595; x_wconf 87' lang='lat' dir='ltr'><strong>Quod</strong></span> <span class='ocrx_word' id='word_1_619' title='bbox 2787 3526 2962 3582; x_wconf 70' lang='lat' dir='ltr'><strong>beatas</strong></span> <span class='ocrx_word' id='word_1_620' title='bbox 2983 3525 3378 3583; x_wconf 89' lang='lat' dir='ltr'><strong>recordationis</strong></span> <span class='ocrx_word' id='word_1_621' title='bbox 3399 3525 3651 3599; x_wconf 86' lang='lat' dir='ltr'><strong>Pelagius</strong></span> <span class='ocrx_word' id='word_1_622' title='bbox 3671 3526 3872 3584; x_wconf 86' lang='lat' dir='ltr'><strong>deces-</strong></span> 
     </span>
    </p>
   </div>
   <div class='ocr_carea' id='block_1_85' title="bbox 2262 3614 3870 3688">
    <p class='ocr_par' dir='ltr' id='par_1_85' title="bbox 2262 3614 3870 3688">
     <span class='ocr_line' id='line_1_85' title="bbox 2262 3614 3870 3688; baseline 0 -16"><span class='ocrx_word' id='word_1_623' title='bbox 2262 3631 2355 3673; x_wconf 93' lang='lat' dir='ltr'><strong>sor</strong></span> <span class='ocrx_word' id='word_1_624' title='bbox 2375 3623 2564 3672; x_wconf 91' lang='lat' dir='ltr'><strong>noster</strong></span> <span class='ocrx_word' id='word_1_625' title='bbox 2603 3629 2933 3688; x_wconf 87' lang='lat' dir='ltr'><strong>agnoscens,</strong></span> <span class='ocrx_word' id='word_1_626' title='bbox 2965 3614 3150 3671; x_wconf 82' lang='lat' dir='ltr'><strong>omnia</strong></span> <span class='ocrx_word' id='word_1_627' title='bbox 3179 3622 3336 3688; x_wconf 87' lang='lat' dir='ltr'><strong>gesta</strong></span> <span class='ocrx_word' id='word_1_628' title='bbox 3367 3614 3613 3684; x_wconf 89' lang='lat' dir='ltr'><strong>ejusdem</strong></span> <span class='ocrx_word' id='word_1_629' title='bbox 3652 3615 3870 3688; x_wconf 84' lang='lat' dir='ltr'><strong>synodi,</strong></span> 
     </span>
    </p>
   </div>
   <div class='ocr_carea' id='block_1_86' title="bbox 2261 3703 3874 3778">
    <p class='ocr_par' dir='ltr' id='par_1_86' title="bbox 2261 3703 3874 3778">
     <span class='ocr_line' id='line_1_86' title="bbox 2261 3703 3874 3778; baseline 0.001 -18"><span class='ocrx_word' id='word_1_630' title='bbox 2261 3711 2459 3778; x_wconf 59' lang='lat' dir='ltr'><strong>praeter</strong></span> <span class='ocrx_word' id='word_1_631' title='bbox 2502 3704 2599 3760; x_wconf 91' lang='lat' dir='ltr'><strong>illa</strong></span> <span class='ocrx_word' id='word_1_632' title='bbox 2628 3719 2749 3776; x_wconf 61' lang='lat' dir='ltr'><strong>qua</strong></span> <span class='ocrx_word' id='word_1_633' title='bbox 2776 3703 2887 3760; x_wconf 91' lang='lat' dir='ltr'><strong>illic</strong></span> <span class='ocrx_word' id='word_1_634' title='bbox 2925 3705 2994 3760; x_wconf 91' lang='lat' dir='ltr'><strong>de</strong></span> <span class='ocrx_word' id='word_1_635' title='bbox 3035 3719 3201 3761; x_wconf 88' lang='lat' dir='ltr'><strong>causa</strong></span> <span class='ocrx_word' id='word_1_636' title='bbox 3227 3703 3554 3761; x_wconf 69' lang='lat' dir='ltr'><strong>venerandae</strong></span> <span class='ocrx_word' id='word_1_637' title='bbox 3590 3704 3874 3762; x_wconf 62' lang='lat' dir='ltr'><strong>memoriae</strong></span> 
     </span>
    </p>
   </div>
   <div class='ocr_carea' id='block_1_87' title="bbox 2262 3791 3874 3868">
    <p class='ocr_par' dir='ltr' id='par_1_87' title="bbox 2262 3791 3874 3868">
     <span class='ocr_line' id='line_1_87' title="bbox 2262 3791 3874 3868; baseline 0 -18"><span class='ocrx_word' id='word_1_638' title='bbox 2262 3793 2522 3868; x_wconf 85' lang='lat' dir='ltr'><strong>Gregorii</strong></span> <span class='ocrx_word' id='word_1_639' title='bbox 2552 3792 2797 3865; x_wconf 89' lang='lat' dir='ltr'><strong>episcopi</strong></span> <span class='ocrx_word' id='word_1_640' title='bbox 2827 3792 3152 3850; x_wconf 81' lang='lat' dir='ltr'><strong>Antiocheni</strong></span> <span class='ocrx_word' id='word_1_641' title='bbox 3167 3800 3293 3848; x_wconf 89' lang='lat' dir='ltr'><strong>sunt</strong></span> <span class='ocrx_word' id='word_1_642' title='bbox 3324 3791 3529 3863; x_wconf 89' lang='lat' dir='ltr'><strong>habita,</strong></span> <span class='ocrx_word' id='word_1_643' title='bbox 3550 3792 3734 3850; x_wconf 90' lang='lat' dir='ltr'><strong>valida</strong></span> <span class='ocrx_word' id='word_1_644' title='bbox 3751 3809 3874 3850; x_wconf 88' lang='lat' dir='ltr'><strong>om-</strong></span> 
     </span>
    </p>
   </div>
   <div class='ocr_carea' id='block_1_88' title="bbox 2261 3876 3873 3944">
    <p class='ocr_par' dir='ltr' id='par_1_88' title="bbox 2261 3876 3873 3944">
     <span class='ocr_line' id='line_1_88' title="bbox 2261 3876 3873 3944; baseline 0.001 -10"><span class='ocrx_word' id='word_1_645' title='bbox 2261 3877 2392 3934; x_wconf 89' lang='lat' dir='ltr'><strong>nino</strong></span> <span class='ocrx_word' id='word_1_646' title='bbox 2413 3877 2785 3934; x_wconf 89' lang='lat' dir='ltr'><strong>destructione</strong></span> <span class='ocrx_word' id='word_1_647' title='bbox 2807 3877 3065 3944; x_wconf 88' lang='lat' dir='ltr'><strong>cassavit,</strong></span> <span class='ocrx_word' id='word_1_648' title='bbox 3081 3877 3483 3934; x_wconf 87' lang='lat' dir='ltr'><strong>districtissima</strong></span> <span class='ocrx_word' id='word_1_649' title='bbox 3505 3876 3663 3933; x_wconf 89' lang='lat' dir='ltr'><strong>illum</strong></span> <span class='ocrx_word' id='word_1_650' title='bbox 3699 3878 3873 3935; x_wconf 89' lang='lat' dir='ltr'><strong>incre-</strong></span> 
     </span>
    </p>
   </div>
   <div class='ocr_carea' id='block_1_89' title="bbox 2261 3966 3851 4040">
    <p class='ocr_par' dir='ltr' id='par_1_89' title="bbox 2261 3966 3851 4040">
     <span class='ocr_line' id='line_1_89' title="bbox 2261 3966 3851 4040; baseline -0.001 -16"><span class='ocrx_word' id='word_1_651' title='bbox 2261 3966 2481 4039; x_wconf 88' lang='lat' dir='ltr'><strong>patione</strong></span> <span class='ocrx_word' id='word_1_652' title='bbox 2501 3966 2825 4038; x_wconf 90' lang='lat' dir='ltr'><strong>corripiens,</strong></span> <span class='ocrx_word' id='word_1_653' title='bbox 2859 3973 2919 4022; x_wconf 90' lang='lat' dir='ltr'><strong>ut</strong></span> <span class='ocrx_word' id='word_1_654' title='bbox 2948 3981 3008 4024; x_wconf 92' lang='lat' dir='ltr'><strong>se</strong></span> <span class='ocrx_word' id='word_1_655' title='bbox 3037 3983 3071 4022; x_wconf 90' lang='lat' dir='ltr'><strong>a</strong></span> <span class='ocrx_word' id='word_1_656' title='bbox 3100 3983 3244 4023; x_wconf 90' lang='lat' dir='ltr'><strong>novo</strong></span> <span class='ocrx_word' id='word_1_657' title='bbox 3272 3975 3326 4024; x_wconf 91' lang='lat' dir='ltr'><strong>et</strong></span> <span class='ocrx_word' id='word_1_658' title='bbox 3341 3966 3634 4024; x_wconf 89' lang='lat' dir='ltr'><strong>temerario</strong></span> <span class='ocrx_word' id='word_1_659' title='bbox 3653 3983 3851 4040; x_wconf 89' lang='lat' dir='ltr'><strong>supers</strong></span> 
     </span>
    </p>
   </div>
   <div class='ocr_carea' id='block_1_90' title="bbox 2259 4055 3903 4122">
    <p class='ocr_par' dir='ltr' id='par_1_90' title="bbox 2259 4055 3903 4122">
     <span class='ocr_line' id='line_1_90' title="bbox 2259 4055 3903 4122; baseline 0.001 -10"><span class='ocrx_word' id='word_1_660' title='bbox 2259 4055 2466 4112; x_wconf 85' lang='lat' dir='ltr'><strong>titionis</strong></span> <span class='ocrx_word' id='word_1_661' title='bbox 2486 4056 2704 4112; x_wconf 90' lang='lat' dir='ltr'><strong>nomine</strong></span> <span class='ocrx_word' id='word_1_662' title='bbox 2722 4055 3022 4122; x_wconf 89' lang='lat' dir='ltr'><strong>cohiberet,</strong></span> <span class='ocrx_word' id='word_1_663' title='bbox 3045 4055 3184 4112; x_wconf 89' lang='lat' dir='ltr'><strong>adeo</strong></span> <span class='ocrx_word' id='word_1_664' title='bbox 3199 4063 3258 4112; x_wconf 93' lang='lat' dir='ltr'><strong>ut</strong></span> <span class='ocrx_word' id='word_1_665' title='bbox 3280 4071 3437 4112; x_wconf 90' lang='lat' dir='ltr'><strong>suum</strong></span> <span class='ocrx_word' id='word_1_666' title='bbox 3454 4071 3580 4113; x_wconf 88' lang='lat' dir='ltr'><strong>cum</strong></span> <span class='ocrx_word' id='word_1_667' title='bbox 3597 4072 3664 4112; x_wconf 91' lang='lat' dir='ltr'><strong>eo</strong></span> <span class='ocrx_word' id='word_1_668' title='bbox 3685 4056 3870 4114; x_wconf 87' lang='lat' dir='ltr'><strong>diaco-</strong></span> <span class='ocrx_word' id='word_1_669' title='bbox 3897 4086 3903 4090; x_wconf 93' lang='lat'>-</span> 
     </span>
    </p>
   </div>
   <div class='ocr_carea' id='block_1_91' title="bbox 2261 4145 3859 4219">
    <p class='ocr_par' dir='ltr' id='par_1_91' title="bbox 2261 4145 3859 4219">
     <span class='ocr_line' id='line_1_91' title="bbox 2261 4145 3859 4219; baseline 0.001 -18"><span class='ocrx_word' id='word_1_670' title='bbox 2261 4161 2393 4201; x_wconf 90' lang='lat' dir='ltr'><strong>num</strong></span> <span class='ocrx_word' id='word_1_671' title='bbox 2412 4145 2518 4201; x_wconf 89' lang='lat' dir='ltr'><strong>nisi</strong></span> <span class='ocrx_word' id='word_1_672' title='bbox 2547 4153 2754 4200; x_wconf 89' lang='lat' dir='ltr'><strong>tantum</strong></span> <span class='ocrx_word' id='word_1_673' title='bbox 2783 4145 2938 4201; x_wconf 89' lang='lat' dir='ltr'><strong>nefas</strong></span> <span class='ocrx_word' id='word_1_674' title='bbox 2968 4145 3305 4216; x_wconf 89' lang='lat' dir='ltr'><strong>emendaret,</strong></span> <span class='ocrx_word' id='word_1_675' title='bbox 3335 4147 3638 4218; x_wconf 90' lang='lat' dir='ltr'><strong>procedere</strong></span> <span class='ocrx_word' id='word_1_676' title='bbox 3670 4147 3859 4219; x_wconf 86' lang='lat' dir='ltr'><strong>prohi-</strong></span> 
     </span>
    </p>
   </div>
   <div class='ocr_carea' id='block_1_92' title="bbox 2261 4234 3855 4306">
    <p class='ocr_par' dir='ltr' id='par_1_92' title="bbox 2261 4234 3855 4306">
     <span class='ocr_line' id='line_1_92' title="bbox 2261 4234 3855 4306; baseline 0.003 -17"><span class='ocrx_word' id='word_1_677' title='bbox 2261 4235 2433 4292; x_wconf 89' lang='lat' dir='ltr'><strong>beret.</strong></span> <span class='ocrx_word' id='word_1_678' title='bbox 2461 4234 2628 4304; x_wconf 91' lang='lat' dir='ltr'><strong>Cujus</strong></span> <span class='ocrx_word' id='word_1_679' title='bbox 2650 4249 2748 4291; x_wconf 89' lang='lat' dir='ltr'><strong>nos</strong></span> <span class='ocrx_word' id='word_1_680' title='bbox 2767 4235 3108 4291; x_wconf 85' lang='lat' dir='ltr'><strong>rectitudinis</strong></span> <span class='ocrx_word' id='word_1_681' title='bbox 3127 4235 3242 4291; x_wconf 93' lang='lat' dir='ltr'><strong>zelo</strong></span> <span class='ocrx_word' id='word_1_682' title='bbox 3261 4251 3362 4306; x_wconf 90' lang='lat' dir='ltr'><strong>per</strong></span> <span class='ocrx_word' id='word_1_683' title='bbox 3381 4235 3855 4292; x_wconf 69' lang='lat' dir='ltr'><strong>omniainhaeren-</strong></span> 
     </span>
    </p>
   </div>
   <div class='ocr_carea' id='block_1_93' title="bbox 2262 4323 3865 4397">
    <p class='ocr_par' dir='ltr' id='par_1_93' title="bbox 2262 4323 3865 4397">
     <span class='ocr_line' id='line_1_93' title="bbox 2262 4323 3865 4397; baseline 0.001 -18"><span class='ocrx_word' id='word_1_684' title='bbox 2262 4333 2364 4391; x_wconf 90' lang='lat' dir='ltr'><strong>tes,</strong></span> <span class='ocrx_word' id='word_1_685' title='bbox 2389 4331 2586 4380; x_wconf 88' lang='lat' dir='ltr'><strong>statuta</strong></span> <span class='ocrx_word' id='word_1_686' title='bbox 2622 4323 2795 4396; x_wconf 90' lang='lat' dir='ltr'><strong>ipsius</strong></span> <span class='ocrx_word' id='word_1_687' title='bbox 2824 4325 2941 4380; x_wconf 91' lang='lat' dir='ltr'><strong>sine</strong></span> <span class='ocrx_word' id='word_1_688' title='bbox 2970 4324 3362 4397; x_wconf 89' lang='lat' dir='ltr'><strong>refragatione,</strong></span> <span class='ocrx_word' id='word_1_689' title='bbox 3383 4326 3497 4381; x_wconf 92' lang='lat' dir='ltr'><strong>Deo</strong></span> <span class='ocrx_word' id='word_1_690' title='bbox 3513 4331 3865 4397; x_wconf 86' lang='lat' dir='ltr'><strong>protegente,</strong></span> 
     </span>
    </p>
   </div>
   <div class='ocr_carea' id='block_1_94' title="bbox 2263 4413 3870 4486">
    <p class='ocr_par' dir='ltr' id='par_1_94' title="bbox 2263 4413 3870 4486">
     <span class='ocr_line' id='line_1_94' title="bbox 2263 4413 3870 4486; baseline 0.001 -18"><span class='ocrx_word' id='word_1_691' title='bbox 2263 4428 2547 4469; x_wconf 90' lang='lat' dir='ltr'><strong>servamus</strong></span> <span class='ocrx_word' id='word_1_692' title='bbox 2579 4431 2594 4470; x_wconf 90' lang='lat'><strong>:</strong></span> <span class='ocrx_word' id='word_1_693' title='bbox 2629 4413 2753 4485; x_wconf 90' lang='lat' dir='ltr'><strong>quia</strong></span> <span class='ocrx_word' id='word_1_694' title='bbox 2795 4413 3024 4486; x_wconf 89' lang='lat' dir='ltr'><strong>dignum</strong></span> <span class='ocrx_word' id='word_1_695' title='bbox 3074 4421 3158 4469; x_wconf 90' lang='lat' dir='ltr'><strong>est</strong></span> <span class='ocrx_word' id='word_1_696' title='bbox 3202 4420 3259 4470; x_wconf 93' lang='lat' dir='ltr'><strong>ut</strong></span> <span class='ocrx_word' id='word_1_697' title='bbox 3303 4422 3512 4470; x_wconf 89' lang='lat' dir='ltr'><strong>rectam</strong></span> <span class='ocrx_word' id='word_1_698' title='bbox 3553 4413 3870 4471; x_wconf 90' lang='lat' dir='ltr'><strong>decessoris</strong></span> 
     </span>
    </p>
   </div>
   <div class='ocr_carea' id='block_1_95' title="bbox 553 4491 3870 4575">
    <p class='ocr_par' dir='ltr' id='par_1_95' title="bbox 553 4491 3870 4575">
     <span class='ocr_line' id='line_1_95' title="bbox 553 4491 3870 4575; baseline 0.002 -24"><span class='ocrx_word' id='word_1_699' title='bbox 553 4493 870 4568; x_wconf 80' lang='lat' dir='ltr'><strong>justitiam,</strong></span> <span class='ocrx_word' id='word_1_700' title='bbox 897 4492 1046 4550; x_wconf 85' lang='lat' dir='ltr'><strong>beati</strong></span> <span class='ocrx_word' id='word_1_701' title='bbox 1077 4493 1242 4549; x_wconf 79' lang='lat' dir='ltr'><strong>eritis</strong></span> <span class='ocrx_word' id='word_1_702' title='bbox 1263 4493 1440 4564; x_wconf 86' lang='lat' dir='ltr'><strong>(Petr.</strong></span> <span class='ocrx_word' id='word_1_703' title='bbox 1475 4492 1578 4562; x_wconf 77' lang='grc' dir='ltr'><strong>ιιι).</strong></span> <span class='ocrx_word' id='word_1_704' title='bbox 1611 4493 1740 4549; x_wconf 76' lang='lat' dir='ltr'><strong>Mihi</strong></span> <span class='ocrx_word' id='word_1_705' title='bbox 1781 4491 1926 4548; x_wconf 90' lang='lat' dir='ltr'><strong>enim</strong></span> <span class='ocrx_word' id='word_1_706' title='bbox 1956 4493 2164 4549; x_wconf 87' lang='lat' dir='ltr'><strong>credite</strong></span> <span class='ocrx_word' id='word_1_707' title='bbox 2193 4493 2244 4553; x_wconf 94' lang='lat' dir='ltr'>D</span> <span class='ocrx_word' id='word_1_708' title='bbox 2264 4501 2406 4557; x_wconf 90' lang='lat' dir='ltr'><strong>viam</strong></span> <span class='ocrx_word' id='word_1_709' title='bbox 2437 4501 2723 4574; x_wconf 91' lang='lat' dir='ltr'><strong>gressibus</strong></span> <span class='ocrx_word' id='word_1_710' title='bbox 2747 4500 3031 4558; x_wconf 83' lang='lat' dir='ltr'><strong>inoﬂ&#39;ensis</strong></span> <span class='ocrx_word' id='word_1_711' title='bbox 3050 4501 3290 4572; x_wconf 90' lang='lat' dir='ltr'><strong>incedat,</strong></span> <span class='ocrx_word' id='word_1_712' title='bbox 3323 4501 3416 4575; x_wconf 91' lang='lat' dir='ltr'><strong>qui</strong></span> <span class='ocrx_word' id='word_1_713' title='bbox 3435 4501 3504 4558; x_wconf 93' lang='lat' dir='ltr'><strong>de</strong></span> <span class='ocrx_word' id='word_1_714' title='bbox 3520 4502 3720 4559; x_wconf 91' lang='lat' dir='ltr'><strong>eodem</strong></span> <span class='ocrx_word' id='word_1_715' title='bbox 3750 4503 3870 4560; x_wconf 86' lang='lat' dir='ltr'><strong>loco</strong></span> 
     </span>
    </p>
   </div>
   <div class='ocr_carea' id='block_1_96' title="bbox 563 4579 2168 4654">
    <p class='ocr_par' dir='ltr' id='par_1_96' title="bbox 563 4579 2168 4654">
     <span class='ocr_line' id='line_1_96' title="bbox 563 4579 2168 4654; baseline 0.001 -18"><span class='ocrx_word' id='word_1_716' title='bbox 563 4581 693 4654; x_wconf 90' lang='lat' dir='ltr'><strong>quia</strong></span> <span class='ocrx_word' id='word_1_717' title='bbox 712 4582 978 4638; x_wconf 90' lang='lat' dir='ltr'><strong>honorem</strong></span> <span class='ocrx_word' id='word_1_718' title='bbox 1009 4597 1172 4653; x_wconf 89' lang='lat' dir='ltr'><strong>quem</strong></span> <span class='ocrx_word' id='word_1_719' title='bbox 1201 4595 1302 4652; x_wconf 92' lang='lat' dir='ltr'><strong>pro</strong></span> <span class='ocrx_word' id='word_1_720' title='bbox 1347 4579 1699 4651; x_wconf 83' lang='lat' dir='ltr'><strong>praedicanda</strong></span> <span class='ocrx_word' id='word_1_721' title='bbox 1732 4581 1958 4637; x_wconf 88' lang='lat' dir='ltr'><strong>veritate</strong></span> <span class='ocrx_word' id='word_1_722' title='bbox 1987 4596 2168 4638; x_wconf 90' lang='lat' dir='ltr'><strong>susce-</strong></span> 
     </span>
    </p>
   </div>
   <div class='ocr_carea' id='block_1_97' title="bbox 562 4668 2166 4742">
    <p class='ocr_par' dir='ltr' id='par_1_97' title="bbox 562 4668 2166 4742">
     <span class='ocr_line' id='line_1_97' title="bbox 562 4668 2166 4742; baseline -0.001 -16"><span class='ocrx_word' id='word_1_723' title='bbox 562 4669 774 4740; x_wconf 88' lang='lat' dir='ltr'><strong>pimus,</strong></span> <span class='ocrx_word' id='word_1_724' title='bbox 809 4670 855 4725; x_wconf 93' lang='lat' dir='ltr'><strong>si</strong></span> <span class='ocrx_word' id='word_1_725' title='bbox 911 4669 1257 4727; x_wconf 88' lang='lat' dir='ltr'><strong>necessitatis</strong></span> <span class='ocrx_word' id='word_1_726' title='bbox 1313 4685 1481 4726; x_wconf 84' lang='lat' dir='ltr'><strong>causa</strong></span> <span class='ocrx_word' id='word_1_727' title='bbox 1525 4669 1727 4742; x_wconf 89' lang='lat' dir='ltr'><strong>exigat,</strong></span> <span class='ocrx_word' id='word_1_728' title='bbox 1760 4668 2006 4724; x_wconf 89' lang='lat' dir='ltr'><strong>securius</strong></span> <span class='ocrx_word' id='word_1_729' title='bbox 2037 4685 2166 4742; x_wconf 92' lang='lat' dir='ltr'><strong>pro-</strong></span> 
     </span>
    </p>
   </div>
   <div class='ocr_carea' id='block_1_98' title="bbox 564 4757 2166 4831">
    <p class='ocr_par' dir='ltr' id='par_1_98' title="bbox 564 4757 2166 4831">
     <span class='ocr_line' id='line_1_98' title="bbox 564 4757 2166 4831; baseline 0.001 -18"><span class='ocrx_word' id='word_1_730' title='bbox 564 4759 758 4814; x_wconf 89' lang='lat' dir='ltr'><strong>eadem</strong></span> <span class='ocrx_word' id='word_1_731' title='bbox 785 4759 1012 4816; x_wconf 88' lang='lat' dir='ltr'><strong>veritate</strong></span> <span class='ocrx_word' id='word_1_732' title='bbox 1041 4757 1400 4831; x_wconf 89' lang='lat' dir='ltr'><strong>relinquimus</strong></span> <span class='ocrx_word' id='word_1_733' title='bbox 1451 4773 1613 4830; x_wconf 88' lang='lat' dir='ltr'><strong>quam</strong></span> <span class='ocrx_word' id='word_1_734' title='bbox 1644 4765 1911 4814; x_wconf 90' lang='lat' dir='ltr'><strong>tenemus.</strong></span> <span class='ocrx_word' id='word_1_735' title='bbox 1942 4757 2048 4814; x_wconf 91' lang='lat' dir='ltr'><strong>Pro</strong></span> <span class='ocrx_word' id='word_1_736' title='bbox 2077 4775 2166 4814; x_wconf 87' lang='lat' dir='ltr'><strong>me</strong></span> 
     </span>
    </p>
   </div>
   <div class='ocr_carea' id='block_1_99' title="bbox 564 4845 2164 4904">
    <p class='ocr_par' dir='ltr' id='par_1_99' title="bbox 564 4845 2164 4904">
     <span class='ocr_line' id='line_1_99' title="bbox 564 4845 2164 4904; baseline 0.003 -4"><span class='ocrx_word' id='word_1_737' title='bbox 564 4853 745 4902; x_wconf 88' lang='lat' dir='ltr'><strong>autem</strong></span> <span class='ocrx_word' id='word_1_738' title='bbox 775 4847 914 4903; x_wconf 89' lang='lat' dir='ltr'><strong>sicut</strong></span> <span class='ocrx_word' id='word_1_739' title='bbox 959 4855 1196 4904; x_wconf 90' lang='lat' dir='ltr'><strong>vestram</strong></span> <span class='ocrx_word' id='word_1_740' title='bbox 1238 4845 1620 4903; x_wconf 90' lang='lat' dir='ltr'><strong>charissimam</strong></span> <span class='ocrx_word' id='word_1_741' title='bbox 1647 4845 2039 4902; x_wconf 88' lang='lat' dir='ltr'><strong>beatitudinem</strong></span> <span class='ocrx_word' id='word_1_742' title='bbox 2062 4848 2164 4904; x_wconf 92' lang='lat' dir='ltr'><strong>de-</strong></span> 
     </span>
    </p>
   </div>
   <div class='ocr_carea' id='block_1_100' title="bbox 561 4933 2165 5010">
    <p class='ocr_par' dir='ltr' id='par_1_100' title="bbox 561 4933 2165 5010">
     <span class='ocr_line' id='line_1_100' title="bbox 561 4933 2165 5010; baseline 0.001 -20"><span class='ocrx_word' id='word_1_743' title='bbox 561 4942 666 5000; x_wconf 89' lang='lat' dir='ltr'><strong>cet,</strong></span> <span class='ocrx_word' id='word_1_744' title='bbox 691 4941 846 4990; x_wconf 90' lang='lat' dir='ltr'><strong>orate</strong></span> <span class='ocrx_word' id='word_1_745' title='bbox 877 4943 936 4992; x_wconf 87' lang='lat' dir='ltr'><strong>ut</strong></span> <span class='ocrx_word' id='word_1_746' title='bbox 960 4937 1065 4993; x_wconf 90' lang='lat' dir='ltr'><strong>hoc</strong></span> <span class='ocrx_word' id='word_1_747' title='bbox 1094 4936 1240 5010; x_wconf 92' lang='lat' dir='ltr'><strong>quod</strong></span> <span class='ocrx_word' id='word_1_748' title='bbox 1275 4936 1432 4992; x_wconf 91' lang='lat' dir='ltr'><strong>vobis</strong></span> <span class='ocrx_word' id='word_1_749' title='bbox 1463 4935 1612 5008; x_wconf 91' lang='lat' dir='ltr'><strong>loqui</strong></span> <span class='ocrx_word' id='word_1_750' title='bbox 1669 4933 1868 5002; x_wconf 88' lang='lat' dir='ltr'><strong>audeo,</strong></span> <span class='ocrx_word' id='word_1_751' title='bbox 1900 4936 2165 5007; x_wconf 89' lang='lat' dir='ltr'><strong>operibus</strong></span> 
     </span>
    </p>
   </div>
   <div class='ocr_carea' id='block_1_101' title="bbox 561 5023 942 5080">
    <p class='ocr_par' dir='ltr' id='par_1_101' title="bbox 561 5023 942 5080">
     <span class='ocr_line' id='line_1_101' title="bbox 561 5023 942 5080; baseline 0.003 0"><span class='ocrx_word' id='word_1_752' title='bbox 561 5023 848 5080; x_wconf 89' lang='lat' dir='ltr'><strong>ostendam</strong></span> <span class='ocrx_word' id='word_1_753' title='bbox 860 5063 874 5080; x_wconf 92' lang='lat'><strong>.</strong></span> <span class='ocrx_word' id='word_1_754' title='bbox 921 5045 942 5073; x_wconf 67' lang='grc' dir='ltr'><strong>υ</strong></span> 
     </span>
    </p>
   </div>
   <div class='ocr_carea' id='block_1_102' title="bbox 632 5119 2162 5195">
    <p class='ocr_par' dir='ltr' id='par_1_102' title="bbox 632 5119 2162 5195">
     <span class='ocr_line' id='line_1_102' title="bbox 632 5119 2162 5195; baseline 0.001 -19"><span class='ocrx_word' id='word_1_755' title='bbox 632 5121 702 5176; x_wconf 93' lang='lat' dir='ltr'><strong>Et</strong></span> <span class='ocrx_word' id='word_1_756' title='bbox 718 5119 849 5176; x_wconf 91' lang='lat' dir='ltr'><strong>item</strong></span> <span class='ocrx_word' id='word_1_757' title='bbox 902 5119 960 5175; x_wconf 91' lang='lat' dir='ltr'><strong>in</strong></span> <span class='ocrx_word' id='word_1_758' title='bbox 991 5121 1225 5192; x_wconf 90' lang='lat' dir='ltr'><strong>epistola</strong></span> <span class='ocrx_word' id='word_1_759' title='bbox 1269 5122 1336 5177; x_wconf 92' lang='lat' dir='ltr'><strong>ad</strong></span> <span class='ocrx_word' id='word_1_760' title='bbox 1395 5120 1688 5195; x_wconf 90' lang='lat' dir='ltr'><strong>Eulogium</strong></span> <span class='ocrx_word' id='word_1_761' title='bbox 1739 5121 2162 5179; x_wconf 82' lang='lat' dir='ltr'><strong>Alexandrinum</strong></span> 
     </span>
    </p>
   </div>
   <div class='ocr_carea' id='block_1_103' title="bbox 565 5208 2165 5286">
    <p class='ocr_par' dir='ltr' id='par_1_103' title="bbox 565 5208 2165 5286">
     <span class='ocr_line' id='line_1_103' title="bbox 565 5208 2165 5286; baseline 0.003 -20"><span class='ocrx_word' id='word_1_762' title='bbox 565 5208 887 5282; x_wconf 90' lang='lat' dir='ltr'><strong>episcopum</strong></span> <span class='ocrx_word' id='word_1_763' title='bbox 916 5210 1034 5280; x_wconf 87' lang='lat' dir='ltr'><strong>(lib.</strong></span> <span class='ocrx_word' id='word_1_764' title='bbox 1060 5226 1158 5276; x_wconf 82' lang='lat' dir='ltr'><strong>vn,</strong></span> <span class='ocrx_word' id='word_1_765' title='bbox 1181 5211 1303 5266; x_wconf 82' lang='lat' dir='ltr'><strong>ind.</strong></span> <span class='ocrx_word' id='word_1_766' title='bbox 1325 5215 1374 5279; x_wconf 84' lang='grc'><strong>1,</strong></span> <span class='ocrx_word' id='word_1_767' title='bbox 1399 5213 1564 5284; x_wconf 87' lang='lat' dir='ltr'><strong>epist.</strong></span> <span class='ocrx_word' id='word_1_768' title='bbox 1583 5210 1671 5282; x_wconf 71' lang='lat'><strong>4):</strong></span> <span class='ocrx_word' id='word_1_769' title='bbox 1700 5232 1721 5262; x_wconf 72' lang='grc' dir='ltr'><strong>(ι</strong></span> <span class='ocrx_word' id='word_1_770' title='bbox 1755 5211 2006 5268; x_wconf 89' lang='lat' dir='ltr'><strong>Indicare</strong></span> <span class='ocrx_word' id='word_1_771' title='bbox 2029 5229 2165 5286; x_wconf 84' lang='lat' dir='ltr'><strong>quo-</strong></span> 
     </span>
    </p>
   </div>
   <div class='ocr_carea' id='block_1_104' title="bbox 565 5298 2162 5372">
    <p class='ocr_par' dir='ltr' id='par_1_104' title="bbox 565 5298 2162 5372">
     <span class='ocr_line' id='line_1_104' title="bbox 565 5298 2162 5372; baseline 0.001 -18"><span class='ocrx_word' id='word_1_772' title='bbox 565 5314 673 5371; x_wconf 90' lang='lat' dir='ltr'><strong>que</strong></span> <span class='ocrx_word' id='word_1_773' title='bbox 701 5306 886 5354; x_wconf 90' lang='lat' dir='ltr'><strong>vestra</strong></span> <span class='ocrx_word' id='word_1_774' title='bbox 918 5298 1195 5354; x_wconf 89' lang='lat' dir='ltr'><strong>beatitudo</strong></span> <span class='ocrx_word' id='word_1_775' title='bbox 1237 5299 1456 5369; x_wconf 89' lang='lat' dir='ltr'><strong>studuit,</strong></span> <span class='ocrx_word' id='word_1_776' title='bbox 1471 5298 1585 5368; x_wconf 91' lang='lat' dir='ltr'><strong>jam</strong></span> <span class='ocrx_word' id='word_1_777' title='bbox 1619 5316 1678 5356; x_wconf 90' lang='lat' dir='ltr'><strong>se</strong></span> <span class='ocrx_word' id='word_1_778' title='bbox 1703 5300 2025 5372; x_wconf 90' lang='lat' dir='ltr'><strong>quibusdam</strong></span> <span class='ocrx_word' id='word_1_779' title='bbox 2052 5317 2162 5358; x_wconf 88' lang='lat' dir='ltr'><strong>non</strong></span> 
     </span>
    </p>
   </div>
   <div class='ocr_carea' id='block_1_105' title="bbox 563 5387 2162 5460">
    <p class='ocr_par' dir='ltr' id='par_1_105' title="bbox 563 5387 2162 5460">
     <span class='ocr_line' id='line_1_105' title="bbox 563 5387 2162 5460; baseline 0.003 -18"><span class='ocrx_word' id='word_1_780' title='bbox 563 5387 804 5444; x_wconf 89' lang='lat' dir='ltr'><strong>scribere</strong></span> <span class='ocrx_word' id='word_1_781' title='bbox 837 5387 1072 5460; x_wconf 91' lang='lat' dir='ltr'><strong>superba</strong></span> <span class='ocrx_word' id='word_1_782' title='bbox 1117 5387 1396 5457; x_wconf 88' lang='lat' dir='ltr'><strong>vocabula,</strong></span> <span class='ocrx_word' id='word_1_783' title='bbox 1430 5403 1550 5460; x_wconf 67' lang='lat' dir='ltr'><strong>quae</strong></span> <span class='ocrx_word' id='word_1_784' title='bbox 1589 5405 1655 5445; x_wconf 84' lang='lat' dir='ltr'><strong>ex</strong></span> <span class='ocrx_word' id='word_1_785' title='bbox 1687 5390 1940 5446; x_wconf 89' lang='lat' dir='ltr'><strong>vanitatis</strong></span> <span class='ocrx_word' id='word_1_786' title='bbox 1979 5391 2162 5448; x_wconf 91' lang='lat' dir='ltr'><strong>radice</strong></span> 
     </span>
    </p>
   </div>
   <div class='ocr_carea' id='block_1_106' title="bbox 560 5475 2159 5553">
    <p class='ocr_par' dir='ltr' id='par_1_106' title="bbox 560 5475 2159 5553">
     <span class='ocr_line' id='line_1_106' title="bbox 560 5475 2159 5553; baseline 0.006 -22"><span class='ocrx_word' id='word_1_787' title='bbox 560 5475 901 5548; x_wconf 90' lang='lat' dir='ltr'><strong>prodierunt,</strong></span> <span class='ocrx_word' id='word_1_788' title='bbox 929 5484 984 5534; x_wconf 90' lang='lat' dir='ltr'><strong>et</strong></span> <span class='ocrx_word' id='word_1_789' title='bbox 1013 5477 1144 5532; x_wconf 89' lang='lat' dir='ltr'><strong>mihi</strong></span> <span class='ocrx_word' id='word_1_790' title='bbox 1166 5477 1405 5549; x_wconf 87' lang='lat' dir='ltr'><strong>loquitur</strong></span> <span class='ocrx_word' id='word_1_791' title='bbox 1433 5477 1622 5536; x_wconf 88' lang='lat' dir='ltr'><strong>dicens</strong></span> <span class='ocrx_word' id='word_1_792' title='bbox 1647 5496 1662 5535; x_wconf 90' lang='lat'><strong>:</strong></span> <span class='ocrx_word' id='word_1_793' title='bbox 1699 5480 1859 5538; x_wconf 84' lang='lat' dir='ltr'><strong>Sicut</strong></span> <span class='ocrx_word' id='word_1_794' title='bbox 1875 5483 2159 5553; x_wconf 81' lang='lat' dir='ltr'><strong>jussistis.</strong></span> 
     </span>
    </p>
   </div>
   <div class='ocr_carea' id='block_1_107' title="bbox 563 5573 2161 5649">
    <p class='ocr_par' dir='ltr' id='par_1_107' title="bbox 563 5573 2161 5649">
     <span class='ocr_line' id='line_1_107' title="bbox 563 5573 2161 5649; baseline 0.004 -19"><span class='ocrx_word' id='word_1_795' title='bbox 563 5573 725 5649; x_wconf 88' lang='lat' dir='ltr'><strong>Quod</strong></span> <span class='ocrx_word' id='word_1_796' title='bbox 753 5574 981 5634; x_wconf 89' lang='lat' dir='ltr'><strong>verbum</strong></span> <span class='ocrx_word' id='word_1_797' title='bbox 1004 5575 1268 5646; x_wconf 90' lang='lat' dir='ltr'><strong>jussionis</strong></span> <span class='ocrx_word' id='word_1_798' title='bbox 1296 5583 1420 5648; x_wconf 88' lang='lat' dir='ltr'><strong>peto</strong></span> <span class='ocrx_word' id='word_1_799' title='bbox 1441 5592 1612 5636; x_wconf 91' lang='lat' dir='ltr'><strong>ameo</strong></span> <span class='ocrx_word' id='word_1_800' title='bbox 1640 5577 1827 5637; x_wconf 90' lang='lat' dir='ltr'><strong>auditu</strong></span> <span class='ocrx_word' id='word_1_801' title='bbox 1863 5586 2161 5636; x_wconf 63' lang='lat' dir='ltr'><strong>removete:</strong></span> 
     </span>
    </p>
   </div>
   <div class='ocr_carea' id='block_1_108' title="bbox 2265 4586 3872 4664">
    <p class='ocr_par' dir='ltr' id='par_1_108' title="bbox 2265 4586 3872 4664">
     <span class='ocr_line' id='line_1_108' title="bbox 2265 4586 3872 4664; baseline 0.002 -19"><span class='ocrx_word' id='word_1_802' title='bbox 2265 4589 2336 4646; x_wconf 86' lang='lat' dir='ltr'><strong>ad</strong></span> <span class='ocrx_word' id='word_1_803' title='bbox 2363 4586 2990 4646; x_wconf 57' lang='lat' dir='ltr'><strong>reddendam&#39;rationem</strong></span> <span class='ocrx_word' id='word_1_804' title='bbox 2999 4591 3186 4648; x_wconf 67' lang='lat' dir='ltr'><strong>aeterni</strong></span> <span class='ocrx_word' id='word_1_805' title='bbox 3195 4591 3392 4661; x_wconf 89' lang='lat' dir='ltr'><strong>judicis</strong></span> <span class='ocrx_word' id='word_1_806' title='bbox 3412 4590 3648 4647; x_wconf 89' lang='lat' dir='ltr'><strong>tribunal</strong></span> <span class='ocrx_word' id='word_1_807' title='bbox 3669 4609 3872 4664; x_wconf 84' lang='lat' dir='ltr'><strong>exspe-</strong></span> 
     </span>
    </p>
   </div>
   <div class='ocr_carea' id='block_1_109' title="bbox 2266 4678 3872 4754">
    <p class='ocr_par' dir='ltr' id='par_1_109' title="bbox 2266 4678 3872 4754">
     <span class='ocr_line' id='line_1_109' title="bbox 2266 4678 3872 4754; baseline 0.002 -21"><span class='ocrx_word' id='word_1_808' title='bbox 2266 4685 2390 4734; x_wconf 87' lang='lat' dir='ltr'><strong>ctat.</strong></span> <span class='ocrx_word' id='word_1_809' title='bbox 2422 4699 2444 4729; x_wconf 70' lang='grc' dir='ltr'><em>ι</em></span> <span class='ocrx_word' id='word_1_810' title='bbox 2464 4678 2534 4734; x_wconf 91' lang='lat' dir='ltr'><strong>Et</strong></span> <span class='ocrx_word' id='word_1_811' title='bbox 2551 4680 2716 4752; x_wconf 88' lang='lat' dir='ltr'><strong>paulo</strong></span> <span class='ocrx_word' id='word_1_812' title='bbox 2737 4687 2894 4750; x_wconf 88' lang='lat' dir='ltr'><strong>post:</strong></span> <span class='ocrx_word' id='word_1_813' title='bbox 2923 4701 2944 4730; x_wconf 79' lang='grc' dir='ltr'><strong>α</strong></span> <span class='ocrx_word' id='word_1_814' title='bbox 2961 4681 3164 4737; x_wconf 89' lang='lat' dir='ltr'><strong>Hortor</strong></span> <span class='ocrx_word' id='word_1_815' title='bbox 3177 4688 3342 4754; x_wconf 90' lang='lat' dir='ltr'><strong>atque</strong></span> <span class='ocrx_word' id='word_1_816' title='bbox 3367 4680 3574 4738; x_wconf 88' lang='lat' dir='ltr'><strong>suadeo</strong></span> <span class='ocrx_word' id='word_1_817' title='bbox 3603 4688 3664 4736; x_wconf 89' lang='lat' dir='ltr'><strong>ut</strong></span> <span class='ocrx_word' id='word_1_818' title='bbox 3689 4680 3872 4738; x_wconf 90' lang='lat' dir='ltr'><strong>nullus</strong></span> 
     </span>
    </p>
   </div>
   <div class='ocr_carea' id='block_1_110' title="bbox 2264 4768 3866 4842">
    <p class='ocr_par' dir='ltr' id='par_1_110' title="bbox 2264 4768 3866 4842">
     <span class='ocr_line' id='line_1_110' title="bbox 2264 4768 3866 4842; baseline 0.002 -20"><span class='ocrx_word' id='word_1_819' title='bbox 2264 4775 2510 4823; x_wconf 88' lang='lat' dir='ltr'><strong>vestrum</strong></span> <span class='ocrx_word' id='word_1_820' title='bbox 2539 4769 2644 4825; x_wconf 94' lang='lat' dir='ltr'><strong>hoc</strong></span> <span class='ocrx_word' id='word_1_821' title='bbox 2672 4784 2875 4824; x_wconf 91' lang='lat' dir='ltr'><strong>nomen</strong></span> <span class='ocrx_word' id='word_1_822' title='bbox 2902 4768 3198 4842; x_wconf 91' lang='lat' dir='ltr'><strong>aliquando</strong></span> <span class='ocrx_word' id='word_1_823' title='bbox 3247 4769 3496 4842; x_wconf 90' lang='lat' dir='ltr'><strong>recipiat,</strong></span> <span class='ocrx_word' id='word_1_824' title='bbox 3529 4769 3713 4826; x_wconf 91' lang='lat' dir='ltr'><strong>nullus</strong></span> <span class='ocrx_word' id='word_1_825' title='bbox 3741 4785 3866 4827; x_wconf 89' lang='lat' dir='ltr'><strong>con-</strong></span> 
     </span>
    </p>
   </div>
   <div class='ocr_carea' id='block_1_111' title="bbox 2265 4857 3868 4932">
    <p class='ocr_par' dir='ltr' id='par_1_111' title="bbox 2265 4857 3868 4932">
     <span class='ocr_line' id='line_1_111' title="bbox 2265 4857 3868 4932; baseline 0.003 -22"><span class='ocrx_word' id='word_1_826' title='bbox 2265 4857 2482 4926; x_wconf 92' lang='lat' dir='ltr'><strong>sentiat,</strong></span> <span class='ocrx_word' id='word_1_827' title='bbox 2517 4857 2698 4912; x_wconf 90' lang='lat' dir='ltr'><strong>nullus</strong></span> <span class='ocrx_word' id='word_1_828' title='bbox 2729 4857 3055 4924; x_wconf 91' lang='lat' dir='ltr'><strong>subscribat,</strong></span> <span class='ocrx_word' id='word_1_829' title='bbox 3083 4857 3266 4915; x_wconf 90' lang='lat' dir='ltr'><strong>nullus</strong></span> <span class='ocrx_word' id='word_1_830' title='bbox 3295 4857 3387 4914; x_wconf 91' lang='lat' dir='ltr'><strong>ubi</strong></span> <span class='ocrx_word' id='word_1_831' title='bbox 3414 4857 3575 4914; x_wconf 89' lang='lat' dir='ltr'><strong>fuerit</strong></span> <span class='ocrx_word' id='word_1_832' title='bbox 3603 4859 3868 4932; x_wconf 86' lang='lat' dir='ltr'><strong>scriptum</strong></span> 
     </span>
    </p>
   </div>
   <div class='ocr_carea' id='block_1_112' title="bbox 2263 4945 3872 5019">
    <p class='ocr_par' dir='ltr' id='par_1_112' title="bbox 2263 4945 3872 5019">
     <span class='ocr_line' id='line_1_112' title="bbox 2263 4945 3872 5019; baseline 0.004 -20"><span class='ocrx_word' id='word_1_833' title='bbox 2263 4945 2542 5013; x_wconf 88' lang='lat' dir='ltr'><strong>admittat,</strong></span> <span class='ocrx_word' id='word_1_834' title='bbox 2619 4945 2708 5002; x_wconf 90' lang='lat' dir='ltr'><strong>vel</strong></span> <span class='ocrx_word' id='word_1_835' title='bbox 2765 4946 3216 5019; x_wconf 87' lang='lat' dir='ltr'><strong>subscriptionem</strong></span> <span class='ocrx_word' id='word_1_836' title='bbox 3267 4963 3420 5004; x_wconf 89' lang='lat' dir='ltr'><strong>suam</strong></span> <span class='ocrx_word' id='word_1_837' title='bbox 3468 4947 3688 5017; x_wconf 87' lang='lat' dir='ltr'><strong>adjiciat</strong></span> <span class='ocrx_word' id='word_1_838' title='bbox 3708 4989 3723 5017; x_wconf 95' lang='lat'><strong>,</strong></span> <span class='ocrx_word' id='word_1_839' title='bbox 3777 4949 3872 5005; x_wconf 90' lang='lat' dir='ltr'><strong>sed</strong></span> 
     </span>
    </p>
   </div>
   <div class='ocr_carea' id='block_1_113' title="bbox 2263 5034 3870 5110">
    <p class='ocr_par' dir='ltr' id='par_1_113' title="bbox 2263 5034 3870 5110">
     <span class='ocr_line' id='line_1_113' title="bbox 2263 5034 3870 5110; baseline 0.002 -20"><span class='ocrx_word' id='word_1_840' title='bbox 2263 5034 2404 5091; x_wconf 89' lang='lat' dir='ltr'><strong>sicut</strong></span> <span class='ocrx_word' id='word_1_841' title='bbox 2429 5034 2815 5107; x_wconf 91' lang='lat' dir='ltr'><strong>omnipotentis</strong></span> <span class='ocrx_word' id='word_1_842' title='bbox 2843 5036 2944 5094; x_wconf 89' lang='lat' dir='ltr'><strong>Dei</strong></span> <span class='ocrx_word' id='word_1_843' title='bbox 2971 5037 3252 5093; x_wconf 89' lang='lat' dir='ltr'><strong>ministros</strong></span> <span class='ocrx_word' id='word_1_844' title='bbox 3293 5037 3470 5104; x_wconf 91' lang='lat' dir='ltr'><strong>decet,</strong></span> <span class='ocrx_word' id='word_1_845' title='bbox 3504 5036 3781 5110; x_wconf 85' lang='lat' dir='ltr'><strong>integrum</strong></span> <span class='ocrx_word' id='word_1_846' title='bbox 3812 5053 3870 5094; x_wconf 89' lang='lat' dir='ltr'><strong>se</strong></span> 
     </span>
    </p>
   </div>
   <div class='ocr_carea' id='block_1_114' title="bbox 2262 5130 3859 5200">
    <p class='ocr_par' dir='ltr' id='par_1_114' title="bbox 2262 5130 3859 5200">
     <span class='ocr_line' id='line_1_114' title="bbox 2262 5130 3859 5200; baseline 0.002 -14"><span class='ocrx_word' id='word_1_847' title='bbox 2262 5131 2332 5186; x_wconf 89' lang='lat' dir='ltr'><strong>ab</strong></span> <span class='ocrx_word' id='word_1_848' title='bbox 2360 5130 2670 5200; x_wconf 89' lang='lat' dir='ltr'><strong>hujusmodi</strong></span> <span class='ocrx_word' id='word_1_849' title='bbox 2701 5138 2972 5190; x_wconf 86' lang='lat' dir='ltr'><strong>venenata</strong></span> <span class='ocrx_word' id='word_1_850' title='bbox 3028 5131 3320 5190; x_wconf 87' lang='lat' dir='ltr'><strong>infectione</strong></span> <span class='ocrx_word' id='word_1_851' title='bbox 3346 5133 3636 5200; x_wconf 90' lang='lat' dir='ltr'><strong>custodiat,</strong></span> <span class='ocrx_word' id='word_1_852' title='bbox 3669 5141 3724 5189; x_wconf 90' lang='lat' dir='ltr'><strong>et</strong></span> <span class='ocrx_word' id='word_1_853' title='bbox 3741 5133 3859 5190; x_wconf 89' lang='lat' dir='ltr'><strong>cal-</strong></span> 
     </span>
    </p>
   </div>
   <div class='ocr_carea' id='block_1_115' title="bbox 2261 5219 3859 5296">
    <p class='ocr_par' dir='ltr' id='par_1_115' title="bbox 2261 5219 3859 5296">
     <span class='ocr_line' id='line_1_115' title="bbox 2261 5219 3859 5296; baseline 0.003 -22"><span class='ocrx_word' id='word_1_854' title='bbox 2261 5220 2374 5276; x_wconf 88' lang='lat' dir='ltr'><strong>lido</strong></span> <span class='ocrx_word' id='word_1_855' title='bbox 2402 5219 2704 5277; x_wconf 90' lang='lat' dir='ltr'><strong>insidiatori</strong></span> <span class='ocrx_word' id='word_1_856' title='bbox 2733 5220 2790 5278; x_wconf 91' lang='lat' dir='ltr'><strong>in</strong></span> <span class='ocrx_word' id='word_1_857' title='bbox 2819 5238 2878 5278; x_wconf 91' lang='lat' dir='ltr'><strong>se</strong></span> <span class='ocrx_word' id='word_1_858' title='bbox 2933 5221 3117 5279; x_wconf 88' lang='lat' dir='ltr'><strong>locum</strong></span> <span class='ocrx_word' id='word_1_859' title='bbox 3143 5236 3256 5278; x_wconf 89' lang='lat' dir='ltr'><strong>non</strong></span> <span class='ocrx_word' id='word_1_860' title='bbox 3307 5222 3566 5295; x_wconf 86' lang='lat' dir='ltr'><strong>praebeat,</strong></span> <span class='ocrx_word' id='word_1_861' title='bbox 3602 5222 3859 5296; x_wconf 85' lang='lat' dir='ltr'><strong>quoniam</strong></span> 
     </span>
    </p>
   </div>
   <div class='ocr_carea' id='block_1_116' title="bbox 2264 5309 3869 5381">
    <p class='ocr_par' dir='ltr' id='par_1_116' title="bbox 2264 5309 3869 5381">
     <span class='ocr_line' id='line_1_116' title="bbox 2264 5309 3869 5381; baseline 0.001 -18"><span class='ocrx_word' id='word_1_862' title='bbox 2264 5309 2368 5366; x_wconf 92' lang='lat' dir='ltr'><strong>hoc</strong></span> <span class='ocrx_word' id='word_1_863' title='bbox 2395 5317 2448 5364; x_wconf 89' lang='lat' dir='ltr'><strong>et</strong></span> <span class='ocrx_word' id='word_1_864' title='bbox 2495 5309 2551 5366; x_wconf 90' lang='lat' dir='ltr'><strong>in</strong></span> <span class='ocrx_word' id='word_1_865' title='bbox 2580 5309 2744 5367; x_wconf 89' lang='lat' dir='ltr'><strong>totius</strong></span> <span class='ocrx_word' id='word_1_866' title='bbox 2787 5311 3045 5369; x_wconf 72' lang='lat' dir='ltr'><strong>Ecclesiae</strong></span> <span class='ocrx_word' id='word_1_867' title='bbox 3087 5311 3286 5381; x_wconf 88' lang='lat' dir='ltr'><strong>injuria</strong></span> <span class='ocrx_word' id='word_1_868' title='bbox 3322 5327 3388 5368; x_wconf 88' lang='lat' dir='ltr'><strong>ac</strong></span> <span class='ocrx_word' id='word_1_869' title='bbox 3427 5311 3773 5379; x_wconf 90' lang='lat' dir='ltr'><strong>discissione,</strong></span> <span class='ocrx_word' id='word_1_870' title='bbox 3815 5316 3869 5368; x_wconf 90' lang='lat' dir='ltr'><strong>et</strong></span> 
     </span>
    </p>
   </div>
   <div class='ocr_carea' id='block_1_117' title="bbox 2263 5397 3862 5473">
    <p class='ocr_par' dir='ltr' id='par_1_117' title="bbox 2263 5397 3862 5473">
     <span class='ocr_line' id='line_1_117' title="bbox 2263 5397 3862 5473; baseline 0.001 -18"><span class='ocrx_word' id='word_1_871' title='bbox 2263 5399 2400 5456; x_wconf 91' lang='lat' dir='ltr'><strong>sicut</strong></span> <span class='ocrx_word' id='word_1_872' title='bbox 2419 5397 2671 5468; x_wconf 85' lang='lat' dir='ltr'><strong>diximus,</strong></span> <span class='ocrx_word' id='word_1_873' title='bbox 2702 5399 2758 5456; x_wconf 90' lang='lat' dir='ltr'><strong>in</strong></span> <span class='ocrx_word' id='word_1_874' title='bbox 2781 5400 3022 5456; x_wconf 89' lang='lat' dir='ltr'><strong>omnium</strong></span> <span class='ocrx_word' id='word_1_875' title='bbox 3042 5408 3288 5458; x_wconf 89' lang='lat' dir='ltr'><strong>vestrum</strong></span> <span class='ocrx_word' id='word_1_876' title='bbox 3301 5401 3562 5473; x_wconf 91' lang='lat' dir='ltr'><strong>despectu</strong></span> <span class='ocrx_word' id='word_1_877' title='bbox 3597 5399 3685 5458; x_wconf 84' lang='lat' dir='ltr'><strong>ﬁt.</strong></span> <span class='ocrx_word' id='word_1_878' title='bbox 3726 5402 3862 5458; x_wconf 88' lang='lat' dir='ltr'><strong>Nam</strong></span> 
     </span>
    </p>
   </div>
   <div class='ocr_carea' id='block_1_118' title="bbox 2263 5488 3872 5562">
    <p class='ocr_par' dir='ltr' id='par_1_118' title="bbox 2263 5488 3872 5562">
     <span class='ocr_line' id='line_1_118' title="bbox 2263 5488 3872 5562; baseline 0.001 -18"><span class='ocrx_word' id='word_1_879' title='bbox 2263 5488 2333 5555; x_wconf 93' lang='lat' dir='ltr'><strong>si,</strong></span> <span class='ocrx_word' id='word_1_880' title='bbox 2365 5505 2522 5556; x_wconf 92' lang='lat' dir='ltr'><strong>unus,</strong></span> <span class='ocrx_word' id='word_1_881' title='bbox 2556 5497 2610 5544; x_wconf 92' lang='lat' dir='ltr'><strong>ut</strong></span> <span class='ocrx_word' id='word_1_882' title='bbox 2642 5498 2814 5562; x_wconf 90' lang='lat' dir='ltr'><strong>putat,</strong></span> <span class='ocrx_word' id='word_1_883' title='bbox 2838 5489 3164 5546; x_wconf 86' lang='lat' dir='ltr'><strong>universalis</strong></span> <span class='ocrx_word' id='word_1_884' title='bbox 3195 5498 3296 5561; x_wconf 91' lang='lat' dir='ltr'><strong>est,</strong></span> <span class='ocrx_word' id='word_1_885' title='bbox 3347 5497 3515 5546; x_wconf 82' lang='lat' dir='ltr'><strong>restat</strong></span> <span class='ocrx_word' id='word_1_886' title='bbox 3542 5497 3601 5546; x_wconf 92' lang='lat' dir='ltr'><strong>ut</strong></span> <span class='ocrx_word' id='word_1_887' title='bbox 3629 5506 3730 5547; x_wconf 90' lang='lat' dir='ltr'><strong>vos</strong></span> <span class='ocrx_word' id='word_1_888' title='bbox 3761 5489 3872 5562; x_wconf 90' lang='lat' dir='ltr'><strong>epi-</strong></span> 
     </span>
    </p>
   </div>
   <div class='ocr_carea' id='block_1_119' title="bbox 2262 5577 3862 5653">
    <p class='ocr_par' dir='ltr' id='par_1_119' title="bbox 2262 5577 3862 5653">
     <span class='ocr_line' id='line_1_119' title="bbox 2262 5577 3862 5653; baseline 0.001 -20"><span class='ocrx_word' id='word_1_889' title='bbox 2262 5577 2415 5650; x_wconf 91' lang='lat' dir='ltr'><strong>scopi</strong></span> <span class='ocrx_word' id='word_1_890' title='bbox 2444 5595 2554 5634; x_wconf 91' lang='lat' dir='ltr'><strong>non</strong></span> <span class='ocrx_word' id='word_1_891' title='bbox 2583 5579 2718 5635; x_wconf 90' lang='lat' dir='ltr'><strong>sitis.</strong></span> <span class='ocrx_word' id='word_1_892' title='bbox 2756 5600 2778 5630; x_wconf 81' lang='grc'><strong>»</strong></span> <span class='ocrx_word' id='word_1_893' title='bbox 2822 5579 2891 5635; x_wconf 89' lang='lat' dir='ltr'><strong>Et</strong></span> <span class='ocrx_word' id='word_1_894' title='bbox 2910 5588 3035 5652; x_wconf 92' lang='lat' dir='ltr'><strong>post</strong></span> <span class='ocrx_word' id='word_1_895' title='bbox 3054 5579 3333 5653; x_wconf 87' lang='lat' dir='ltr'><strong>aliquanta</strong></span> <span class='ocrx_word' id='word_1_896' title='bbox 3365 5597 3378 5635; x_wconf 90' lang='lat'><strong>:</strong></span> <span class='ocrx_word' id='word_1_897' title='bbox 3420 5601 3442 5631; x_wconf 72' lang='grc' dir='ltr'><strong>α</strong></span> <span class='ocrx_word' id='word_1_898' title='bbox 3475 5579 3615 5636; x_wconf 91' lang='lat' dir='ltr'><strong>Nam</strong></span> <span class='ocrx_word' id='word_1_899' title='bbox 3647 5580 3696 5636; x_wconf 92' lang='lat' dir='ltr'><strong>si</strong></span> <span class='ocrx_word' id='word_1_900' title='bbox 3726 5579 3862 5653; x_wconf 87' lang='lat' dir='ltr'><strong>quis,</strong></span> 
     </span>
    </p>
   </div>
  </div>
