4164 6312
345 299 443 354 349

1160 293 1403 353 orusc.
1459 293 1552 351 ET
1596 272 1819 353 EPIST.
1884 295 1958 353 IN
1995 294 2220 354 CAUSA
2267 296 2608 355 HINCMARI
2653 299 2957 360 LAUDUN.

3538 305 3643 361 350

348 418 490 490 quod
546 433 659 473 non
712 416 1007 485 credimus,
1069 420 1271 491 scripta
1322 420 1614 492 praesentia
1661 421 1838 494 aliqua
1882 422 1938 476 in
1959 421 2016 483 A
2045 421 2272 478 veniens
2300 423 2475 479 Deum
2506 423 2718 492 dixerit,
2770 425 3026 483 frivolum
3056 428 3213 484 valde
3243 428 3389 485 erit?
3433 428 3532 485 sed
3558 437 3645 485 ta-

349 515 500 578 parte
528 506 917 581 neglexerit,‘a
947 508 1093 563 beati
1140 508 1285 564 Petri
1327 510 1699 580 apostolorum
1732 511 1942 582 princi-

346 595 427 667 pis
455 612 591 667 pace
622 612 683 652 se
710 596 924 652 noverit
954 606 1327 670 segregatum.
1361 598 1438 652 Ita
1469 614 1603 672 ergo
1631 606 1815 655 vestra
1842 598 1944 654 fra-

349 684 571 740 ternitas
598 692 742 758 agat,
774 693 831 740 ut
865 702 986 742 cum
1018 693 1203 756 pastor
1234 694 1513 757 pastorum
1539 686 1595 741 in
1618 687 1825 758 judicio
1851 688 1943 743 ve-

349 773 507 841 nerit,
557 774 627 828 de
671 773 793 830 loco
827 774 1113 848 regiminis
1140 792 1300 848 quem
1329 777 1558 848 accepit,
1593 784 1804 832 reatum
1844 777 1943 833 ha-

350 862 479 918 bere
505 879 617 919 non
645 864 837 934 possit.
879 888 900 913 »
1200 884 1207 891 -

418 952 489 1006 Et
514 952 572 1007 in
601 950 832 1023 epistola
858 952 935 1007 ad
958 952 1242 1024 Cyriacum
1288 953 1944 1025 Constantinopolitanum

350 1040 684 1112 episcopum,
738 1040 960 1096 Joannis
1009 1041 1252 1113 episcopi
1299 1057 1674 1098 successorem
1713 1044 1830 1113 (lib.
1864 1057 1942 1109 vr,

350 1129 469 1186 ind.
504 1132 591 1196 l5,
626 1131 790 1202 epist.
828 1128 880 1201 4)
916 1148 930 1185 :
967 1152 989 1178 «
1024 1131 1085 1184 In
1114 1131 1237 1198 hoc,
1287 1130 1479 1203 inquit,
1505 1147 1604 1187 vos
1632 1131 1947 1187 medullitus

351 1217 738 1289 amplectimur,
769 1219 827 1273 in
855 1219 958 1275 hoc
989 1219 1301 1275 sacerdotes
1330 1236 1452 1275 esse
1481 1220 1942 1292 recognoscimus,

353 1308 399 1364 si
426 1307 648 1379 repulsa
675 1306 907 1364 vanitate
936 1309 1244 1376 verborum,
1287 1308 1585 1365 sanctitatis
1615 1309 1794 1365 locum
1822 1326 1948 1366 cum

353 1404 536 1453 sancta
564 1396 865 1452 humilitate
894 1397 1139 1453 teneatis.
1175 1398 1321 1454 Ecce
1350 1398 1494 1453 enim
1521 1397 1579 1453 in
1605 1398 1825 1454 nefandi
1855 1416 1949 1471 ap-

352 1486 643 1558 pellatione
668 1485 905 1541 nominis
934 1486 1281 1542 scandalizati
1308 1504 1514 1557 sumus,
1567 1495 1619 1542 et
1646 1504 1755 1543 non
1783 1487 1949 1543 mini-

353 1591 470 1629 mas
498 1574 749 1646 querelas
780 1589 1065 1630 servamus
1094 1576 1149 1630 in
1176 1583 1378 1639 mente.
1399 1576 1699 1647 promimus
1720 1576 1776 1631 in
1794 1592 1948 1634 voce.

356 1664 552 1719 Vestra
596 1670 778 1719 autem
821 1662 1132 1719 fraternitas
1175 1664 1324 1720 novit
1369 1664 1492 1736 quia
1522 1664 1734 1720 Veritas
1771 1665 1946 1721 dicit:

2042 527 2170 567 men
2215 511 2378 567 minis
2425 512 2810 585 perniciosum.
2874 514 2931 571 Si
2978 517 3329 588 quantitatem
3377 519 3645 574 sermonis

2043 601 2390 668 attendimus,
2436 602 2713 658 duae'sunt
2741 603 3001 675 syllabae;
3051 606 3099 659 si
3125 622 3258 662 vero
3288 608 3504 677 pondus
3535 606 3645 663 ini-

2045 688 2283 761 quitatis,
2318 690 2575 746 universa
2594 692 2886 763 pernicies.
2909 694 3033 765 Ego
3062 702 3243 749 autem
3265 695 3494 751 ﬁdenter
3522 697 3644 752 dice

2045 777 2174 849 quia
2203 778 2451 851 quisquis
2481 795 2540 835 se
2569 780 2936 837 universalem
2967 782 3303 839 sacerdotem
3334 791 3513 851 vocat,
3559 784 3647 842 vel

2044 867 2229 923 vocari
2258 867 2554 936 desiderat,
2602 869 2657 924 in
2689 869 2924 925 elatione
2955 886 3054 926 sua
3083 870 3477 940 Antichristum
3502 889 3647 944 pra:-

2044 955 2230 1023 Currit,
2279 956 2406 1029 quia
2453 957 2822 1029 superbiendo
2869 974 2930 1015 se
2972 960 3184 1016 caeteris
3211 962 3497 1031 praeponit,
3546 976 3649 1017 nec

2046 1044 2247 1115 dispari
2277 1046 2532 1117 superbia
2561 1046 2629 1101 ad
2656 1062 2895 1103 errorem
2920 1048 3135 1104 ducitur
3159 1067 3173 1116 ;
3211 1049 3336 1122 quia
3359 1049 3498 1106 sicut
3518 1066 3650 1122 per-

2046 1150 2241 1190 versus
2299 1134 2391 1190 ille
2446 1134 2593 1191 Deus
2651 1135 2826 1191 videri
2882 1136 2995 1192 vult
3051 1153 3218 1210 super
3265 1139 3536 1207 homines,
3577 1138 3654 1196 ita

2047 1221 2297 1295 quisquis
2326 1222 2428 1278 iste
2460 1231 2562 1291 est,
2597 1222 2688 1295 qui
2720 1224 2868 1279 solus
2898 1225 3161 1281 sacerdos
3188 1227 3449 1299 appellari
3477 1243 3651 1299 appe-

2047 1311 2108 1366 tit
2138 1327 2302 1383 super
2332 1311 2571 1383 reliquos
2617 1313 2961 1369 sacerdotes.
3016 1314 3125 1370 Sed
3152 1316 3409 1387 quoniam
3437 1315 3652 1373 Veritas

2047 1399 2177 1455 dicit
2202 1416 2215 1453 :
2245 1401 2437 1457 Omnis
2454 1401 2549 1473 qui
2576 1418 2635 1457 se
2664 1403 2891 1458 exultat
2911 1403 3312 1459 humiliabitur
3328 1404 3485 1467 (Luc.
3510 1404 3648 1475 xrv),

2048 1488 2162 1545 scio
2222 1488 2351 1561 quia
2409 1489 2666 1560 quaelibet
2722 1490 2881 1546 elatio
2942 1498 3092 1547 tanto
3148 1492 3310 1548 citius
3366 1493 3650 1564 rumpitur,

2049 1585 2251 1648 quanto
2280 1578 2516 1648 amplius
2545 1578 2784 1635 inflatur.
2818 1578 2931 1635 Illis
2961 1596 3097 1653 ergo
3117 1580 3289 1651 pietas
3310 1589 3492 1638 vestra
3510 1598 3653 1653 prae-

2049 1665 2232 1738 cipiat,
2285 1681 2354 1721 ne
2383 1668 2529 1739 quod
2556 1683 2653 1738 per
2708 1668 3130 1739 appellationem
3182 1668 3365 1725 frivoli
3415 1669 3653 1724 nominis

356 1753 414 1843 Si
426 1752 595 1843 oﬂ‘ers
615 1767 826 1807 munus
845 1756 1007 1843 tuum
1024 1752 1095 1808 ad
1116 1754 1320 1843 altare,
1336 1760 1390 1808 et
1405 1753 1610 1843 reliqua
1626 1754 1846 1824 (Matth.
1868 1754 1946 1824 v).
1979 1782 2032 1843 B
2050 1754 2371 1809 scandalum
2400 1755 2649 1828 gignant,
2677 1756 2769 1829 qui
2797 1756 2853 1812 in
2882 1757 3137 1829 superbia
3159 1764 3212 1813 et
3242 1758 3408 1830 typho
3438 1758 3653 1814 cecide-

359 1834 477 1909 Qua
503 1841 559 1896 in
590 1857 653 1897 re
684 1842 1027 1912 pensandum
1056 1842 1181 1913 quia
1226 1858 1346 1897 cum
1377 1842 1555 1897 omnis
1582 1843 1742 1914 culpa
1770 1843 1951 1898 oblato

358 1929 630 1986 sacriﬁcio
658 1929 884 2000 deletur,
927 1937 1133 1985 tantum
1163 1939 1246 1987 est
1273 1930 1472 1985 malum
1503 1931 1747 1987 scandali
1775 1931 1952 1987 alieno

355 2019 521 2075 corde
549 2019 815 2090 generati,
864 2026 924 2074 ut
952 2019 1017 2073 ab
1048 2035 1114 2075 eo
1145 2019 1236 2091 qui
1266 2021 1589 2090 peccaverit,
1640 2036 1744 2076 nec
1773 2020 1952 2091 ipsum

358 2106 683 2165 sacriﬁcium
708 2108 971 2163 Dominus
1001 2109 1248 2179 accipiat,
1282 2109 1428 2179 quod
1457 2109 1641 2164 delere
1665 2118 1953 2180 peccatum

358 2197 513 2253 solet.
560 2198 753 2252 Curate
799 2213 931 2269 ergo
979 2197 1160 2253 cordis
1189 2197 1361 2253 nostri
1404 2198 1722 2253 scandalum
1759 2198 1954 2255 festine

363 2285 673 2358 detergere,
708 2292 763 2341 ut
789 2285 963 2357 possit
992 2285 1335 2357 omnipotens
1363 2287 1513 2342 Deus
1543 2287 1832 2342 oblationis
1862 2304 1956 2343 ve-

359 2383 487 2432 strae
505 2372 837 2431 sacriﬁcium
857 2374 1189 2447 acceptabile
1210 2375 1432 2431 habere.
1463 2396 1485 2425 ν
1519 2376 1588 2430 Ει
1616 2376 1746 2430 item
1764 2375 1822 2431 in
1850 2375 1956 2431 alia

360 2463 589 2535 epistola
632 2463 704 2519 ad
738 2464 992 2519 eumdem
1031 2464 1149 2534 (lib.
1191 2478 1269 2530 vr,
1321 2465 1440 2519 ind.
1484 2467 1570 2531 15,
1614 2466 1775 2536 epist.
1817 2464 1951 2536 28):

360 2552 384 2601 kx
421 2552 671 2624 Oportet,
705 2552 897 2624 inquit,
920 2561 979 2607 ut
1006 2552 1137 2607 mihi
1167 2560 1327 2625 atque
1348 2552 1599 2608 omnibus
1627 2552 1880 2610 fratribus
1900 2553 1958 2608 in

361 2641 575 2709 vestris,
628 2642 745 2711 ejus
791 2641 1068 2697 charitatis
1106 2642 1566 2714 pulchritudinem
1604 2642 1660 2697 in
1688 2644 1794 2698 hoc
1840 2642 1956 2715 pri-

357 2747 510 2786 mum
558 2745 726 2802 opere
766 2731 1100 2798 monstretis,
1149 2737 1208 2785 ut
1251 2731 1481 2787 verbum
1524 2731 1812 2802 superbiae,
1856 2747 1959 2802 per

360 2820 506 2892 quod
526 2835 696 2892 grave
719 2819 1032 2875 scandalum
1053 2819 1108 2873 in
1128 2819 1392 2875 Ecclesiis
1412 2827 1723 2892 generatur,
1747 2818 1959 2876 auferre

357 2907 650 2978 festinetis,
708 2908 812 2964 hoc
840 2908 1018 2963 modis
1048 2907 1301 2963 omnibus
1328 2908 1617 2979 implentes
1647 2910 1792 2981 quod
1820 2909 1959 2965 scri-

370 3005 523 3069 ptum
536 3004 621 3053 est
644 3015 658 3052 :
689 2998 1166 3054 Sollicitiservare
1183 2998 1468 3054 unitatem
1488 2999 1725 3070 spiritus
1748 3000 1811 3054 in
1832 2999 1959 3054 vin-

362 3088 488 3144 culo
511 3088 671 3159 pacis
701 3085 923 3158 (Ephes.
961 3085 1062 3157 1v).
1086 3086 1155 3141 Et
1179 3102 1399 3141 rursum
1425 3104 1437 3140 :
1462 3088 1693 3142 Nullam
1720 3088 1961 3143 occasio-

360 3191 492 3231 nem
509 3175 644 3231 dare
662 3175 981 3231 adversario
997 3174 1294 3230 maledicti
1311 3176 1498 3247 gratia
1520 3176 1571 3245 (Ι
1583 3175 1961 3244 Tim.v).Tunc

363 3264 507 3320 enim
536 3271 759 3320 ostensa
778 3262 1016 3319 charitas
1047 3279 1178 3319 vera
1200 3271 1304 3329 est,
1329 3263 1375 3319 si
1402 3280 1504 3334 per
1524 3263 1750 3334 typhum
1771 3278 1963 3333 super-

361 3352 465 3409 biae
491 3352 635 3408 inter
663 3368 767 3408 nos
795 3352 1034 3408 scissura
1065 3367 1174 3407 non
1205 3351 1384 3407 fuerit.
1434 3352 1556 3424 Ego
1601 3353 1745 3407 enim
1777 3352 1964 3407 Jesum

364 3448 555 3498 testem
584 3441 780 3498 invoco
827 3442 881 3496 in
917 3441 1099 3496 anima
1154 3456 1298 3511 mea,
1332 3440 1455 3513 quia
1483 3457 1516 3495 a
1548 3457 1761 3496 summo
1789 3456 1963 3513 usque

366 3531 437 3586 ad
472 3530 721 3585 ultimum
763 3529 895 3585 nulli
939 3529 1220 3585 hominum
1262 3530 1395 3584 dare
1440 3529 1679 3585 scandali
1723 3529 1965 3589 occasio—

362 3636 488 3675 nem
516 3620 643 3676 volo
675 3636 688 3673 :
721 3634 910 3675 omnes
930 3635 1053 3674 esse
1076 3634 1308 3692 magnos
1331 3627 1384 3674 et
1404 3619 1761 3675 honorabiles
1783 3618 1962 3689 cupio,

364 3724 593 3782 quorum
624 3716 806 3764 tamen
825 3709 1001 3763 honor
1020 3707 1215 3763 honori
1235 3723 1344 3762 non
1366 3707 1594 3762 detrahit
1623 3707 1965 3778 omnipoten-

364 3798 433 3854 tis
461 3798 582 3854 Dei.
616 3798 758 3852 Nam
788 3796 1034 3869 quisquis
1063 3813 1123 3851 se
1151 3805 1342 3852 contra
1370 3798 1546 3852 Deum
1574 3796 1834 3869 honorari
1863 3811 1964 3868 ap-

366 3888 517 3959 petit,
563 3885 697 3942 mihi
741 3885 1076 3942 honorabilis
1124 3901 1233 3942 non
1277 3893 1377 3941 est.
1417 3909 1439 3935 »
1489 3887 1556 3941 Et
1585 3886 1745 3957 paulo
1791 3893 1963 3957 post:

370 3998 391 4028 α
430 3976 573 4047 Quia
604 3975 777 4031 hostis
797 3974 1181 4046 omnipotentis
1200 3973 1419 4031 Domini
1437 3974 1803 4031 Antichristus
1822 3975 1967 4044 juxta

368 4073 470 4132 est,
520 4065 766 4120 studiose
794 4063 952 4136 cupio
980 4076 1049 4119 ne
1078 4063 1360 4135 proprium
1389 4063 1518 4135 quid
1547 4063 1807 4130 inveniat,
1858 4078 1969 4118 non

371 4154 547 4211 solum
576 4154 937 4220 in_moribus,
988 4152 1084 4208 sed
1111 4168 1292 4223 neque
1321 4152 1377 4206 in
1405 4152 1671 4208 vocabulo
1703 4152 1966 4207 sacerdo-

372 4251 503 4298 tum.
537 4244 620 4299 Ea
649 4258 784 4315 ergo
815 4258 935 4314 quae
963 4257 1106 4297 novo
1134 4241 1297 4296 modo
1326 4240 1629 4296 introducta
1657 4248 1800 4308 sunt,
1848 4240 1969 4311 ipso

371 4333 560 4388 ordine
610 4347 717 4404 quo
761 4331 911 4387 illata
953 4338 1075 4386 sunt
1122 4329 1450 4396 auferantur,
1501 4337 1555 4384 et
1594 4344 1697 4400 pax
1727 4328 1886 4384 nobis
1913 4329 1968 4384 in

368 4422 604 4478 Domino
631 4420 838 4476 illibata
862 4419 1224 4491 permanebit.
1255 4418 1397 4473 Nam
1419 4433 1539 4489 quae
1568 4416 1671 4473 erit
1698 4417 1841 4473 inter
1868 4433 1968 4474 nos

1991 3140 2040 3201 C

2053 1851 2195 1898 runt.
2229 1844 2371 1899 Nam
2399 1852 2657 1915 peccator
2686 1861 2811 1916 ego,
2857 1846 2948 1918 qui
2977 1854 3198 1902 auctore
3225 1846 3343 1902 Deo
3370 1846 3651 1902 humilita-

2052 1940 2162 1988 tem
2191 1938 2369 2003 teneo,
2423 1933 2799 1989 admonendus
2830 1935 2900 1989 ad
2928 1934 3283 1990 humilitatem
3307 1951 3417 1991 non
3445 1951 3585 1990 sum.
3625 1955 3648 1985 ιο

2052 2022 2121 2076 Et
2167 2021 2224 2075 in
2266 2020 2492 2093 epistola
2519 2023 2591 2077 ad
2618 2023 2963 2078 Anastasium
3010 2023 3403 2080 Antiochenam
3432 2024 3653 2096 episco-

2052 2126 2184 2182 pum
2213 2109 2332 2177 (lib.
2366 2126 2443 2177 vr,
2478 2113 2642 2184 epist.
2674 2111 2766 2182 24)
2800 2130 2812 2166 :
2851 2133 2873 2159 ‹‹
2908 2112 2970 2166 In
2998 2111 3346 2184 suscipienda
3390 2112 3576 2168 fratris
3603 2121 3656 2167 et

2054 2199 2465 2255 consacerdotis
2511 2200 2688 2255 nostri
2730 2199 2944 2271 Cyriaci
2986 2200 3251 2272 synodica
3300 2199 3529 2272 epistola
3566 2200 3653 2255 di-

2054 2304 2224 2361 gnum
2253 2303 2364 2344 non
2390 2287 2489 2342 fuit
2518 2295 2575 2343 ut
2604 2304 2705 2359 pro
2736 2304 2899 2344 causa
2925 2288 3139 2360 profani
3185 2289 3440 2345 vocabuli
3467 2304 3650 2344 moras

2056 2375 2317 2443 facerem,
2355 2392 2424 2432 ne
2461 2376 2721 2432 unitatem
2760 2385 2961 2433 sanctae
2975 2377 3239 2433 Ecclesia:
3256 2377 3650 2449 perturbarem.

2059 2466 2168 2522 Sed
2197 2473 2376 2520 tamen
2409 2466 2477 2521 de
2506 2466 2701 2520 eodem
2731 2465 3111 2536 superstitioso
3143 2473 3195 2521 et
3224 2466 3463 2537 superbo
3493 2480 3658 2523 voca-

2058 2553 2186 2609 bulo
2220 2571 2342 2609 eum
2378 2554 2676 2609 admonere
2707 2553 2903 2621 studui,
2956 2554 3144 2609 dicens
3174 2554 3301 2626 quia
3328 2570 3521 2626 pacem
3550 2570 3656 2611 no-

2056 2644 2268 2699 biscum
2298 2643 2502 2699 habere
2532 2659 2643 2698 non
2682 2650 2891 2715 posset,
2942 2642 3048 2698 nisi
3093 2642 3385 2700 elationem
3411 2643 3658 2716 praedicti

2058 2731 2212 2788 verbi
2243 2732 2564 2804 corrigeret,
2597 2748 2760 2804 quam
2787 2732 2993 2803 primus
3012 2720 3259 2803 apostata
3288 2731 3512 2787 invenit.
3546 2732 3658 2788 Vos

2059 2829 2241 2876 tamen
2271 2821 2517 2876 eamdem
2546 2835 2769 2877 causam
2789 2820 2993 2875 nullam
3013 2836 3137 2877 esse
3167 2821 3347 2877 dicere
3368 2836 3477 2875 non
3498 2819 3661 2876 debe-

2044 2909 2150 2981 ‘tis,
2204 2909 2329 2981 quia
2358 2909 2405 2965 si
2434 2910 2576 2966 hanc
2622 2910 3001 2982 aequanimiter
3046 2918 3346 2980 portamus,
3391 2908 3661 2965 universae

2062 2997 2326 3054 Ecclesiae
2376 2996 2541 3053 ﬁdem
2589 2997 3009 3069 corrumpimus.
3060 2997 3221 3054 Scitis
3268 2996 3410 3052 enim
3451 2996 3657 3069 quanti,

2063 3102 2173 3142 non
2202 3086 2380 3141 solum
2408 3086 2668 3153 haeretici,
2703 3087 2799 3141 sed
2829 3086 2990 3141 etiam
3010 3085 3389 3141 haeresiarchas
3419 3085 3489 3141 de
3519 3085 3663 3141 Con-

2064 3173 2542 3245 stantinopolitana
2569 3173 2818 3230 Ecclesia
2846 3182 2973 3229 sunt
3002 3172 3250 3245 egressi;
3284 3181 3337 3228 et
3364 3180 3425 3227 ut
3454 3172 3525 3229 de
3553 3173 3660 3228 ho-

2060 3263 2209 3318 noris
2236 3262 2405 3317 vestri
2434 3262 2629 3332 injuria
2659 3270 2885 3333 taceam,
2919 3262 2965 3316 si
3000 3279 3140 3317 unus
3172 3261 3460 3333 episcopus
3487 3276 3661 3318 voca-

2062 3346 2149 3407 tur
2191 3350 2535 3417 universalis,
2585 3350 2844 3407 universa
2885 3350 3136 3408 Ecclesia
3180 3350 3399 3418 corruit,
3445 3349 3492 3405 si
3520 3366 3661 3405 unus

2062 3440 2368 3508 universus,
2419 3438 2582 3497 cadit.
2617 3440 2726 3495 Sed
2756 3440 2895 3495 absit
2923 3441 3043 3496 haec
3070 3439 3324 3506 stultitia,
3377 3439 3518 3494 absit
3543 3440 3664 3495 haec

2062 3528 2252 3585 levitas
2275 3529 2343 3583 ab
2372 3528 2593 3583 auribus
2622 3527 2777 3583 meis.
2837 3529 2898 3583 In
2928 3527 3298 3599 omnipotente
3331 3534 3514 3582 autem
3544 3526 3661 3582 Do-

2062 3618 2212 3673 mino
2241 3615 2477 3685 conﬁdo,
2527 3617 2656 3690 quia
2681 3617 2828 3688 quod
2856 3616 3105 3688 promisit
3153 3616 3310 3672 citius
3337 3615 3663 3688 impleturus

2065 3715 2148 3763 est
2178 3724 2192 3763 :
2226 3707 2420 3764 Omnis
2449 3709 2545 3779 qui
2572 3722 2630 3763 se
2660 3707 2903 3773 exultat,
2938 3706 3360 3762 hnmiliabitur.
3397 3727 3419 3753 η

2634 3852 2862 3909 CAPUT
2898 3852 3097 3908 XVIII.

2073 3952 2222 4022 Quod
2248 3951 2470 4008 insana:
2490 3953 2701 4007 mentis
2724 3951 2977 4008 homines
2993 3966 3098 4024 per
3116 3949 3581 4008 indiscretionem
3599 3947 3664 4005 in

2386 4041 2698 4112 Seripturis
2729 4041 2947 4095 sanctis
2976 4043 3335 4096 erraverunt.

2138 4154 2291 4209 Hanc
2318 4154 2686 4224 evangelicam
2720 4150 3073 4218 sententiam,
3121 4152 3308 4219 frater,
3351 4151 3669 4224 intelligen-

2067 4251 2151 4298 ter
2178 4243 2393 4298 attende
2424 4250 2477 4297 et
2508 4240 2771 4297 tenaciter
2797 4248 2981 4296 mente
3010 4240 3283 4307 reconde;
3312 4241 3409 4295 sed
3440 4247 3493 4295 et
3521 4240 3669 4295 illam

2070 4332 2216 4387 beati
2263 4330 2537 4404 Gregorii,
2585 4344 2751 4402 quam
2792 4336 2851 4384 ut
2898 4329 3060 4400 paulo
3107 4335 3232 4384 ante
3286 4327 3489 4402 legisti,
3542 4327 3671 4384 huic

2070 4420 2405 4494 evangelica:
2434 4419 2717 4476 sententia:
2747 4417 3023 4488 subjunxit
3047 4418 3237 4474 dicens
3270 4435 3284 4472 :
3319 4439 3343 4470 α
3382 4416 3508 4474 Scio
3541 4415 3671 4488 quia

372 4510 624 4578 dulcedo,
659 4526 781 4583 quae
805 4509 1060 4576 charitas,
1110 4507 1157 4562 si
1185 4507 1549 4578 nosmetipsos
1578 4522 1713 4563 voce
1741 4504 1959 4561 refove-
1989 4500 2048 4565 D
2072 4510 2326 4583 quaelibet
2362 4509 2524 4566 elatio
2573 4517 2723 4565 tanto
2772 4508 2930 4565 citius
2976 4507 3263 4580 rumpitur,
3316 4513 3516 4578 quanto
3545 4520 3668 4560 am-

371 4618 515 4669 mus,
548 4608 602 4656 et
630 4600 798 4654 rebus
827 4598 1121 4670 pungimus
1141 4596 1169 4651 ?
1192 4620 1212 4645 »
1237 4599 1304 4652 Et
1332 4597 1385 4650 in
1416 4595 1645 4667 epistola
1675 4596 1745 4651 ad
1772 4594 1968 4650 Mauri-

370 4689 505 4746 tium
535 4690 839 4760 Augustum
869 4688 988 4759 (lib.
1021 4702 1097 4756 vr,
1130 4687 1249 4742 ind.
1285 4688 1370 4754 15,
1405 4686 1569 4758 epist.
1602 4685 1692 4756 30)
1726 4703 1738 4739 :
1767 4706 1789 4735 α
1810 4686 1971 4740 Eum-

374 4780 519 4850 dem,
550 4777 745 4851 inquit,
776 4776 999 4832 fratrem
1028 4783 1082 4832 et
1120 4774 1567 4832 consacerdotem
1595 4790 1777 4830 meum
1816 4773 1971 4847 (quin

375 4868 665 4941 Cyriacum
697 4865 1354 4938 Constantinopolitanum
1373 4865 1710 4941 episcopum)
1732 4863 1970 4918 studiose

375 4957 672 5013 admonere
701 4955 909 5022 curavi,
941 4961 998 5010 ut
1029 4954 1075 5011 si
1103 4954 1304 5010 habere
1332 4968 1528 5025 pacem
1562 4952 1801 5009 omnium
1832 4967 1969 5008 con-

375 5047 726 5117 cordiamque
753 5044 1049 5113 desiderat,
1083 5044 1151 5100 ab
1174 5043 1322 5099 stulti
1349 5042 1601 5099 vocabuli
1632 5058 1691 5098 se
1722 5041 1971 5113 appella-

378 5136 523 5192 tione
552 5141 882 5206 compescat.
916 5134 997 5190 De
1027 5148 1136 5205 qua
1162 5148 1221 5188 re
1250 5132 1383 5187 mihi
1411 5132 1467 5187 in
1496 5131 1611 5187 suis
1634 5131 1971 5201 jussionibus

380 5224 723 5280 dominomm
761 5222 932 5295 pietas
960 5222 1217 5294 praecepit
1247 5221 1458 5288 dicens,
1511 5228 1567 5275 ut
1592 5236 1694 5291 pro
1723 5218 1971 5292 appella-

380 5314 525 5370 tione
571 5311 749 5368 frivoli
777 5311 1014 5367 nominis
1060 5311 1202 5367 inter
1230 5326 1331 5365 nos
1360 5308 1677 5366 scandalum
1720 5308 1973 5380 generari

380 5417 487 5458 non
537 5401 752 5457 debeat.
785 5401 893 5457 Sed
921 5416 1057 5473 rogo
1098 5408 1157 5455 ut
1201 5396 1497 5470 imperialis
1542 5397 1717 5469 pietas
1758 5404 1967 5469 penset,

381 5490 509 5562 quia
539 5489 645 5546 alia
675 5498 799 5546 sunt
827 5489 1024 5547 frivola
1053 5488 1210 5545 valde
1239 5486 1477 5554 innoxia,
1503 5493 1666 5558 atque
1686 5485 1791 5542 alia
1810 5487 1972 5542 vehe-

383 5597 598 5646 menter
626 5590 835 5648 nociva.
876 5588 1135 5662 Nunquid
1177 5604 1307 5658 non,
1357 5602 1480 5644 cum
1520 5601 1580 5644 se
1610 5583 1973 5643 Antichristus

2067 4600 2212 4672 plius
2238 4598 2473 4654 inﬂatur.
2513 4620 2535 4649 ν
2589 4600 2944 4671 Recognosce
2975 4597 3142 4671 igitur
3173 4595 3397 4651 modum
3424 4602 3477 4651 et
3504 4608 3666 4650 men-

2071 4706 2257 4747 suram
2287 4698 2452 4756 tuam,
2485 4688 2582 4743 tibi
2627 4703 2660 4744 a
2704 4689 2821 4743 Deo
2846 4704 2947 4758 per
2974 4700 3209 4742 canones
3247 4699 3440 4740 sacros
3469 4684 3667 4741 decre-

2070 4787 2201 4847 tam,
2234 4786 2290 4835 et
2320 4787 2436 4834 esto
2466 4777 2682 4833 humilis
2711 4776 2766 4831 in
2794 4775 2965 4832 oculis
3011 4774 3137 4841 tuis,
3189 4772 3476 4829 attendens
3520 4772 3668 4845 quod

2070 4868 2335 4924 Dominus
2374 4866 2506 4923 dixit
2542 4865 2690 4922 Sauli
2714 4883 2726 4919 :
2751 4866 2946 4921 Nonne
2971 4880 3101 4918 cum
3130 4878 3277 4919 esses
3294 4863 3571 4936 parvulus
3603 4863 3668 4919 in

2071 4951 2250 5015 oculis
2273 4957 2406 5025 tuis,
2421 4959 2593 5029 caput
2613 4957 2676 5010 in
2693 4954 2869 5009 Israel
2884 4952 2997 5024 feci
3019 4955 3072 5009 te
3089 4956 3111 5008 Υ
3131 4951 3182 5023 (Ι
3192 4954 3318 5025 Reg.
3338 4951 3491 5022 xm.)
3510 4952 3668 5008 Nunc

2071 5047 2200 5119 quia
2225 5062 2458 5117 magnus
2486 5061 2546 5100 es
2567 5042 2711 5113 apud
2732 5049 2804 5109 te,
2824 5041 3002 5113 abjeci
3022 5044 3076 5097 te
3096 5057 3168 5098 ne
3193 5043 3270 5098 sis
3291 5057 3418 5097 rex.
3441 5040 3513 5095 Et
3530 5039 3667 5096 istos

2070 5144 2286 5192 veteres
2303 5142 2355 5190 et
2376 5140 2648 5190 emortuos
2663 5130 2930 5197 cineres,a
2951 5129 3121 5187 sacris
3143 5128 3442 5187 canonibus
3461 5128 3665 5184 dudum

2071 5225 2329 5297 sepultos,
2364 5237 2554 5278 eorum
2584 5219 2679 5291 qui
2705 5226 2898 5276 contra
2925 5218 3175 5292 praelatos
3203 5233 3334 5275 suos
3362 5217 3669 5273 rebellave-

2072 5322 2215 5379 runt,
2249 5310 2431 5368 moliri
2460 5308 2664 5366 desiste
2690 5308 3039 5366 resuscitare.
3078 5308 3187 5364 Sed
3216 5307 3381 5363 timeo
3409 5304 3667 5378 quoniam

2071 5417 2138 5457 ea
2165 5417 2284 5473 quae
2314 5414 2447 5455 vera
2475 5407 2526 5454 et
2554 5397 2779 5454 humilia
2806 5405 2930 5453 sunt
2956 5397 3147 5455 videre
3176 5410 3284 5452 non
3312 5393 3534 5466 poteris,
3578 5393 3664 5449 al-

2072 5489 2332 5564 buginem
2378 5487 2589 5544 habens
2634 5484 2690 5543 in
2740 5487 2919 5557 oculo,
2965 5485 3022 5542 id
3066 5491 3151 5541 est
3194 5482 3560 5557 arrogantiam
3608 5480 3663 5536 in

2072 5586 2273 5638 mente.
2305 5577 2461 5636 Unde
2488 5575 2754 5635 Dominus
2769 5575 2840 5633 ad
2859 5576 3103 5647 Moysem
3122 5572 3253 5629 dicit
3283 5589 3297 5627 :
3335 5570 3440 5640 Qui
3465 5569 3663 5627 habite-
