4164 6322
498 255 669 336 351'

1452 277 1796 336 HINCMARI
1825 275 2228 334 RHEMENSIS
2255 277 2808 346 ARCHIEPISCOPI.

3700 279 3810 334 352

503 407 585 462 rit
599 405 995 476 albuginemin
1011 405 1324 471 oculo,non
1340 403 1726 478 oﬂ‘eratpanes
1737 407 1846 460 Deo
1859 419 2098 471 suo,nec
2124 401 2182 463 A
2204 419 2382 474 neque
2413 421 2579 460 unum
2636 405 2910 460 Christum
2939 405 2996 459 in
3026 405 3204 461 Verbo
3233 405 3335 460 Dei
3361 412 3416 460 et
3443 419 3607 460 carne
3639 413 3807 478 atque

501 493 737 550 accedat
762 493 834 548 ad
851 495 1244 554 ministerium
1265 496 1386 558 eius
1417 494 1616 563 (Levii.
1640 494 1786 563 xxi).
1813 491 1934 562 Qua
1957 493 2026 548 de
2046 507 2108 546 re

500 581 718 638 inculco
745 581 840 636 tibi
869 582 1191 637 sententiam
1220 581 1363 636 beati
1409 581 1698 653 Augustini
1727 582 1798 636 ad
1831 581 2107 636 lulianum

497 669 813 742 episcopum
821 671 1074 740 juvenem
1082 679 1156 740 ,et
1167 686 1267 742 per
1277 670 1590 741 superbiam
1602 670 1745 726 male
1759 670 2102 739 sentientem,

500 759 571 814 ab
593 759 842 815 Ecclesia
859 759 1127 816 catholica
1152 766 1524 832 segregatum,
1559 759 1613 812 in
1641 759 1749 814 alio
1775 759 1980 829 scripto
1990 759 2106 827 jam

501 863 534 902 a
564 855 617 903 te
647 847 866 914 lectam,
899 847 997 903 sed
1026 847 1234 903 utinam
1261 863 1370 903 non
1399 848 1730 919 neglectam.
1787 871 1808 895 «
1848 845 2100 916 Quando,

501 935 696 1007 inquit,
729 935 1130 992 animositatem
1160 951 1266 1008 qua
1287 937 1494 992 teneris
1515 935 1731 1002 viceris,
1755 943 1883 991 tunc
1912 935 2103 992 verita-

500 1031 612 1079 tem
649 1024 856 1094 poteris
887 1031 1074 1080 tenere
1103 1040 1206 1095 qua
1237 1025 1494 1080 vinceris.
1545 1023 1717 1093 Quam
1760 1024 1968 1080 scilicet
2000 1041 2101 1080 ve-

506 1111 722 1167 ritatem
763 1112 809 1166 si
857 1112 1047 1169 relicta
1075 1112 1416 1167 animositate
1447 1128 1554 1169 non
1591 1112 1850 1180 tenueris,
1897 1113 2112 1174 discre:

503 1200 706 1256 tionem
733 1200 790 1255 in
820 1201 1022 1256 sanctis
1053 1200 1344 1270 Seripturis
1387 1207 1441 1255 et
1478 1200 1532 1254 in
1565 1201 1734 1256 sacris
1761 1201 1968 1273 regulis
1998 1203 2099 1255 ha-

503 1288 638 1343 bere
667 1304 776 1344 non
804 1288 1024 1359 poteris,
1059 1289 1197 1344 sicut
1221 1304 1324 1344 nec
1343 1287 1422 1343 illi
1443 1288 1534 1360 qui
1566 1305 1660 1344 eas
1689 1289 1923 1345 discrete
1944 1289 2100 1344 intel-

504 1377 676 1450 ligere
705 1376 1012 1442 noluerunt,
1048 1383 1101 1432 et
1129 1377 1252 1432 ideo
1282 1385 1600 1432 erraverunt
1631 1377 1848 1449 quidam
1877 1393 2094 1446 eorum,

501 1481 666 1521 voces
721 1465 1033 1521 earumdem
1091 1465 1496 1536 Scripturarum
1552 1482 1664 1521 non
1718 1465 2094 1522 discernendo.

504 1549 656 1606 Sicut
683 1549 788 1605 hoc
818 1549 963 1621 quod
995 1549 1260 1604 Dominus
1289 1550 1419 1606 dicit
1451 1567 1462 1606 :
1497 1552 1604 1622 Ego
1633 1555 1691 1606 et
1716 1553 1890 1606 Pater
1917 1567 2098 1606 unum

503 1653 700 1694 sumus
721 1636 904 1710 (Joan.
927 1639 1010 1708 x),
1043 1639 1203 1692 Arius
1222 1639 1424 1694 dictum
1456 1639 1525 1694 de
1553 1638 1756 1694 unitate
1787 1639 2098 1712 substantiae

2208 492 2388 546 anima
2432 494 2682 560 credens,
2730 495 2827 550 sed
2858 494 3150 565 separatim
3179 494 3413 550 alterum
3443 493 3635 548 Filium
3673 493 3798 559 Dei,

2207 579 2441 638 alterum
2469 581 2706 638 hominis
2732 583 3060 654 praedicans.
3095 581 3325 650 Quidam
3355 582 3612 638 nimirum
3650 582 3807 654 ipsas

2208 669 2518 741 Scripturas
2545 671 2732 726 verbis
2761 671 2960 727 illicitis
2981 671 3493 742 imposturaverunt,
3526 671 3666 727 sicut
3691 671 3801 726 Ma-

2205 759 2468 814 cedonius
2524 759 3150 832 Constantinopolitanus
3207 759 3523 832 episcopus,
3583 761 3676 833 qui
3731 760 3804 814 ab

2204 847 2492 904 Anastasio
2522 848 2850 920 imperatore
2880 849 3003 906 ideo
3047 865 3078 904 a
3123 849 3340 905 civitate
3369 849 3626 920 expulsus
3653 848 3804 922 legi-

2203 943 2309 1006 tur,
2359 937 2617 1008 quoniam
2659 938 2873 993 falsavit
2913 937 3232 1009 Evangelia,
3278 945 3332 992 et
3360 937 3514 992 illum
3556 937 3806 1008 Apostoli

2203 1023 2382 1081 locum
2401 1026 2493 1080 ubi
2505 1027 2632 1082 dicit
2651 1045 2663 1080 :
2688 1027 2839 1094 Quod
2853 1027 3120 1100 apparuit
3131 1029 3195 1082 in
3212 1043 3402 1093 carne,
3415 1029 3513 1100 jus
3521 1028 3806 1096 tiﬁcatum

2203 1119 2286 1169 est
2303 1117 2366 1170 in
2389 1116 2598 1187 spiritu
2617 1117 2669 1185 (Ι
2682 1118 2815 1172 Tim.
2842 1117 2945 1186 ni),
2969 1131 3067 1187 per
3085 1115 3468 1188 cognationem
3489 1115 3808 1172 Graecarum

2201 1201 2502 1258 litterarum
2529 1227 2562 1266 ο
2594 1212 2644 1260 et
2671 1225 2704 1264 θ
2732 1205 2838 1260 hoc
2887 1205 3050 1260 modo
3097 1204 3357 1260 mutando
3403 1203 3640 1259 falsavit.
3697 1203 3808 1259 Ubi

2203 1291 2347 1346 enim
2377 1292 2562 1347 habuit
2593 1293 2704 1364 qui,
2747 1293 2851 1349 hoc
2880 1301 2979 1362 est,
3011 1315 3044 1353 o
3078 1317 3128 1359 Σ,
3162 1291 3596 1364 monosyllabum
3635 1293 3797 1348 Grae-

2203 1395 2346 1446 cum,
2399 1380 2576 1436 littera
2621 1389 2824 1437 mutata
2852 1400 2884 1438 o
2923 1382 2978 1436 in
3009 1403 3042 1440 θ
3081 1383 3241 1436 vertit
3289 1389 3342 1436 et
3387 1379 3514 1436 fecit
3577 1403 3610 1442 θ
3640 1405 3694 1450 ε,
3739 1381 3797 1436 id

2201 1477 2302 1534 est,
2335 1477 2392 1523 ut
2422 1478 2568 1526 esset
2597 1471 2744 1525 Deus
2765 1471 3015 1542 apparuit
3039 1487 3140 1541 per
3167 1485 3388 1526 carnem
3417 1487 3430 1523 :
3465 1477 3802 1542 quapropter

2199 1563 2456 1629 tanquam
2485 1558 2845 1614 Nestorianus
2873 1557 2971 1613 fuit
3000 1558 3278 1630 expulsus.

2271 1647 2338 1700 Et
2367 1647 2534 1702 multa
2562 1647 2662 1702 alia
2701 1656 2825 1702 sunt
2853 1648 2908 1702 in
2941 1648 3251 1718 Scripturis,
3294 1648 3362 1704 de
3405 1647 3601 1720 quibus
3648 1649 3796 1703 male

504 1743 685 1782 unum
701 1725 1007 1798 intelligere
1028 1727 1503 1818 noluit,Sabellius
1519 1728 1587 1784 ad
1601 1744 1958 1818 personarum
1975 1744 2098 1798 pro—
2135 1757 2189 1818 B
2215 1735 2580 1808 intelligentes
2642 1735 2956 1792 scandalum
3017 1737 3121 1792 sibi
3177 1745 3539 1808 sumpserunt,
3587 1744 3640 1792 et
3682 1736 3808 1810 quia

505 1815 789 1885 prietatem
816 1832 1014 1870 sumus
1046 1830 1155 1870 non
1185 1815 1379 1882 retulit,
1405 1823 1459 1870 et
1479 1824 1708 1886 uterque
1735 1815 1942 1871 idcirco
1963 1831 2103 1872 erra-

503 1901 595 1956 vit.
630 1903 690 1956 In
720 1902 926 1957 unitate
952 1918 1170 1974 quoque
1199 1903 1358 1958 unius
1389 1903 1738 1976 ejusdemque
1766 1919 2018 1974 personae
2037 1920 2102 1959 ex

503 1989 715 2045 duabus
745 1998 799 2046 et
827 1991 882 2044 in
913 1991 1128 2046 duabus
1157 1992 1488 2060 substantiis,
1513 1991 1569 2046 id
1599 1999 1681 2048 est
1709 1993 1936 2062 naturis,
1970 1992 2100 2048 divi-

507 2077 693 2134 nitatis
741 2079 948 2152 scilicet
987 2088 1040 2134 et
1083 2080 1446 2146 humanitatis,
1499 2081 1804 2136 subsistens
1842 2081 2104 2136 Dominus

505 2173 698 2221 noster
762 2167 920 2222 Jesus
983 2167 1230 2222 Christus
1255 2211 1268 2232 ,
1337 2169 1443 2224 hoc
1507 2169 1653 2241 quod
1718 2169 1846 2224 item
1909 2169 2098 2224 dixit:

502 2255 678 2310 Pater
705 2257 889 2327 major
915 2272 1006 2312 me
1033 2261 1118 2312 est
1147 2257 1332 2327 (Joan.
1365 2259 1508 2327 xxv).
1542 2257 1704 2312 Arius
1735 2274 1844 2312 non
1865 2257 2104 2312 humani-

499 2341 622 2410 tati,
658 2343 756 2398 sed
784 2342 1051 2399 divinitati
1079 2345 1348 2415 ascripsit,
1391 2353 1445 2400 et
1474 2345 1596 2401 ideo
1624 2345 1907 2419 indignam
1937 2347 2104 2402 vitam

501 2429 672 2503 digna
719 2439 892 2486 morte
938 2430 1127 2506 ﬁnivit.
1184 2431 1412 2502 Quidam
1459 2449 1592 2489 vero
1643 2450 1828 2490 eorum
1883 2435 2102 2490 easdem

500 2517 807 2590 Scripturas
834 2520 979 2576 male
1025 2520 1448 2592 interpretando,
1502 2523 1638 2577 sicut
1684 2523 1878 2578 beatus
1908 2524 2101 2578 Petrus

501 2606 570 2663 de
599 2607 774 2662 sancti
805 2608 955 2664 Pauli
984 2609 1242 2681 Epistolis
1271 2609 1404 2665 dixit
1437 2629 1449 2664 :
1485 2611 1548 2666 In
1579 2613 1793 2683 quibus,
1829 2612 2099 2684 inquiens,

501 2699 642 2751 sunt
671 2684 928 2768 quaedam
947 2698 1202 2768 difﬁcilia
1221 2699 1293 2754 ad
1308 2699 1768 2770 intelligendum,
1805 2717 1928 2773 qua:
1944 2701 2097 2756 indo-

493 2785 575 2839 cti
593 2787 648 2839 et
660 2785 955 2840 instabiles
967 2787 1452 2858 depravant,sicut
1470 2792 1526 2843 et
1537 2793 1768 2843 caeteras
1787 2789 2098 2860 scripturas

499 2872 572 2926 ad
589 2888 756 2927 suam
775 2875 1028 2944 ipsorum
1046 2874 1421 2946 perditionem
1438 2877 1512 2946 (II
1531 2879 1684 2932 Petr.
1709 2877 1812 2946 in).
1845 2875 2103 2932 Dit’ﬁcilia

498 2967 678 3015 autem
733 2960 1006 3017 intellectu
1032 2962 1087 3017 in
1116 2963 1377 3034 Epistolis
1405 2963 1574 3034 Pauli,
1621 2981 1742 3036 quae
1770 2965 1837 3019 ab
1868 2965 2101 3022 indoctis

2207 1823 2496 1879 noluerunt
2522 1823 2640 1880 fieri
2669 1824 2918 1896 discipuli
2947 1825 3210 1891 veritatis,
3251 1825 3495 1898 magistri
3525 1833 3648 1880 sunt
3675 1825 3805 1880 facti

2205 1912 2431 1968 erroris.
2469 1913 2619 1968 Sicut
2647 1914 2716 1968 de
2745 1914 2850 1969 hoc
2883 1914 3026 1984 quod
3055 1913 3186 1969 dicit
3215 1913 3508 1985 Apostolus
3539 1929 3553 1970 :
3585 1913 3797 1970 Media-

2207 2005 2296 2059 tor
2315 2003 2416 2058 Dei
2436 2006 2603 2075 atque
2624 2002 2919 2062 hominum
2939 2003 3099 2059 homo
3125 2003 3380 2058 Christus
3399 2005 3559 2059 Jesus
3587 2002 3638 2074 (Ι
3658 2005 3799 2059 Tim.

2205 2090 2288 2160 ii),
2349 2106 2458 2162 quo
2515 2090 2825 2146 testimonio
2882 2091 2953 2146 ad
2997 2091 3369 2147 auctoritatem
3411 2092 3637 2147 haeresis
3686 2108 3805 2148 suae

2202 2178 2464 2234 Photinus
2491 2187 2574 2234 est
2603 2195 2730 2235 usus
2755 2199 2769 2246 ;
2818 2186 2870 2235 et
2899 2180 2967 2234 dc
2995 2179 3240 2250 Epistola
3269 2181 3336 2234 ad
3379 2179 3759 2252 Philippenses
3788 2221 3803 2249 ,

2205 2267 2400 2323 habitu
2419 2273 2678 2338 repertus
2696 2273 2760 2324 ut
2772 2269 2931 2325 homo
2945 2267 3428 2341 (cap.u),Marcion
3448 2269 3801 2339 phantasiam

2203 2355 2452 2426 corporis
2483 2355 2766 2411 confessus
2798 2365 2881 2412 est
2909 2373 3031 2412 esse
3058 2357 3114 2411 in
3144 2356 3386 2424 Christo,
3433 2373 3542 2412 non
3573 2373 3799 2429 corpus.

2203 2441 2311 2498 Sed
2341 2451 2394 2498 et
2425 2443 2674 2514 Agnoitaa
2703 2444 2942 2500 haeretici
2973 2445 3076 2500 hoc
3096 2444 3166 2499 ad
3189 2461 3344 2499 suum
3366 2443 3803 2500 conﬁrmandum

2201 2545 2442 2587 errorem
2487 2533 2825 2603 protulerunt
2871 2534 3017 2606 quod
3045 2535 3248 2589 dictum
3277 2541 3358 2590 est
3392 2552 3406 2588 :
3441 2537 3514 2590 De
3558 2535 3646 2590 die
3695 2553 3806 2590 au-

2205 2625 2315 2676 tem
2332 2626 2388 2676 et
2409 2622 2546 2677 hora
2565 2637 2728 2678 nemo
2749 2624 2878 2688 scit,
2903 2639 3080 2694 neque
3103 2624 3293 2694 angeli
3314 2624 3378 2678 in
3398 2624 3572 2688 cretis,
3594 2639 3699 2679 nec
3719 2624 3805 2678 Fi-

2204 2709 2335 2777 lius,
2360 2711 2475 2765 nisi
2495 2713 2666 2766 Pater
2684 2713 2836 2766 solus
2857 2710 3076 2784 (Matth.
3113 2710 3314 2780 xxrv);
3345 2719 3395 2766 et
3418 2711 3487 2766 de
3517 2711 3621 2767 hoc
3652 2711 3801 2782 quod

2201 2797 2257 2851 in
2295 2797 2496 2853 Genesi
2518 2799 2776 2869 scriptum
2805 2806 2906 2867 est,
2952 2803 3076 2869 post
3124 2804 3347 2856 noctem
3376 2800 3526 2856 diem
3555 2805 3804 2872 coeptum

2199 2884 2360 2954 (Gen.
2403 2891 2465 2954 ι),
2513 2888 2764 2942 tenebras
2793 2903 3002 2944 comvas
3051 2889 3186 2953 Deo,
3239 2888 3330 2959 qui
3361 2888 3802 2945 inaccessibilem

2200 2974 2378 3030 lucem
2398 2975 2632 3045 habitat,
2666 2976 2914 3031 dixerunt
2944 2976 3205 3032 haeretici.
3253 2978 3320 3032 Et
3351 2993 3417 3032 ex
3449 2992 3514 3032 eo
3542 2977 3691 3049 quod
3721 2978 3797 3032 ibi

498 3055 554 3103 et
577 3047 931 3139 lnﬁahﬂibus
955 3050 1092 3139 die“
1123 3051 1432 3122 ἀθρτθνθίθν
1482 3053 1576 3108 illa
1622 3060 1745 3107 sum
1775 3055 2012 3108 maXime
2043 3055 2097 3108 in
2141 3063 2405 3139 ndictum
2434 3072 2516 3120 est
2549 3083 2562 3120 :
2594 3066 2890 3122 Faciamus
2921 3066 3207 3122 hominem
3227 3065 3303 3122 ad
3312 3047 3624 3139 imaginem
3643 3071 3701 3122 et
3725 3069 3803 3124 si-

497 3136 694 3226 quibus
723 3139 792 3193 de
821 3138 1002 3210 gratia
1047 3140 1145 3195 Dei
1173 3140 1411 3212 loquitur
1439 3158 1560 3213 quae
1585 3141 1844 3210 iustiﬁcat
1873 3143 2090 3214 impios,
2139 3115 2188 3178 C
2210 3153 2600 3210 militudinem
2616 3159 2872 3211 nostram
2893 3156 3092 3226 (ibid),
3116 3155 3362 3212 diabolus
3383 3115 3617 3226 ριῗίηιιιηι
3631 3156 3804 3211 homi-

499 3223 604 3281 hoc
637 3233 719 3280 est
736 3241 798 3281 ex
821 3227 1002 3298 impiis
1025 3226 1149 3282 facit
1161 3229 1359 3296 justos.
1385 3230 1525 3284 Dicit
1555 3231 1698 3285 enim
1721 3231 1838 3302 ipse
1859 3231 2053 3286 Paulus
2077 3250 2090 3286 :

505 3314 598 3372 Ubi
609 3318 804 3370 autem
815 3315 1126 3371 abundavit
1140 3321 1455 3388 peccatum,
1478 3320 1958 3390 superabundavit
1973 3338 2095 3392 gra-

507 3402 588 3456 tia
617 3401 795 3472 (Rom.
830 3403 927 3473 v);
961 3403 1106 3474 quod
1137 3403 1339 3460 indocti
1371 3413 1425 3459 et
1453 3406 1733 3462 instabiles
1761 3423 1871 3462 non
1899 3408 2096 3463 intelli-

503 3496 718 3562 gentes,
769 3491 1038 3562 putabant
1085 3509 1209 3548 eum
1275 3493 1479 3560 dicere,
1531 3494 1814 3550 Faciamus
1863 3496 2008 3571 mala
2034 3505 2093 3552 ut

497 3577 716 3634 veniant
743 3578 908 3636 bona.
942 3581 1098 3636 Absit
1127 3589 1306 3638 autem
1338 3589 1392 3636 ut
1421 3583 1622 3639 Paulus
1649 3600 1778 3639 suos
1817 3585 2096 3642 auditores

498 3669 861 3738 promerenda
902 3669 1042 3726 bona
1082 3671 1274 3726 doceat
1303 3670 1486 3728 facere
1514 3674 1676 3739 mala,
1728 3674 1882 3742 cujus
1921 3675 2096 3729 omnis

499 3754 726 3811 intentio
783 3764 866 3812 est
909 3772 943 3811 a
990 3758 1148 3813 malis
1195 3775 1472 3830 coercere,
1523 3769 1576 3816 et
1613 3761 1684 3816 ad
1712 3762 1858 3818 bona
1885 3764 2098 3834 agenda

496 3858 850 3916 quoscunque
880 3853 1060 3916 potest
1103 3847 1390 3904 advocare.
1443 3849 1553 3904 Sed
1598 3864 1721 3904 cum
1767 3849 1896 3906 dicit
1944 3869 1957 3905 :
2004 3853 2098 3910 Ubi

497 3935 694 3988 autem
714 3933 1025 3990 abundavit
1039 3941 1365 4008 peccatum,
1385 3939 1870 4010 superabundavit
1885 3943 2092 4010 gratia,

500 4021 703 4076 donum
731 4021 918 4092 gratiae
947 4039 1045 4094 per
1062 4024 1167 4080 hoc
1190 4025 1564 4080 vehementius
1585 4028 1950 4094 commendat,
1977 4047 2097 4101 quae

499 4115 553 4164 et
580 4124 778 4182 magna
811 4110 950 4166 solet
996 4112 1278 4168 conversis
1321 4121 1375 4170 et
1416 4115 1632 4170 minora
1661 4115 1934 4173 dimittere
1960 4134 2096 4188 pec-

497 4204 650 4264 cata;
685 4205 737 4254 et
767 4207 969 4270 quanto
1000 4199 1120 4272 quis
1149 4202 1356 4271 majora
1381 4211 1505 4259 ante
1537 4204 1944 4262 conversionem
1975 4222 2099 4278 pec-

497 4293 622 4342 cata
649 4288 941 4356 commisit,
967 4297 1114 4346 tanto
1136 4291 1402 4360 majorem
1421 4293 1613 4365 gratiae
1638 4295 1892 4350 donantis
1920 4295 2100 4351 indul-

498 4375 739 4448 gentiam
799 4393 1098 4434 conversus
1153 4379 1366 4450 accipit.
1409 4404 1430 4428 »
1505 4380 1738 4450 Quidam
1793 4391 1975 4440 autem
2030 4401 2098 4439 ex

2192 3258 2318 3297 nem
2344 3243 2705 3298 idololatriam
2751 3244 2934 3300 docuit
2960 3245 3149 3300 dicens
3199 3263 3211 3298 :

3263 3245 3438 3301 Eritis
3495 3247 3645 3302 sicut
3717 3245 3802 3302 dii

2196 3331 2354 3400 (Gen.
2407 3337 2508 3397 ni).
2558 3332 2628 3387 Et
2667 3333 2796 3404 quia
2843 3333 3157 3390 Mathusalm
3199 3333 3326 3388 anni
3357 3340 3571 3389 aetatem
3600 3333 3799 3389 diluvii

2195 3420 2482 3487 excedunt,
2517 3437 2624 3475 non
2666 3429 2872 3476 tantum
2912 3429 3034 3478 octo
3083 3423 3276 3478 animae
3323 3431 3618 3479 reservatae
3663 3431 3801 3478 sunt

2195 3509 2377 3563 dictas.
2415 3510 2484 3563 Et
2505 3509 2770 3564 clamores
2799 3509 3160 3566 Sodomorum
3181 3510 3398 3581 repletis
3414 3511 3528 3580 jam
3547 3513 3793 3582 peccatis

2197 3597 2345 3652 Deus
2374 3597 2621 3665 audiens,
2654 3606 2906 3670 tanquam
2934 3599 3197 3670 ignorans
3225 3600 3538 3666 clamorem,
3569 3601 3798 3657 descen-

2197 3684 2274 3740 dit
2303 3694 2358 3740 ut
2380 3685 2588 3742 videret
2616 3702 2686 3742 an
2715 3687 2877 3758 plena
2908 3697 3110 3742 essent.
3143 3689 3210 3742 Et
3242 3689 3386 3760 quod
3417 3688 3591 3760 Moysi
3621 3689 3802 3760 sepul-

2195 3790 2350 3830 crum
2379 3791 2540 3830 nemo
2571 3775 2776 3846 scierit,
2809 3793 2910 3832 nec
2941 3778 3101 3832 etiam
3133 3777 3457 3848 sepelientes
3487 3777 3799 3848 sepultum;

2197 3871 2251 3920 et
2291 3863 2377 3919 lex
2421 3864 2642 3920 diversa
2691 3865 2793 3919 sibi
2823 3865 2927 3936 ipsi
2955 3865 3022 3921 sit
3053 3866 3245 3930 hostis,
3296 3874 3348 3922 et
3387 3866 3657 3922 Dominus
3687 3883 3800 3922 non

2196 3952 2413 4008 mittere
2443 3953 2676 4022 potuerit
2707 3952 2965 4024 Spiritum
2995 3963 3260 4024 sanctum,
3322 3956 3391 4010 de
3421 3971 3530 4027 quo
3558 3955 3680 4026 ipse
3706 3972 3804 4011 na-

2197 4049 2284 4096 tus
2313 4041 2541 4112 legatur,
2575 4057 2676 4097 nec
2707 4051 2935 4098 mortem
2965 4044 3146 4116 gladio
3175 4043 3351 4099 usuris
3372 4043 3791 4114 denuntiaverit,

2199 4129 2290 4203 qui
2319 4130 2558 4200 gladium
2599 4147 2856 4201 passurus
2896 4133 3003 4188 emi
3039 4133 3332 4204 praecepit;
3363 4149 3465 4190 nec
3495 4133 3564 4188 ad
3591 4133 3798 4192 inferos

2198 4219 2500 4289 descendit,
2550 4221 2643 4292 qui
2672 4221 2728 4274 in
2758 4221 3012 4292 paradiso
3043 4227 3167 4277 cum
3212 4221 3419 4278 latrone
3447 4219 3701 4289 intravit;
3745 4232 3799 4278 et

2199 4307 2430 4378 apostoli
2461 4308 2806 4379 reperiuntur
2835 4310 2890 4364 in
2919 4309 3163 4377 crimine,
3197 4310 3288 4380 qui
3317 4310 3592 4380 baptizare
3621 4310 3676 4366 in
3706 4328 3800 4368 n0-

2197 4395 2344 4450 mine
2374 4396 2568 4462 Patris,
2603 4405 2656 4452 et
2685 4397 2822 4464 Filii,
2853 4405 2906 4452 et
2938 4398 3172 4468 Spiritus
3201 4398 3373 4454 sancti
3396 4399 3554 4468 jussi,
3587 4407 3798 4454 tantum

496 4461 705 4559 eisdem
761 4465 1042 4559 scripturis
1074 4467 1355 4559 lquzedam
1411 4479 1712 4559 eraserunt,
1774 4471 1842 4526 de
1896 4472 2093 4544 quibus
2121 4477 2250 4538 Din
2295 4485 2424 4538 Jesu
2468 4461 2686 4540 nomine
2717 4461 3128 4556 baptizaverunt
3160 4504 3172 4540 :
3210 4495 3260 4541 et
3291 4487 3359 4542 de
3387 4461 3493 4543 hoc
3521 4461 3665 4559 quod
3707 4488 3794 4544 di-

497 4551 707 4608 revinci
735 4553 1016 4620 timebant,
1041 4553 1182 4609 sicut
1205 4563 1417 4610 constat
1437 4558 1668 4613 Arianos
1699 4559 1768 4614 de
1796 4560 2099 4632 Evangelio

499 4641 731 4696 erasisse
781 4641 928 4713 quod
975 4641 1220 4698 Salvator
1248 4643 1324 4698 ait
1358 4661 1370 4698 :
1410 4647 1547 4714 Quia
1573 4649 1720 4702 Deus
1750 4650 1988 4720 spiritus
2017 4653 2102 4704 est

501 4727 684 4798 (Joan.
719 4729 822 4801 iv),
855 4731 1116 4802 quoniam
1147 4731 1374 4787 credere
1403 4733 1660 4789 nolebant
1689 4735 1835 4806 quod
1866 4735 2100 4806 Spiritus

500 4823 724 4870 sanctus
747 4818 897 4873 Deus
939 4827 1083 4874 esset
1129 4820 1494 4892 omnipotens.
1547 4822 1778 4891 Quidam
1825 4823 1986 4878 etiam
2031 4825 2099 4881 de

496 4902 746 4975 Epistola
773 4905 999 4962 Joannis
1031 4917 1310 4964 eraserunt
1344 4926 1357 4966 :
1389 4913 1460 4966 Et
1508 4913 1691 4968 omnis
1721 4913 1962 4985 spiritus
2005 4917 2101 4987 qui

500 4993 672 5049 solvit
699 4993 908 5059 Iesum,
943 5012 1018 5050 ex
1045 4999 1154 5052 Deo
1182 5015 1296 5054 non
1329 5003 1413 5056 est
1441 5000 1494 5070 (Ι
1516 5001 1676 5057 Joan.
1712 5005 1830 5071 tv);
1862 5018 1931 5058 ne
1961 5003 2101 5058 scili-

501 5087 589 5138 cet
644 5097 744 5152 per
789 5082 1161 5138 auctoritatem
1207 5086 1353 5141 beati
1400 5088 1622 5142 Joannis
1669 5089 2094 5149 revincerentur.

501 5169 658 5226 Unde
683 5169 970 5226 Nestorius
999 5172 1214 5229 nescire
1241 5191 1301 5229 se
1329 5175 1568 5246 prodidit
1598 5177 1739 5234 hanc
1774 5181 2098 5238 authenticis

505 5258 909 5330 exemplaribus
935 5259 1164 5316 inditam
1193 5260 1363 5318 fuisse
1392 5265 1736 5338 sententiam,
1787 5277 1944 5341 atque
1973 5271 2096 5327 ideo

501 5345 714 5402 solvere
745 5363 854 5402 non
893 5347 1068 5404 timuit
1100 5350 1306 5418 Jesum,
1347 5352 1534 5410 dicens
1573 5355 1786 5413 beatam
1830 5359 2098 5433 virginem

499 5443 732 5500 Mariam
779 5460 889 5501 non
937 5446 1058 5517 Dei,
1091 5447 1188 5505 sed
1217 5448 1451 5507 hominis
1498 5461 1704 5512 tantum
1753 5457 2092 5531 genitricem,

499 5547 560 5607 ut
585 5541 746 5601 aliam
775 5559 1065 5616 personam
1095 5545 1349 5621 hominis,
1399 5549 1560 5608 aliam
1601 5552 1808 5611 faceret
1835 5555 2048 5612 deitatis
2081 5575 2094 5611 :

2201 4580 2344 4627 ctum
2391 4580 2474 4627 est
2505 4589 2516 4627 :
2553 4575 2662 4645 Ego
2692 4576 2838 4629 Deus
2887 4592 3086 4631 creans
3117 4577 3272 4632 mala
3322 4576 3450 4647 (Isa.
3484 4576 3658 4648 va);
3693 4585 3748 4632 et
3780 4596 3794 4632 :

2204 4661 2354 4716 Fecit
2383 4663 2600 4727 omnia,
2634 4666 2690 4718 et
2715 4679 2838 4718 ecce
2869 4664 3008 4720 bona
3039 4665 3198 4720 valde
3227 4663 3391 4736 (Gen.
3425 4666 3486 4734 ι).
3526 4665 3597 4719 Et
3625 4666 3796 4721 multa

2201 4756 2323 4803 sunt
2343 4748 2447 4804 alia
2480 4767 2600 4822 quae
2629 4751 2854 4824 longum
2899 4759 2952 4807 et
2985 4769 3094 4808 non
3124 4755 3492 4809 necessarium
3526 4761 3607 4809 est
3635 4755 3796 4810 nobis

2200 4837 2364 4894 modo
2407 4840 2785 4911 adnumerare,
2835 4841 2902 4896 de
2952 4843 3146 4914 quibus
3194 4842 3588 4913 sapientissime
3633 4851 3795 4916 atque

2201 4926 2543 4984 sanctissime
2589 4929 2750 4984 dictis
2795 4929 2986 4986 insulsi
3047 4939 3100 4986 et
3145 4931 3394 4986 scelerati
3449 4932 3793 4989 tenebrosis—

2201 5015 2337 5072 sime
2367 5017 2722 5088 perditionem
2753 5033 2906 5074 suam
2937 5020 3344 5077 adinvenerunt.

2795 5165 3018 5222 CAPUT
3055 5166 3207 5221 XIX.

2205 5269 2355 5340 Quod
2393 5271 2456 5325 in
2493 5275 2826 5329 sanctarum
2875 5274 3251 5332 traditionum
3279 5277 3601 5333 sanctiones
3640 5278 3791 5332 male

2606 5363 2994 5436 intelligente:
3033 5366 3373 5420 erraverint.

2268 5465 2338 5520 Et
2363 5466 2506 5538 quia,
2542 5477 2599 5523 ut
2627 5469 2839 5525 Hilarus
2869 5485 3013 5541 papa
3039 5469 3188 5527 dicit.
3223 5471 3346 5527 Non
3376 5471 3556 5528 minus
3587 5449 3643 5528 in
3673 5488 3790 5529 san-

2199 5561 2405 5610 ctarum
2461 5556 2810 5615 traditionum
2867 5559 3176 5617 sanctiones
3218 5559 3566 5636 delinquitur,
3625 5578 3788 5637 quam
