4164 6308
313 247 417 301 353
955 243 1200 301 OPUSC.
1249 245 1342 300 ET
1396 240 1618 300 EPIST.
1677 241 1754 297 IN
1798 238 2030 297 CAUSA
2090 242 2436 304 HINCMARI
2489 247 2800 306 LAUDUN.
3403 307 3414 312 _
3516 253 3620 309 354

315 371 372 426 in
395 369 566 442 ipsius
582 368 800 425 Domini
821 368 1074 439 injuriam
1101 370 1400 442 prosilitur,
1433 369 1503 424 de
1538 365 1924 424 ecclesiasticis
1950 365 2008 425 A
2029 368 2133 424 ctis
2160 369 2400 426 alienum
2429 371 2767 438 doctoribus,
2799 372 2892 444 qui
2919 372 3034 429 sive
3063 371 3267 444 verbis,
3291 373 3410 430 sive
3437 389 3627 430 exem-

318 459 527 534 regulis
557 460 780 531 quidam
810 467 1157 530 sumpserunt
1191 458 1476 525 scandala,
1512 466 1563 512 et
1593 458 1830 512 hereses
1857 470 1923 511 ac
2017 457 2145 528 plis,
2181 459 2295 514 sive
2325 460 2485 515 etiam
2515 460 2733 532 scriptis
2757 504 2770 527 ,
2822 461 2968 516 viam
3014 461 3138 518 vite
3179 461 3499 519 mortalibus
3526 477 3628 534 pro

319 549 614 604 schismata
662 549 1066 617 condiderunt,
1136 547 1273 604 sicut
1336 547 1582 602 Meletius
1631 562 1665 601 a
1712 545 1923 616 synodo
2021 554 2328 616 temporum
2387 549 2652 606 varietate
2699 549 3227 606 demonstraverunt.
3292 551 3450 607 Unde
3495 558 3626 606 sunt

319 638 536 710 Egypti
567 637 946 710 episcoporum
963 637 1267 708 depositus,
1301 651 1335 690 a
1362 652 1470 708 quo
1501 633 1772 691 Meletiani
1801 640 1925 688 sunt
2020 634 2178 706 plura
2206 652 2316 692 non
2344 637 2522 694 solum
2550 637 2608 693 in
2635 639 2936 694 canonibus
2967 646 3128 709 atque
3165 638 3222 693 in
3254 639 3626 695 Romanorum

320 726 468 793 dicti,
502 726 596 798 qui
626 727 696 781 ab
729 743 794 782 eo
824 732 948 798 post
977 725 1374 796 depositionem
1405 741 1560 780 suam
1589 724 1807 778 fuerunt
1828 737 1924 778 or-
2019 723 2346 794 pontificum
2391 727 2628 782 decretis
2648 767 2662 796 ,
2693 727 2794 782 sed
2823 735 2876 782 et
2903 726 2960 782 in
2989 726 3201 781 Veteris
3245 741 3310 783 ac
3355 727 3496 784 Novi
3523 728 3629 784 Te-

321 814 510 883 dinati,
544 829 683 886 quos
707 815 929 871 Nicena
959 813 1200 886 synodus
1233 813 1334 868 sub
1364 813 1674 870 conditione
1701 811 1757 866 in
1786 827 1922 884 gra-

319 902 478 958 dibus
509 903 622 958 suis
653 903 898 974 recepit,
951 917 1018 958 ea
1061 902 1390 958 necessitate
1415 946 1426 968 ,
1461 919 1530 957 ne
1559 917 1684 958 cum
1713 898 1928 956 Arianis

323 1007 446 1048 cum
511 991 710 1064 quibus
765 991 940 1061 juncti
1007 990 1220 1046 fuerant
1283 979 1680 1059 remanentes,
1749 989 1927 1045 acrius

321 1079 630 1136 Ecclesiam
661 1079 984 1136 catholicam
1028 1079 1434 1152 impugnarent.
1489 1079 1596 1134 Sed
1641 1086 1694 1134 et
1737 1078 1927 1133 Nova-

323 1170 496 1225 tianos
524 1186 680 1242 eque
711 1169 812 1224 sub
841 1169 1151 1226 conditione
1182 1169 1424 1240 synodus
1461 1167 1725 1240 predicta
1771 1181 1928 1222 rece-

322 1259 416 1330 pit.
450 1259 579 1315 Hec
609 1258 754 1314 enim
785 1259 1013 1316 heresis
1042 1274 1076 1313 a
1103 1259 1312 1314 Novato
1356 1258 1680 1328 presbytero
1725 1257 1929 1312 Roma-

323 1364 408 1404 ne
437 1355 566 1404 tunc
594 1346 860 1403 Ecclesie
883 1389 897 1413 ,
945 1354 1138 1418 postea
1181 1355 1360 1402 autem
1409 1352 1604 1402 contra
1649 1343 1870 1417 regulas
1899 1358 1934 1398 a

324 1435 670 1492 consortibus
699 1435 812 1490 suis
842 1435 986 1492 facto
1014 1435 1274 1506 episcopo
1301 1483 1311 1500 ,
1347 1434 1576 1504 sumpsit
1625 1431 1928 1488 exordium.

2025 814 2277 868 stamenti
2307 815 2510 871 sanctis
2537 815 2852 886 Scripturis,
2886 815 3084 872 eodem
3117 815 3319 886 Spiritu
3349 814 3630 886 inspiratis

2026 918 2135 972 quo
2165 910 2218 958 et
2247 903 2392 959 sacri
2420 903 2751 976 promulgati
2777 913 2902 958 sunt
2931 919 3173 960 canones
3197 947 3211 970 ,
3245 919 3366 975 que
3411 903 3631 975 quidem

2005 990 2168 1048 ‘inter
2196 1007 2256 1048 se
2287 993 2565 1049 contraria
2595 1009 2717 1048 esse
2746 993 3019 1063 videntur,
3043 1001 3095 1048 et
3121 1009 3234 1049 non
3265 993 3482 1048 sibimet
3511 1000 3637 1048 sunt

2027 1081 2304 1136 contraria
2323 1124 2338 1148 ,
2375 1082 2471 1136 sed
2516 1097 2615 1152 pro
2647 1089 2951 1154 temporum
2982 1089 3035 1136 et
3064 1097 3252 1138 rerum
3279 1097 3348 1138 ac
3375 1080 3638 1154 qualitate

2029 1185 2316 1225 causarum
2371 1170 2635 1242 disposita
2681 1171 2771 1226 vel
2813 1170 3192 1242 disponenda;
3257 1178 3316 1226 ut
3376 1169 3637 1227 Salomon

2030 1259 2354 1328 conjunctim
2385 1259 2516 1316 dicit
2547 1277 2561 1314 :
2593 1260 2670 1316 Ne
2698 1260 3035 1332 respondeas
3060 1261 3238 1316 stulto
3242 1262 3422 1332 juxta
3435 1258 3636 1315 stulti-

2034 1349 2176 1402 tiam
2196 1364 2359 1404 suam
2381 1349 2564 1418 (Prov.
2589 1349 2782 1420 xxw);
2813 1356 2867 1404 et
2897 1365 2911 1403 :
2945 1349 3231 1421 Responde
3258 1349 3435 1404 stulto
3457 1349 3637 1420 juxta

2033 1437 2350 1492 stultitiam
2377 1453 2543 1493 suam
2561 1438 2764 1509 (ibid);
2789 1444 2842 1492 et
2862 1436 3127 1492 Dominus
3156 1452 3254 1506 per
3272 1437 3632 1508 prophetam:

325 1525 430 1594 Qui
456 1525 702 1581 Novatus
732 1541 791 1580 se
822 1524 891 1578 ab
936 1523 1200 1580 Ecclesiae
1243 1524 1503 1580 Romane
1551 1520 1934 1578 communione
2033 1525 2167 1580 Nolo
2196 1530 2438 1582 mortem
2465 1527 2777 1596 peccatoris
2807 1525 3028 1595 (Ezech.
3065 1525 3298 1596 xxxm);
3325 1531 3380 1579 et
3407 1525 3478 1580 de
3515 1522 3638 1579 Heli

326 1613 631 1686 suspendit,
665 1612 925 1686 quoniam
959 1607 1246 1669 Cornelius
1277 1612 1568 1683 episcopus
1593 1609 1808 1676 ﬁdeles,
1843 1607 1936 1680 qui
2033 1611 2158 1667 ﬁliis
2185 1612 2408 1685 legitur,
2437 1615 2569 1686 quia
2593 1631 2709 1670 non
2739 1618 3006 1684 poterant
3030 1617 3252 1684 patrem
3267 1613 3487 1679 audire,
3509 1609 3636 1685 quo-

326 1702 769 1760 sacriticaverant
796 1710 1044 1774 tempore
1075 1702 1232 1758 facte
1260 1699 1660 1772 persecutionis
1686 1714 1718 1754 a
1738 1697 1926 1764 Decio,
1958 1702 2196 1784 B‘niam
2225 1703 2406 1758 voluit
2420 1719 2510 1759 eos
2529 1705 2673 1759 Deus
2693 1703 2944 1760 occidere
2967 1703 3014 1772 (Ι
3035 1704 3162 1774 Reg.
3183 1689 3266 1773 11).
3289 1701 3364 1756 Et
3380 1701 3436 1756 in
3454 1701 3634 1756 Evan-

326 1791 605 1848 immutata
627 1791 846 1848 concilii
874 1790 1201 1862 episcopalis
1243 1788 1593 1845 acerbissima
1637 1786 1926 1852 sententia,
2031 1790 2178 1862 gelio
2203 1808 2214 1844 :
2238 1792 2422 1846 Bonus
2442 1791 2602 1847 homo
2623 1791 2688 1846 de
2709 1791 2844 1848 bono
2869 1792 3130 1846 thesauro
3165 1790 3346 1846 cordis
3379 1790 3472 1846 sui
3503 1804 3632 1860 pro-

328 1897 486 1953 quam
519 1880 866 1938 Innocentius
895 1879 953 1934 in
981 1879 1217 1936 decretis
1265 1879 1380 1934 suis
1426 1883 1839 1941 commemorat,
1874 1875 1930 1929 in
2028 1880 2145 1948 fert
2174 1880 2555 1945 bona(Matth.
2590 1881 2696 1950 x11)
2722 1901 2741 1948 ,-
2770 1885 2823 1934 et
2851 1895 2864 1934 :
2897 1881 3066 1946 Nemo
3097 1879 3290 1946 bonus,
3328 1879 3448 1933 nisi
3478 1879 3632 1934 solus

329 1969 709 2026 communione
740 1975 1045 2041 receperat.
1080 1968 1322 2037 Quorum
1365 1966 1570 2022 scilicet
1598 1963 1930 2020 Novatiano-
2030 1970 2176 2024 Deus
2204 1970 2355 2038 (Luc.
2382 1967 2566 2039 xvm).
2603 1969 2674 2022 Et
2727 1969 2883 2024 Venit
2909 1967 3065 2036 ﬁlius
3095 1967 3341 2024 hominis
3382 1981 3631 2038 quaerere

330 2075 447 2114 rum
477 2058 738 2130 episcopo
785 2057 1004 2113 nomine
1047 2056 1243 2112 Acesio
1267 2098 1281 2122 ,
1331 2054 1714 2110 Constantinus
1761 2053 1932 2122 impe—
2033 2060 2090 2112 et
2115 2057 2334 2112 salvare
2353 2057 2498 2129 quod
2527 2057 2784 2127 perierat
2811 2057 2966 2127 (Luc.
3007 2055 3154 2126 XIX),
3188 2055 3282 2127 qui
3309 2054 3440 2110 dicit
3470 2071 3484 2108 :
3517 2054 3638 2111 Non

327 2155 476 2203 rator
494 2155 690 2204 vocato
724 2147 796 2203 ad
819 2147 1108 2202 'Nicenum
1149 2144 1441 2201 concilium
1462 2187 1477 2210 ,
1510 2151 1564 2198 et
1593 2143 1647 2197 in
1678 2142 1934 2214 dogmate
2033 2163 2160 2202 sum
2186 2145 2397 2201 missus
2414 2146 2531 2200 nisi
2551 2145 2624 2200 ad
2643 2161 2768 2202 oves
2786 2162 2907 2216 quae
2927 2145 3225 2215 perierunt
3246 2144 3442 2200 domus
3461 2143 3641 2199 Israel

329 2234 454 2292 ﬁdei
484 2244 536 2292 et
567 2235 842 2292 Paschalis
870 2233 1176 2290 festivitatis
1207 2231 1598 2300 consentienti,
1633 2229 1729 2286 sed
1759 2229 1935 2301 poeni—
2034 2235 2253 2306 (Matth.
2297 2232 2418 2304 xv).
2449 2235 2520 2288 Et
2546 2233 2676 2289 item
2707 2232 2988 2304 discipulis
3014 2232 3144 2288 dicit
3176 2249 3190 2286 :
3224 2233 3290 2288 In
3319 2233 3470 2288 viam
3497 2247 3638 2304 gen-

330 2333 503 2381 tentes
529 2325 598 2380 ad
621 2324 1002 2396 penitentiam
1033 2323 1279 2394 recipere
1312 2320 1560 2377 renuenti
1583 2364 1596 2387 ,
1640 2319 1937 2390 imperator
2038 2325 2185 2379 tium
2227 2339 2299 2380 ne
2337 2323 2589 2378 abierim
2627 2323 2848 2392 (Matth.
2879 2322 2964 2388 x);
2995 2321 3232 2393 itemque
3265 2337 3280 2375 :
3320 2321 3422 2387 Ite,
3451 2319 3640 2376 docete

329 2413 596 2468 mirabilis
629 2413 762 2469 dixit
794 2431 808 2468 :
848 2434 872 2464 ι
913 2412 960 2467 Ο
990 2412 1173 2479 Acesi,
1205 2426 1348 2482 pone
1378 2409 1605 2475 scalam,
1642 2415 1695 2464 et
1716 2407 1762 2462 si
1781 2414 1939 2478 potes
2035 2427 2227 2467 omnes
2271 2415 2464 2483 gentes
2501 2411 2720 2480 (Matth.
2755 2409 3083 2480 xxv111.)Et
3115 2426 3130 2462 :
3162 2410 3310 2464 Deus
3348 2409 3638 2464 neminem

330 2502 563 2559 ascende
592 2501 742 2560 solus
771 2502 829 2556 in
859 2499 1056 2558 coelum
1087 2500 1205 2572 (lib.
1231 2515 1290 2567 11,
1314 2501 1456 2556 Hist.
1493 2500 1652 2569 trip.,
1685 2513 1734 2551 c.
1771 2495 1880 2565 l3).
1910 2515 1933 2544 ι

330 2591 412 2646 Ex
455 2607 566 2664 qua
612 2589 1077 2646 condescensione
1121 2588 1264 2644 circa
1307 2585 1644 2643 Novatianos
1686 2592 1738 2640 et
1767 2583 1937 2639 Mele-

333 2679 506 2735 tianos
537 2695 706 2736 causa
735 2677 1077 2734 necessitatis
1103 2675 1482 2749 proveniente,
1517 2691 1642 2730 cum
1671 2672 1768 2740 illi,
1803 2688 1940 2744 quos

331 2777 456 2824 ante
502 2767 910 2824 damnationem
959 2783 1114 2822 suam
1156 2767 1401 2822 Bonosus
1447 2762 1832 2830 ordinaverat,
1883 2759 1941 2814 in

333 2856 598 2930 gradibus
629 2855 838 2928 recepti
868 2855 1101 2923 fuerint,
1137 2854 1299 2910 etiam
1327 2870 1423 2909 eos
1452 2852 1546 2924 qui
1595 2867 1629 2906 a
1675 2850 1942 2906 catholica

337 2947 403 3001 ad
434 2945 693 3002 heresim
724 2945 1073 3014 transierunt,
1109 2951 1160 3000 et
1187 2960 1218 2998 a
1247 2944 1463 2998 Bonoso
1491 2943 1749 2997 damnato
1789 2939 1940 2995 ordi-

339 3034 448 3090 nati
478 3034 719 3101 fuerunt,
741 3033 962 3089 Anisius
981 3032 1196 3105 quidam
1227 3049 1349 3089 cum
1379 3031 1492 3086 suis
1519 3029 1748 3102 collegis
1766 3027 1938 3099 recipi

335 3121 391 3176 in
437 3121 723 3178 ordinibus
768 3121 881 3176 suis
928 3121 1129 3176 debere
1180 3119 1454 3187 decrevit,
1487 3135 1556 3173 ne
1588 3133 1711 3174 cum
1741 3117 1937 3173 eodem

333 3211 546 3268 Bonoso
579 3217 950 3278 remanerent,
969 3226 1036 3267 ac
1063 3226 1172 3266 non
1192 3208 1472 3265 mediocre
1504 3206 1820 3263 scandalum
1839 3205 1938 3260 Ec-

335 3299 516 3357 clesie
564 3299 846 3356 catholice
893 3298 1049 3355 ﬁeret
1069 3341 1082 3366 ,
1132 3298 1276 3370 quod
1323 3304 1544 3352 sanctus
1589 3293 1938 3350 Innocentius

339 3387 585 3446 dissolvit
613 3395 668 3444 et
694 3387 914 3460 repulit.
947 3389 1014 3443 Et
1045 3387 1174 3458 quia
1215 3386 1360 3441 idem
1391 3383 1675 3440 concilium
1720 3381 1936 3438 Paulia-

337 3476 503 3532 nistas
545 3476 838 3534 hereticos
883 3476 952 3532 ad
998 3475 1305 3532 Ecclesiam
1349 3473 1630 3530 venientes
1678 3469 1940 3542 baptizari

338 3565 619 3638 precepit,
653 3564 877 3637 quidam
908 3564 1072 3620 etiam
1103 3564 1239 3620 alios
1267 3561 1558 3619 hereticos
1585 3560 1940 3633 baptizandos

341 3670 461 3710 esse
491 3654 786 3725 dixerunt,
823 3653 968 3726 quod
1005 3651 1305 3724 apostolica
1351 3650 1512 3707 sedes
1536 3693 1550 3718 ,
1597 3657 1651 3706 et
1696 3649 1942 3720 plenaria

339 3743 566 3800 concilia
602 3743 767 3814 (sicut
796 3743 1022 3800 decreta
1049 3743 1415 3798 Romanorum
1437 3737 1752 3812 pontificum
1778 3753 1942 3795 mon-

340 3838 510 3888 strant
533 3873 548 3902 ,
601 3839 654 3887 et
697 3839 918 3888 sanctus
963 3831 1304 3904 Augustinus
1366 3829 1551 3886 verbis
1599 3836 1653 3884 et
1693 3827 1944 3884 sensibus

340 3921 576 3993 c0piosis
604 3919 762 3976 libris
795 3920 1078 3992 ostendit),
1110 3920 1326 3992 penitus
1364 3917 1711 3974 abdicarunt.
1753 3916 1862 3973 Sed
1891 3923 1944 3971 et

342 4009 445 4064 alia
470 4009 602 4066 hinc
627 4009 900 4066 devocare
929 4008 984 4064 in
1011 4009 1252 4066 medium
1277 4015 1548 4080 poteram,
1581 4007 1686 4064 nisi
1713 4004 1945 4078 prolixi-

341 4104 505 4154 tatem
535 4097 790 4155 vitarem.

949 4217 1172 4276 CAPUT
1210 4217 1339 4273 XX.

351 4335 497 4404 Quod
525 4337 590 4390 in
621 4335 873 4406 antiquis
917 4333 1168 4406 epistolis
1217 4333 1362 4406 sedis
1407 4330 1760 4406 apostolicae,
1799 4329 1949 4406 sicut

410 4407 476 4488 i_n
505 4403 1038 4488 legibus_,_'queedam
1063 4407 1190 4488 post
1216 4403 1594 4488 abrogata'vel
1637 4403 1946 4488 immutata

411 4471 658 4548 fuerint.
709 4471 929 4548 De'isea:
976 4471 1198 4548 synodi:
1225 4471 1600 4548 generalibus,
1631 4475 1686 4528 et
1717 4471 1783 4548 de
1814 4486 1946 4548 sep-5

417 4543 561 4632 timet
587 4547 739 4632 apud
779 4543 1031 4632 graecos,
1075 4543 1269 4632 deque.
1288 4543 1497 4632 synodo
1530 4543 1832 4609 Francica,
1891 4545 1949 4598 et

415 4617 668 4690 epistolis
697 4618 838 4674 Julii
861 4633 1022 4690 papa:
1051 4633 1117 4672 ac
1147 4617 1372 4672 Felicis.

415 4715 500 4770 Ne
546 4713 724 4786 igitur
757 4728 926 4770 causa
971 4710 1280 4770 indiscrete
1325 4711 1696 4784 intelligentiae
1720 4753 1734 4778 ,
1767 4709 1837 4766 de
1865 4709 1950 4765 his

348 4819 468 4877 que
523 4802 800 4876 collegisti
865 4803 934 4857 ad
994 4809 1165 4858 tuam.
1203 4801 1552 4862 intentionem
1600 4800 1948 4866 ﬁrmandam,

350 4891 668 4949 scandalum
687 4907 890 4962 sumas,
913 4890 1352 4948 animadvertere
1367 4891 1558 4960 debes,
1583 4889 1712 4960 quia
1729 4888 1868 4944 sicut
1882 4889 1952 4944 de

348 4979 706 5038 sacramentis
731 4980 982 5036 humane
1013 4979 1236 5046 salutis,
1269 4995 1390 5050 que
1420 4979 1486 5034 ab
1516 4979 1738 5034 exordio
1765 4975 1954 5032 mundi

348 5087 524 5142 usque
547 5070 620 5126 ad
649 5069 945 5126 adventum
975 5067 1198 5125 Domini
1217 5067 1512 5124 Salvatoris
1529 5083 1631 5139 pro
1649 5075 1954 5139 temporum

346 5158 602 5214 varietate
652 5157 874 5214 diversa
899 5201 912 5225 ,
963 5157 1036 5211 ad
1089 5156 1350 5212 unitatem
1393 5163 1574 5211 tamen
1616 5155 1779 5211 unius
1826 5153 1953 5210 ﬁdei

350 5245 690 5304 recurrentia
718 5246 1036 5302 exstiterunt
1057 5286 1072 5313 ,
1121 5244 1370 5316 quedam
1408 5243 1722 5315 spiritaliter
1750 5242 1952 5300 intelli-

355 5336 535 5408 genda
564 5342 690 5390 sunt
722 5335 938 5406 tradita,
973 5335 1222 5406 quedam
1251 5348 1384 5390 vero
1409 5332 1708 5400 immutata,
1732 5339 1787 5388 et
1813 5348 1954 5404 que-

352 5423 472 5480 dam
513 5423 734 5497 penitus
763 5423 999 5492 abolita,
1033 5423 1282 5496 quedam
1323 5421 1488 5478 etiam
1535 5427 1854 5492 permanent
1897 5427 1954 5476 ut

351 5510 504 5572 fuere
543 5513 768 5570 decreta
797 5531 811 5568 :
844 5512 918 5570 ita
945 5512 1153 5569 nullum
1181 5510 1282 5568 fuit
1306 5517 1522 5582 tempus
1551 5508 1736 5566 seculi
1762 5524 1794 5565 a
1821 5525 1953 5564 san--

1967 3079 2016 3142 C

2039 2503 2228 2556 tentat
2257 2499 2462 2570 (Iacob.
2487 2499 2549 2569 1);
2582 2507 2636 2554 et
2667 2515 2681 2554 :
2721 2501 2919 2555 Tentat
2950 2513 3042 2555 vos
3073 2498 3345 2554 Dominus
3364 2499 3512 2554 Deus
3549 2511 3643 2552 ve-

2037 2593 2157 2645 ster
2179 2588 2365 2660 (Deut.
2397 2587 2458 2658 1).
2490 2589 2560 2643 Et
2587 2586 2786 2642 Paulus
2841 2603 2855 2640 :
2896 2587 2958 2643 Si
2985 2587 3302 2643 hominibus
3330 2586 3636 2655 placerem.

2042 2677 2254 2734 Christi
2280 2692 2474 2732 servus
2503 2693 2620 2732 non
2651 2691 2830 2732 essem
2859 2675 3005 2744 (Cal.
3039 2674 3114 2746 1);
3145 2674 3385 2753 itemque
3426 2691 3441 2728 :
3479 2673 3642 2729 Sicut

2039 2781 2133 2838 ego
2161 2781 2262 2836 per
2290 2767 2484 2821 omnia
2513 2765 2772 2821 omnibus
2800 2765 2994 2835 placeo
3022 2763 3074 2834 (ι
3103 2764 3224 2820 Cor.
3249 2765 3332 2832 Χ).
3363 2761 3434 2816 Et
3459 2761 3592 2816 item
3623 2777 3638 2813 :

2043 2853 2312 2924 Optabam
2323 2853 2632 2910 anathema
2653 2869 2772 2908 esse
2795 2870 2830 2908 a
2855 2853 3075 2908 Christo
3091 2866 3194 2924 pro
3209 2850 3488 2921 fratribus
3497 2849 3642 2906 meis

2041 2947 2354 2998 secundum
2382 2958 2615 2998 carnem
2643 2942 2820 3013 (Rom.
2841 2941 2946 3010 1x);
2977 2947 3032 2995 et
3057 2939 3187 2995 item
3214 2956 3227 2992 :
3261 2938 3394 3006 Quis
3414 2954 3518 2995 nos
3543 2951 3636 2994 se-

2041 3031 2264 3102 parabit
2292 3049 2327 3086 a
2356 3031 2640 3086 charitate
2671 3029 2896 3094 Christi,
2924 3036 2977 3084 et
3003 3027 3212 3099 reliqua
3245 3042 3258 3082 :
3288 3027 3465 3091 (Rom.
3495 3024 3640 3097 vm).

2042 3119 2182 3188 Quia
2208 3121 2444 3189 spiritus
2471 3121 2679 3174 unicus
2690 3122 2747 3173 et
2757 3135 2856 3173 mu
2865 3115 3315 3186 ltiplex,stabilis
3326 3119 3383 3170 et
3395 3114 3638 3180 mobilis,

2035 3214 2093 3262 ut
2135 3207 2192 3264 in
2232 3207 2371 3262 libro
2419 3205 2710 3278 Sapientie
2756 3205 3020 3276 scriptum
3067 3210 3151 3258 est
3201 3203 3346 3274 (cap.
3379 3203 3502 3274 v11),
3533 3217 3636 3272 per

2036 3312 2308 3369 organum
2337 3295 2573 3350 hominis
2603 3294 2708 3350 sibi
2729 3293 3096 3350 arctissimum
3113 3307 3224 3348 non
3247 3291 3408 3346 simul
3429 3297 3483 3346 et
3499 3291 3642 3346 inse-

2035 3385 2144 3441 mel
2170 3384 2350 3442 omnia
2375 3383 2587 3456 profert
2621 3400 2634 3438 :
2669 3390 2722 3439 et
2750 3383 2914 3439 etiam
2941 3381 3076 3452 ipsis
3107 3380 3309 3437 sanctis
3330 3378 3636 3452 discipulis,

2037 3474 2166 3546 quia
2193 3489 2356 3530 nemo
2384 3473 2664 3528 hominum
2693 3487 2865 3542 purus
2893 3477 3118 3542 repente
3151 3468 3212 3523 fit
3239 3485 3516 3539 summus,
3549 3466 3645 3539 qui

2037 3563 2377 3620 incessanter
2403 3561 2587 3616 divino
2616 3559 2967 3616 adherebant
2985 3556 3320 3629 magisterio,
3343 3573 3445 3628 per
3459 3555 3641 3611 incre-

2039 3658 2222 3707 menta
2267 3657 2574 3720 temporum
2616 3647 2754 3705 fides
2799 3655 2852 3704 et
2893 3646 3120 3702 scientia
3147 3653 3231 3702 est
3257 3643 3518 3712 adaucia;
3551 3643 3646 3716 qui

2042 3748 2095 3796 et
2122 3740 2372 3796 dixerunt
2391 3757 2404 3792 :
2423 3739 2676 3804 Domine,
2700 3737 2912 3809 adauge
2933 3736 3090 3794 nobis
3109 3735 3278 3806 ﬁdem
3293 3733 3448 3806 (Luc.
3471 3732 3640 3805 xvn);

2043 3836 2097 3885 et
2128 3827 2392 3886 Dominus
2418 3827 2586 3898 ipsis:
2609 3826 2824 3893 Adhuc,
2847 3825 3041 3897 inquit,
3071 3825 3259 3880 multa
3286 3823 3454 3878 habeo
3493 3820 3642 3878 vobis

2047 3918 2252 3985 dicere,
2277 3934 2399 3990 quae
2427 3934 2544 3973 non
2571 3916 2806 3986 potestis
2835 3918 3062 3984 portare
3079 3913 3278 3981 modo;
3299 3928 3431 3969 cum
3449 3914 3644 3966 autem

2044 4008 2264 4064 uenerit
2294 4007 2393 4062 ille
2425 4005 2668 4076 Spiritus
2697 4004 2954 4060 veritatis
2973 4045 2988 4068 ,
3021 4001 3234 4058 docebit
3277 4015 3372 4058 vos
3418 4015 3644 4056 omnem

2045 4097 2347 4152 veritatem
2375 4094 2538 4165 (Joan
2551 4134 2564 4148 .
2600 4092 2718 4162 xw)
2731 4133 2744 4146 .

2121 4181 2231 4239 Sed
2260 4189 2314 4237 et
2341 4187 2466 4254 post
2492 4181 2674 4253 legem
2701 4185 2913 4235 nature
2941 4178 3071 4234 data
3099 4183 3184 4233 est
3211 4174 3302 4232 lex
3329 4176 3526 4232 littere
3539 4191 3646 4247 po-

2047 4270 2162 4343 puli
2190 4283 2504 4342 congruens
2523 4267 2752 4334 duritie,
2785 4282 2908 4338 que
2926 4273 3150 4337 propter
3172 4263 3648 4337 transgressiones

2048 4359 2227 4432 posita
2254 4365 2365 4425 est;
2399 4373 2565 4430 quam
2593 4356 2682 4414 lex
2709 4354 3034 4428 Evangelii,
3081 4361 3331 4426 tempore
3375 4350 3650 4424 posterior

1974 4437 2029 4496 D
2051 4448 2150 4505 sed
2178 4447 2348 4522 gratia
2361 4445 2545 4518 .prior,
2577 4453 2660 4502 est
2687 4445 2999 4514 subsecuta,
3031 4459 3152 4516 que
3187 4458 3290 4515 per
3315 4441 3650 4498 incrementa

2050 4547 2357 4609 temporum
2383 4537 2452 4592 ab
2482 4534 2746 4608 apostolis
2773 4549 3075 4607 eorumque
3105 4530 3518 4589 successoribus
3565 4536 3652 4584 est

2047 4634 2372 4700 prOpagata.
2403 4626 2547 4682 Nam
2574 4625 2715 4682 sicut
2743 4625 2798 4680 in
2829 4623 3049 4680 Actibus
3091 4620 3459 4692 apostolorum
3503 4616 3648 4690 legi-

2050 4732 2172 4772 mus
2203 4717 2348 4788 (cap.
2382 4714 2506 4786 xv),
2539 4714 2776 4786 primum
2803 4711 3090 4769 credentes
3119 4709 3187 4764 de
3217 4705 3653 4776 circumcisione,
3701 4771 3715 4778 _

2053 4805 2131 4862 sic
2159 4803 2447 4876 Evangelii
2472 4803 2812 4860 sacramenta
2841 4797 3229 4870 suscipiebant,
3247 4805 3360 4853 uta
3385 4795 3655 4870 legalibus

2053 4893 2396 4952 ceremoniis
2423 4909 2534 4949 non
2566 4891 2949 4953 discederent;
2984 4894 3038 4942 et
3065 4885 3365 4958 questions
3392 4884 3532 4942 facta
3585 4885 3657 4940 de

2053 4981 2343 5055 gestilibus
2365 5026 2378 5051 ,
2411 4982 2458 5036 si
2487 4981 2772 5038 credentes
2800 4977 2942 5050 legis
2971 4974 3328 5032 ceremonias
3355 4975 3654 5031 observare

2051 5070 2338 5138 deberent,
2369 5071 2467 5126 tria
2496 5076 2706 5124 tantum
2752 5065 2990 5138 capitula
3033 5065 3104 5120 ab
3149 5063 3412 5137 apostolis
3461 5077 3656 5118 susce-

2050 5176 2185 5234 pere
2214 5158 2500 5218 sei’vanda.
2532 5157 2744 5213 Deinde
2790 5154 3104 5228 apostolicae
3151 5153 3299 5210 sedis
3345 5151 3650 5225 pontiﬁces,

2055 5257 2178 5306 ante
2209 5247 2648 5306 constitutionem
2677 5259 2963 5302 sacrorum
2992 5242 3384 5313 conciliorum,
3417 5240 3520 5298 etsi
3547 5253 3658 5295 non

2053 5336 2161 5394 ﬁde
2190 5337 2295 5394 sibi
2323 5337 2575 5404 adversa,
2607 5343 2790 5392 tamen
2818 5334 2961 5407 stylo
2987 5333 3206 5390 diverso
3231 5375 3244 5399 ,
3297 5331 3355 5386 in
3393 5330 3506 5386 suis
3533 5327 3656 5400 epi-

2054 5425 2207 5481 stolis
2236 5425 2307 5480 ad
2333 5425 2584 5481 diversos
2610 5439 2714 5498 pro
2748 5422 2982 5481 diversis
3029 5421 3209 5480 causis
3251 5417 3654 5490 emergentibns

2053 5513 2194 5570 datis
2211 5557 2226 5585 ,
2256 5514 2328 5572 de
2355 5513 2629 5588 episcopis
2675 5521 2913 5573 statuere
2949 5509 3192 5584 judicia,
3240 5506 3652 5568 considerantea
