4164 6318
182 0 1463 27 7m—

550 228 656 281 355

1438 220 1782 279 HINCMARI
1816 216 2220 278 RHEMENSIS
2247 218 2798 276 ARCHIEPISCOPI.

3753 224 3861 289 35.6

552 351 867 425 qualitatem
929 363 1287 421 personarum
1309 388 1325 418 ,
1379 347 1772 404 necessitatem
1820 363 2004 402 rerum
2029 388 2042 414 ,
2094 344 2221 407 etA
2255 343 2460 401 tionem
2483 354 2732 413 aetatum,
2767 352 2859 402 aut
2886 360 2989 416 pro
3018 346 3340 403 necessitate
3382 363 3564 403 rerum
3613 356 3867 420 oporteat

552 438 1012 512 opportunitatem
1064 445 1391 508 temporum.
1458 436 1616 492 Unde
1664 443 1715 491 et
1758 435 2050 491 Anacletus
2098 437 2153 493 in

553 527 779 601 epistola
817 527 884 581 ad
926 526 1212 583 universos
1243 524 1529 597 episcopos
1556 524 1612 578 in
1650 523 1805 580 ltalia
1835 526 2155 583 constitutos

552 617 682 674 dicit
710 617 903 688 (epist.
928 606 992 686 ’2)
1027 631 1041 669 :
1075 614 1412 684 Ejectionem
1433 657 1445 679 ,
1496 612 1767 686 inquiens,
1820 631 2154 670 summorum

552 706 900 763 sacerdotum
932 703 1034 758 sibi
1054 703 1319 758 Dominus
1340 702 1657 768 reservavit,
1688 702 1811 757 licet
1834 702 2156 759 electionem

553 811 747 853 eorum
793 792 953 850 bonis
1000 791 1375 857 sacerdotibus
1420 800 1473 845 et
1522 790 1895 863 spiritualibus
1939 792 2157 863 populis

552 883 950 947 concessisset;
989 902 1011 932 υ
1047 899 1113 937 ex
1143 896 1252 953 quo
1282 880 1439 935 aliter
1465 879 1520 935 in
1550 879 1881 950 praecedenti
1919 880 2157 951 epistola

555 973 871 1044 scripserat.
914 971 983 1025 Et
1015 969 1423 1025 Constantinum
1451 968 1831 1039 imperatorem
1861 968 1915 1023 in
1935 969 2157 1024 Nicaena

556 1062 766 1134 synodo
795 1060 899 1115 tale
946 1058 1076 1131 quid
1105 1058 1307 1113 dixisse
1336 1057 1625 1128 Tripertita
1652 1065 1837 1112 narrat
1867 1057 2107 1113 Historia
2140 1075 2155 1113 :

553 1153 679 1207 Non
707 1151 778 1207 ob
809 1149 865 1204 id
893 1157 1076 1204 tamen
1105 1146 1312 1202 dimisit
1342 1147 1643 1203 decernere
1663 1146 1886 1202 Nicaena
1914 1148 2157 1218 synodus

556 1241 708 1311 (can.
740 1240 831 1310 2):
861 1259 883 1288 κ
911 1237 965 1293 Si
998 1235 1139 1307 quis,
1173 1234 1365 1307 inquit,
1400 1243 1602 1306 praeter
1629 1235 1745 1290 haec
1769 1234 1976 1303 fecerit,
1999 1236 2157 1308 quasi

557 1336 748 1386 contra
774 1342 1032 1399 magnum
1063 1323 1352 1380 concilium
1385 1340 1444 1380 se
1474 1324 1731 1391 efferens,
1761 1323 1878 1395 ipse
1909 1324 1976 1379 de
1998 1323 2159 1380 cleri-

556 1425 711 1475 catus
738 1417 946 1471 honore
976 1412 1392 1485 periclitabitur.
1438 1432 1461 1462 »
1494 1413 1555 1466 In
1586 1428 1693 1484 quo
1723 1412 2004 1468 decretum
2033 1429 2158 1469 cum

555 1506 704 1576 dicit,
735 1506 797 1561 Si
824 1504 966 1577 quis,
999 1501 1275 1558 neminem
1304 1508 1414 1555 tam
1442 1500 1511 1556 de
1539 1500 1805 1573 superiori
1837 1518 2000 1573 quam
2022 1502 2159 1558 infe-

551 1595 683 1652 riori
711 1593 899 1650 ordine
927 1590 1146 1662 excipit,
1183 1589 1328 1662 quod
1357 1597 1409 1645 et
1439 1589 1495 1644 in
1522 1590 1641 1645 aliis
1672 1590 1953 1645 evidenter
1982 1598 2161 1646 osten—

554 1684 657 1741 dit.
699 1682 808 1739 Sed
838 1689 893 1738 et
920 1680 1068 1736 idem
1098 1677 1481 1734 Constantinus
1505 1721 1520 1745 ,
1552 1687 1607 1734 et
1634 1688 1759 1750 post
1787 1696 1907 1734 eum
1939 1679 2031 1734 alii
2060 1696 2157 1735 or-

552 1771 775 1830 thodoxi
813 1771 1191 1842 imperatores,
1224 1767 1380 1840 leges
1407 1768 1477 1822 de
1506 1767 1778 1839 episcopis
1806 1768 2158 1841 promulgare

551 1878 664 1919 non
688 1860 841 1917 fuere
870 1858 1126 1915 cunctati.
1174 1857 1282 1913 Sed
1310 1863 1364 1911 et
1391 1864 1515 1927 post
1544 1856 1864 1912 Anacletum
1888 1900 1901 1924 ,
1937 1857 2159 1929 quidam

553 1959 680 2008 ante
706 1950 990 2006 Nicanum
1022 1946 1330 2015 concilium,
1354 1944 1525 2000 Julius
1543 1953 1726 2001 autem
1753 1954 1804 2001 et
1833 1946 1922 2000 alii
1940 1946 2160 2018 quidam

551 2047 678 2112 post
703 2038 985 2094 Niceenum
1014 2034 1306 2091 concilium
1328 2076 1342 2100 ,
1370 2033 1577 2103 judicia
1607 2034 1991 2106 episcOporum
2036 2043 2160 2092 ante

555 2126 930 2185 diﬂinitionem
974 2124 1044 2178 ad
1091 2123 1279 2178 sedem
1325 2122 1681 2195 apostolicam
1729 2123 1925 2179 referri
1973 2124 2160 2192 jusse-

555 2225 709 2295 rupt.
750 2212 1097 2271 Innocentius
1127 2228 1273 2278 vero,
1309 2218 1361 2268 et
1392 2226 1742 2267 successores
1770 2210 1939 2283 ipsius
1960 2254 1974 2279 ,
2006 2220 2160 2283 post-

557 2295 719 2379 quam
748 2320 780 2359 a
809 2302 983 2360 sacris
1011 2300 1276 2370 conciliis,
1325 2308 1378 2356 et
1424 2300 1682 2356 Romana:
1711 2300 1857 2355 sedis
1884 2299 2160 2372 pontiﬁci-

557 2395 679 2462 bus,
710 2393 781 2449 de
810 2391 973 2448 certis
1019 2388 1271 2461 capitulis
1319 2388 1633 2460 expressius
1672 2388 1893 2445 fuerunt
1940 2390 2162 2447 decreta

549 2483 789 2553 judicia,
836 2482 905 2537 de
954 2478 1135 2535 dubiis
1178 2478 1265 2534 vel
1308 2478 1558 2535 obscuris
1605 2485 1728 2533 ante
1761 2477 2023 2547 judicium
2045 2520 2059 2545 ,
2092 2478 2161 2534 de

555 2572 719 2630 certis
763 2578 944 2627 autem
988 2576 1150 2641 atque
1196 2566 1430 2623 decretis
1477 2566 1756 2639 (quoniam
1803 2575 1856 2623 et
1897 2567 2160 2623 ecclesia-

555 2662 708 2718 sticze
738 2668 791 2716 et
817 2658 1052 2732 publica:
1081 2657 1236 2729 leges
1263 2654 1576 2711 confessum
1597 2655 1683 2711 vel
1715 2655 2023 2713 convictum
2044 2656 2163 2713 sine

556 2750 815 2806 dilatione
842 2747 931 2804 vel
959 2745 1344 2801 retractatione
1368 2744 1603 2813 judicari
1646 2744 2007 2816 praecipiunt),
2040 2752 2165 2816 post

558 2837 870 2910 episcopale
884 2833 1170 2905 judicium,
1196 2833 1496 2889 secundum
1521 2832 1879 2890 Sardicenses
1900 2849 2159 2901 canones,

532 2929 667 2989 sub
696 2934 982 3001 gestorum
1026 2921 1407 2979 testificatione
1452 2921 1521 2976 ad
1570 2922 1761 2977 sedem
1804 2922 2163 2993 apostolicam

554 3016 747 3074 referri
787 3016 1071 3085 jusserunt
1117 3029 1130 3066 :
1181 3026 1411 3083 quorum
1439 3009 1659 3067 decreta
1687 3010 1743 3065 in
1771 3027 1872 3067 usu
1902 3011 2162 3067 ecclesia-

555 3107 694 3164 stico
739 3104 898 3161 etiam
928 3118 960 3158 a
987 3110 1233 3173 tempore
1280 3100 1551 3170 majorum
1593 3107 1903 3156 nostrorum
1941 3116 2161 3172 preva-

555 3195 726 3253 luisse
756 3191 1143 3266 comperimus.
1178 3190 1380 3246 Verum
1407 3196 1463 3245 et
1490 3197 1550 3245 ut
1578 3188 1647 3245 de
1674 3189 1890 3263 legibus
1926 3190 2161 3261 publicis

554 3284 808 3358 quaedam
857 3289 989 3338 sunt
1025 3279 1324 3350 abrogata,
1379 3278 1632 3352 quaedam
1673 3294 1802 3335 vero
1858 3279 2158 3346 immutata,

555 3373 810 3447 quaedam
830 3370 991 3432 etiam
1009 3368 1405 3441 superadjecta,
1428 3367 1503 3421 ita
1524 3367 1875 3423 nihilominus
1908 3368 2161 3440 quaedam

556 3464 780 3533 decreta
810 3458 1201 3517 catholicorum
1228 3472 1331 3528 pro
1357 3464 1599 3527 tempore
1644 3463 1697 3511 et
1742 3455 1954 3512 ratione
2000 3465 2161 3528 atque

555 3551 883 3609 necessitate
912 3548 1128 3621 prolata
1151 3589 1165 3613 ,
1201 3546 1299 3603 sed
1327 3552 1520 3617 postea
1550 3545 1818 3618 abrogata
1845 3545 1934 3601 vel
1962 3544 2161 3600 immu-

555 3644 670 3693 tata
699 3635 919 3692 fuerunt
942 3651 954 3687 :
981 3632 1127 3706 quod
1143 3638 1196 3686 et
1215 3629 1563 3686 Innocentius
1581 3630 1919 3686 demonstrat
1937 3629 2124 3686 dicens
2144 3646 2157 3686 :

560 3746 583 3776 α
606 3725 689 3780 De
709 3723 819 3788 his,
844 3720 1115 3793 inquiens,
1135 3717 1444 3775 observatio
1464 3718 1614 3788 prior
1644 3717 1849 3784 durior,
1868 3718 2157 3789 posterior,

557 3810 952 3869 interveniente
981 3805 1376 3872 misericordia,
1408 3805 1715 3862 inclinatior
1743 3814 1844 3872 est,
1883 3827 1905 3857 ι
1943 3815 1995 3861 et
2025 3806 2161 3863 reli-

556 3916 691 3974 qua.
728 3900 800 3955 Et
828 3896 1026 3953 Africae
1054 3894 1347 3968 provinciae
1377 3909 1613 3951 canones
1642 3893 1711 3948 de
1741 3894 2009 3951 velatione
2042 3895 2159 3952 vir-

554 3989 779 4065 ginum,
830 3994 884 4044 et
921 3982 1200 4058 baptizatis
1244 3982 1488 4056 parvulis
1535 3998 1570 4039 a
1615 3983 1958 4056 Donatistis,
1989 3991 2043 4040 et
2091 3984 2160 4041 de

555 4075 918 4143 dioecesibus,
964 4074 1122 4129 aliter
1157 4087 1319 4146 quam
1369 4071 1605 4144 primum
1666 4072 1944 4129 decretum
2000 4072 2164 4130 fuerit

555 4166 905 4223 diﬁinierunt.
938 4164 1010 4219 Et
1038 4169 1260 4220 sanctus
1292 4161 1543 4218 Gelasius
1576 4178 1590 4216 :
1631 4182 1653 4212 «
1691 4162 1912 4230 Priscis,
1963 4162 2156 4236 inquit,

553 4273 657 4332 pro
685 4256 772 4314 sui
799 4254 1108 4313 reverentia
1143 4251 1491 4309 manentibus
1538 4251 1841 4308 constitutis
1868 4295 1881 4319 ,
1917 4269 2037 4324 quae
2065 4252 2159 4307 ubi

552 4347 704 4404 nulla
744 4345 834 4403 vel
880 4359 1065 4401 rerum
1109 4341 1199 4398 vel
1240 4350 1544 4413 temporum
1587 4349 1850 4413 perurget
1887 4342 2156 4415 angustia,

2252 435 2577 506 temperari,
2609 435 2700 490 illa
2729 451 2948 506 semper
2975 435 3285 491 conditione
3315 444 3532 492 servata
3555 480 3569 504 ,
3601 444 3661 491 ut
3688 437 3745 492 in
3774 437 3866 492 his

2257 540 2377 595 quae
2407 524 2493 579 vel
2522 523 2683 579 dubia
2713 523 2914 578 fuerint
2940 523 3030 580 vel
3058 524 3315 592 obscura,
3346 525 3401 579 id
3431 526 3744 582 noverimus
3762 543 3861 581 se-

2257 613 2549 684 quendum,
2603 613 2749 684 quod
2792 630 2894 669 nec
2940 614 3232 684 praeceptis
3272 614 3605 687 evangelicis
3636 621 3864 671 contra-

2257 701 2427 767 rium,
2478 717 2581 757 nec
2627 701 2862 757 decretis
2910 709 3223 758 sanctorum
3269 703 3491 758 Patrum
3555 703 3868 759 inveniatur

2258 790 2568 846 adversum.
2623 811 2644 839 υ
2710 789 2860 858 Quas
2904 790 3216 863 singillatim
3263 790 3510 864 singulas
3555 791 3765 848 formas
3807 800 3867 847 et

2258 886 2476 935 sanctus
2525 879 2723 934 Paulus
2770 880 3106 935 demonstrat
3147 880 3217 935 ad
3265 880 3571 936 Corinthios
3619 881 3864 938 dicens:

2257 970 2365 1024 Hoc
2387 972 2579 1024 autem
2599 969 2720 1024 dico
2740 969 3053 1025 secundum
3068 970 3337 1041 indulgen
3347 972 3506 1037 tiam,
3529 986 3643 1026 non
3658 986 3866 1027 secun-

2259 1058 2393 1113 dum
2422 1057 2725 1128 imperium
2758 1056 2809 1128 (I
2837 1059 2956 1114 Cor.
2992 1058 3114 1129 vn),
3148 1066 3200 1113 et
3229 1058 3467 1129 reliqua.
3521 1059 3618 1115 His
3664 1064 3865 1116 autem

2259 1148 2355 1218 qui
2384 1147 2748 1202 matrimonio
2760 1147 2955 1218 juncti
2975 1151 3131 1215 sunt,
3164 1148 3426 1217 praecipio
3455 1164 3571 1204 non
3600 1164 3725 1220 ego.
3762 1150 3863 1205 sed

2258 1236 2552 1302 Dominus,
2574 1251 2813 1290 uxorem
2833 1253 2867 1289 ιι
2889 1236 3007 1290 viro
3034 1252 3149 1291 non
3172 1235 3473 1303 discedere,
3503 1244 3555 1291 et
3577 1236 3868 1309 sequentia

2259 1324 2460 1394 (ibid).
2494 1323 2564 1377 Et
2593 1323 2884 1379 concilium
2912 1322 3224 1379 Africanum
3271 1323 3327 1379 in
3371 1340 3480 1380 uno
3529 1325 3766 1396 capitulo
3792 1326 3866 1382 de

2258 1411 2559 1468 Donatistis
2587 1412 2654 1466 ad
2692 1412 2871 1467 locum
2916 1411 3066 1484 (can.
3099 1412 3190 1483 35)
3223 1430 3237 1466 :
3275 1434 3297 1463 α
3337 1412 3567 1484 Propter
3595 1414 3866 1471 Ecclesiae

2259 1516 2450 1572 pacem
2480 1509 2533 1555 et
2561 1499 2841 1555 utilitatem
2859 1542 2873 1567 ,
2908 1507 2965 1555 ut
2994 1516 3059 1555 ex
3088 1499 3221 1571 ipsis
3250 1501 3581 1569 Donatistis,
3617 1502 3868 1575 quicum-

2262 1606 2368 1661 que
2395 1589 2582 1646 clerici
2611 1598 2857 1646 correcto
2886 1589 3114 1645 consilio
3143 1590 3214 1645 ad
3244 1589 3565 1646 catholicam
3602 1591 3866 1646 unitatem

2185 1710 2239 1769 B
2263 1679 2499 1733 transire
2527 1678 2813 1744 voluerint,
2839 1679 3135 1734 secundum
3166 1679 3591 1752 uniuscujusque
3617 1680 3865 1753 episcopi

2260 1767 2511 1823 catholici
2538 1766 2874 1823 voluntatem
2902 1775 3062 1840 atque
3092 1767 3377 1823 consilium
3425 1768 3517 1841 qui
3559 1769 3616 1823 in
3663 1770 3863 1825 eodem

2259 1855 2382 1913 loco
2428 1856 2692 1929 gubernat
2736 1857 3075 1925 Ecclesiam,
3127 1857 3175 1912 si
3221 1858 3326 1913 hoc
3370 1857 3493 1928 paci
3540 1857 3865 1916 Christianae

2258 1945 2524 2017 prodesse
2553 1944 2729 2002 visum
2760 1945 2947 2014 fuerit,
2979 1945 3036 2000 in
3064 1946 3177 2000 suis
3208 1946 3506 2002 honoribus
3550 1947 3862 2019 suscipian-

2258 2042 2363 2104 tur,
2398 2035 2536 2090 sicut
2572 2042 2625 2091 et
2663 2034 2938 2106 prioribus
2985 2034 3229 2103 ejusdem
3276 2034 3559 2091 divisionis
3589 2036 3858 2108 tempori-

2260 2123 2363 2179 bus
2391 2123 2592 2180 factum
2619 2140 2743 2179 esse
2783 2123 3134 2179 manifestum
3163 2131 3244 2179 est
3277 2142 3290 2178 :
3322 2140 3435 2179 non
3463 2133 3521 2179 ut
3545 2124 3860 2196 concilium,

2261 2212 2406 2284 quod
2435 2212 2492 2267 in
2518 2212 2896 2268 transmarinis
2923 2213 3169 2283 partibus
3206 2213 3276 2268 de
3302 2213 3408 2268 hac
3436 2229 3495 2268 re
3524 2211 3728 2269 factum
3758 2222 3862 2284 est,

2260 2301 2607 2367 dissolvatur,
2643 2303 2741 2357 sed
2784 2308 2843 2357 ut
2885 2301 3017 2356 illud
3054 2308 3271 2357 maneat
3310 2301 3460 2357 circa
3489 2317 3584 2357 eos
3608 2345 3622 2369 ,
3656 2302 3751 2374 qui
3781 2302 3864 2358 sic

2261 2390 2494 2445 transire
2522 2390 2591 2444 ad
2620 2390 2943 2447 catholicam
2968 2389 3186 2456 volunt,
3220 2397 3279 2445 ut
3298 2390 3444 2446 nulla
3472 2407 3573 2463 per
3604 2407 3700 2448 eos
3730 2391 3861 2446 uni-

2260 2480 2383 2534 tatis
2413 2479 2784 2551 compensatio
2827 2486 3163 2550 procuretur,
3218 2500 3242 2529 ι
3293 2487 3348 2535 et
3394 2479 3604 2553 reliqua
3633 2497 3756 2552 quae
3786 2480 3864 2536 ibi

2259 2568 2622 2641 prosequitur.
2686 2569 2795 2624 Sed
2839 2576 2893 2623 et
2937 2568 3045 2623 Leo
3091 2575 3348 2640 utrasque
3393 2569 3495 2623 has
3539 2568 3744 2625 formas
3794 2570 3864 2627 de

2259 2674 2370 2713 una
2399 2658 2697 2728 eademque
2726 2673 2787 2711 re
2814 2656 2872 2710 in
2898 2672 3007 2711 uno
3036 2656 3269 2727 capitulo
3311 2658 3547 2714 ostendit
3574 2656 3641 2712 ad
3672 2658 3862 2714 Rusti-

2262 2763 2385 2803 cum
2412 2747 2823 2802 Narbonensem
2852 2745 3169 2817 episcopum
3196 2746 3386 2802 dicens
3415 2746 3577 2819 (epis.
3611 2749 3700 2814 95,
3732 2762 3858 2820 cap.

2265 2835 2319 2907 1)
2353 2854 2367 2891 :
2406 2857 2428 2886 α
2461 2834 2643 2901 Nulla,
2674 2834 2876 2906 inquit,
2925 2834 3066 2889 ratio
3113 2834 3240 2889 sinit
3286 2843 3344 2889 ut
3390 2835 3528 2890 inter
3570 2834 3864 2907 episcopos

2262 2924 2582 2990 habeantur,
2618 2923 2709 2994 qui
2735 2939 2837 2979 nec
2867 2940 2897 2977 a
2928 2922 3143 2979 clericis
3172 2931 3295 2978 sunt
3325 2923 3505 2991 electi,
3537 2939 3640 2981 nec
3670 2939 3705 2979 ο.
3730 2925 3858 2995 ple-

2266 3013 2423 3068 bibus
2471 3012 2722 3083 expetiti,
2773 3028 2874 3068 nec
2916 3027 2950 3067 a
2996 3012 3539 3084 comprovincialibus
3586 3012 3865 3086 episcopis

2263 3118 2386 3159 cum
2435 3100 2833 3173 metropolitani
2879 3100 3086 3171 judicio
3145 3102 3472 3158 consecrati.
3529 3102 3686 3158 Unde
3738 3118 3865 3158 cum

2259 3208 2406 3263 saepe
2435 3190 2661 3263 quaestio
2690 3189 2758 3246 de
2787 3189 2930 3246 male
2951 3198 3177 3262 accepto
3204 3192 3410 3247 honore
3438 3198 3706 3260 nascatur,
3740 3191 3865 3264 quis

2259 3281 2502 3355 ambigat
2542 3294 2889 3352 nequaquam
2933 3279 3053 3335 istis
3112 3296 3235 3336 esse
3279 3280 3631 3336 tribuendum
3653 3322 3669 3348 ,
3715 3279 3865 3352 quod

2260 3386 2371 3426 non
2398 3370 2626 3425 docetur
2653 3368 2822 3425 fuisse
2870 3368 3172 3425 collatum?
3219 3368 3276 3425 Si
3318 3369 3411 3441 qui
3454 3377 3634 3425 autem
3674 3369 3863 3426 clerici

2260 3460 2331 3516 ab
2378 3458 2495 3513 istis
2539 3457 3025 3531 pseudoepiscOpis
3068 3458 3123 3511 in
3180 3455 3259 3513 eis
3306 3458 3569 3515 Ecclesiis
3629 3457 3863 3514 ordinati

2262 3555 2405 3615 sunt,
2439 3563 2561 3620 quae
2590 3546 2660 3602 ad
2689 3546 2940 3618 proprios
2971 3545 3259 3620 episcopos
3288 3546 3652 3619 pertinebant,
3689 3554 3744 3603 et
3763 3563 3861 3604 or-

2261 3635 2467 3693 dinatio
2510 3651 2699 3691 eorum
2747 3651 3020 3691 consensu
3081 3643 3135 3691 et
3183 3635 3390 3705 judicio
3448 3635 3862 3708 praesidentium

2260 3726 2401 3782 facta
2430 3731 2531 3792 est,
2564 3731 2745 3796 potest
2772 3731 2894 3780 rata
2921 3724 3133 3794 haberi,
3167 3723 3243 3780 ita
3270 3732 3329 3780 ut
3356 3724 3412 3779 in
3437 3723 3570 3795 ipsis
3597 3724 3865 3782 Ecclesiis

2258 3822 2652 3887 perseverent;
2700 3813 2860 3869 aliter
2894 3821 3073 3870 autem
3102 3828 3245 3870 vana
3272 3813 3523 3869 habenda
3552 3821 3635 3869 est
3658 3829 3863 3870 conse-

2261 3904 2467 3972 cratio,
2522 3920 2642 3976 quae
2689 3919 2791 3959 nec
2828 3902 2949 3959 loco
2993 3901 3217 3958 fundata
3253 3909 3366 3972 est,
3400 3917 3503 3959 nec
3544 3904 3865 3959 auctoritate

2259 3994 2483 4050 munita.
2519 4014 2542 4044 υ
2583 3995 2652 4049 Et
2695 3993 2825 4048 item
2873 3993 2945 4047 ad
2991 3992 3244 4048 eumdem
3288 3992 3344 4047 in
3393 3991 3585 4048 eadem
3631 3992 3866 4064 epistola

2261 4084 2407 4157 (cap.
2444 4083 2532 4154 10)
2566 4100 2580 4138 :
2619 4103 2640 4134 ι
2668 4082 2730 4137 In
2749 4080 3112 4136 adolescentia
3159 4080 3516 4148 constitutus,
3550 4080 3596 4136 si
3627 4090 3862 4154 urgente

2259 4181 2351 4228 aut
2392 4180 2540 4228 metu
2585 4170 2805 4240 mortis,
2857 4178 2951 4225 aut
2991 4168 3317 4241 captivitatis
3362 4169 3645 4241 periculo,
3676 4171 3861 4241 poeni-

2258 4261 2480 4318 tentiam
2509 4260 2649 4333 egit,
2683 4268 2736 4315 et
2764 4266 2954 4331 postea
2984 4258 3180 4313 timens
3209 4258 3424 4330 lapsum
3454 4258 3863 4315 incontinentiae

2252 4350 2506 4420 juvenilis
2534 4349 2787 4420 copulam
2828 4347 3014 4403 uxoris
3046 4347 3236 4421 elegit,
3279 4363 3349 4403 ne
3387 4346 3591 4404 crimen
3620 4348 3861 4406 fornica-

552 4434 878 4509 regulariter
905 4431 1159 4489 convenit
1178 4430 1459 4498 custodiri,
1498 4450 1520 4480 »
1555 4437 1607 4484 et
1637 4429 1865 4501 reliqua.
1898 4430 1965 4485 Et
1988 4431 2154 4486 Inno-

2257 4440 2415 4496 tionis
2442 4439 2783 4505 incurreret,
2814 4453 2934 4493 rem
2971 4436 3183 4493 videtur
3229 4436 3426 4494 fecisse
3474 4437 3781 4507 venialem,
3815 4437 3861 4493 si

552 4525 766 4584 centius
812 4523 977 4596 longe
1020 4528 1144 4577 ante
1190 4519 1262 4574 ad
1306 4518 1595 4591 episcopos
1626 4517 1953 4575 Macedones
1983 4536 2153 4576 excu-

518 4620 738 4670 'santes
781 4613 849 4669 de
911 4607 1249 4682 temporibus
1310 4607 1634 4664 necessitate
1699 4607 1845 4678 quod
1907 4616 2152 4680 egerant,

518 4768 526 4776 ,
554 4702 688 4760 dixit
717 4703 908 4774 (epist.
940 4702 1034 4771 27)
1069 4717 1083 4754 :
1119 4720 1142 4750 ι
1176 4699 1328 4769 Ergo
1350 4697 1497 4768 quod
1523 4695 1827 4754 necessitas
1856 4711 1954 4767 pro
1984 4712 2156 4753 reme-

554 4789 647 4846 dio
675 4791 894 4862 reperit,
926 4787 1253 4845 necessitate
1282 4794 1533 4842 cessante
1582 4784 1744 4840 debet
1791 4784 1977 4857 utique
2026 4801 2154 4841 ces-

557 4894 677 4934 sare
705 4879 910 4951 pariter
937 4878 1083 4950 quod
1109 4876 1342 4951 urgebat
1372 4892 1385 4929 :
1418 4874 1543 4947 quia
1573 4872 1712 4928 alius
1741 4882 1822 4928 est
1852 4873 1988 4930 ordo
2016 4874 2155 4950 legi-

554 4967 742 5035 timus,
775 4967 878 5022 alia
907 4966 1189 5037 usurpatio
1220 4981 1384 5038 quam
1414 4965 1485 5019 ad
1511 4978 1759 5034 praesens
1789 4961 1909 5017 fieri
1938 4971 2153 5036 tempus

554 5056 820 5129 impellit;
850 5063 903 5111 et
931 5054 1191 5111 advertite
1221 5054 1366 5127 quod
1392 5052 1608 5125 utique,
1641 5058 1698 5105 ut
1727 5051 1924 5119 dicitis,
1956 5069 2153 5110 neces-

555 5146 690 5202 sitas
726 5143 1050 5216 imperavit,
1090 5143 1145 5197 in
1194 5159 1332 5214 pace
1366 5143 1481 5212 jam
1525 5139 1805 5197 Ecclesias
1835 5142 2153 5198 constitutas

554 5250 664 5292 non
693 5250 858 5307 posse
884 5247 1233 5306 praesumere.
1259 5252 1281 5283 r
1305 5232 1375 5286 Et
1402 5231 1510 5287 Leo
1540 5230 1608 5285 ad
1634 5229 1916 5287 Rusticum
1942 5231 2155 5288 Narbo-

552 5339 782 5381 nensem
826 5321 1146 5396 episcopum
1191 5320 1376 5392 (epist.
1406 5323 1507 5387 95,
1540 5319 1597 5374 in
1625 5319 1860 5392 przefat.)
1896 5336 1909 5376 :
1947 5341 1970 5371 α
2008 5320 2157 5377 Sicut

554 5422 801 5497 quaedam
824 5463 839 5488 ,
889 5418 1101 5491 inquit,
1147 5426 1269 5474 sunt
1315 5434 1437 5491 quae
1478 5418 1622 5474 nulla
1667 5426 1899 5490 possunt
1942 5418 2155 5475 ratione

553 5519 788 5586 convelli
806 5561 823 5592 ,
849 5517 927 5581 ita
954 5516 1214 5575 nonnulla
1242 5523 1366 5574 sunt
1398 5532 1519 5589 quae
1553 5524 1647 5574 aut
1690 5531 1790 5589 pro
1830 5516 2153 5575 considera-

2257 4536 2451 4600 praater
2490 4528 2780 4601 conjugem
2807 4525 3008 4583 nullam
3028 4525 3247 4583 omnino
3277 4526 3631 4598 cognoverit;
3662 4526 3721 4581 in
3752 4541 3860 4599 quo

2255 4625 2439 4672 tamen
2484 4633 2596 4673 non
2640 4616 2891 4689 regulam
2924 4614 3327 4683 constituimus,
3362 4632 3421 4672 se
3451 4615 3581 4688 quid
3611 4616 3683 4671 sit
3713 4616 3859 4672 tole-

2254 4705 2481 4762 rabilius
2527 4705 2878 4761 aestimamus.
2926 4705 3065 4759 Nam
3112 4703 3411 4761 secundum
3439 4719 3630 4761 veram
3658 4705 3858 4778 cogni-

2255 4796 2490 4865 tionem,
2541 4794 2674 4851 nihil
2716 4793 2892 4867 magis
2953 4793 3003 4849 ei
3057 4795 3305 4866 congruit
3347 4794 3439 4866 qui
3484 4794 3858 4866 paenitentiam

2254 4886 2458 4957 gessit,
2491 4900 2654 4957 quam
2680 4883 2901 4940 castitas
2943 4899 3305 4954 perseverans
3335 4891 3388 4939 et
3416 4882 3612 4939 mentis
3642 4891 3698 4940 et
3729 4899 3856 4941 cor-

2252 4975 2422 5047 poris.
2461 4995 2483 5024 x
2515 4975 2585 5029 Et
2613 4973 2666 5027 in
2697 4972 2927 5043 epistola
2956 4973 3024 5028 ad
3052 4972 3399 5028 Theodorum
3428 4972 3858 5042 Forojuliensem

2255 5065 2574 5136 episcopum
2621 5062 2782 5134 (epis.
2817 5062 2907 5133 59)
2947 5080 2960 5116 :
2997 5084 3020 5114 ι
3055 5063 3123 5118 Ut
3149 5061 3204 5115 in
3236 5070 3480 5132 tempore
3510 5061 3857 5118 necessitatis

2257 5161 2310 5209 et
2337 5153 2393 5207 in
2432 5151 2659 5222 periculi
2705 5151 2954 5225 urgentis
2996 5150 3284 5217 instantia,
3327 5150 3494 5204 nullis
3540 5150 3856 5221 prmsidium

2254 5240 2585 5313 poenitentiae
2627 5248 2680 5297 et
2738 5256 2863 5296 mox
2927 5239 3381 5296 reconciliationis
3441 5238 3855 5311 implorantibus

2256 5331 2574 5403 denegatur,
2619 5330 2784 5385 etiam
2815 5329 2860 5384 si
2892 5328 3096 5385 amisso
3141 5329 3292 5385 vocis
3334 5326 3511 5385 officio
3542 5344 3605 5383 ea
3634 5343 3738 5399 per
3765 5326 3852 5382 in-

2255 5418 2395 5476 dicia
2424 5419 2624 5492 integri
2655 5435 2850 5475 sensus
2871 5417 3244 5489 expostulent;
3262 5418 3350 5474 vel
3372 5418 3418 5472 si
3443 5416 3545 5472 sub
3559 5415 3854 5487 praesentia

2257 5508 2552 5567 sacerdotis
2583 5507 2891 5582 signiﬁcare
2919 5521 3031 5562 non
3062 5507 3263 5577 valent,
3287 5505 3594 5563 testimonia
3608 5504 3852 5565 ﬁdelium
