4164 6302
330 244 438 301 257

983 243 1226 300 OPUSC.
1285 245 1375 299 ET
1419 244 1638 301 EPIST.
1692 244 1763 299 IN
1810 242 2034 300 CAUSA
2091 245 2433 302 HINCMARI
2469 245 2776 303 LAUDUN.

3523 249 3628 303 358

335 366 797 422 circumstantium
828 366 909 422 eis
938 368 1200 438 prodesse
1248 368 1541 437 debebunt,
1594 375 1652 422 ut
1680 368 1837 422 simul
1878 375 1929 422 et
1957 368 2171 440 Aquas
2199 369 2268 426 ad
2306 369 2609 425 accusanda
2652 370 2740 424 vel
2785 369 3088 426 attestanda
3134 370 3353 440 publica
3399 369 3628 427 crimina

335 455 666 526 pmnitentiae
697 465 748 510 et
777 456 1233 511 reconciliationis
1278 457 1539 512 beneﬁcia
1584 472 1932 528 consequan-

337 553 437 608 tur,
471 552 687 599 servata
710 552 892 598 tamen
907 545 1101 618 regula
1127 562 1392 600 canonum
1414 553 1764 617 paternorum
1787 545 1934 600 circa

335 648 523 688 eorum
565 649 864 703 personas,
915 634 1007 706 qui
1049 634 1106 689 in
1143 635 1318 690 Deum
1361 651 1392 690 a
1447 633 1555 690 ﬁde
1603 634 1933 691 discedendo

334 730 723 793 peccaverunt.
769 742 792 771 ι

406 810 516 864 Sed
545 818 597 866 et
628 810 848 882 quidam
894 811 962 866 de
994 811 1077 866 his
1107 827 1173 866 ex
1205 827 1434 884 quorum
1485 811 1731 883 epistolis
1781 827 1933 882 quaa-

337 899 462 955 dam
490 907 618 953 sunt
648 916 677 953 a
709 907 759 954 te
788 897 1036 965 collecta,
1069 899 1250 970 lapsos
1284 908 1336 954 et
1357 887 1685 970 paenitentes
1716 899 1770 954 in
1802 915 1934 972 gra-

336 987 494 1042 dibus
525 987 639 1042 suis
685 1003 906 1043 manere
937 988 1141 1043 debere
1180 988 1451 1043 dixerunt.
1514 990 1708 1044 Postea
1753 996 1935 1042 autem

335 1075 494 1130 aliter
524 1092 590 1130 ex
622 1076 795 1131 sacris
816 1077 1114 1132 canonibus
1145 1092 1177 1131 a
1200 1077 1553 1148 sequentibus
1577 1085 1657 1132 est
1679 1077 1936 1132 constitu-

335 1172 468 1220 tum.
493 1165 651 1220 Unde
682 1165 872 1220 beatus
902 1166 1237 1237 Augustinus
1268 1167 1336 1220 ad
1365 1165 1699 1222 Bonifacium
1718 1165 1938 1236 scripsit

337 1253 522 1308 dicens
552 1254 738 1326 (epist.
772 1255 863 1325 50)
898 1272 911 1308 :
945 1275 966 1304 tt
996 1255 1062 1309 Ut
1094 1254 1237 1308 enim
1269 1255 1688 1310 constitueretur
1736 1254 1791 1308 in
1821 1255 1934 1309 Ec-

337 1341 520 1409 clesia,
553 1359 622 1398 ne
652 1343 938 1414 quisquam
967 1351 1088 1413 post
1120 1343 1348 1412 alicujus
1379 1345 1620 1400 criminis
1658 1343 1934 1415 pceniten-

336 1431 462 1485 tiam
495 1431 807 1486 clericatum
837 1432 1083 1502 accipiat,
1117 1432 1204 1488 vel
1249 1433 1319 1487 ad
1367 1432 1684 1498 clericatum
1730 1432 1934 1497 redeat,

337 1519 421 1575 vel
477 1519 534 1574 in
591 1519 848 1576 clericatu
896 1527 1130 1584 maneat,
1182 1536 1292 1575 non
1337 1521 1718 1591 desperatione
1761 1520 1937 1574 indul-

337 1607 553 1681 gentiae,
583 1607 681 1664 sed
711 1608 893 1681 rigore
937 1608 1139 1664 factum
1186 1617 1269 1663 est
1313 1609 1636 1680 disciplinae.
1682 1609 1935 1680 Alioquin

2034 457 2189 530 leges
2219 459 2451 529 publicae
2478 474 2587 513 non
2620 457 2924 512 admittunt.
2944 459 3011 513 Et
3028 459 3308 516 Nicaanum
3339 460 3629 516 concilium

2034 548 2365 618 neophytum
2395 547 2711 618 episcopum
2739 563 2769 600 a
2799 547 3010 601 duobus
3052 548 3139 602 vel
3181 549 3356 604 tribus
3399 548 3630 603 testibus

2035 636 2390 708 redargutum
2420 636 2693 691 abstinere
2723 652 2752 690 a
2797 636 2944 692 clero
2989 637 3263 707 praecepit,
3316 638 3361 691 si
3409 637 3631 710 aliquod

2035 725 2291 781 delictum
2326 725 2523 781 animae
2571 725 2718 781 circa
2762 741 3052 796 personam
3098 725 3394 795 reperiatur
3440 726 3630 796 hujus-

2033 814 2201 870 modi.
2235 816 2303 869 Et
2330 814 2624 885 Apostolus
2656 814 2920 869 adversus
2934 813 3311 885 presbyterum
3331 814 3632 871 accusatio-

2036 920 2162 958 nem
2191 919 2300 958 non
2334 903 2525 974 recipi,
2557 903 2663 957 nisi
2691 903 2790 957 sub
2821 903 3029 957 duobus
3059 911 3148 957 aut
3191 903 3361 957 tribus
3411 903 3635 958 testibus

2036 991 2303 1062 praecipit.
2345 992 2454 1046 Sed
2483 999 2537 1046 et
2562 1009 2662 1062 per
2688 991 2981 1062 praedictos
3001 991 3199 1047 Africa;
3228 992 3525 1062 provinciae
3545 1006 3636 1048 ca-

2037 1097 2230 1147 nones,
2251 1081 2502 1136 omnibus
2526 1080 2723 1151 quibus
2744 1080 3021 1136 accusatio
3039 1080 3362 1153 denegatur,
3386 1081 3441 1135 in
3458 1080 3636 1137 causis

2037 1170 2272 1241 propriis
2302 1170 2590 1225 accusandi
2608 1170 2836 1240 licentia
2865 1185 2974 1225 non
3004 1178 3234 1242 negatur
3252 1169 3404 1239 (can.
3436 1169 3548 1241 96).
3569 1170 3637 1225 Et

2038 1259 2105 1313 de
2133 1259 2456 1332 purgatione
2488 1267 2881 1325 accusatorum,
2902 1258 3000 1313 sed
3017 1274 3126 1313 non
3138 1259 3530 1324 convictorum,
3549 1257 3636 1314 vel

2037 1346 2424 1414 conﬁtentium,
2456 1348 2678 1403 decreta
2709 1348 2856 1402 sedis
2885 1347 3196 1417 apostolicae
3232 1364 3354 1419 quae
3391 1355 3636 1402 tenemus

2039 1437 2451 1492 constituerunt.
2486 1436 2719 1505 Quidam
2754 1435 2936 1502 etiam,
2970 1436 3116 1507 quod
3155 1436 3223 1490 de
3270 1436 3542 1492 accusatis
3585 1443 3637 1490 et

2037 1525 2104 1579 de
2135 1525 2360 1580 testibus
2391 1525 2652 1580 Silvester
2696 1524 2988 1589 constituit,
3037 1523 3184 1579 velut
3223 1523 3278 1578 in
3320 1524 3458 1578 libro
3507 1523 3636 1596 Epi-

2039 1613 2245 1684 scopali
2275 1614 2493 1687 legitur,
2528 1630 2594 1669 ex
2635 1615 2738 1668 hoc
2782 1613 3076 1668 tenendum
3119 1612 3176 1666 in
3214 1613 3527 1668 auctoritate
3555 1611 3638 1666 di-

336 1703 526 1752 contra
553 1696 736 1754 claves
766 1697 918 1752 datas
945 1697 1213 1753 Ecclesiae
1243 1697 1624 1768 disputabitur,
1650 1699 1717 1753 de
1739 1699 1936 1770 quibus
1965 1724 2018 1784 B
2037 1710 2185 1769 cunt,
2219 1703 2342 1773 quia
2373 1703 2621 1757 Gelasius
2653 1702 2708 1756 in
2738 1702 2998 1774 Catalogo
3030 1702 3099 1756 de
3120 1700 3274 1755 libris
3286 1700 3633 1772 recipiendis,

339 1784 541 1840 dictum
575 1793 655 1840 est
689 1803 702 1839 :
732 1784 866 1854 Quae
896 1786 1165 1841 solveritis
1194 1786 1252 1840 in
1282 1794 1449 1851 terra,
1494 1786 1666 1842 soluta
1698 1795 1857 1842 erunt
1887 1795 1939 1842 et

336 1873 390 1928 in
420 1874 594 1930 cmlis.
630 1874 737 1929 Sed
783 1891 853 1930 ne
893 1874 1120 1931 forsitan
1150 1876 1312 1930 etiam
1359 1876 1584 1930 detectis
1625 1876 1938 1931 criminibus

341 1979 436 2034 spe
465 1963 689 2018 honoris
737 1963 1094 2019 ecclesiastici
1155 1964 1365 2018 animus
1423 1964 1793 2019 intumescens
1849 1982 1939 2020 su-

335 2053 500 2122 perbe
548 2059 738 2124 ageret
782 2052 1176 2123 paenitentiam,
1225 2053 1568 2109 severissime
1617 2053 1837 2124 placuit,
1882 2062 1940 2108 ut

337 2148 459 2211 post
484 2148 664 2196 actam
693 2141 762 2196 de
793 2140 1022 2197 crimine
1052 2141 1342 2196 damnabili
1373 2143 1748 2212 paenitentiam
1777 2158 1938 2198 nemo

340 2229 404 2284 sit
450 2229 700 2297 clericus,
734 2237 791 2284 ut
837 2230 1222 2301 desperatione
1269 2231 1578 2301 temporalis
1621 2231 1935 2298 altitudinis,

339 2317 605 2374 medicina
634 2319 807 2387 major
837 2326 890 2373 et
928 2319 1108 2374 verior
1154 2326 1297 2374 esset
1334 2319 1668 2374 humilitatis.
1721 2321 1859 2374 Nam
1888 2329 1940 2376 et

339 2415 560 2462 sanctus
590 2407 767 2463 David
795 2407 863 2462 de
893 2407 1211 2462 criminibus
1255 2407 1554 2462 mortiferis
1601 2409 1712 2480 egit
1757 2409 1939 2480 paeni-

337 2496 582 2560 tentiam,
617 2503 670 2551 et
697 2503 878 2551 tamen
915 2496 973 2550 in
1017 2497 1226 2552 honore
1277 2513 1376 2552 suo
1423 2497 1656 2567 perstitit
1693 2498 1769 2566 (II
1810 2500 1934 2569 Reg.

338 2584 460 2656 xu).
491 2585 564 2639 Et
593 2585 809 2640 beatum
838 2586 1074 2650 Petrum,
1111 2586 1329 2656 quando
1378 2585 1717 2640 amarissime
1763 2585 1939 2657 lacry-

339 2689 456 2728 mas
510 2672 665 2737 fudit,
711 2673 897 2744 utique
948 2673 1239 2728 Dominum
1287 2690 1522 2746 negasse
1571 2673 1837 2744 paenituit,
1887 2682 1941 2729 et

338 2769 518 2817 tamen
547 2762 822 2832 apostolus
851 2762 1048 2816 mansit
1080 2763 1302 2832 (Matth.
1336 2762 1520 2833 XXVI).
1558 2763 1664 2817 Sed
1686 2778 1795 2817 non
1815 2762 1940 2818 ideo

339 2865 679 2922 supervacua
707 2851 946 2921 putanda
978 2857 1060 2905 est
1085 2851 1459 2922 posteriorum
1487 2851 1786 2922 diligentia,
1814 2851 1941 2922 quia

334 2939 427 2995 ubi
457 2939 618 2994 saluti
648 2939 781 2993 nihil
828 2939 1234 3006 detrahebatur,
1286 2940 1576 2995 humilitati
1614 2940 1813 3011 aliquid
1845 2941 1942 2996 ad-

339 3027 608 3096 diderunt,
643 3044 750 3100 quo
777 3028 924 3083 salus
959 3028 1123 3084 tutius
1170 3027 1492 3098 muniretur,
1529 3029 1738 3100 experti
1774 3029 1939 3086 credo

339 3117 644 3189 aliquorum
675 3117 828 3172 ﬁctas
855 3117 1198 3190 paenitentias
1227 3134 1325 3189 per
1366 3117 1643 3174 affectatas
1672 3118 1941 3173 honorum

339 3206 626 3278 potentias.
662 3207 875 3279 Cogunt
919 3206 1065 3262 enim
1115 3206 1605 3284 multas_invenire
1645 3206 1942 3262 medicinas

341 3296 633 3351 multorum
661 3295 1036 3366 experimenta
1063 3297 1399 3350 morborum.
1434 3297 1633 3350 Verum
1662 3295 1715 3350 in
1747 3296 1940 3364 hujus-

340 3385 485 3440 modi
513 3384 713 3453 causis,
745 3384 837 3440 ubi
865 3401 963 3457 per
990 3401 1184 3456 graves
1213 3385 1618 3440 dissensionum
1649 3385 1937 3451 scissuras,

343 3488 449 3529 non
477 3474 639 3544 hujus
669 3481 760 3528 aut
787 3473 929 3529 illius
959 3474 1196 3529 hominis
1230 3481 1313 3528 est
1355 3473 1674 3545 periculum,
1710 3475 1806 3529 sed
1834 3489 1938 3544 po-

341 3561 591 3633 pulorum
643 3571 858 3633 strages
885 3562 1102 3632 jacent,
1154 3562 1544 3617 detrahendum
1591 3571 1672 3617 est
1736 3561 1941 3634 aliquid

344 3651 634 3718 severitati,
665 3659 725 3705 ut
748 3651 1046 3720 majoribus
1076 3651 1240 3706 malis
1270 3651 1528 3707 sanandis
1557 3651 1793 3707 charitas
1824 3650 1940 3705 sin-

345 3754 472 3797 cera
500 3741 806 3796 subveniat.
847 3764 869 3788 »ι
905 3741 994 3796 Sic
1024 3741 1457 3796 multitudinibus
1507 3757 1604 3812 per
1646 3741 1942 3796 schismata

342 3836 392 3884 et
433 3831 675 3886 haereses
720 3829 1073 3900 pereuntibus
1130 3830 1376 3886 Ecclesia
1418 3829 1690 3886 catholica
1737 3829 1939 3884 subve-

343 3918 456 3974 nire
488 3919 794 3975 consuevit.
843 3919 910 3973 Et
959 3919 1028 3974 de
1073 3920 1178 3976 hac
1225 3919 1550 3975 discretione
1596 3918 1848 3974 Gelasius
1886 3919 1942 3973 in

346 4007 580 4079 quadam
625 4022 726 4064 sua
772 4007 1017 4079 epistola,
1060 4015 1114 4063 et
1160 4008 1349 4064 beatus
1387 4008 1684 4080 Gregorius
1727 4007 1786 4062 in'
1829 4007 1943 4062 suis

343 4095 606 4168 epistolis,
651 4104 705 4152 et
750 4095 807 4151 in
852 4096 970 4151 aliis
1014 4096 1127 4152 suis
1184 4096 1344 4154 dictis
1400 4097 1721 4152 mirabiliter
1769 4095 1942 4152 disse-

341 4193 589 4241 ruerunt.

1961 3081 2010 3145 C

2037 1793 2203 1846 Actus
2232 1790 2374 1844 illius
2415 1791 2679 1863 legendos
2729 1791 2882 1846 dicit.
2941 1791 3050 1845 Sed
3098 1790 3199 1844 alia
3248 1797 3330 1844 est
3368 1790 3638 1860 scriptura

2037 1881 2270 1935 Actuum
2299 1880 2460 1947 illius,
2485 1880 2541 1942 in
2585 1879 2801 1950 quibus,
2851 1887 2903 1934 et
2947 1879 3348 1950 Scripturarum
3395 1877 3636 1934 auctori-

2040 1976 2165 2034 tate,
2203 1977 2256 2022 et
2286 1968 2670 2023 miraculorum
2719 1968 2939 2033 virtute,
2987 1968 3206 2023 Judmos
3244 1967 3514 2022 Christum
3541 1967 3636 2022 Je-

2039 2073 2160 2112 sum
2188 2057 2362 2112 Deum
2392 2073 2584 2112 verum
2615 2064 2880 2129 negantes
2912 2055 3118 2123 revicit,
3150 2055 3241 2126 qui
3259 2055 3480 2128 legendi
3511 2054 3641 2111 scri-

2039 2146 2240 2201 buntur
2272 2163 2286 2200 :
2319 2145 2420 2200 alia
2449 2146 2519 2201 de
2535 2144 3006 2201 constitutionibus
3025 2144 3168 2198 illius
3185 2143 3398 2199 inlibro
3418 2144 3642 2214 Episco-

2038 2235 2168 2306 pali,
2226 2250 2358 2306 quas
2416 2235 2551 2289 sicut
2607 2243 2660 2289 et
2714 2234 2844 2288 alias
2901 2233 3163 2304 quasdam
3225 2231 3639 2288 constitutiones

2039 2324 2270 2378 aliorum
2300 2323 2614 2394 pontiﬁcum
2646 2339 2766 2394 quae
2794 2323 2850 2377 in
2889 2322 3082 2377 eodem
3124 2321 3266 2376 libro
3304 2321 3575 2392 leguntur,
3607 2335 3638 2376 a

2038 2412 2466 2484 praecedentibus
2519 2412 2849 2482 temporibus
2900 2409 3226 2465 universalis
3285 2425 3395 2465 non
3457 2416 3638 2465 servat

2038 2500 2290 2556 Ecclesia
2320 2518 2335 2555 :
2369 2499 2619 2571 quaedam
2649 2515 2782 2555 vero
2811 2516 2876 2554 ex
2898 2498 3104 2554 eisdem
3137 2497 3632 2564 constitutionibus,

2040 2588 2180 2644 sicut
2209 2597 2262 2644 et
2291 2605 2356 2644 ex
2385 2589 2544 2644 dictis
2573 2588 2924 2659 epistolarnm
2954 2588 3022 2642 de
3054 2587 3251 2658 quibus
3269 2586 3470 2657 agitur,
3495 2586 3637 2642 reci-

2039 2677 2116 2748 pit
2145 2685 2197 2732 et
2225 2677 2486 2732 custodit.
2527 2677 2635 2732 Sed
2665 2685 2716 2730 et
2745 2677 2799 2730 in
2832 2675 3039 2730 eisdem
3087 2674 3330 2745 epistolis
3374 2674 3638 2745 scriptum

2040 2773 2140 2831 est,
2169 2781 2280 2820 non
2307 2765 2510 2820 debere
2543 2765 2628 2820 vel
2657 2780 2822 2835 posse
2869 2762 3180 2829 convocari,
3221 2763 3488 2834 synodum
3518 2762 3636 2818 sine

2034 2855 2280 2923 jussione
2327 2854 2414 2909 vel
2465 2869 2735 2910 consensu
2780 2851 3012 2908 Romani
3057 2850 3365 2923 pontiﬁcis;
3396 2859 3450 2906 et
3497 2850 3638 2906 sacri

2038 2943 2246 2999 Nicaeni
2275 2958 2514 2999 canones
2543 2942 2728 2998 dicunt
2757 2942 2914 3013 (can.
2953 2941 3008 3010 5)
3045 2958 3057 2994 :
3096 2961 3118 2991 α
3151 2941 3296 2995 Bene
3319 2939 3521 3010 placuit
3550 2955 3640 2994 an-

2039 3031 2125 3086 nis
2151 3031 2385 3102 singulis
2415 3047 2516 3102 per
2545 3045 2979 3101 unamquamque
2998 3027 3338 3099 provinciam
3369 3027 3454 3081 bis
3470 3027 3526 3082 in
3546 3042 3639 3082 an-

2040 3136 2112 3175 no
2142 3119 2369 3175 concilia
2399 3119 2684 3184 celebrari,
2719 3126 2777 3172 ut
2807 3116 3166 3173 communiter
3195 3115 3446 3171 omnibus
3476 3115 3637 3171 simul

2042 3207 2314 3278 episcopis
2343 3207 2693 3279 congregatis
2721 3204 3038 3276 provinciae,
3063 3203 3415 3259 discutiantur
3445 3204 3636 3272 hujus-

2040 3297 2189 3352 modi
2243 3295 2589 3368 quaestiones.
2628 3315 2650 3344 ι
2711 3295 2779 3350 Et
2841 3293 3289 3349 Chalcedonense
3348 3291 3637 3348 concilium

2041 3388 2192 3457 (can.
2239 3387 2374 3455 19):
2431 3407 2451 3433 «
2491 3383 2765 3452 Decrevit,
2824 3382 3095 3453 inquiens,
3157 3389 3345 3437 sancta
3396 3382 3637 3452 synodus

2041 3473 2339 3530 secundum
2368 3488 2608 3529 canones
2637 3473 2877 3538 Patrum,
2912 3470 2995 3525 bis
3024 3471 3079 3524 in
3097 3486 3236 3526 anno
3268 3469 3556 3541 episcOpos
3576 3469 3634 3525 in

2041 3563 2276 3634 idipsum
2306 3562 2363 3616 in
2391 3577 2711 3633 unaquaque
2739 3559 3015 3631 provincia
3043 3559 3356 3626 convenire,
3391 3574 3498 3629 quo
3515 3573 3637 3614 me-

2041 3652 2400 3723 tropolitanus
2428 3650 2651 3705 antistes
2670 3648 3006 3720 probaverit,
3030 3655 3084 3703 et
3103 3647 3378 3718 corrigere
3400 3647 3634 3720 singula,

2043 3741 2089 3796 si
2119 3758 2240 3812 quae
2270 3739 2512 3795 fortassis
2536 3737 2879 3794 emerserint.
2922 3758 2944 3787 ν
2982 3737 3090 3792 Sed
3122 3744 3174 3792 et
3219 3736 3547 3792 Antiocheni
3587 3742 3640 3792 et

2042 3829 2238 3885 Africae
2263 3828 2560 3900 provinciae
2587 3843 2822 3884 canones
2868 3827 2955 3881 his
3001 3827 3293 3882 concinunt
3339 3824 3640 3882 constitutis

2043 3919 2224 3991 (conc.
2256 3918 2552 3982 Antioch.,
2576 3920 2820 3984 can.20;
2849 3933 3005 3973 conc.
3032 3916 3236 3986 Afric.,
3267 3929 3391 3970 can.
3431 3915 3540 3986 62).
3574 3915 3640 3969 Et

2043 4008 2389 4064 Innocentius
2420 4007 2491 4062 ad
2520 4005 2834 4062 Victricium
2865 4021 2880 4059 :
2920 4026 2941 4055 α
2978 4004 3033 4059 Si
3066 4021 3188 4075 quae
3203 4019 3382 4059 causae
3402 4003 3488 4058 vel
3509 4017 3639 4059 con-

2043 4096 2312 4152 tentiones
2340 4095 2481 4150 inter
2507 4094 2739 4150 clericos
2771 4101 2881 4147 tam
2911 4091 3208 4162 superioris
3238 4091 3445 4146 ordinis
3475 4107 3639 4162 quam

2043 4184 2204 4239 etiam
2229 4182 2500 4238 inferioris
2521 4181 2721 4236 fuerint
2736 4187 2957 4245 exortm,
2985 4187 3043 4232 ut
3060 4179 3355 4234 secundum
3372 4179 3640 4249 synodum

410 4275 616 4330 Verum
663 4282 716 4330 et
753 4274 820 4330 de
870 4274 1314 4330 translationibus
1359 4273 1739 4345 episcoporum
1785 4272 1944 4328 aliter
2040 4272 2339 4336 Nicaenam,
2372 4269 2720 4340 congregatis
2751 4267 2994 4336 ejusdem
3023 4264 3322 4337 provinciae
3344 4265 3635 4337 episcopis,

341 4363 544 4435 antiqui
573 4371 904 4418 censuerunt
947 4363 1251 4435 pontiﬁces,
1291 4363 1450 4420 aliter
1491 4370 1671 4417 autem
1716 4361 1944 4418 concilia
2039 4360 2279 4433 jurgium
2311 4359 2649 4424 terminatur,
2696 4363 2944 4429 patenter
2984 4355 3236 4411 ostendit.
3279 4378 3300 4403 »
3331 4355 3400 4410 Et
3429 4354 3538 4409 Leo
3568 4355 3640 4410 ad

342 4452 691 4525 episcopalis,
726 4460 780 4507 et
801 4470 867 4508 ex
894 4453 980 4508 his
1012 4459 1303 4525 sequentes
1324 4453 1583 4508 Romanae
1601 4450 1746 4506 sedis
1767 4449 1945 4521 ponti-
1971 4439 2024 4500 D
2047 4449 2394 4505 Anastasium
2425 4448 2642 4520 scripsit
2675 4465 2690 4502 :
2725 4470 2746 4495 «
2782 4448 2863 4502 De
2903 4445 3164 4511 conciliis,
3213 4443 3483 4515 inquiens,
3517 4442 3637 4514 epi-

342 4539 470 4597 ﬁces
509 4557 632 4614 quae
671 4542 905 4596 tenenda
945 4549 1071 4596 sunt
1116 4541 1492 4597 decreverunt.
1546 4539 1817 4612 Scriptum
1857 4546 1940 4594 est

343 4630 506 4685 etiam
536 4630 591 4684 in
631 4629 866 4700 prazfatis
906 4629 1170 4701 epistolis,
1213 4638 1272 4685 ut
1299 4629 1674 4686 accusationes
1721 4629 1938 4700 episco-

343 4735 532 4791 porum
561 4735 674 4774 non
704 4719 1052 4790 recipiantur,
1087 4726 1138 4774 et
1167 4719 1221 4774 in
1251 4720 1458 4774 eisdem
1500 4719 1732 4775 habetur
1761 4718 1938 4790 quali-

344 4815 422 4863 ter
450 4807 804 4883 recipiantur,
840 4817 892 4864 et
923 4817 981 4863 ut
1008 4823 1041 4863 a
1073 4807 1185 4864 suis
1207 4809 1401 4864 ovibus
1431 4808 1672 4880 episcopi
1691 4807 1939 4864 accusari

345 4911 452 4952 nan
481 4897 714 4953 valeant.
747 4898 814 4952 Et
843 4896 898 4951 in
929 4897 1400 4953 constitutionibus
1437 4897 1604 4953 sancti
1642 4896 1888 4951 Silvestri
1922 4913 1935 4950 :

348 5006 370 5036 α
405 4987 474 5041 Ut
503 4985 683 5040 nullus
711 4985 883 5041 laicus
915 4987 1117 5042 crimen
1147 4985 1347 5042 clerico
1392 4986 1588 5041 audeat
1629 4985 1850 5051 inferre,
1887 4993 1939 5041 et

344 5081 400 5130 ut
426 5075 714 5145 presbyter
744 5089 854 5130 non
881 5075 1139 5130 adversus
1170 5075 1506 5147 episcOpum,
1540 5090 1649 5130 non
1678 5074 1937 5130 diaconus

346 5163 612 5219 adversus
639 5163 1057 5235 presbyterum;
1096 5185 1118 5213 »
1155 5172 1208 5219 et
1234 5165 1451 5229 iterum,
1488 5178 1520 5218 a
1551 5163 1764 5235 quantis
1785 5179 1939 5220 accu-

346 5251 454 5307 sari
481 5251 702 5307 valeant
722 5252 792 5307 ab
821 5268 886 5308 eo
916 5253 1282 5308 constitutum.
1311 5254 1381 5307 Et
1401 5252 1597 5308 Africae
1617 5253 1933 5324 provinciae,

345 5356 581 5397 canones
611 5356 734 5397 cum
781 5341 976 5413 legatis
1018 5341 1329 5413 apostolica
1377 5341 1541 5406 sedis,
1593 5356 1688 5396 eos
1732 5349 1937 5397 tantum

345 5437 692 5486 accusatores
719 5431 806 5486 vel
835 5431 1022 5488 vestes
1049 5446 1082 5486 a
1101 5431 1421 5488 clericorum
1457 5429 1818 5496 accusatione,
1850 5430 1939 5486 vel

345 5525 534 5579 contra
561 5517 792 5580 clericos
835 5518 1236 5593 testiﬁcatione,
1290 5518 1556 5578 removeri
1597 5518 1936 5591 praecipiunt,

2041 4539 2349 4610 scapalibus
2378 4553 2488 4594 non
2517 4537 2660 4592 aliud
2692 4535 3001 4605 indicimus,
3034 4551 3197 4607 quam
3239 4533 3411 4589 sancti
3448 4534 3639 4588 Patres

2041 4627 2329 4684 salubriter
2355 4626 2687 4694 ordinarunt,
2721 4633 2779 4679 ut
2807 4624 3012 4680 scilicet
3060 4623 3172 4676 bini
3201 4627 3500 4677 conventus
3538 4635 3640 4691 per

2039 4733 2211 4773 annos
2248 4716 2493 4789 singulos
2539 4716 2856 4779 habeantur,
2899 4712 2954 4766 in
3010 4711 3206 4782 quibus
3262 4710 3332 4763 de
3385 4708 3640 4765 omnibus

2040 4806 2274 4878 querelis
2307 4822 2426 4877 qum
2457 4805 2599 4859 inter
2637 4803 2882 4858 diversos
2927 4798 3190 4854 Ecclesiae
3235 4797 3460 4854 ordines
3488 4797 3643 4856 nasci

2041 4894 2279 4951 assolent
2302 4894 2591 4962 judicetur.
2631 4913 2653 4942 ν
2688 4893 2757 4946 Et
2786 4895 3004 4944 sanctus
3043 4887 3342 4959 Gregorius
3372 4888 3442 4944 ad
3474 4887 3642 4943 Galli-

2038 4999 2204 5040 canos
2233 4984 2521 5054 episcopos
2544 4979 2728 5037 scribit
2757 4978 2877 5049 (lib.
2911 4992 3011 5043 vn,
3043 4977 3164 5033 ind.
3203 4981 3257 5045 2,
3308 4993 3394 5048 ep.
3429 4980 3551 5046 112,
3584 4977 3641 5032 in

2041 5072 2170 5144 ﬁne)
2205 5088 2217 5128 :
2256 5095 2276 5119 α
2314 5072 2428 5127 Nec
2447 5087 2566 5135 nos,
2589 5067 2862 5140 inquiens,
2879 5062 2941 5120 in
2962 5067 3066 5122 hac
3087 5065 3468 5122 sollicitudinis
3486 5073 3644 5137 parte

2037 5161 2413 5234 relinquimus,
2441 5159 2587 5230 quod
2617 5157 2684 5211 de
2714 5155 2983 5210 habendis
3012 5172 3113 5228 per
3137 5155 3422 5228 parochias
3452 5153 3642 5210 conci-

2037 5251 2124 5307 liis
2155 5253 2376 5306 Patrum
2403 5245 2746 5318 providentia
2774 5244 3018 5300 utilitatis
3048 5260 3215 5301 causa
3242 5244 3512 5300 sancitum
3532 5249 3635 5299 est.

2039 5340 2195 5395 Unde
2225 5354 2293 5392 ne
2335 5350 2444 5407 qua
2483 5334 2623 5391 inter
2661 5333 2861 5390 fratres
2911 5333 3201 5401 dissensio,
3234 5349 3303 5389 ne
3345 5347 3455 5404 qua
3499 5331 3640 5387 inter

2037 5426 2360 5499 praepositos
2393 5432 2446 5480 et
2485 5424 2761 5494 subjectos
2809 5425 2920 5480 sint
2963 5423 3200 5480 fomenta
3243 5421 3552 5490 discordiae,
3582 5419 3638 5474 in

2035 5531 2204 5576 unum
2231 5514 2544 5575 sacerdotes
2560 5512 2854 5575 convenire
2870 5528 3100 5573 necesse
3117 5518 3220 5583 est,
3238 5515 3297 5569 ut
3313 5509 3385 5569 de
3398 5508 3642 5567 inciden-
