4164 6320
547 268 652 321 359

1515 262 1858 319 HINCMARI
1883 260 2284 319 RHEMENSIS
2311 261 2859 319 ARCHIEPISCOPI.

3744 267 3851 319 360

546 388 692 444 tibus
718 385 900 443 causis
930 385 1274 457 disceptatio,
1309 393 1363 441 et
1410 386 1481 442 sit
1524 386 1757 442 salubris
1795 387 1864 443 de
1893 386 2153 444 ecclesia-
2180 387 2235 448 A
2255 386 2502 457 publicas
2530 386 2587 441 in
2615 386 2846 443 ecclesia
2873 393 3077 442 sanctae
3105 385 3322 457 SOphiae
3365 400 3554 442 coram
3599 385 3853 458 principe

549 477 682 532 stica
710 475 1089 531 observatione
1118 474 1355 530 collatio.
1396 496 1418 525 »

614 564 738 619 Non
767 564 933 635 igitur
958 564 1169 635 absque
1202 563 1349 620 sedis
1365 564 1681 635 apostolicae
1701 564 2023 620 auctoritate
2042 580 2153 621 me-

544 652 856 724 tropolitani
876 652 1123 724 episcopi
1143 661 1194 708 et
1209 652 1468 723 primates
1485 653 1889 723 provinciarum
1911 654 2150 724 synodos

549 757 936 812 convocamus,
973 765 994 790 α
1030 750 1315 813 quatenus,
1348 751 1405 796 ut
1435 742 1625 797 beatus
1667 742 1798 797 dicit
1826 742 2146 813 Gregorius,

551 830 682 885 dum
708 847 808 901 per
843 831 967 896 hoc,
1001 838 1054 886 et
1080 830 1354 901 praeterita
1397 830 1767 903 corriguntur,
1806 839 1857 886 et
1904 831 2152 903 regulam

553 918 734 974 futura
745 918 1065 990 suscipiunt,
1086 921 1428 991 omnipotens
1440 919 1642 991 ubique
1654 920 1917 975 Dominus
1930 920 2152 974 fratrum

553 1008 849 1064 concordia
867 1007 1221 1075 collaudetur,
1245 1008 1401 1077 cujus
1420 1008 1577 1063 nobis
1596 1008 1791 1063 adesse
1806 1008 2153 1080 praesentiam

550 1095 597 1151 si
626 1097 741 1152 haec
771 1096 1125 1153 observamus
1155 1095 1376 1161 scimus,
1427 1096 1555 1167 quia
1597 1096 1858 1167 scriptum
1888 1105 1972 1152 est
2008 1114 2021 1153 :
2059 1098 2154 1154 Ubi

552 1185 660 1241 duo
685 1186 768 1240 vel
820 1190 931 1241 tres
953 1187 1275 1256 congregati
1305 1187 1530 1255 fuerint
1560 1188 1623 1241 in
1648 1187 1878 1242 nomine
1903 1203 2045 1256 meo,
2078 1187 2155 1242 ibi

556 1291 683 1330 sum
712 1275 775 1328 in
804 1274 1210 1329 medioeorum
1238 1273 1459 1343 (Matth.
1493 1275 1684 1345 xvm).
1719 1274 1776 1329 Si
1800 1291 1935 1347 ergo
1955 1275 2153 1330 adesse

555 1362 874 1435 dignabitur
892 1361 985 1415 ubi
1016 1362 1123 1417 duo
1139 1361 1225 1417 vel
1246 1370 1361 1416 tres
1380 1362 1603 1433 fuerint,
1629 1370 1831 1434 quanto
1850 1364 2025 1435 magis
2044 1379 2154 1419 non

558 1451 730 1505 deerit
759 1451 851 1505 ubi
880 1449 1095 1520 plurimi
1125 1450 1482 1506 convenerint
1503 1452 1816 1507 sacerdotes
1833 1453 1860 1507 ‘?
1888 1472 1910 1502 ι
1932 1452 2156 1507 Constat

555 1554 686 1609 ergo
716 1539 784 1593 de
814 1537 1059 1609 generali
1089 1536 1217 1594 fidei
1245 1554 1413 1594 causa
1443 1539 1548 1595 hoc
1578 1539 1783 1595 dixisse
1799 1540 2154 1611 apostolicam

551 1627 758 1683 sedem.
794 1614 950 1683 Unde
980 1643 1105 1683 cum
1148 1626 1308 1698 plura
1345 1628 1614 1684 catholica
1642 1629 1939 1684 habeantur
1967 1629 2154 1685 conci-

553 1714 646 1784 lia,
681 1732 777 1771 sex
809 1716 1004 1787 synodi
1046 1724 1254 1771 tantum
1284 1717 1570 1787 generales
1618 1718 1928 1788 specialiter
1971 1718 2156 1789 appel-

557 1802 756 1871 lantur,
787 1804 915 1875 quia
939 1820 1040 1875 pro
1071 1804 1316 1875 generali
1344 1805 1415 1860 ad
1444 1820 1635 1860 omnes
1668 1806 2007 1861 Christianos
2027 1822 2157 1862 cau-

556 1907 615 1946 sa
644 1892 952 1963 pertinente
982 1901 1107 1948 sunt
1139 1901 1470 1961 convocatae,
1505 1911 1625 1965 quae
1655 1894 1773 1951 sine
1806 1895 2028 1966 speciali
2044 1896 2159 1965 jus-

554 1980 707 2037 sione
753 1981 901 2037 sedis
947 1982 1264 2053 apostolicae
1312 1982 1638 2055 regulariter
1679 1984 2008 2057 congregari
2049 2000 2158 2039 non

558 2077 825 2141 poterant,
871 2086 1050 2142 neque
1102 2079 1350 2141 possunt.
1400 2071 1641 2140 Quarum
1671 2074 2003 2143 synodorum
2032 2072 2157 2128 uni-

554 2157 880 2225 versalium,
933 2173 968 2214 a
1025 2158 1288 2215 catholica
1340 2159 1591 2215 Ecclesia
1629 2161 2154 2233 receptissimarum,

561 2246 742 2317 prima
770 2254 853 2301 est
881 2263 1003 2318 quae
1030 2246 1086 2301 in
1116 2247 1338 2303 Nicaena
1366 2257 1699 2320 congregata
1729 2250 1932 2305 exstitit
1969 2259 2160 2306 contra

553 2335 747 2391 Arium
778 2343 1148 2392 trecentorum
1177 2337 1370 2392 decem
1398 2346 1452 2392 et
1480 2346 1603 2394 octo
1635 2339 1869 2406 Patrum,
1902 2339 2159 2411 tempori-

558 2423 663 2479 bus
717 2424 963 2480 Silvestri
1018 2440 1196 2496 papae,
1235 2425 1338 2480 sub
1384 2426 1738 2483 Constantino
1760 2428 2042 2499 principe;
2076 2444 2161 2484 se-

555 2512 736 2567 cunda
795 2513 853 2567 in
910 2513 1378 2586 Constantinopoli
1438 2524 1655 2571 centum
1714 2518 1874 2572 unius
1916 2518 2155 2583 Patrum,

553 2608 745 2656 contra
780 2601 1156 2657 Macedonium
1207 2610 1260 2657 et
1304 2603 1630 2671 Eudoxium,
1667 2606 2007 2677 temporibus
2054 2607 2159 2661 Da-

556 2688 694 2744 masi
721 2705 899 2760 papae,
935 2699 989 2745 et
1018 2690 1264 2746 Gratiani
1294 2691 1577 2763 principis,
1618 2694 1833 2765 quando
1875 2694 2160 2751 Nectarius

556 2776 735 2832 eidem
763 2777 884 2831 urbi
906 2786 989 2832 est
1017 2778 1295 2834 ordinatus
1325 2780 1615 2851 episcopus
1640 2800 1654 2848 ;
1686 2783 1843 2837 tertia
1867 2782 1921 2838 in
1942 2784 2160 2854 Epheso

557 2865 916 2921 ducentorum
944 2867 1182 2934 Patrum,
1216 2876 1406 2923 contra
1428 2869 1739 2924 Nestorium
1776 2872 2033 2942 Augustae
2061 2888 2159 2927 ur-

552 2953 638 3009 bis
667 2954 1010 3025 episcopum,
1072 2956 1172 3010 sub
1203 2956 1510 3013 Theodosio
1548 2974 1750 3030 magno
1791 2959 2058 3031 principe,
2110 2968 2163 3017 et

552 3058 693 3114 papa
738 3042 1069 3111 Caelestino;
1118 3053 1313 3116 quarta
1352 3046 1718 3113 Chalcedone,
1769 3049 1987 3104 Patrum
2032 3065 2160 3105 sex-

554 3139 840 3187 centorum
870 3132 1114 3203 triginta,
1150 3134 1250 3188 sub
1281 3134 1462 3190 Leone
1494 3151 1654 3207 papa,
1675 3137 2010 3209 temporibus
2027 3138 2161 3193 Mar-

556 3220 698 3276 ciani
752 3220 1037 3292 principis,
1095 3231 1289 3279 contra
1347 3225 1648 3295 Eutychem
1702 3225 2160 3284 nefandissimum

557 3308 855 3379 praesulem
896 3311 1325 3375 monachorum;
1368 3313 1552 3384 quinta
1576 3313 1709 3369 item
1754 3314 1812 3369 in
1849 3316 2161 3373 Constanti-

556 3397 744 3467 n0poli
775 3397 1114 3467 temporibus
1144 3398 1329 3472 Vigilii
1355 3416 1532 3472 papae,
1564 3403 1663 3456 sub
1693 3402 1991 3460 Justiniano
2011 3406 2162 3476 prin-

554 3484 695 3556 cipe,
728 3493 928 3541 contra
955 3487 1301 3543 Theodorum
1340 3496 1394 3544 et
1440 3505 1633 3545 omnes
1658 3491 1979 3559 haereticos;
2013 3503 2164 3550 sexta

557 3572 689 3628 item
720 3574 777 3629 in
807 3575 1273 3648 Constantinopoli
1315 3577 1417 3632 sub
1454 3580 1741 3652 Agathone
1784 3596 1946 3651 papa,
1978 3582 2068 3652 qui
2096 3599 2164 3639 ex

556 3670 755 3733 rogatu
796 3664 1167 3731 Constantini,
1220 3666 1453 3721 Heraclii
1512 3676 1565 3723 et
1609 3668 1812 3724 Tiberii
1858 3669 2163 3742 principum

557 3749 949 3820 piissimorum,
980 3752 1128 3806 misit
1156 3752 1213 3806 in
1260 3754 1471 3827 regiam
1516 3756 1707 3811 urbem
1749 3757 1964 3829 legatos
2011 3776 2159 3831 suos,

558 3837 613 3892 in
642 3838 840 3910 quibus
869 3848 985 3895 erat
1012 3840 1253 3896 Joannes
1281 3842 1539 3898 Romanae
1576 3844 1842 3900 Ecclesiae
1891 3853 2018 3902 tunc
2047 3847 2162 3902 dia-

553 3940 744 3992 conus,
777 3942 888 3982 non
916 3928 1081 3999 longe
1097 3936 1220 3998 post
1255 3930 1564 4001 episcopus,
1587 3947 1689 4003 pro
1719 3932 2045 3990 adunatione
2076 3934 2162 3991 fa-

561 4014 759 4072 cienda
803 4023 1112 4072 sanctarum
1155 4017 1257 4074 Dei
1295 4019 1666 4076 Ecclesiarum
1698 4039 1712 4075 :
1744 4022 1839 4094 qui
1876 4023 2162 4096 benignis-

557 4103 696 4159 sime
725 4105 966 4175 suscepti
986 4120 1021 4160 a
1048 4107 1493 4165 reverentissimo
1511 4108 1641 4165 fidei
1670 4111 1953 4168 catholicae
1974 4113 2163 4169 defen-

556 4206 683 4249 sore
698 4193 1075 4263 Constantino,
1095 4195 1237 4264 jussi
1255 4205 1397 4268 sunt,
1419 4198 1664 4255 remissis
1681 4199 2157 4272 disputationibus,

553 4281 781 4354 paciﬁca
809 4282 1083 4357 colloquio
1114 4284 1183 4340 de
1226 4286 1348 4342 vide
1380 4304 1514 4343 vera
1540 4290 1880 4360 perquirere,
1914 4290 2052 4345 datis
2081 4292 2162 4347 eis

556 4370 624 4427 de
656 4371 1619 4446 bibliotheca.Constantinopolitana
1658 4379 1865 4434 cunctis
1904 4381 2161 4452 antiquo-

2252 483 2305 530 et
2334 475 2645 547 patriarcha
2674 476 2860 530 Latine
2890 475 3213 531 celebraret.
3244 475 3483 546 Septima
3503 483 3685 531 autem
3704 475 3853 546 apud

2260 564 2481 620 Grecos
2509 573 2702 621 vocata
2719 564 3036 620 universalis
3067 564 3520 635 pseudosynodus
3550 564 3618 619 de
3649 564 3856 635 imagi-

2254 652 2433 718 nibus,
2479 668 2615 724 quas
2663 652 2879 724 quidam
2926 652 3368 725 confringendas,
3412 653 3627 724 quidam
3674 660 3859 708 autem

2253 740 2562 796 adorandas
2591 742 2863 809 dicebant,
2897 749 3085 798 neutra
3114 758 3245 797 vero
3275 757 3402 812 pars
3421 741 3699 797 intellectu
3716 756 3856 796 sano

2253 828 2547 897 diﬁiniens,
2608 830 2724 885 sine
2781 830 3100 885 auctoritate
3158 829 3474 901 apostolicae
3516 830 3684 897 sedis,
3742 844 3857 886 non

2255 917 2422 990 longe
2472 926 2595 972 ante
2653 926 2841 974 nostra
2886 927 3155 990 tempora,
3205 918 3675 989 ConstantinOpoli
3704 926 3790 973 est
3823 933 3859 973 a

2253 1005 2667 1078 quampluribus
2717 1006 2988 1077 episcopis
3032 1006 3233 1073 habita,
3282 1014 3336 1060 et
3381 1007 3609 1062 Romam
3657 1006 3853 1074 missa,

2254 1111 2415 1166 quam
2446 1095 2610 1150 etiam
2630 1111 2771 1166 papa
2791 1096 3067 1150 Romanus
3081 1094 3136 1149 in
3158 1094 3443 1151 Franciam
3461 1095 3676 1150 direxit.
3694 1094 3858 1150 Unde

2252 1190 2495 1254 tempore
2523 1183 2703 1238 Caroli
2731 1184 2916 1255 magni
2944 1183 3303 1255 imperatoris,
3339 1183 3588 1253 jussione
3632 1192 3857 1255 aposto-

2226 1306 2229 1313 ς
2254 1271 2371 1328 lica:
2403 1272 2569 1339 sedis,
2599 1272 2872 1343 generalis
2901 1280 2983 1327 est
3013 1272 3254 1344 synodus
3284 1272 3340 1326 in
3372 1273 3617 1339 Francia,
3642 1286 3857 1328 convoa-

2254 1367 2408 1416 cante
2438 1360 2667 1431 praefato
2710 1360 3061 1431 imperatore,
3112 1361 3409 1430 celebrata,
3456 1369 3509 1416 et
3556 1362 3861 1418 secundum

2256 1448 2650 1520 Scripturarum
2722 1450 2990 1504 tramitem
3047 1449 3500 1521 traditionemque
3559 1450 3853 1519 majorum,

2256 1537 2372 1609 ipsa
2404 1538 2717 1594 Grmcorum
2744 1539 3201 1610 pseudosynodus
3229 1539 3500 1594 destructa
3541 1547 3592 1594 et
3637 1539 3859 1611 penitus

2256 1626 2524 1682 abdicata.
2544 1628 2624 1682 De
2649 1628 2804 1696 cujus
2833 1627 3202 1683 destructione
3247 1643 3357 1683 non
3393 1627 3671 1683 modicum
3696 1627 3859 1684 volu-

2185 1745 2238 1804 B
2258 1731 2405 1781 men,
2439 1716 2584 1787 quod
2612 1715 2667 1770 in
2697 1716 2895 1787 palatio
2926 1716 3366 1771 adolescentulus
3395 1716 3525 1789 legi,
3560 1717 3630 1772 ab
3661 1717 3861 1772 eodem

2258 1804 2590 1875 imperatore
2618 1806 2847 1860 Romam
2878 1812 2960 1859 est
2988 1821 3088 1876 per
3119 1805 3383 1877 quosdam
3405 1805 3696 1877 episcopos
3724 1805 3861 1860 mis—

2261 1910 2401 1948 sum.
2437 1894 2497 1947 In
2527 1894 2681 1962 cujus
2720 1893 3009 1949 voluminis
3041 1901 3236 1965 quarto
3273 1894 3414 1949 libro
3444 1894 3587 1966 (cap.
3618 1898 3711 1965 28)
3743 1895 3865 1965 haec

2261 1982 2329 2036 de
2357 1981 2651 2038 universali
2679 1982 2897 2037 nomine
2927 1981 3127 2053 scripta
3155 1989 3279 2037 sunt
3313 2000 3326 2036 :
3365 2004 3387 2032 α
3424 1982 3762 2038 Universitas
3791 1982 3863 2037 ab

2259 2085 2366 2126 uno
2396 2070 2830 2143 cognominatur,
2863 2072 3009 2142 quod
3039 2086 3148 2126 uno
3176 2070 3452 2126 multoties
3480 2086 3641 2127 verso
3670 2086 3867 2143 propa-

2260 2167 2438 2230 gatur.
2479 2160 2620 2215 Nam
2660 2160 2945 2216 multitudo
2993 2160 3260 2215 unitatum
3304 2167 3548 2217 vertente
3593 2159 3649 2214 in
3693 2176 3865 2215 unum

2261 2247 2506 2314 collecta,
2556 2247 2884 2304 universitas
2933 2247 3179 2304 eﬂicitur.
3231 2248 3382 2304 Sicut
3425 2249 3570 2304 enim
3608 2248 3867 2304 Ecclesia

2262 2336 2583 2392 universalis
2613 2345 2713 2403 est,
2731 2353 2849 2409 quae
2876 2338 3065 2393 Graeco
3099 2336 3315 2408 eloquio
3348 2338 3611 2393 catholica
3641 2337 3863 2409 dicitur,

2260 2423 2333 2479 ita
2362 2425 2618 2480 nimirum
2647 2441 2809 2481 omne
2840 2426 3100 2497 quidquid
3132 2426 3201 2480 ab
3223 2426 3338 2495 ejus
3366 2426 3573 2483 unitate
3602 2442 3714 2481 non
3744 2426 3865 2482 dis-

2261 2514 2445 2581 cessit,
2504 2513 2826 2570 catholicum
2870 2514 3173 2586 nuncupari
3228 2522 3426 2585 potest.
3479 2514 3670 2571 Omnis
3717 2516 3865 2571 enim
3934 2586 3941 2593 ἡ

2261 2602 2512 2658 doctrina
2560 2602 2886 2679 Christiana,
2937 2604 3024 2658 vel
3070 2603 3346 2674 quaelibet.
3388 2603 3702 2659 constitutio
3748 2604 3868 2660 sive

2263 2691 2480 2747 traditio
2508 2690 2631 2746 talis
2662 2707 2784 2747 esse
2817 2691 2998 2760 debet,
3034 2698 3092 2746 ut
3119 2691 3418 2747 universali
3449 2693 3741 2748 conveniat
3759 2693 3868 2749 Ec-

2263 2778 2446 2835 clesiae
2477 2796 2490 2833 :
2525 2779 2671 2851 quod
2719 2795 3063 2852 nequaquam
3118 2780 3358 2836 haeretici
3410 2780 3862 2848 observaverunt,

2264 2868 2355 2939 qui
2383 2884 2485 2939 per
2513 2867 2757 2923 diversas
2788 2868 2974 2922 mundi
3004 2876 3210 2939 partes,
3258 2868 3527 2940 aliquibus
3573 2870 3867 2940 regionum

2262 2955 2507 3026 partibus
2537 2957 2812 3024 coarctati,
2846 2957 3219 3013 conventicula
3248 2957 3496 3029 quaedam
3536 2965 3860 3027 statuerunt,

2262 3044 2457 3116 quibus
2486 3052 2540 3100 et
2571 3061 2630 3100 se
2659 3053 2713 3100 et
2739 3045 3087 3117 quamplures
3118 3046 3189 3100 ab
3228 3046 3612 3102 ecclesiastica:
3641 3046 3867 3102 unitatis

2263 3132 2540 3189 consortio
2572 3141 3022 3207 segregaverunt,
3055 3134 3193 3190 Cum
3221 3150 3354 3208 ergo
3374 3135 3600 3190 duarum
3630 3144 3685 3191 et
3704 3135 3868 3190 trium

2260 3222 2668 3293 provinciarum
2698 3222 2963 3293 praesules
2993 3222 3047 3278 in
3078 3239 3245 3297 unum
3265 3223 3614 3294 conveniunt,
3648 3223 3697 3278 si
3725 3223 3866 3279 anti-

2263 3326 2491 3382 quorum
2520 3327 2791 3367 canonum
2820 3311 3151 3367 institutione
3195 3313 3388 3367 muniti
3433 3312 3637 3384 aliquid
3665 3312 3865 3384 praedi-

2262 3400 2493 3456 cationis
2522 3408 2613 3455 aut
2640 3400 2909 3473 dogmatis
2939 3400 3242 3468 instituunt,
3279 3401 3422 3472 quod
3452 3410 3633 3458 tamen
3662 3400 3735 3456 ab
3762 3418 3863 3457 an-

2262 3487 2537 3558 tiquorum
2565 3489 2784 3543 Patrum
2817 3488 3165 3561 dogmatibus
3190 3505 3300 3545 non
3337 3490 3630 3561 discrepat,
3666 3491 3861 3546 catho-

2262 3575 2427 3632 licum
2459 3585 2543 3632 est
2567 3578 2713 3649 quod
2754 3576 2978 3649 faciunt,
3027 3586 3082 3633 et
3124 3578 3357 3634 fortasse
3400 3578 3508 3635 dici
3535 3587 3717 3650 potest
3741 3580 3865 3635 uni-

2264 3664 2475 3721 versale
2505 3680 2518 3719 :
2554 3665 2806 3736 quoniam
2837 3667 3082 3738 quamvis
3109 3682 3217 3723 non
3248 3667 3318 3722 sit
3346 3667 3412 3722 ab
3442 3667 3682 3723 universi
3712 3668 3863 3724 orbis

2263 3753 2592 3824 prmsulibus
2640 3761 2839 3822 actum,
2870 3762 3049 3811 tamen
3105 3756 3175 3811 ab
3226 3756 3599 3813 universorum
3658 3756 3769 3813 ﬁde
3809 3765 3864 3812 et

2262 3841 2547 3897 traditione
2577 3859 2687 3898 non
2717 3843 3006 3916 discrepat,
3042 3845 3187 3916 quod
3218 3845 3407 3900 crebro
3427 3845 3625 3902 factum
3652 3845 3712 3900 in
3739 3846 3862 3917 ple-

2264 3929 2448 4002 risque
2478 3932 2668 3987 mundi
2694 3933 2937 4004 partibus
2968 3933 3292 4005 quibusdam
3329 3934 3743 3991 necessitatibus
3772 3936 3862 3991 in-

2263 4020 2639 4075 cumbentibus
2670 4021 2887 4076 scimus.
2920 4022 3082 4078 Multa
3113 4023 3259 4078 enim
3287 4023 3513 4079 concilia
3540 4030 3696 4095 gesta
3712 4032 3859 4092 sunt,

2264 4123 2492 4181 quorum
2519 4109 2944 4166 institutionibus
2974 4118 3163 4167 sancta
3204 4111 3446 4167 munitur
3490 4119 3544 4167 et
3588 4104 3860 4169 corrobo-

2261 4204 2407 4253 ratur
2436 4197 2702 4255 Ecclesia.
2738 4200 2797 4255 Si
2822 4216 2954 4255 vero
2981 4201 3211 4255 duarum
3238 4209 3327 4261 aut
3355 4201 3515 4256 trium
3542 4201 3860 4273 provincia-

2261 4301 2378 4340 rum
2408 4286 2672 4358 praasules
2701 4287 2757 4342 in
2784 4304 2950 4345 unum
2980 4290 3384 4358 convenientes,
3428 4305 3572 4345 nova
3612 4291 3863 4362 quaedam
3900 4304 3911 4307 ·

2263 4381 2502 4431 statuere
2548 4376 2847 4448 cupientes,
2908 4378 3285 4435 conventicula
3341 4378 3589 4450 quaedam
3632 4378 3857 4450 faciunt,

554 4475 675 4515 rum
703 4460 923 4515 Patrum
955 4475 1091 4532 quos
1116 4463 1373 4531 petebant
1401 4463 1621 4521 libellis.
1652 4465 1952 4522 Adfuerunt
1973 4476 2154 4525 autem
2181 4463 2235 4522 D
2266 4478 2388 4535 quae
2417 4480 2525 4521 non
2556 4482 2679 4521 cum
2708 4465 2950 4521 universi
2984 4466 3135 4522 orbis
3178 4466 3424 4522 Ecclesia
3468 4468 3727 4537 sentiunt,
3761 4468 3861 4525 sed

556 4556 608 4604 et
636 4547 881 4619 episcopi
911 4556 1130 4604 centum
1149 4549 1561 4623 quinquaginta,
1579 4553 1904 4623 praesidente
1918 4556 2158 4630 Georgio

554 4636 858 4707 patriarcha
915 4637 1085 4711 regis:
1137 4637 1306 4706 urbis,
1366 4646 1420 4694 et
1475 4640 1775 4697 Antiochiae
1820 4644 2074 4710 Macario,
2108 4654 2160 4702 et

556 4725 786 4781 convicti
817 4733 939 4781 sunt
981 4727 1072 4798 qui
1120 4741 1283 4781 unam
1325 4727 1658 4784 voluntatem
1689 4737 1742 4784 et
1784 4732 2155 4802 operationem

556 4813 870 4868 astruebant
898 4814 957 4869 in
988 4815 1224 4883 Christo,
1260 4816 1491 4873 falsassc
1521 4818 1741 4873 Patrum
1773 4820 2158 4890 catholicorum

559 4896 700 4953 dicta
737 4901 1086 4971 perplurima.
1132 4904 1308 4961 Finito
1346 4914 1526 4962 autem
1568 4906 1839 4975 conﬂictu,
1888 4909 2158 4983 Georgius

559 4995 861 5055 correctus,
896 4990 1164 5048 Macarius
1194 5009 1328 5051 vero
1348 5011 1473 5051 cum
1496 4995 1609 5051 suis
1626 4997 1974 5068 sequacibus,
2000 5000 2158 5056 simul

556 5082 611 5130 et
649 5078 1076 5147 pmcessoribus
1119 5082 1282 5153 Cyro,
1342 5084 1556 5156 Sergio,
1614 5085 1875 5153 Honorio,
1927 5088 2154 5159 Pyrrho,

558 5164 748 5231 Paulo,
797 5174 851 5220 et
897 5167 1060 5224 Petro
1117 5172 1569 5238 anathematizati,
1618 5181 1673 5228 et
1714 5174 1769 5228 in
1816 5174 1999 5231 locum
2041 5177 2158 5246 ejus

555 5253 939 5325 Theophanius
983 5258 1127 5313 abba
1177 5259 1247 5315 de
1286 5260 1472 5317 Cilicia
1537 5262 1821 5319 Antiochea
1867 5263 2157 5338 episcopus

556 5342 753 5399 factus.
784 5344 1059 5418 Tantaque
1108 5348 1279 5418 gratia
1320 5349 1533 5420 legatos
1581 5352 1858 5409 catholicae
1885 5354 2036 5426 pacis
2065 5371 2157 5411 co-

555 5431 743 5487 mitata
768 5441 870 5504 est,
904 5443 960 5490 ut
986 5436 1189 5493 Joanes
1221 5438 1534 5495 Portuensis
1566 5441 1879 5514 episcopus,
1921 5444 2013 5516 qui
2040 5451 2159 5500 erat

555 5545 698 5588 unus
725 5546 794 5590 ex
820 5530 975 5607 ipsis,
1017 5534 1308 5597 Dominica
1343 5544 1659 5597 octavarum
1686 5540 1912 5600 Pascha
1959 5541 2157 5603 missas

2257 4552 2325 4606 ab
2345 4568 2411 4608 ea
2440 4554 2679 4625 quadam
2707 4571 2772 4610 ex
2797 4564 2953 4625 parte
2982 4555 3327 4623 dissentiunt,
3362 4572 3471 4612 non
3512 4566 3595 4612 est
3619 4558 3858 4614 catholi-

2260 4655 2384 4696 cum
2412 4642 2556 4713 quod
2582 4642 2804 4709 faciunt,
2838 4652 2890 4699 et
2917 4644 3041 4701 ideo
3078 4645 3385 4702 universale
3415 4647 3716 4718 nuncupari
3746 4662 3860 4703 non

2258 4736 2457 4801 potest.
2490 4729 2664 4787 Omne
2703 4732 2851 4803 quod
2899 4733 3332 4790 ecclesiasticum
3375 4742 3475 4803 est,
3527 4735 3858 4791 catholicum

2260 4825 2360 4886 est,
2393 4826 2447 4873 et
2473 4833 2635 4874 omne
2656 4820 2802 4891 quod
2847 4822 3175 4878 catholicum
3221 4831 3321 4890 est,
3367 4823 3679 4879 universale
3720 4832 3806 4881 est
3839 4842 3853 4878 :

2259 4920 2420 4962 omne
2468 4914 2649 4963 autem
2693 4909 2839 4980 quod
2880 4910 3185 4967 universale
3228 4920 3329 4979 est,
3381 4911 3620 4983 profanis
3663 4928 3857 4969 vocum

2259 4995 2587 5051 novitatibus
2622 5005 2786 5065 caret,
2819 5013 2980 5055 omne
3020 4999 3187 5072 igitur
3232 5000 3379 5071 quod
3425 5001 3858 5058 ecclesiasticum

2259 5090 2359 5152 est,
2391 5084 2637 5155 profanis
2664 5102 2861 5143 vocum
2889 5088 3215 5145 novitatibus
3244 5096 3413 5146 caret.
3445 5090 3515 5145 Et
3553 5090 3599 5144 si
3627 5091 3746 5147 haec
3772 5108 3856 5162 sy-

2257 5172 2434 5227 nodus
2490 5189 2685 5230 vocum
2731 5176 3059 5233 novitatibus
3105 5186 3339 5245 careret;
3367 5178 3715 5250 antiquorum
3745 5180 3853 5235 Pa-

2257 5267 2397 5314 trum
2424 5261 2770 5334 dogmatibus
2796 5273 3065 5333 contenta,
3098 5266 3417 5323 universalis
3446 5267 3553 5324 dici
3589 5276 3805 5340 poterat
3838 5285 3852 5323 :

2257 5364 2369 5403 non
2395 5358 2573 5406 autem
2599 5353 2943 5425 antiquorum
2974 5356 3195 5410 Patrum
3224 5357 3572 5427 dogmatibus
3601 5364 3856 5412 contenta

2258 5444 2360 5504 est,
2391 5454 2501 5494 non
2527 5440 2693 5514 igitur
2720 5442 3043 5500 universalis
3089 5444 3197 5500 dici
3248 5451 3447 5517 potest.
3481 5445 3857 5502 Universalem

2256 5535 2419 5610 plane
2447 5539 2698 5600 eamdem
2725 5540 2993 5613 synodum
3038 5557 3149 5601 non
3177 5550 3560 5603 cunctaremur
3587 5542 3853 5616 proﬁteri:
