4164 6302
243 242 342 296 361

956 238 1199 295 OPUSC.
1251 233 1343 290 ET
1396 237 1615 292 EPIST.
1662 237 1735 291 IN
1783 236 2010 292 CAUSA
2065 237 2408 294 HINCMARI
2460 238 2764 296 LAUDUN.

3436 243 3539 297 δαὶ

241 362 347 420 nisi
373 378 500 418 eam
518 361 842 418 universalis
860 361 1125 419 Ecclesiae
1147 363 1494 435 dogmatibus
1515 361 1841 418 sentiremus
1869 361 1928 423 A
1946 362 2069 430 bus,
2103 379 2212 436 quo
2242 372 2296 419 et
2321 363 2605 419 Nicasnum
2633 361 2921 419 concilium
2948 360 3148 418 factum
3173 370 3277 433 est,
3326 377 3542 420 memo-

245 450 535 522 refragari.
582 475 605 499 η

314 539 502 596 Claret
531 539 696 595 etiam
718 539 821 594 hac
841 539 910 594 de
929 555 1115 608 causa,
1140 547 1199 594 ut
1217 539 1483 611 praedixit,
1509 538 1847 594 universales

242 643 304 684 ac
333 628 630 700 generales
660 628 899 699 synodos
920 627 1208 694 nominari,
1235 644 1358 684 cum
1375 629 1560 699 plures
1581 627 1843 699 episc0pi,

246 733 404 788 quam
436 717 494 771 in
524 715 850 788 quibusdam
880 715 1114 788 praefatis
1143 717 1366 788 synodis
1396 716 1592 771 fuerint
1625 731 1848 788 congre-

246 805 376 877 gati,
410 805 729 877 apostolicae
758 805 909 859 sedis
933 805 1199 874 jussioue,
1223 813 1275 860 et
1295 804 1565 876 imperiali
1585 820 1852 860 convoca-

246 894 392 948 tione
416 911 430 948 :
456 893 594 949 sicut
624 893 964 949 Sardicensis
993 894 1253 964 synodus,
1278 893 1332 948 in
1354 911 1459 964 qua
1479 895 1550 949 ab
1569 893 1848 964 Hesperiis

245 981 492 1052 partibus
540 981 826 1054 plusquam
876 981 1104 1037 trecenti
1154 990 1526 1037 convenerunt
1583 981 1844 1052 episcopi.

246 1071 310 1124 Et
332 1071 388 1124 in
420 1069 695 1125 Africanis
725 1069 966 1140 synodis,
992 1086 1114 1126 cum
1147 1069 1338 1142 legatis
1359 1070 1671 1140 apostolicae
1701 1069 1848 1126 sedis

245 1158 552 1225 celebratis,
586 1158 859 1214 interdum
886 1158 1119 1230 amplius
1156 1174 1320 1230 quam
1369 1159 1586 1214 ducenti
1630 1159 1849 1214 fuerunt

245 1246 574 1320 congregati
605 1246 884 1318 episcopi;
924 1262 1035 1301 non
1065 1255 1246 1302 tamen
1293 1247 1434 1302 inter
1480 1247 1574 1302 illa
1622 1247 1846 1302 univer-

247 1336 373 1392 salia
405 1335 640 1392 concilia
669 1343 1070 1407 computantur,
1102 1352 1225 1392 cum
1256 1345 1466 1392 constet
1509 1353 1632 1391 esse
1663 1336 1847 1392 catho-

246 1425 346 1480 lica
382 1432 438 1480 et
465 1441 497 1478 a
531 1424 662 1480 sede
711 1424 1008 1496 apostolica
1050 1433 1214 1496 atque
1253 1425 1552 1480 universali
1596 1425 1849 1480 Ecclesia

247 1513 642 1584 receptissima.
678 1513 832 1568 Unde
863 1520 1083 1568 sanctus
1132 1513 1433 1584 Gregorius
1481 1513 1537 1568 in
1585 1501 1849 1586 synodica

246 1603 474 1674 epistola
501 1602 572 1657 ad
604 1601 890 1673 Cyriacum
930 1602 1584 1672 Constantinopolitanum
1628 1603 1846 1674 episco-

1946 461 2102 506 rante
2133 451 2285 520 Osio,
2319 453 2388 507 ad
2419 451 2798 506 auctoritatem
2824 451 3244 507 devocaverunt.
3293 451 3361 507 Et
3403 451 3538 508 Car-

1947 539 2284 612 thaginensis
2341 539 2536 612 synodi
2582 540 2860 595 decretam
2909 539 3343 596 constitutionem
3386 540 3542 613 quasi

1945 629 2244 700 propriam,
2278 629 2576 700 apostolica
2607 629 2766 684 sedes
2793 644 2895 700 per
2921 627 3295 684 Innocentium
3330 637 3386 686 et
3411 629 3542 687 C(2-

1947 717 2198 773 lestinum
2225 719 2591 789 amplectitur.

2019 807 2108 862 Sic
2139 807 2304 878 igitur
2329 806 2668 862 universales
2697 807 2891 878 synodi
2912 805 3220 879 specialiter
3237 807 3548 878 apostolicae

1949 895 2095 950 sedis
2125 896 2442 952 auctoritate
2473 904 2858 962 convocantur,
2901 903 2955 952 et
2981 911 3138 967 aeque
3187 895 3548 967 provinciales

1949 985 2227 1040 canonicae
2261 985 2473 1057 synodi,
2509 985 2730 1040 decreto
2759 984 2908 1040 sedis
2935 984 3267 1056 apostolica,
3299 999 3330 1040 a
3355 992 3553 1041 metro-

1948 1073 2204 1144 politanis
2251 1083 2303 1129 et
2346 1074 2746 1146 provinciarum
2791 1073 3114 1145 primatibus
3159 1081 3546 1130 convocantur.

1951 1161 2100 1217 Sicut
2129 1163 2198 1216 de
2227 1162 2438 1218 collatis
2467 1163 2714 1219 clavibus
2744 1163 2902 1234 regni
2931 1163 3216 1229 caelorum,
3268 1162 3326 1218 id
3369 1170 3452 1219 est
3479 1162 3550 1219 li-

1947 1249 2116 1322 gandi
2147 1257 2200 1305 et
2229 1251 2496 1317 solvendi,
2529 1250 2828 1321 pontiﬁcio,
2852 1250 3164 1322 specialiter
3183 1259 3374 1306 sancto
3391 1250 3552 1308 Petro

1948 1338 2074 1393 dato
2105 1347 2158 1392 et
2187 1339 2349 1393 simul
2379 1339 2632 1394 omnibus
2661 1337 2944 1410 apostolis,
2991 1347 3044 1394 et
3075 1338 3130 1394 in
3162 1339 3242 1394 eis
3269 1339 3550 1396 catholicis

1948 1426 2220 1498 episcopis
2251 1427 2468 1495 collato,
2503 1437 2690 1484 sancta
2719 1435 2771 1482 et
2793 1427 3117 1482 universalis
3163 1435 3309 1483 tenet
3356 1427 3553 1484 Eccle-

1949 1515 2049 1570 sia.
2084 1516 2239 1572 Unde
2269 1516 2457 1570 beatus
2488 1517 2597 1571 Leo
2637 1517 2694 1570 in
2737 1531 2989 1571 sermone
3034 1515 3118 1570 sui
3163 1515 3359 1570 natalis
3403 1516 3548 1572 inter

1949 1613 2144 1659 caetera
2192 1603 2321 1660 dicit
2372 1622 2386 1659 :
2437 1627 2458 1652 «
2509 1603 2668 1673 Quod
2715 1604 2912 1660 dicitur
2958 1603 3272 1660 beatissimo
3315 1605 3474 1662 Petro
3525 1623 3540 1660 :

246 1707 372 1764 pum
403 1691 475 1746 de
505 1690 756 1745 Eudoxio
804 1691 922 1758 (lib.
956 1705 1031 1780 vr,
1063 1691 1182 1745 ind.
1219 1694 1305 1756 15,
1338 1707 1423 1780 ep.
1455 1694 1510 1761 4,
1561 1693 1623 1748 in
1661 1692 1798 1762 ﬁne)
1828 1709 1918 1780 :B
1954 1693 2067 1748 Tibi
2081 1694 2215 1749 dabo
2237 1695 2420 1748 claves
2441 1694 2603 1764 regni
2618 1695 3328 1765 cwlorum,etqucecunque
3347 1693 3550 1765 ligave-

248 1803 270 1826 α
305 1780 362 1836 Si
392 1779 518 1852 quis
549 1795 674 1835 eum
705 1781 970 1834 veraciter
999 1779 1068 1834 de
1097 1779 1380 1836 catholicis
1415 1780 1662 1834 Patribus
1692 1781 1845 1835 dam—

245 1875 350 1932 nat,
407 1868 524 1938 ejus
581 1867 771 1939 procul
815 1867 983 1922 dubio
1033 1867 1353 1923 sententiam
1395 1869 1705 1939 sequimur;
1747 1884 1848 1924 vos

247 1965 422 2012 tamen
453 1955 502 2010 si
529 1955 586 2010 in
616 1955 880 2026 synodica
907 1964 1090 2011 vestra
1117 1955 1346 2027 epistola
1377 1973 1472 2012 eos
1502 1973 1715 2029 quoque
1740 1973 1845 2012 no-

247 2045 491 2100 minatim
521 2043 786 2100 damnare
820 2044 1084 2109 voluistis,
1117 2045 1210 2117 qui
1239 2053 1393 2100 extra
1431 2054 1647 2100 sanctas
1675 2060 1845 2116 syno-

247 2133 343 2188 dos
373 2149 477 2204 per
502 2133 720 2188 Patrum
753 2133 951 2203 scripta
995 2134 1333 2200 damnantur,
1379 2133 1580 2189 multos
1628 2134 1846 2202 scriptis

247 2222 443 2278 vestris
475 2229 658 2278 vestra
687 2221 991 2276 fraternitas
1022 2222 1202 2276 minus
1229 2223 1448 2293 posuit;
1483 2223 1528 2276 si
1549 2231 1729 2277 autem
1751 2238 1846 2278 eos

247 2327 380 2384 quos
410 2309 703 2382 generales
751 2310 945 2380 synodi
993 2319 1272 2381 respuunt,
1324 2311 1468 2366 hunc
1514 2327 1679 2365 unum
1725 2327 1845 2365 am-

246 2399 404 2470 plius.
448 2423 470 2447 ι»
504 2399 574 2454 Ει
601 2399 657 2453 in
688 2397 944 2454 Africano
974 2398 1204 2454 concilio
1234 2399 1467 2470 legimus
1511 2401 1660 2469 (can.
1707 2401 1796 2470 62)
1830 2415 1843 2454 :

250 2507 271 2528 -
305 2483 612 2540 Concilium
642 2482 952 2537 universale
980 2499 1090 2538 non
1120 2483 1227 2538 nisi
1266 2483 1587 2539 necessitate
1635 2483 1845 2538 facien-

246 2573 389 2629 dum.
442 2571 655 2628 Placuit
702 2579 758 2626 ut
798 2587 908 2627 non
954 2572 1025 2626 sit
1073 2571 1212 2626 ultra
1251 2571 1543 2645 fatigandis
1587 2571 1846 2627 fratribus

245 2661 623 2716 anniversaria
661 2660 998 2726 necessitas;
1031 2669 1085 2716 et
1131 2661 1344 2732 quoties
1389 2661 1634 2733 exegerit
1679 2675 1848 2716 causa

246 2751 574 2815 communis,
607 2749 665 2804 id
699 2757 781 2804 est
813 2749 976 2804 totius
1003 2749 1215 2815 Africae,
1239 2750 1600 2821 undecunque
1621 2749 1687 2804 ad
1708 2751 1848 2806 hanc

246 2840 430 2896 sedem
461 2839 533 2895 de
561 2839 667 2895 hac
697 2855 756 2894 re
797 2838 936 2894 datas
983 2838 1178 2894 litterae
1225 2837 1444 2904 fuerint,
1495 2854 1846 2912 congregan-

245 2929 368 2984 dam
397 2944 524 2985 esse
555 2928 828 3000 synodum
848 2928 903 2983 in
921 2943 1016 2984 eas
1033 2927 1342 2998 provincias
1359 2927 1453 2982 ubi
1473 2927 1848 2999 Opportunitas

246 3017 605 3089 persuaserit.
638 3017 826 3072 Causae
853 3025 1032 3072 autem
1063 3033 1184 3089 qua
1212 3032 1530 3072 communes
1575 3033 1686 3071 non
1723 3024 1848 3072 sunt

247 3105 301 3162 in
325 3107 442 3163 suis
469 3105 770 3178 provinciis
793 3105 1123 3174 judicentur.
1163 3130 1184 3154 »ι
1219 3107 1285 3160 Et
1314 3106 1424 3160 Leo
1444 3121 1584 3176 papa
1598 3106 1668 3160 ad
1688 3105 1848 3160 Maxi-

247 3210 389 3252 mum
419 3195 819 3250 Antiochenum
849 3193 1069 3267 scripsit
1101 3210 1113 3248 :
1153 3217 1173 3241 «
1225 3191 1522 3266 Quidquid,
1571 3193 1840 3266 inquiens,

247 3293 466 3356 propter
493 3283 763 3356 speciales
793 3298 990 3340 causas
1020 3282 1358 3354 synodalium
1387 3282 1746 3338 conciliorum
1775 3283 1846 3337 ad

248 3388 473 3429 examen
505 3372 848 3444 episcopales
877 3371 1132 3436 defertur,
1164 3378 1342 3442 potest
1370 3370 1606 3442 aliquam
1650 3371 1845 3440 dijudi-

247 3461 406 3518 candi
437 3461 643 3517 habere
675 3460 961 3526 rationem,
1013 3460 1059 3514 si
1101 3459 1178 3515 nil
1205 3459 1276 3514 de
1321 3475 1387 3515 eo
1434 3468 1517 3514 est
1563 3475 1596 3514 a
1642 3459 1846 3516 sanctis

247 3551 499 3607 Patribus
530 3551 678 3622 apud
707 3551 947 3606 Nicaeam
977 3548 1280 3604 diﬂinitum.
1304 3549 1444 3604 Nam
1475 3549 1619 3622 quod
1646 3549 1714 3604 ab
1734 3548 1846 3605 illo-

248 3657 364 3697 rum
410 3639 622 3714 regulis
667 3647 723 3696 et
768 3639 1148 3698 constitutione
1195 3639 1484 3708 discordat,
1535 3639 1847 3710 apostolicae

248 3730 393 3786 sedis
441 3744 728 3802 nunquam
773 3728 968 3800 poterit
1015 3728 1258 3784 obtinere
1305 3743 1653 3784 consensum.
1709 3751 1732 3775 »ι
1778 3729 1847 3784 Et

245 3818 588 3876 Antiochena
617 3817 859 3890 synodus
888 3817 1016 3874 dicit
1037 3817 1189 3888 (can.
1216 3818 1305 3886 16)
1339 3839 1360 3864 α
1395 3815 1696 3888 perfectum
1712 3816 1848 3873 illud

247 3923 367 3964 esse
395 3905 712 3974 concilium,
763 3906 854 3962 ubi
895 3904 1198 3960 interfuerit
1225 3906 1671 3977 metmpolitanus
1701 3904 1846 3960 anti-

248 4005 376 4053 stes.
417 4020 441 4045 ιο
474 3997 545 4052 Et
570 3995 815 4052 Zosimus
842 4011 986 4066 papa
1016 3993 1238 4050 Aurelio
1265 4002 1317 4050 et
1346 3994 1614 4049 universis
1641 3994 1851 4064 episco-

247 4085 328 4156 pis
355 4102 460 4158 per
486 4083 726 4141 Africam
757 4083 1079 4151 constitutis,
1122 4083 1218 4138 sed
1248 4091 1302 4138 et
1332 4083 1602 4138 universis
1634 4083 1848 4153 episco-

246 4174 329 4244 pis
358 4190 464 4246 per
491 4172 706 4230 Gallias
734 4181 787 4229 et
812 4181 1020 4244 septem
1059 4171 1370 4242 provincias
1419 4171 1747 4238 constitutis,
1797 4178 1850 4226 et

251 4262 522 4319 universis
552 4261 826 4334 episcopis
852 4277 953 4333 per
981 4259 1294 4332 Hispaniam
1323 4260 1646 4324 constitutis,
1672 4276 1702 4314 a
1729 4258 1847 4330 pari

246 4350 383 4408 inter
444 4360 645 4409 caetera
690 4351 956 4415 scribens,
1007 4349 1392 4421 provincialem
1441 4349 1846 4404 Gallicanorum

1944 1783 2025 1836 ris
2041 1798 2210 1854 super
2225 1785 2458 1847 terram,
2474 1785 2647 1837 erunt
2670 1783 2844 1853 ligata
2860 1786 2916 1838 et
2934 1782 2994 1836 in
3015 1782 3201 1849 caelis;
3221 1786 3277 1838 et
3289 1798 3548 1854 quaecun-

1945 1886 2048 1939 que
2077 1871 2309 1925 solveris
2337 1885 2508 1942 super
2539 1873 2772 1937 terram,
2793 1873 2966 1925 erunt
2993 1871 3183 1926 soluta
3212 1874 3270 1926 et
3299 1870 3361 1926 in
3389 1871 3544 1928 catis

1947 1958 2168 2028 (Matth.
2204 1959 2344 2024 xw),
2379 1957 2627 2013 transivit
2659 1957 2876 2030 quidem
2903 1957 3065 2012 etiam
3086 1959 3140 2012 in
3163 1957 3300 2014 alios
3326 1967 3544 2030 aposto-

1945 2046 2029 2101 los
2061 2047 2179 2116 ejus
2206 2047 2360 2101 istius
2388 2047 2690 2117 potestatis,
2723 2055 2777 2101 et
2806 2047 2876 2101 ad
2907 2063 3099 2102 omnes
3120 2047 3380 2104 Ecclesia
3397 2047 3548 2119 prin-

1946 2135 2097 2206 cipes
2126 2135 2333 2191 decreti
2363 2136 2520 2202 huius
2551 2135 2863 2191 constitutio
2902 2135 3245 2205 commeavit,
3294 2136 3393 2190 sed
3438 2151 3553 2193 non

1945 2223 2147 2278 frustra
2179 2225 2272 2278 uni
2301 2225 2716 2279 commendatur
2755 2224 2902 2295 quod
2947 2223 3202 2279 omnibus
3247 2223 3542 2281 intimetur.

1945 2312 2106 2367 Petro
2137 2313 2282 2368 enim
2313 2314 2436 2368 ideo
2467 2314 2572 2368 hoc
2602 2313 2953 2386 singulariter
2983 2312 3238 2379 creditur,
3273 2315 3401 2384 quia
3421 2329 3550 2369 cun-

1945 2401 2046 2456 ctis
2109 2401 2370 2457 Ecclesiae
2425 2401 2728 2456 rectoribus
2785 2401 2928 2456 Petri
2980 2399 3154 2456 forma
3207 2401 3542 2472 praponitur.

1946 2489 2126 2544 Manet
2155 2506 2288 2562 ergo
2321 2490 2460 2544 Petri
2490 2489 2856 2562 privilegium,
2903 2489 3211 2561 ubicunque
3258 2504 3325 2545 ex
3371 2489 3542 2560 ipsius

1946 2577 2120 2633 fertur
2148 2579 2399 2650 aequitate
2421 2578 2721 2647 judicium;
2752 2594 2855 2634 nec
2882 2577 3046 2633 nimia
3063 2587 3146 2633 est
3163 2577 3252 2634 vel
3281 2578 3545 2634 severitas

1947 2667 2034 2722 vel
2061 2667 2328 2732 remissio,
2362 2667 2454 2721 ubi
2500 2667 2634 2721 nihil
2683 2675 2766 2722 est
2812 2667 3060 2740 ligatum,
3107 2666 3240 2721 nihil
3283 2667 3541 2735 solutum,

1946 2755 2051 2810 nisi
2080 2756 2226 2826 quod
2264 2756 2452 2810 beatus
2501 2757 2693 2811 Petrus
2736 2763 2827 2810 aut
2872 2755 3074 2829 ligarit,
3122 2763 3216 2810 aut
3261 2755 3479 2812 solveri.
3520 2780 3542 2805 η

1947 2842 2052 2912 Qui
2080 2860 2272 2917 regem
2301 2844 2586 2913 calorum,
2620 2852 2680 2898 ut
2707 2843 3042 2915 Augustinus
3058 2851 3112 2898 et
3126 2843 3311 2900 caeteri
3364 2843 3553 2901 docto-

1949 2948 2040 2988 res
2069 2942 2364 3004 exponunt,
2397 2933 2594 3003 majori
2622 2949 2738 3004 prae
2765 2932 2979 2988 caeteris
3009 2931 3297 2988 devotione
3329 2931 3542 2990 confes-

1944 3029 2042 3075 Sus
2100 3030 2202 3088 est,
2255 3023 2448 3078 merito
2492 3038 2608 3093 pre
2659 3021 2870 3077 caeteris
2913 3021 3031 3092 ipse
3059 3020 3267 3077 collatis
3297 3019 3546 3078 clavibus

1947 3109 2102 3179 regni
2129 3111 2369 3166 caelestis
2399 3125 2626 3164 munere
2655 3110 2886 3164 donatus
2917 3116 3018 3175 est,
3051 3116 3108 3164 ut
3137 3117 3411 3165 constaret
3435 3125 3550 3166 om-

1946 3197 2106 3252 nibus
2137 3199 2264 3269 quia
2292 3199 2499 3270 absque
2541 3214 2606 3253 ea
2648 3197 2995 3254 confessione
3041 3212 3110 3253 ac
3155 3197 3263 3254 ﬁde
3311 3213 3546 3272 regnum

1947 3285 2211 3342 caelorum
2241 3287 2423 3342 nullus
2451 3286 2626 3358 possit
2669 3286 2892 3343 intrare.
2943 3285 3140 3342 Claves
3166 3293 3348 3342 autem
3389 3287 3550 3362 regni

1945 3374 2212 3430 caelorum
2241 3375 2414 3446 ipsam
2446 3375 2791 3432 discernendi
2819 3374 3100 3431 scientiam
3140 3375 3550 3448 potentiamque

1946 3463 2208 3536 nominat,
2241 3480 2351 3537 qua
2378 3464 2576 3536 dignos
2605 3464 2855 3535 recipere
2897 3464 2955 3518 in
2995 3479 3247 3535 regnum,
3291 3463 3550 3538 indignos

1948 3552 2232 3608 secludere
2261 3553 2491 3608 deberet
2515 3569 2546 3608 a
2575 3568 2750 3626 regno
2775 3571 2790 3618 ;
2825 3551 2971 3607 unde
3003 3551 3290 3608 manifeste
3315 3552 3548 3622 subjun-

1946 3640 2028 3713 git
2050 3657 2066 3694 :
2091 3643 2161 3697 Et
2178 3642 2543 3714 quodcunque
2562 3641 2824 3714 ligaveris
2842 3656 3014 3714 super
3030 3643 3265 3709 terram,
3280 3641 3394 3698 erit
3411 3642 3554 3712 liga-

1950 3732 2076 3785 tum
2092 3733 2149 3786 et
2168 3730 2232 3785 in
2253 3731 2438 3796 caelis;
2463 3733 2520 3786 et
2534 3730 2896 3803 quodcunque
2908 3730 3141 3786 solveris
3152 3745 3322 3803 super
3339 3733 3554 3788 terram

1949 3819 2061 3873 erit
2079 3821 2331 3875 solutum
2347 3823 2404 3875 et
2423 3819 2487 3874 in
2509 3819 2684 3875 caelis.
2708 3817 2843 3888 Quae
2871 3817 3116 3874 solvendi
3144 3833 3210 3876 ac
3235 3817 3445 3892 ligandi
3460 3833 3557 3892 po-

1949 3913 2139 3973 testas,
2171 3907 2420 3978 quamvis
2451 3907 2553 3963 soli
2582 3907 2739 3963 Petro
2768 3907 2898 3963 data
2925 3907 3176 3964 videatur
3217 3921 3253 3963 a
3293 3907 3552 3974 Domino,

1950 3995 2158 4067 absque
2183 3996 2290 4052 ulla
2321 4005 2504 4052 tamen
2535 3996 2812 4052 dubietate
2841 3996 3181 4052 noscendum
3211 4003 3295 4052 est
3328 3996 3458 4068 quia
3501 4003 3557 4052 et

1950 4084 2162 4140 caeteris
2193 4085 2457 4154 apostolis
2485 4085 2661 4152 datur,
2695 4085 2816 4154 ipso
2845 4092 2983 4139 teste
3013 4084 3106 4156 qui
3134 4091 3256 4156 post
3283 4084 3556 4156 passionis

1949 4173 2475 4243 resurrectionisque
2505 4189 2617 4226 sua:
2640 4171 2974 4241 triumphum
2989 4187 3262 4242 apparens
3283 4172 3363 4228 eis
3383 4171 3552 4228 insuf-

1950 4259 2117 4328 ﬂavit,
2151 4268 2202 4314 et
2219 4259 2354 4314 dixit
2369 4259 2623 4314 omnibus
2647 4277 2660 4312 :
2684 4260 2938 4332 Accipite
2958 4259 3238 4332 Spiritum
3255 4263 3550 4327 sanctum;

1950 4365 2188 4420 quorum
2208 4350 2544 4406 remiseritis
2559 4351 2816 4421 peccata,
2835 4349 3209 4404 remittentur
3227 4350 3329 4419 eis,
3344 4352 3402 4404 et
3420 4365 3551 4423 quo-

249 4441 630 4513 episcoporum
659 4439 927 4512 synodum
957 4439 1221 4511 approbat
1251 4437 1324 4492 ita
1353 4437 1540 4492 dicens
1571 4455 1585 4492 :
1621 4461 1642 4484 ‹‹
1680 4438 1839 4491 Laza-
1866 4435 1919 4496 D
1951 4455 2081 4493 rum
2111 4439 2490 4508 retinueritis,
2522 4442 2749 4494 retenta
2777 4441 2919 4494 sunt
2946 4439 3129 4507 (Joan.
3161 4438 3284 4508 xx).
3309 4439 3423 4494 Nec
3441 4453 3552 4494 non

247 4545 354 4598 rus,
388 4530 586 4602 inquit,
617 4529 824 4584 dudum
850 4529 906 4583 in
933 4527 1250 4582 Taurinensi
1305 4527 1536 4582 concilio
1582 4525 1849 4599 gravissi-

248 4634 460 4674 morum
520 4617 901 4690 episcoporum
963 4616 1246 4672 sententiis
1299 4631 1399 4686 pro
1463 4615 1848 4672 calumniatore

251 4708 563 4777 damnatus,
619 4723 744 4763 cum
800 4705 991 4762 Briccii
1044 4705 1347 4762 innocentis
1396 4705 1638 4776 episcOpi
1685 4705 1848 4760 vitam

247 4795 394 4853 falsis
425 4795 825 4867 objectionibus
850 4795 1162 4866 appetisset,
1213 4801 1338 4864 post
1372 4810 1502 4849 vero
1553 4794 1789 4849 indebite
1817 4810 1850 4848 a

249 4884 497 4948 Proculo,
553 4884 644 4958 qui
692 4884 834 4940 inter
881 4892 1104 4940 caeteros
1151 4883 1206 4938 in
1258 4884 1468 4954 synodo
1515 4881 1849 4939 damnationi

247 4973 364 5043 ejus
392 4981 734 5040 assenserat,
767 4972 1132 5029 sacerdotium
1162 4981 1487 5028 consecutus
1516 4981 1618 5039 est,
1666 4989 1697 5027 a
1739 4987 1848 5043 quo

248 5077 308 5117 se
337 5063 480 5134 ipse,
517 5063 640 5118 vitm
671 5077 782 5117 sum
809 5060 1079 5126 conscius,
1119 5060 1258 5115 datis
1285 5060 1479 5116 litteris
1523 5061 1578 5114 in
1621 5061 1848 5116 abdica-

244 5151 450 5208 tionem
483 5151 567 5206 sui
603 5159 796 5223 sponte
838 5150 1128 5205 submovit.
1169 5174 1191 5197 »
1241 5149 1350 5204 Sed
1397 5159 1449 5204 et
1496 5151 1848 5206 Sardicenses

245 5255 489 5298 canones
520 5241 578 5295 in
604 5239 840 5312 capitulo
869 5239 1081 5296 decimo
1112 5247 1324 5310 quarto,
1377 5255 1686 5310 quanquam
1739 5256 1848 5295 non

243 5329 539 5405 designato
569 5329 811 5396 nomine,
835 5328 934 5385 sed
962 5327 1135 5400 posita
1182 5327 1563 5385 constitutione
1608 5327 1848 5385 Eliberi-

241 5420 359 5475 tani
389 5418 609 5478 concilii
647 5418 803 5490 (can.
834 5418 946 5490 21),
997 5417 1143 5491 quod
1191 5417 1386 5473 eodem
1429 5424 1693 5487 tempore,
1745 5418 1848 5475 sub

241 5515 608 5574 Constantino
636 5514 986 5589 imperatore,
1017 5513 1240 5572 Paulino
1267 5521 1321 5572 et
1349 5513 1558 5570 Iuliano
1613 5514 1848 5571 consuli-

539 5625 778 5681 Psnon.
821 5622 1066 5680 CXXVI.

1949 4527 2107 4581 etiam
2136 4543 2280 4583 nunc
2308 4527 2362 4582 in
2391 4527 2666 4598 episc0pis
2681 4543 2748 4583 ac
2766 4527 3102 4599 presbyteris
3120 4527 3266 4582 omni
3287 4525 3550 4583 Ecclesia

1948 4615 2183 4672 ofﬁcium
2215 4616 2359 4672 idem
2392 4616 2780 4684 committitur;
2820 4623 2877 4671 ut
2906 4615 3158 4672 videlicet
3185 4614 3385 4688 agnitis
3413 4631 3549 4686 pec-

1949 4706 2187 4762 cantium
2215 4705 2413 4774 causis,
2449 4721 2803 4778 quoscunque
2852 4703 3084 4759 humiles
3111 4717 3178 4758 ac
3207 4718 3336 4759 vere
3365 4703 3548 4776 poeni-

1947 4803 2122 4850 tentes
2151 4795 2445 4866 aspexerit,
2481 4795 2581 4850 bos
2606 4797 2720 4864 jam
2751 4810 2784 4849 a
2815 4793 3006 4848 timore
3034 4799 3315 4863 perpetuae
3354 4793 3549 4851 mortis

1947 4883 2218 4939 miserans
2249 4884 2494 4940 absolvat
2519 4903 2532 4950 ;
2566 4900 2704 4956 quos
2734 4897 2862 4937 vero
2894 4881 2950 4934 in
2979 4880 3216 4952 peccatis
3265 4898 3388 4954 quae
3417 4897 3548 4956 ege-

1950 4981 2075 5026 runt
2107 4974 2402 5043 persistere
2433 4971 2771 5045 cognoverit,
2803 4970 2926 5024 illos
2953 4969 3286 5041 perennibus
3330 4971 3544 5044 suppli-

1947 5061 2048 5116 ciis
2089 5062 2415 5133 obligandos
2463 5062 2718 5116 insinuet.
2782 5059 2938 5114 Unde
2983 5059 3115 5114 alias
3162 5061 3428 5116 Dominus
3475 5062 3545 5117 de

1948 5159 2201 5221 correpto
2229 5152 2399 5207 semel
2429 5159 2482 5206 et
2509 5151 2700 5205 iterum
2730 5163 2796 5204 ac
2836 5149 3011 5214 tertio,
3063 5149 3161 5206 sed
3205 5165 3316 5206 non
3364 5149 3545 5222 poeni-

1948 5247 2094 5296 tente
2124 5241 2288 5296 fratre
2333 5238 2578 5312 pra-cipit
2622 5238 2857 5294 dicens:
2889 5239 2949 5296 Si
2995 5243 3188 5296 autem
3234 5241 3548 5296 Ecclesium

1947 5346 2063 5384 non
2091 5326 2356 5396 audierit,
2389 5330 2464 5384 sit
2498 5329 2600 5384 tibi
2628 5331 2780 5385 sicut
2829 5330 3092 5387 ethnicus
3122 5333 3177 5386 et
3206 5329 3544 5402 publicanus

1949 5417 2166 5486 (Matth.
2202 5418 2387 5490 xvui).
2419 5417 2486 5473 Et
2515 5433 2586 5473 ne
2612 5417 2733 5477 leve
2763 5435 2995 5494 quisque
3023 5426 3237 5492 putaret
3279 5416 3544 5477 Ecclesia».

1949 5532 2007 5570 se
2039 5514 2242 5584 judicio
2288 5516 2640 5574 condemned
2658 5559 2672 5587 ,
2720 5533 2850 5576 mox
2895 5517 3206 5575 terribiliter
3247 5515 3488 5585 adiunxit
3525 5532 3538 5568 :

3123 5627 3188 5680 12
