4164 6324
557 253 662 306 363

1481 229 1824 290 HINCMARI
1879 222 2281 284 RHEMENSIS
2327 219 2888 280 ARCHIEPISCOPI.

3777 213 3888 280 36‘

575 375 755 435 Aman
769 369 892 428 dico
911 366 1059 424 vobis
1083 381 1098 419 :
1119 375 1464 436 amaraque
1480 355 1856 429 clligaveritis
1876 367 2046 425 super
2067 355 2178 405 ter-
2199 347 2257 408 A
2274 364 2394 420 quae
2421 365 2490 402 ex
2517 346 2740 402 Nicaeae
2771 341 3001 399 concilio
3047 346 3257 411 sumpta
3303 337 3545 394 servavit
3591 336 3891 408 antiquitas

576 478 724 527 ram,
745 455 1108 528 eruntligata
1123 456 1179 513 et
1194 453 1258 508 in
1277 449 1412 508 caelo
1429 469 1448 516 ;
1477 451 1536 504 et
1549 459 1890 518 quwcunque
1906 439 2184 497 solveritis

577 565 747 621 super
778 552 1016 614 terram,
1049 545 1222 600 erant
1249 540 1438 598 soluta
1465 541 1525 593 et
1550 537 1614 590 in
1645 535 1796 591 cwlo.
1833 529 1995 586 Omni
2024 528 2188 601 igitur

577 617 880 696 electorum
909 631 1196 698 Ecclesiae,
1225 629 1378 699 juxta
1405 625 1627 682 modum
1659 622 1944 692 culparum
1972 617 2058 674 vel
2077 632 2187 688 poe—

572 721 834 788 nitentiae,
871 717 1080 792 ligandi
1108 731 1172 771 ac
1202 711 1448 769 solvendi
1498 710 1660 764 datur
1706 703 2019 762 auctoritas.
2079 700 2186 756 Sed

575 813 703 870 ideo
731 811 926 872 beatus
956 807 1171 872 Petrus,
1203 801 1296 876 qui
1325 799 1597 858 Christum
1621 811 1751 852 vera
1773 794 1880 848 ﬁde
1901 791 2186 849 confessus

577 916 711 959 vero
741 906 826 956 est
853 912 1040 954 amore
1071 900 1311 958 secutus,
1347 887 1652 961 specialiter
1680 885 1863 940 claves
1893 879 2052 954 regni
2083 893 2188 934 coe-

578 991 756 1051 lorum
786 995 840 1046 et
880 984 1243 1060 principatum
1283 977 1584 1050 judiciariae
1628 970 1912 1045 potestatis
1954 967 2180 1039 accepit,

574 1088 638 1136 ut
665 1094 855 1138 omnes
881 1056 984 1148 per
1012 1073 1204 1131 orbem
1233 1068 1518 1126 credentes
1548 1063 1856 1134 intelligant
1905 1058 2029 1130 quia
2060 1056 2183 1129 qui-

579 1185 795 1240 cunque
820 1145 903 1224 ab
917 1164 1121 1222 unitate
1147 1157 1275 1216 ﬁdei
1306 1155 1390 1213 vel
1433 1152 1710 1211 societatis
1753 1149 1898 1204 illius
1944 1145 2187 1220 quolibet

583 1236 748 1319 modo
777 1253 1101 1324 semetipsos
1131 1251 1445 1322 segregant,
1480 1243 1618 1300 tales
1646 1255 1750 1296 nec
1788 1236 2019 1294 vinculis
2049 1250 2182 1306 pec-

583 1355 824 1408 catorum
852 1339 1082 1410 absolvi,
1115 1352 1220 1396 nec
1241 1337 1468 1406 januarn
1497 1331 1708 1404 possint
1748 1327 1901 1400 regni
1947 1324 2184 1381 caelestis

582 1434 819 1508 ingredi.

651 1501 724 1582 iit
753 1521 882 1594 quia
907 1517 1158 1576 devitans
1191 1512 1557 1587 prolixitatem
1605 1507 1866 1580 epistolae,
1919 1519 2018 1575 per
2067 1501 2183 1554 sin-

581 1613 710 1688 gula
737 1591 875 1668 sicut
903 1615 1170 1681 poteram,
1217 1603 1263 1658 si
1292 1610 1506 1672 tempus
1553 1597 1744 1652 fuisset
1797 1602 1849 1648 et
1891 1591 2080 1657 otium,
2133 1597 2185 1644 et

2286 445 2337 492 et
2367 439 2628 491 hactenus
2657 443 2800 489 tenet
2831 449 2896 488 ac
2925 437 3217 486 veneratur
3248 426 3516 483 Ecclesia.
3553 427 3634 480 De
3662 426 3771 480 hoc
3801 441 3894 479 au-

2285 534 2395 580 tem
2453 525 2597 596 quod
2653 520 3125 579 reverentissimus
3179 517 3348 571 Julius
3403 515 3458 570 in
3514 514 3744 586 epistola
3793 528 3893 568 sua

2287 614 2417 670 dicit
2464 631 2476 668 :
2533 638 2553 660 «
2603 613 2762 666 Plura
2817 611 2886 665 de
2943 609 3047 674 his,
3101 606 3307 662 scilicet
3351 603 3600 676 capitulis
3645 603 3892 658 Nicaznae

2287 703 2499 774 synodi,
2532 702 2656 756 ideo
2685 700 2774 756 hic
2801 715 2910 754 non
2939 697 3283 762 inservimus,
3308 711 3378 749 ne
3399 708 3630 749 vacuare
3652 691 3892 747 vilemve

2285 793 2465 848 facere
2494 790 2806 862 praedictam
2839 787 3107 859 synodum
3125 785 3453 854 videremur,
3488 790 3580 837 aut
3609 780 3892 836 fastidium

2285 881 2596 954 legentibus
2625 877 3077 948 audientibusque
3119 873 3331 946 prolixa
3375 871 3555 928 facere
3603 869 3837 942 epistola.
3872 886 3885 924 :

2286 971 2334 1026 si
2361 970 2484 1043 quis
2510 977 2688 1024 autem
2735 969 2803 1022 de
2850 965 2934 1020 bis
2977 963 3237 1034 ampliora
3284 970 3442 1033 atque
3489 957 3890 1014 abundantiora

2287 1059 2425 1116 scire
2455 1057 2702 1122 voluerit,
2741 1055 2796 1110 in
2827 1071 2981 1110 sacro
3011 1061 3213 1108 nostra
3231 1050 3376 1106 sedis
3395 1047 3658 1105 Ecclesiae
3680 1047 3888 1103 scrinio

2285 1156 2338 1204 et
2371 1164 2434 1203 ea
2465 1163 2586 1218 quae
2615 1144 2964 1217 praediximus
3003 1139 3244 1196 invenire
3288 1137 3504 1210 poterit,
3557 1152 3752 1192 verum
3797 1152 3890 1190 me

2285 1238 2470 1292 dicere
2499 1235 2650 1290 testis
2681 1245 2763 1289 est
2793 1233 2915 1304 ipsa
2943 1231 3228 1295 Divinitas,
3273 1244 3306 1282 a
3335 1227 3483 1282 nullo
3532 1235 3614 1281 est
3661 1233 3888 1281 contra-

2285 1326 2624 1382 dicendum:
2659 1323 2788 1395 quia
2817 1321 2922 1376 nisi
2949 1321 3069 1392 ipsa
3115 1336 3235 1391 quze
3279 1316 3426 1372 misit
3469 1316 3714 1380 haberet,
3761 1314 3887 1368 mit-

2285 1423 2398 1471 tere
2429 1414 2576 1469 nullo
2605 1412 2768 1468 modo
2795 1418 3022 1482 poterat,
3058 1417 3109 1464 et
3139 1407 3265 1480 quia
3293 1407 3444 1477 plura
3472 1405 3726 1470 habebat,
3761 1419 3888 1458 esse

2285 1505 2467 1575 utique
2499 1519 2686 1558 verum
2717 1508 2928 1557 constat
2961 1517 2974 1552 :
3008 1497 3133 1570 quia
3163 1504 3215 1552 et
3247 1496 3340 1550 illa
3369 1511 3492 1566 quae
3514 1509 3734 1550 sacrum
3754 1508 3889 1548 con-

2285 1593 2468 1649 cilium
2524 1591 2808 1646 Nicaenum
2849 1586 3148 1652 constituit,
3184 1593 3392 1640 certum
3423 1591 3506 1638 est
3541 1584 3595 1636 in
3631 1583 3885 1638 Romano

581 1670 694 1761 non
733 1670 952 1758 vererer
995 1693 1295 1768 legentium
1342 1670 1580 1754 taedium,
1630 1685 1726 1740 tibi
1776 1682 2066 1739 ostendere
2112 1679 2180 1732 de
2201 1709 2256 1770 B
2291 1682 2491 1737 scrinio
2516 1679 2854 1747 conservari,
2888 1679 2956 1732 de
2989 1676 3185 1748 quibus
3215 1683 3267 1730 et
3299 1673 3470 1744 ipsius
3501 1680 3705 1727 sanctae
3735 1670 3886 1726 sedis

582 1793 669 1851 his
699 1805 823 1864 quae
849 1783 1140 1854 collegisti,
1174 1781 1266 1864 illa
1291 1779 1410 1852 ipsa
1440 1786 1494 1864 te
1523 1775 1876 1864 redarguere,
2086 1785 2185 1838 pu—

582 1885 668 1932 tas
694 1853 989 1947 plurimum
1016 1853 1198 1924 tecum
1229 1863 1430 1932 facere,
1465 1861 1533 1915 de
1566 1857 1887 1930 quibusdam
1918 1853 2014 1907 tibi
2063 1861 2187 1906 tan-

584 1941 712 2022 tum-
731 1980 798 2020 ex
827 1961 914 2016 his
955 1973 1078 2032 quae
1123 1951 1415 2026 collegisti,
1464 1946 1772 2020 specialiter
1818 1941 2184 2014 respondebo,

587 2053 798 2110 scilicet
827 2050 896 2104 de
927 2029 1170 2119 epistolis
1198 2041 1325 2096 Julii
1368 2048 1420 2094 et
1464 2037 1678 2102 Felicis,
1725 2032 1878 2106 quasi
1926 2032 1994 2086 de
2043 2029 2191 2119 capi-

585 2142 713 2199 tulis
745 2137 939 2212 synodi
963 2118 1206 2191 ’Nictena:
1235 2127 1518 2197 confectis,
1553 2133 1675 2182 ante
1708 2122 2029 2178 Sardicense
2063 2118 2189 2190 qui-

586 2233 714 2289 dem
745 2211 1054 2294 concilium,
1086 2221 1173 2278 cui
1197 2216 1528 2276 Athanasius
1557 2229 1700 2269 anno
1732 2211 1942 2266 decimo
1973 2215 2186 2273 octavo,

585 2315 943 2378 ordinationis
974 2327 1088 2370 suae
1121 2325 1246 2366 cum
1277 2305 1466 2362 litteris
1493 2301 1802 2360 Constantis
1831 2299 1898 2352 ab
1929 2296 2191 2353 Occiden-

583 2408 780 2464 talibus
807 2403 1076 2478 partibus,
1108 2399 1166 2454 in
1193 2397 1392 2470 quibus
1423 2393 1783 2456 exsulaverat,
1809 2385 2190 2443 Alexandriam

583 2473 1033 2564 rediens—legitur
1061 2485 1392 2554 interfuisse,
1443 2481 1693 2555 quodque
1723 2479 1874 2548 juxta
1905 2473 2192 2532 chronico—

581 2604 707 2643 rum
737 2592 793 2640 et
817 2563 1122 2638 litterarum
1150 2572 1644 2633 ecclesiasticarum
1686 2567 1868 2633 ﬁdem,
1903 2563 2190 2619 undecimo

579 2674 772 2732 mortis
801 2666 1158 2734 Constantini,
1191 2663 1364 2737 patris
1393 2665 1767 2732 Augustorum
1811 2652 2108 2710 Constantii
2139 2659 2192 2707 et

583 2761 913 2826 Constantis,
935 2757 1077 2818 Rufo
1107 2763 1161 2811 et
1189 2751 1429 2808 Eusebio
1449 2747 1786 2812 consulibus,
1811 2759 1954 2799 anno
1977 2741 2190 2797 decimo

585 2862 742 2910 sexto
797 2847 926 2906 Julii
978 2859 1158 2919 papae,
1205 2841 1300 2916 qui
1343 2837 1606 2895 successit
1654 2836 1838 2890 Marco
1887 2829 2191 2887 successori

586 2938 856 3009 Silvestri,
890 2937 1045 3006 cujus
1077 2943 1321 3004 tempore
1351 2927 1627 2984 celebrata
1657 2931 1744 2978 est
1786 2937 1938 2976 sacra
1966 2920 2191 2974 Nicaena

583 3030 846 3104 synodus,
907 3025 1106 3097 cuique
1162 3021 1232 3078 ad
1288 3017 1466 3074 vicem
1515 3011 1759 3072 Silvestri
1816 3009 2192 3082 prmsederunt

587 3096 754 3182 dsine
784 3096 1156 3174 Cordubensis
1195 3108 1504 3180 episcopus,
1559 3103 1742 3158 Victor
1777 3108 1828 3154 et
1876 3096 2193 3154 Vincentius

582 3197 902 3284 presbyteri
925 3201 1078 3260 urbis
1107 3200 1311 3256 Romae.
1339 3198 1497 3252 Anno
1528 3207 1660 3248 vero
1692 3188 1906 3246 circiter
1935 3186 2192 3243 vicesimo

585 3276 900 3368 tertio'post
927 3292 1210 3348 Nicaenam
1254 3285 1518 3357 synodum
1565 3279 1908 3336 Antiochena
1954 3276 2194 3348 synodus

583 3367 904 3448 habitaiest,
961 3387 1016 3436 et
1043 3377 1239 3433 eadem
1267 3372 1498 3446 epistola
1524 3369 1650 3425 Julii
1679 3384 1780 3439 per
1807 3367 1953 3421 idem
1985 3374 2194 3435 tempus

587 3475 734 3538 facta
762 3488 886 3543 esse
915 3465 1276 3542 dignoscitur,
1310 3462 1366 3518 in
1396 3476 1504 3534 qua
1553 3457 1707 3530 plura
1751 3454 1986 3526 capitula
2031 3453 2194 3508 modo

588 3541 809 3622 diverso
853 3559 1085 3639 collecta
1130 3559 1396 3617 tenentur,
1448 3565 1570 3622 quae
1621 3545 1666 3600 si
1713 3545 1782 3600 de
1829 3558 1941 3598 una
1986 3541 2194 3612 synodo

588 3653 820 3715 fuissent
845 3630 1142 3720 assumpta,
1174 3658 1286 3701 non
1313 3639 1489 3694 taliter
1519 3637 1880 3692 dissonarent.
1928 3632 1996 3685 Et
2044 3630 2088 3684 si
2127 3630 2195 3684 de

593 3739 977 3815 appellatione,
1009 3718 1150 3793 sicut
1195 3731 1252 3794 in
1297 3725 1614 3786 Sardicensi
1661 3722 1891 3779 concilio
1938 3718 2195 3776 constitu-

595 3814 708 3896 tum
740 3835 842 3896 est,
876 3827 933 3892 in
959 3823 1184 3886 Nicano
1214 3817 1444 3878 concilio
1479 3814 1670 3870 fuisset
1713 3819 1869 3866 antea
1919 3815 2192 3876 statutum,

771 3895 916 3982 foret
943 3909 1244 3976 necessitas
1273 3913 1332 3972 ut
1357 3905 1552 3964 iterum
1581 3901 1636 3956 in
1664 3902 1771 3955 hoc
1809 3897 2040 3954 concilio
2071 3895 2196 3951 inde

597 3985 1038 4076 cunctimeretur,
1098 3997 1196 4060 sed
1245 3995 1384 4054 sicut
1433 3992 1488 4050 in
1535 3990 1656 4048 aliis
1709 3987 1953 4046 conciliis
2003 3985 2199 4059 legitur

597 4075 927 4164 scriberetur
953 4087 1226 4158 videlicet,
1257 4092 1316 4142 ut
1347 4099 1411 4140 ea
1439 4097 1561 4156 qum
1592 4085 1716 4136 sunt
1745 4077 1800 4133 in
1828 4075 2052 4164 Nicaanc
2074 4090 2199 4164 con-

757 4180 1062 4250 constituta,
1095 4176 1164 4235 ab
1191 4172 1444 4232 omnibus
1487 4174 1902 4227 conserventur.
1957 4162 2200 4235 Epistola

599 4292 734 4342 vero
762 4271 962 4335 Felicis
989 4285 1055 4327 ex
1085 4264 1316 4339 epistola
1343 4261 1469 4321 Julii
1501 4259 1723 4332 pendet.
1776 4255 1877 4310 Hic
1923 4253 2069 4309 enim
2117 4259 2200 4308 est

600 4381 724 4432 mos
750 4359 1063 4435 apostolicae
1093 4354 1241 4412 sedis
1265 4349 1613 4424 pontificibus
1643 4355 1701 4402 ut
1729 4345 1899 4402 verba
1937 4344 2199 4398 decesso—

2287 1770 2572 1842 pontiﬁces
2601 1787 2697 1824 sua
2727 1770 2952 1824 decreta
2980 1764 3477 1837 promulgaverunt,
3529 1770 3582 1817 et
3628 1759 3743 1816 suis
3785 1775 3888 1830 po-

2289 1861 2450 1916 steris
2479 1860 2712 1914 tenenda
2743 1865 2794 1913 et
2825 1856 3090 1911 servanda
3119 1853 3477 1924 reliquerunt.
3529 1850 3650 1906 Fuit
3701 1857 3886 1904 autem

2289 1949 2472 2021 Opinio
2520 1949 2666 2020 apud
2718 1947 2959 2016 majores
3015 1952 3230 1998 nostros
3274 1942 3433 1996 etiam
3490 1957 3600 1995 non
3653 1938 3887 2005 incerta,

2289 2040 2414 2111 quia
2445 2038 2607 2093 Osius
2629 2037 2878 2108 quaedam
2895 2036 2963 2089 de
2996 2032 3244 2103 capitulis
3277 2047 3304 2084 a
3335 2047 3395 2085 se
3426 2029 3619 2102 synodi
3649 2027 3889 2083 Nicaeum

2289 2127 2502 2192 delatis,
2537 2126 2690 2180 aliter
2718 2125 2870 2196 prius
2903 2121 3311 2187 renuntiaverit,
3353 2135 3518 2190 quam
3566 2125 3761 2189 postea
3798 2116 3890 2170 in-

2289 2224 2511 2272 ventum
2574 2213 2872 2279 exstiterit;
2918 2211 3008 2284 qui
3065 2219 3118 2266 et
3171 2209 3315 2280 apud
3361 2207 3634 2273 Sirmium,
3695 2213 3892 2261 contra

2290 2305 2450 2360 ﬁdem
2480 2303 2686 2359 Nicaeni
2717 2301 2933 2358 concilii
2959 2300 3044 2355 cui
3086 2297 3504 2368 subscripserat,
3554 2294 3886 2367 sacrilegam

2288 2394 2686 2466 professionem
2716 2399 2877 2462 atque
2909 2387 3363 2459 subscriptionem
3392 2384 3640 2456 proferre
3665 2392 3718 2438 et
3735 2383 3890 2438 exhi-

2290 2485 2418 2539 bere
2450 2481 2813 2554 praesumpsit,
2850 2481 2985 2534 sicut
3015 2479 3082 2532 de
3115 2494 3180 2532 eo
3213 2475 3452 2531 historiae
3497 2472 3887 2530 ecclesiasticae

2290 2573 2597 2644 perhibent,
2632 2579 2680 2626 et
2714 2577 2934 2624 sanctus
2965 2566 3202 2621 Hilarius
3249 2566 3303 2619 in
3353 2564 3492 2618 libro
3533 2563 3603 2617 de
3647 2561 3887 2632 Synodis

2289 2661 2420 2718 dicit
2453 2677 2465 2716 :
2497 2661 2656 2730 Apud
2709 2658 2984 2721 Sirmium,
3045 2655 3316 2726 inquiens,
3365 2669 3465 2724 per
3507 2652 3890 2706 immemorem

2289 2759 2569 2824 gestorum
2601 2765 2824 2803 suorum
2854 2747 3228 2816 dictorumque
3273 2743 3482 2808 Osium,
3532 2756 3690 2796 novae
3719 2749 3775 2796 et
3802 2747 3888 2793 ta-

2289 2857 2416 2895 men
2445 2845 2756 2910 suppurata:
2781 2836 2991 2906 jamdiu
3021 2832 3310 2904 impietatis
3341 2830 3590 2886 doctrina
3615 2845 3893 2900 prorupe-

2289 2936 2372 2982 rat
2403 2946 2416 2982 :
2450 2929 2547 2982 sed
2579 2928 2646 2982 de
2677 2942 2742 2981 eo
2771 2925 2846 2979 nil
2868 2925 3082 2995 loquor,
3107 2923 3200 2994 qui
3221 2921 3422 2976 idcirco
3444 2927 3526 2974 est
3545 2926 3889 2984 reservatus,

2290 3034 2359 3072 ne
2385 3015 2588 3086 judicio
2616 3017 2855 3069 humano
2885 3013 3228 3086 ignoraretur
3259 3009 3430 3082 qualis
3450 3017 3576 3064 ante
3595 3007 3843 3062 vixisset.
3867 3031 3888 3054 υ

2293 3107 2460 3176 Cujus
2491 3105 2700 3161 scilicet
2739 3103 2883 3158 beati
2928 3101 3115 3156 Hilarii
3159 3098 3468 3155 testimonio
3517 3097 3586 3152 de
3629 3095 3887 3168 Synodis,

2295 3196 2392 3251 sed
2418 3203 2471 3250 et
2499 3195 2566 3248 de
2598 3194 2749 3260 Osio,
2782 3191 2943 3247 ﬁdem
2975 3190 3332 3246 accomodare
3364 3187 3647 3252 debemus,
3701 3185 3796 3257 qui
3833 3185 3892 3239 in

2291 3285 2519 3358 prmfato
2548 3283 2684 3338 libro
2715 3283 2782 3337 de
2814 3280 3046 3352 Synodis
3075 3279 3208 3334 dicit
3240 3297 3252 3332 :
3290 3301 3310 3325 α
3350 3278 3726 3349 Regeneratus
3773 3273 3890 3344 pri-

2293 3375 2439 3439 dem,
2469 3381 2522 3428 et
2554 3373 2609 3427 in
2639 3373 2956 3443 episcopatu
2987 3367 3378 3440 aliquantisper
3421 3381 3673 3430 manens,
3727 3361 3894 3418 ﬁdem

2292 3464 2571 3520 Nicaenam
2626 3475 2904 3532 nunquam
2960 3457 3064 3512 nisi
3119 3457 3463 3512 exsulaturus
3516 3453 3721 3508 audivi.
3783 3452 3890 3508 Sed

2293 3551 2429 3606 mihi
2459 3551 2737 3607 homousii
2767 3557 2817 3603 et
2849 3546 3173 3603 homazousii
3203 3542 3616 3616 intelligentiam
3645 3543 3896 3613 Evangeo

2293 3641 2368 3696 lia
2398 3648 2450 3696 et
2486 3637 2717 3709 apostoli
2761 3637 3167 3690 intimaverunt.
3217 3634 3286 3688 Et
3336 3648 3436 3703 per
3479 3630 3573 3685 illa
3622 3638 3888 3700 tempora,

2297 3729 2512 3802 quando
2552 3725 2803 3792 concilia,
2865 3725 3070 3780 scilicet
3119 3723 3420 3787 Niceenum,
3467 3719 3890 3786 Antiochenum,

2298 3817 2641 3880 Sardicense,
2675 3823 2727 3871 et
2757 3814 2861 3870 alia
2891 3814 3137 3886 quaedam
3166 3811 3466 3883 posteriora
3487 3808 3760 3865 celebrata
3785 3807 3896 3862 fue-

2297 3915 2437 3974 runt,
2471 3907 2645 3961 isdem
2689 3911 2905 3959 sanctus
2949 3911 3002 3958 et
3048 3902 3238 3957 doctor
3279 3898 3576 3956 catholicus
3623 3896 3683 3952 in
3729 3912 3895 3954 carne

2298 3996 2504 4070 deguit,
2539 4003 2591 4050 et
2621 4011 2780 4050 verus
2809 3993 2876 4048 de
2907 3992 2988 4048 eis
3017 3991 3222 4046 relator
3251 3988 3470 4054 exstitit,
3521 3994 3574 4042 et
3615 3985 3894 4044 credenda

2299 4085 2456 4140 nobis
2485 4084 2540 4139 in
2572 4083 2683 4138 suis
2715 4081 2930 4152 scriptis
2961 4080 3198 4152 reliquit.
3247 4077 3554 4135 Refutanda
3601 4084 3686 4131 est
3727 4075 3896 4149 igitur

2299 4173 2435 4230 falsa
2473 4173 2656 4244 Opinio
2701 4172 2768 4227 de
2817 4171 3179 4242 quorumdam
3225 4165 3438 4238 scriptis
3483 4172 3692 4233 exorta,
3747 4163 3894 4236 quod

2298 4264 2582 4320 Nicaenum
2613 4260 2898 4319 concilium
2926 4268 3169 4330 tempore
3189 4257 3312 4312 Julii
3343 4255 3504 4311 fuerit
3532 4253 3892 4310 celebratum.

2300 4369 2424 4408 cum
2455 4359 2662 4409 constet
2693 4349 2942 4406 eamdem
2967 4363 3183 4404 sacram
3215 4345 3483 4416 synodum
3511 4342 3706 4398 fuisset
3734 4341 3894 4396 habi—

602 4471 728 4514 rum
757 4464 982 4510 suorum
1011 4445 1164 4518 quasi
1193 4439 1410 4516 Propria
1438 4439 1494 4493 in
1521 4437 1632 4492 ευίε
1679 4441 1883 4506 P‘mam
1935 4430 2194 4502 θρίδίοῙίεν
2226 4433 2280 4498 D
2303 4451 2410 4498 tam
2438 4458 2580 4497 anno
2619 4448 2742 4512 post
2787 4437 3151 4493 Alexandrum
3197 4432 3591 4490 sexcentesimo
3620 4431 3897 4487 tricesimo

602 4544 746 4606 sicut
771 4539 865 4613 qui
891 4534 1028 4610 legit
1053 4529 1326 4602 intelligit.
1381 4528 1648 4583 Caeterum
1691 4520 1930 4613 quod_in
1977 4519 2205 4590 epistola

601 4650 670 4690 ex
699 4608 918 4686 nomine
947 4608 1229 4680 Athanasii
1277 4624 1330 4671 et
1375 4615 1755 4686 episcoporum
1805 4608 2198 4681 rEgyptiorum,

605 4721 676 4776 ad
705 4719 952 4782 Marcum
979 4720 1356 4768 successorem
1387 4700 1632 4758 Silvestri
1661 4699 1892 4753 habetur
1931 4697 2203 4769 octoginta

601 4807 774 4865 fuisse
803 4803 1038 4878 capitula
1071 4817 1084 4856 :
1117 4793 1480 4870 quadraginta
1510 4790 1766 4846 sciliceta
1785 4785 1993 4840 Graecis
2015 4785 2204 4840 Graeca

606 4896 756 4953 edita
781 4874 984 4966 lingua,
1016 4898 1071 4954 et
1099 4885 1344 4946 similiter
1373 4879 1734 4956 quadraginta
1780 4894 1811 4930 a
1849 4874 2051 4930 Latinis
2093 4875 2201 4930 La-

607 4984 720 5041 tina
749 4965 893 5040 edita
921 4981 1143 5053 lingua;
1174 4983 1227 5034 et
1256 4975 1327 5032 ab
1365 4969 1635 5044 episcopis
1679 4965 1932 5022 trecentis
1981 4965 2202 5020 octode-

607 5073 716 5130 cim
743 5073 801 5130 in
840 5066 1179 5142 septuaginta
1223 5063 1444 5120 redacta
1488 5058 1654 5114 fuisse
1703 5054 1958 5126 capitula,
2010 5054 2055 5108 si
2095 5071 2200 5108 nu-

604 5169 887 5220 merantur
914 5159 1005 5215 illa
1033 5172 1154 5229 quae
1181 5153 1237 5209 in
1268 5149 1495 5224 epistola
1522 5145 1647 5202 Julii
1675 5145 1962 5218 designata
1977 5152 2202 5215 praeter-

600 5253 925 5318 mittuntur;
959 5247 1059 5302 sed
1089 5252 1143 5300 et
1171 5259 1292 5315 quae
1319 5242 1377 5295 in
1406 5235 1633 5310 epistola
1680 5235 1873 5291 Felicis
1923 5234 2198 5307 leguntur,

602 5341 765 5414 plura
803 5354 971 5414 quam
1013 5330 1361 5406 septuaginta
1412 5335 1465 5382 et
1509 5325 1648 5381 inter
1691 5341 1748 5380 se
1792 5323 2010 5379 diversa
2049 5321 2201 5376 inve-

603 5413 860 5498 nientur;
891 5435 945 5484 et
975 5426 1029 5482 in
1059 5422 1268 5480 eisdem
1297 5415 1540 5490 epistolis
1573 5432 1681 5471 non
1712 5413 2057 5470 inveniuntur
2084 5426 2199 5465 me-

602 5527 822 5598 mortui,
871 5524 1092 5594 minime
1137 5527 1319 5591 autem
1372 5514 1772 5581 connumerari,
1829 5513 1916 5568 illa
1967 5508 2204 5584 capitula

2256 4571 2262 4577 ι
2303 4541 2474 4598 sexto,
2508 4531 2608 4585 sub
2639 4527 2992 4584 Constantino
3022 4527 3370 4596 imperatore,
3420 4523 3509 4578 die
3555 4521 3764 4576 mensis
3811 4536 3897 4575 se-

2303 4620 2538 4676 cundum
2569 4618 2793 4673 Graecos
2822 4614 2971 4670 Desii
2992 4629 3154 4680 xvm,
3180 4613 3324 4684 quod
3345 4620 3426 4667 est
3455 4627 3494 4666 x
3524 4609 3898 4664 Kalendarum

2301 4707 2584 4772 Juliarum,
2619 4703 2901 4761 consulatu
2930 4703 3134 4758 Paulini
3163 4710 3216 4756 et
3243 4700 3462 4767 Juliani,
3496 4707 3746 4769 tempore
3787 4697 3897 4754 Sil-

2303 4797 2471 4853 vestri
2499 4811 2672 4867 papae,
2707 4793 2844 4848 sicut
2871 4792 3128 4848 veridicae
3157 4789 3426 4846 chronicae
3441 4797 3494 4844 et
3515 4787 3898 4843 ecclesiasticae

2303 4885 2540 4941 historiae
2586 4881 2846 4954 produnt.
2907 4882 3107 4936 Verum
3152 4879 3324 4934 Julius
3373 4891 3658 4934 successor
3705 4875 3894 4944 Marci,

2301 4974 2394 5048 qui
2426 4975 2687 5029 Silvestre
2726 4969 3006 5026 successit.
3053 4971 3238 5025 Romae
3279 4967 3546 5038 synodum
3597 4963 3900 5021 celebravit

2303 5063 2403 5118 sub
2435 5059 2748 5118 Constantio
2780 5068 2832 5114 et
2863 5061 3158 5138 Constante
3186 5057 3467 5129 Augustis,
3513 5070 3656 5110 anno
3705 5061 3900 5125 quarto

2303 5153 2400 5207 sub
2429 5151 2515 5207 die
2547 5159 2737 5206 octava
2767 5149 3134 5204 Kalendarum
3165 5145 3433 5212 Octobris,
3480 5144 3668 5209 indict,
3722 5150 3897 5207 sexta,

2301 5241 2584 5296 consulatu
2614 5238 2875 5295 Feliciani
2904 5245 2956 5292 et
2985 5235 3313 5303 Maximiani,
3348 5242 3401 5289 et
3432 5232 3682 5288 eamdem
3712 5231 3898 5287 Nicae—

2301 5347 2427 5385 nam
2456 5329 2720 5400 synodum
2751 5325 3066 5398 apostolicae
3109 5323 3257 5380 sedis
3303 5321 3618 5378 auctoritate
3665 5336 3770 5390 per
3816 5333 3896 5385 se,

2303 5419 2442 5476 sicut
2471 5419 2844 5490 prmdecessor
2873 5415 3034 5476 illius,
3067 5413 3328 5470 Silvester
3369 5428 3470 5484 per
3515 5411 3732 5483 legatos
3767 5425 3902 5465 suos

2302 5509 2550 5566 limavit.
2588 5506 2836 5579 Capitula
2867 5520 3083 5576 quoque
3113 5504 3166 5559 in
3197 5503 3389 5560 eodem
3419 5497 3648 5558 concilio
3685 5498 3899 5556 constio
