4164 6310
270 261 372 318 365

1016 267 1264 324 OPUSC.
1327 267 1416 324 ET
1467 267 1690 324 EPIST.
1759 267 1830 322 ΙΝ
1887 268 2113 328 CAUSA
2173 267 2514 333 HINCMARI
2571 279 2880 344 LAUDUN.

3455 279 3558 341 366
3605 251 3610 259 ’

279 394 388 442 tuta
415 387 536 478 ipse
565 387 820 443 omnibus
851 389 1080 446 validior
1105 391 1438 463 antiquitatis
1461 409 1612 460 usus,
1647 401 1698 447 et
1725 391 1950 454 anti-A
1980 395 2108 452 ﬁdei
2153 407 2204 455 et
2251 408 2449 456 statuta
2489 402 2726 458 Nicaeum
2772 405 2996 476 synodi,
3049 422 3168 478 quae
3217 409 3284 462 ad
3332 415 3574 466 nostrum
3666 459 3674 467 .

281 491 386 548 qua
411 476 685 545 majorum
713 479 949 546 traditio,
974 481 1412 537 reverentissimo
1433 481 1622 554 vigore
1643 481 1878 537 tenenda

281 564 675 621 corroboravit.

865 684 1091 740 CAPUT
1137 685 1290 740 XXI.

285 770 434 840 Quod
461 787 578 828 ηοη
606 772 720 827 m’si
749 773 959 842 vigenti
1003 775 1257 845 capitula
1288 775 1348 829 in
1375 774 1612 830 concilio
1651 774 1877 834 Nicceno

775 845 1002 913 fuerint
1047 845 1378 899 constituta.

349 932 416 984 Et
463 946 572 1002 qua
617 931 825 986 ratione
877 933 1125 1002 quaedam
1164 948 1230 986 ex
1272 933 1356 986 his
1399 950 1520 1004 quae
1550 933 1603 986 in
1637 933 1880 1004 epistolis

279 1018 624 1091 antiquorum
654 1019 800 1075 sedis
832 1021 1088 1076 Romanae
1129 1019 1443 1092 pontiﬁcum
1488 1022 1690 1092 scripta
1723 1021 1878 1076 inve-

280 1107 519 1176 niuntur,
550 1125 584 1163 a
611 1109 1024 1166 successoribus
1069 1126 1253 1165 eorum
1301 1126 1398 1165 usa
1425 1126 1536 1165 non
1566 1109 1784 1176 fuerint,
1816 1109 1880 1164 li-

280 1204 364 1254 cet
410 1197 482 1252 ad
529 1197 942 1253 instructionem
999 1199 1216 1254 valeant
1272 1199 1582 1269 plurimum,
1632 1199 1880 1270 quaedam

283 1301 413 1343 vero
460 1285 516 1340 in
563 1285 794 1342 decretis
843 1303 1031 1342 eorum
1077 1288 1270 1358 posita,
1304 1296 1356 1341 et
1383 1305 1414 1342 a
1451 1287 1694 1343 conciliis
1739 1286 1882 1342 inter

282 1391 518 1433 canones
549 1391 740 1432 sacros
769 1376 1113 1432 inveniantur
1161 1385 1468 1448 assumpta,
1501 1385 1555 1432 et
1583 1377 1726 1431 unde
1757 1376 1881 1446 opi-

285 1463 371 1520 nio
418 1472 612 1524 exorta
656 1465 936 1534 exstiterit,
981 1466 1140 1536 plura
1188 1483 1351 1537 quam
1381 1466 1434 1520 in
1478 1481 1686 1520 canone
1731 1465 1883 1519 inve-

281 1554 499 1609 niantur
527 1553 586 1608 in
611 1553 835 1610 Nicaana
883 1555 1091 1626 synodo
1139 1555 1362 1610 decreta
1405 1553 1572 1609 fuisse
1617 1553 1880 1625 capitula,

284 1642 426 1715 quod
479 1659 547 1698 ex
598 1641 792 1698 litteris
839 1643 1217 1714 antiquitatum
1263 1643 1464 1698 seriem
1511 1641 1883 1697 deferentibus

283 1729 616 1802 accepimus,
651 1731 745 1785 tibi
772 1748 838 1786 ex
862 1741 1019 1803 parte
1069 1732 1268 1798 scribo,
1303 1749 1413 1786 non
1441 1731 1647 1786 veritus
1677 1747 1744 1785 ne
1775 1731 1882 1784 mi-

283 1819 336 1874 hi
363 1819 666 1875 calumnias
715 1828 912 1886 struas,
963 1821 1102 1877 sicut
1140 1821 1254 1890 jam
1293 1820 1468 1876 fecisti
1514 1821 1583 1875 de
1633 1819 1716 1874 his
1763 1836 1884 1890 qua:

283 1907 473 1979 scripsi
499 1909 570 1964 de
600 1909 890 1980 Stephano,
926 1926 1148 1964 sensum
1173 1909 1440 1966 dictorum
1471 1925 1713 1964 meorum
1751 1926 1884 1979 pcr-

284 2005 514 2066 vertens,
550 2005 604 2052 et
633 1997 838 2068 scripta
884 2013 1006 2052 mea
1053 1999 1344 2053 decurtans
1386 1998 1442 2052 in
1485 1997 1690 2068 scripto
1740 1997 1887 2069 quod

285 2085 412 2140 mihi
441 2085 512 2140 de
540 2085 859 2142 Amalberto
889 2086 1105 2153 dedisti,
1139 2087 1328 2142 volens
1353 2103 1439 2144 me
1461 2103 1526 2142 ex
1547 2086 1728 2142 verbis
1749 2086 1886 2140 meis

283 2175 580 2244 revincere,
612 2183 778 2231 etme
821 2176 890 2230 ad
938 2175 1306 2232 tortitudinem
1337 2175 1413 2230 tui
1437 2175 1626 2245 judicii
1669 2183 1888 2230 contor-

286 2279 472 2334 quere,
508 2272 563 2318 et
591 2263 638 2318 si
667 2264 888 2320 easdem
918 2264 1218 2320 calumnias
1265 2265 1461 2332 sciero,
1498 2280 1725 2319 necesse
1755 2261 1888 2317 mihi

287 2351 352 2407 sit
378 2353 506 2408 inde
537 2353 864 2418 rescribere,
901 2362 953 2408 et
979 2361 1192 2424 tempus
1236 2353 1508 2408 inutilitati
1539 2353 1883 2423 expendere;

287 2440 330 2494 si
375 2449 556 2499 autem
607 2457 700 2496 eas
748 2445 1014 2511 nesciero,
1067 2443 1134 2496 ad
1181 2442 1590 2512 derogationem
1639 2441 1746 2496 mei
1792 2441 1887 2495 tibi

289 2529 570 2585 credentes
595 2529 777 2602 aliquo
798 2531 958 2586 modo
979 2532 1158 2601 possis
1176 2531 1465 2585 adducere.
1492 2529 1683 2584 Dicam
1709 2537 1890 2584 autem

288 2634 350 2674 ex
379 2619 566 2674 verbis
596 2626 839 2673 veterum
871 2636 989 2690 quae
1019 2620 1307 2675 didicimus
1337 2615 1406 2674 de
1435 2618 1680 2689 capitulis
1710 2619 1889 2673 Nicae-

286 2724 367 2763 naa
395 2707 614 2780 synodi,
647 2715 706 2762 ut
735 2707 782 2763 si
810 2715 860 2762 te
891 2708 1124 2763 delectat
1165 2709 1386 2776 bellare,
1423 2724 1544 2763 cum
1584 2707 1662 2762 eis
1709 2707 1887 2777 possis

286 2795 483 2850 bellum
515 2811 830 2862 conserere,
865 2805 915 2850 et
948 2813 1052 2868 ego
1072 2797 1280 2851 valeam
1305 2812 1623 2866 repausare.
1649 2797 1889 2850 Historia

289 2885 332 2940 si
363 2885 586 2957 quidem
617 2885 877 2956 tripertita
908 2887 1026 2955 (lib.
1061 2901 1118 2951 ιι,
1145 2904 1192 2941 c.
1219 2888 1272 2955 7)
1305 2885 1655 2939 Athanasium
1687 2885 1890 2939 dixisse

289 2973 474 3030 scribit
506 2973 579 3028 ita
612 2991 626 3027 :
662 2994 690 3027 (ι
718 2974 776 3028 In
805 2974 1086 3029 Nicaenum
1137 2974 1427 3030 concilium
1457 2973 1738 3028 venientes
1776 2973 1890 3044 epi-

289 3063 439 3134 scopi
466 3061 663 3136 viginti
691 3063 1131 3134 conscripserunt
1164 3063 1231 3118 de
1259 3062 1672 3118 conversatione
1714 3063 1888 3118 cccle-

289 3151 503 3207 siastica
534 3151 866 3206 sanctiones.
908 3175 928 3198 υ
963 3153 1029 3206 Ει
1057 3151 1185 3206 item
1221 3168 1232 3206 :
1272 3175 1293 3199 α
1329 3151 1570 3207 Meminit
1597 3159 1774 3206 vestra
1803 3169 1894 3221 pa-

290 3239 480 3313 tientia
523 3238 724 3296 factum
772 3239 825 3294 in
871 3240 1057 3295 Nicaea
1103 3240 1321 3295 civitate
1365 3240 1672 3306 concilium,
1705 3240 1791 3294 cui
1841 3247 1892 3294 et

287 3345 390 3402 ego
415 3328 538 3399 ipse
569 3327 915 3384 conscientiae
935 3345 1070 3384 meae
1091 3329 1293 3383 cultum
1321 3329 1578 3383 decenter
1599 3327 1834 3382 exhibui.
1866 3349 1887 3376 »

285 3417 351 3474 Et
379 3416 511 3472 item
542 3416 598 3472 in
629 3417 822 3472 eadem
853 3417 1091 3472 Historia
1125 3417 1385 3488 scriptum
1413 3425 1496 3471 est
1532 3434 1544 3471 ε
1583 3437 1604 3467 α
1640 3416 1891 3488 Synodus

285 3507 568 3578 corrigere
597 3506 789 3562 volens
811 3507 1091 3561 hominum
1113 3505 1278 3562 vitam
1309 3515 1361 3561 et
1389 3505 1446 3560 in
1474 3505 1727 3562 Ecclesia
1747 3521 1896 3560 com-

284 3594 636 3662 morantium,
669 3593 848 3666 posuit
872 3595 1026 3668 leges
1050 3611 1186 3666 quas
1207 3611 1447 3652 canones
1477 3595 1831 3666 appellamus.
1865 3615 1886 3643 »

283 3683 350 3740 Et
377 3683 628 3740 decimus
657 3683 899 3740 historiae
943 3683 1328 3740 ecclesiasticae
1375 3683 1515 3739 liber
1566 3682 1765 3747 Ruﬁni,
1800 3682 1892 3754 qui

284 3772 338 3828 in
367 3772 626 3846 catalogo
657 3771 970 3843 apostolicae
1004 3773 1150 3827 sedis
1179 3772 1319 3827 inter
1349 3772 1688 3842 recipiendos
1719 3771 1889 3826 libros

283 3861 630 3929 describitur,
663 3869 852 3933 aperte
883 3861 1139 3928 ostendit,
1162 3868 1285 3932 post
1313 3859 1711 3917 confessionem
1741 3859 1888 3924 fidei,

283 3949 474 4025 viginti
532 3949 640 4005 duo
695 3957 899 4004 tantum
957 3949 1193 4021 capitula
1259 3966 1526 4005 canonum
1586 3949 1641 4004 in
1700 3949 1892 4004 eodem

285 4039 536 4108 concilio,
571 4045 627 4094 et
655 4037 724 4094 de
755 4038 1004 4094 Paschali
1055 4037 1391 4094 solemnitate
1438 4037 1606 4092 fuisse
1648 4037 1888 4093 decreta.

283 4127 398 4184 Duo
429 4135 639 4195 autem,
674 4143 796 4198 quae
826 4143 990 4198 super
1019 4127 1224 4200 vigenti
1266 4134 1389 4182 sunt
1433 4127 1543 4182 illic
1574 4127 1888 4192 constituta,

285 4215 337 4270 in
365 4215 564 4290 viginti
593 4215 711 4271 aliis
741 4216 990 4288 capitulis
1021 4217 1162 4286 apud
1193 4232 1294 4270 nos
1323 4215 1592 4270 habentur
1616 4215 1888 4270 conclusa.

285 4304 437 4360 Unde
467 4313 524 4360 et
551 4304 607 4360 in
638 4305 832 4360 eodem
873 4304 1014 4360 libro
1046 4304 1118 4360 ita
1150 4305 1411 4376 scriptum
1441 4303 1667 4358 habetur
1700 4321 1712 4356 :
1751 4325 1772 4353 «
1810 4303 1891 4358 De

284 4392 515 4467 singulis
573 4393 880 4465 quibusque
955 4393 1342 4450 ecclesiasticis
1417 4391 1892 4448 observationibus

283 4465 432 4538 certa
462 4488 670 4537 statuta
697 4480 1011 4555 ﬁgentihus,
1045 4481 1336 4538 concilium
1366 4481 1696 4551 diremptum
1726 4489 1834 4545 est;
1866 4503 1886 4530 υ
1924 4465 1978 4528 D

283 4578 336 4627 et
387 4578 516 4642 post
571 4569 810 4640 capitula
839 4587 906 4626 ex
935 4571 1126 4626 ordine
1175 4578 1225 4624 et
1267 4587 1496 4626 numero
1553 4570 1840 4626 constituta
1871 4589 1890 4626 :

285 4658 458 4732 Igitur
508 4675 639 4716 cum
666 4659 871 4726 dehis,
902 4659 1092 4731 inquit,
1141 4668 1304 4730 prout
1352 4659 1661 4714 divinarum
1707 4659 1890 4731 legum

287 4747 594 4804 reverentia
624 4756 946 4820 poposcerat
975 4749 1364 4813 decrevissent,
1397 4749 1494 4803 sed
1523 4756 1574 4804 et
1603 4749 1671 4803 de
1701 4749 1892 4803 obser-

288 4836 500 4891 vatione
531 4836 756 4892 Paschae
785 4836 1063 4908 antiquum
1108 4853 1394 4906 canoncm,
1427 4853 1525 4907 per
1554 4853 1714 4908 quem
1745 4836 1891 4891 nulla

287 4923 350 4981 de
380 4925 597 4997 reliquo
645 4925 880 4980 varietas
925 4928 1178 4991 oriretur,
1213 4925 1461 4980 ecclesiis
1513 4926 1882 4990 tradidissent,

287 5013 542 5070 omnibus
585 5013 690 5068 rite
731 5013 1030 5085 dispositis,
1073 5014 1425 5070 ecclesiarum
1453 5031 1562 5086 pax
1591 5023 1642 5070 et
1673 5013 1808 5069 ﬁdes
1837 5014 1893 5067 in

289 5101 529 5158 Orientis
555 5111 718 5174 atque
748 5102 1060 5158 Occidentis
1100 5104 1344 5174 partibus
1373 5120 1481 5158 una
1510 5113 1670 5175 atque
1701 5104 1894 5160 eadem

287 5192 628 5248 servabatur.
663 5190 828 5260 Cujus
857 5191 1286 5264 historiographi
1315 5191 1473 5247 dictis
1503 5192 1679 5253 (salva
1707 5201 1895 5248 aucto-

288 5279 442 5338 ritate
473 5280 790 5353 apostolicaa
823 5281 988 5347 sedis,
1031 5299 1153 5353 qua:
1198 5297 1298 5336 suo
1348 5280 1650 5352 principatu
1681 5281 1896 5337 Domini

286 5382 377 5426 ore
433 5377 715 5442 percepto,
758 5377 810 5426 et
847 5371 1109 5426 Ecclesia:
1165 5369 1447 5441 profutura
1499 5370 1792 5438 constituit,
1845 5379 1897 5426 et

287 5460 582 5516 constituta
622 5461 999 5520 conservando
1045 5457 1351 5529 confirmat)
1383 5466 1437 5514 et
1466 5459 1896 5532 Carthagiueuse

285 5549 608 5621 astipulatur
663 5549 974 5618 concilium,
1040 5549 1188 5623 quod
1245 5549 1374 5606 dicit
1419 5565 1432 5603 :
1481 5570 1502 5599 α
1546 5547 1899 5618 Exemplaria

1921 3109 1970 3171 C

1978 487 2268 543 concilium
2290 507 2392 560 per
2422 491 2594 546 beatae
2624 493 3016 548 recordationis
3065 495 3411 552 Caecilianum
3441 497 3572 554 Car-

1980 576 2354 652 thaginensem
2403 578 2738 650 episc0pum,
2781 581 2872 652 qui
2915 581 3173 649 interfuit,
3219 584 3380 640 allata
3421 593 3566 658 sunt,

1978 665 2076 719 sed
2105 672 2159 720 et
2183 683 2304 737 qua
2335 675 2519 738 patres
2565 669 2891 740 exemplaria
2932 678 3220 742 sequentes
3249 672 3338 728 hic
3368 676 3572 731 consti-

1980 761 2222 818 tuerunt,
2267 756 2353 811 vel
2397 773 2542 813 nunc
2587 758 2858 812 communi
2905 767 3078 814 tractu
3125 760 3436 830 statuimus,
3487 763 3572 818 his

1979 844 2150 914 gestis
2181 843 2564 901 ecclesiasticis
2609 847 2810 901 inserta
2855 848 3168 902 manebunt.
3208 870 3230 900 ιι
3265 849 3406 904 Nam
3451 851 3576 922 quia

1981 931 2298 987 Caecilianus
2327 933 2563 990 Nicaeum
2592 937 2802 1006 synodo
2831 935 3154 1004 interfuerit,
3179 944 3231 992 et
3251 938 3578 1010 subscriptio

1980 1019 2124 1074 illius
2167 1028 2412 1089 testatur,
2446 1031 2500 1078 et
2525 1023 2762 1078 historiae
2791 1040 2853 1079 ac
2883 1025 3152 1082 chronicae
3195 1026 3582 1086 ecclesiasticae

1982 1117 2251 1176 astruunt,
2309 1109 2366 1164 in
2427 1111 2622 1182 quibus
2679 1113 2936 1182 scriptum
2988 1123 3116 1168 est:
3163 1137 3185 1166 α
3222 1113 3365 1184 Quia
3417 1116 3580 1172 tertio

1982 1215 2124 1254 anno
2178 1207 2300 1270 post
2355 1199 2636 1254 Nic-cenam
2685 1201 2973 1272 synodum,
3023 1202 3283 1259 Junuario
3331 1213 3383 1259 et
3429 1205 3582 1261 Justo

1982 1288 2317 1352 consulibus,
2365 1288 2608 1344 Donatus
2655 1289 2984 1362 agnoscitur,
3016 1307 3047 1344 a
3077 1307 3184 1362 quo
3212 1309 3313 1363 per
3340 1291 3584 1349 Africam

1985 1376 2300 1442 Donatistae,
2351 1377 2442 1448 qui
2488 1377 2723 1448 primum
2770 1387 2993 1448 propter
3040 1379 3346 1434 ordinatum
3393 1389 3583 1436 contra

1983 1466 2312 1521 voluntatem
2329 1482 2483 1520 suam
2501 1465 2846 1521 Cacilianum
2867 1467 3115 1522 ecclesiae
3135 1468 3584 1542 Carthaginensis

1984 1554 2328 1625 episcopum,
2364 1554 2594 1610 schisma
2626 1553 2904 1622 fecerunt,
2936 1555 3253 1625 objicientes
3283 1556 3333 1612 ei
3363 1557 3586 1612 crimina

1985 1659 2096 1698 non
2124 1644 2374 1713 probata,
2405 1651 2456 1698 et
2484 1643 2720 1698 maxime
2753 1643 2897 1714 quod
2927 1660 2958 1698 a
2989 1644 3329 1700 traditoribus
3378 1645 3586 1701 divina-

1915 1747 2102 1810 Brum
2137 1731 2541 1802 Scripturarum
2563 1730 2722 1786 fuerit
2743 1732 3024 1786 ordinatus
3049 1749 3062 1786 :
3089 1734 3186 1788 sed
3217 1742 3340 1805 post
3369 1749 3586 1789 causam

1987 1817 2276 1875 confictam
2341 1829 2502 1891 atque
2569 1818 2775 1874 ﬁnitam
2799 1863 2812 1889 ,
2879 1821 3143 1891 pertinaci
3205 1821 3477 1878 discordia
3533 1823 3588 1877 in

1987 1909 2238 1964 haeresim
2286 1907 2634 1962 transierunt.
2673 1933 2694 1957 ιι
2731 1909 2838 1964 Sed
2869 1917 2921 1964 et
2951 1909 3180 1979 epistola
3229 1910 3416 1982 Cyrilli
3461 1911 3586 1966 Ale-

1986 1997 2235 2052 xandrini
2275 1996 2534 2068 episcopi,
2556 1997 2708 2066 cujus
2727 1996 3104 2068 praedecessor
3119 1997 3446 2064 Alexander,
3467 2015 3590 2054 cum

1985 2087 2182 2158 legatis
2229 2087 2541 2157 apostolicae
2589 2086 2756 2152 sedis,
2793 2086 2924 2142 Osio
2964 2086 3216 2143 videlicet
3245 2087 3592 2144 Cordubense

1988 2175 2266 2246 episcopo,
2301 2184 2352 2230 et
2383 2175 2668 2231 Vincentio
2698 2191 2762 2230 ac
2795 2175 3012 2230 Victore
3057 2175 3318 2231 Romanis
3365 2177 3594 2248 presby-

1986 2264 2152 2334 teris,
2185 2263 2458 2318 mediante
2503 2263 2854 2319 Constantino
2913 2263 3244 2334 imperatore
3299 2265 3592 2336 praesedit,

1988 2369 2106 2408 cum
2165 2353 2470 2423 integritate
2527 2352 2698 2423 ipsius
2753 2352 3006 2422 concilii,
3065 2370 3166 2423 per
3220 2353 3592 2408 Innocentium

1987 2442 2366 2513 presbyterum
2395 2441 2583 2496 missa.
2615 2443 2854 2512 Itemque
2886 2441 3116 2511 epistola
3138 2441 3299 2497 Attici
3329 2442 3594 2497 Constan-

1989 2529 2329 2602 tinopolitani
2385 2529 2661 2600 episcopi,
2721 2546 2842 2585 cum
2889 2529 3194 2602 integritate
3242 2530 3594 2586 nihilominus

1987 2619 2157 2692 ipsius
2207 2618 2421 2674 concilii
2451 2635 2548 2690 per
2576 2619 2888 2674 Marcellum
2937 2619 3330 2675 subdiaconum
3373 2619 3598 2674 Cartha-

1989 2707 2205 2781 ginensi
2254 2707 2462 2778 synodo
2501 2706 2700 2762 directa
2723 2749 2736 2776 ,
2769 2715 2820 2762 et
2849 2707 3016 2763 verba
3064 2707 3310 2762 Faustini
3358 2707 3602 2779 episcopi

1989 2812 2056 2853 ac
2084 2796 2248 2869 legati
2280 2797 2426 2851 sedis
2457 2796 2771 2868 apostolica:
2813 2796 3021 2867 prolata
3048 2797 3104 2850 in
3135 2796 3345 2868 synodo
3373 2796 3595 2853 Cartha-

1991 2885 2205 2957 ginensi
2226 2885 2471 2958 Epistola
2491 2901 2706 2956 quoque
2727 2884 2896 2955 ipsius
2919 2885 3134 2941 concilii
3150 2885 3220 2940 ad
3241 2885 3596 2942 Caelestinum

1992 2990 2189 3046 papam
2236 2973 2646 3040 honorabiliter,
2682 2982 2737 3026 ut
2767 2989 2868 3044 par
2897 2981 2998 3042 est,
3049 2973 3336 3028 destinata.
3392 2975 3501 3030 Sed
3550 2981 3605 3030 et

1994 3063 2136 3119 actio
2191 3061 2514 3116 duodecima
2571 3061 3032 3116 Chalcedonensis
3091 3061 3340 3129 concilii,
3389 3063 3444 3118 in
3495 3079 3604 3134 qua

1995 3151 2256 3222 scriptum
2301 3150 2531 3205 habetur
2585 3151 2775 3220 regula
2846 3149 3200 3222 nonagesima
3257 3149 3472 3222 quinta,
3527 3151 3598 3208 de

1993 3248 2216 3295 vacante
2248 3238 2541 3309 episcopo;
2574 3245 2626 3293 et
2654 3238 2813 3311 paulo
2858 3245 2983 3308 post
3027 3238 3278 3293 Leontius
3307 3255 3373 3294 ex
3403 3239 3598 3294 eodem

1991 3329 2179 3384 codice
2217 3327 2346 3398 legit
2381 3327 2629 3400 regulam
2675 3327 3086 3400 nonagesimam
3131 3335 3356 3383 sextam.
3391 3327 3471 3382 De
3514 3327 3604 3384 his

1991 3417 2084 3489 qui
2109 3417 2180 3472 ad
2228 3417 2598 3488 episcopatum
2647 3416 2818 3472 vocati
2872 3416 3092 3472 evitant.
3145 3415 3295 3484 Quas
3343 3415 3593 3488 regulas,

1993 3506 2398 3562 connumeratis
2424 3522 2454 3559 a
2483 3506 2656 3576 capite
2686 3504 2874 3576 viginti
2923 3505 3174 3576 capitulis
3223 3505 3430 3560 Nicaeni
3463 3521 3606 3560 con-

1992 3594 2118 3660 cilii,
2173 3594 2219 3648 si
2266 3595 2387 3664 quis
2428 3610 2528 3664 per
2575 3592 2792 3664 singula
2839 3593 3228 3666 consequentia
3271 3591 3506 3649 concilia
3531 3609 3599 3649 ex

1992 3683 2184 3738 ordine
2240 3682 2637 3746 numeraverit,
2691 3681 2745 3734 in
2795 3681 3132 3737 Antiocheno
3189 3679 3421 3738 concilio
3479 3681 3598 3740 loca

1993 3771 2338 3843 praefatorum
2383 3785 2732 3826 numerorum
2783 3777 2968 3825 tenere
3001 3769 3256 3826 inveniet.
3287 3770 3444 3827 Unde
3474 3786 3600 3842 ma-

1993 3859 2246 3915 nifestum
2275 3867 2376 3925 est,
2409 3875 2519 3914 non
2549 3858 2653 3914 nisi
2684 3867 2890 3913 tantum
2935 3858 3139 3931 vigenti
3171 3876 3291 3931 qua
3331 3859 3598 3916 habemus

1993 3948 2229 4020 capitula
2256 3947 2424 4004 fuisse
2455 3947 2508 4002 in
2539 3948 2761 4004 Nicaeno
2791 3947 3020 4004 concilio
3051 3949 3362 4005 constituta.
3394 3949 3596 4006 Verum

1995 4047 2045 4093 et
2077 4036 2517 4109 longissimarum
2546 4044 2762 4092 aetatum
2818 4053 2883 4090 ex
2938 4037 3158 4107 antiqua
3206 4036 3600 4102 consuetudine

1991 4125 2202 4196 prolixa
2233 4134 2494 4195 tempora,
2521 4141 2619 4193 per
2651 4140 2772 4193 quae
2801 4123 2972 4193 ipsius
3001 4123 3214 4178 concilii
3247 4125 3363 4179 haec
3393 4132 3600 4179 tantum

1994 4212 2185 4284 viginti
2217 4212 2452 4282 capitula
2482 4211 2630 4266 fuere
2664 4218 2933 4280 suscepta,
2970 4211 3156 4266 verbis
3188 4210 3400 4280 praefati
3432 4212 3605 4270 histo-

1995 4301 2273 4372 riographi
2304 4299 2716 4355 indubitabilem
2744 4298 2945 4355 faciunt
2973 4297 3156 4358 fidem.

2571 4452 2796 4510 CAPUT
2831 4453 3010 4509 XXII.

1992 4569 2067 4624 De
2089 4572 2331 4640 quatuor
2359 4569 2626 4640 capitulis
2657 4587 2692 4624 ιι
2719 4570 2878 4624 beato
2904 4571 3157 4640 Grchrto
3179 4569 3244 4626 in
3264 4571 3501 4640 epistola
3524 4565 3595 4628 ad

2248 4640 2620 4696 Theoctistam
2648 4641 2962 4696 Patriciam
2991 4641 3340 4696 memoratis.

2067 4746 2175 4801 Sed
2222 4737 2293 4801 et'
2317 4747 2463 4818 quod
2511 4748 2580 4802 de
2627 4749 3002 4814 anathemate,
3063 4763 3129 4800 ex
3183 4745 3366 4800 verbis
3423 4749 3593 4805 sancti

1994 4833 2248 4906 Gregorii
2288 4836 2355 4889 ad
2401 4836 2761 4891 Theoctistam
2812 4833 3121 4900 Patriciam,
3173 4833 3230 4889 in
3277 4837 3590 4908 supradicta

1993 4923 2377 4994 compilatione
2408 4932 2499 4978 tua
2529 4923 2822 4994 improprie
2851 4921 3098 4991 posuisti,
3123 4922 3264 4978 bene
3285 4933 3338 4980 et
3360 4926 3594 4984 rationa-

1995 5012 2173 5067 biliter
2203 5013 2344 5068 dicta
2365 5013 2507 5067 male
2530 5011 2758 5084 intelligi
2782 5009 3068 5078 tradidisti,
3092 5019 3272 5068 etnon
3289 5015 3589 5071 secundum

1993 5100 2146 5155 illum
2172 5117 2414 5170 sensum,
2447 5117 2610 5172 quem
2629 5101 2821 5154 beatus
2843 5101 3145 5174 Gregorius
3173 5101 3304 5156 illud
3324 5103 3379 5158 in
3401 5104 3590 5160 eadem

1996 5189 2226 5260 epistola
2253 5189 2449 5261 posuit,
2481 5188 2820 5259 interpretari
2868 5189 3135 5245 studuisti.
3181 5191 3338 5262 Apud
3368 5189 3590 5248 Graecos

1997 5278 2266 5350 siquidem
2293 5277 2529 5332 novitate
2560 5293 2754 5332 vocum
2795 5277 3146 5348 delectantes,
3197 5286 3393 5350 quater
3418 5279 3592 5336 haere-

1997 5365 2098 5422 tica
2129 5365 2355 5436 capitula
2401 5365 2742 5436 invenerunt,
2777 5367 2844 5422 de
2874 5367 3070 5440 quibus
3116 5377 3332 5424 sanctus
3381 5369 3593 5442 Grego-

1999 5454 2104 5510 rius
2156 5454 2223 5508 ad
2274 5453 2636 5510 Theoctistam
2704 5455 2983 5513 Patriciam
3048 5456 3277 5530 scripsit.
3347 5453 3588 5524 Quorum

1999 5543 2233 5616 primum
2262 5549 2361 5608 est,
2397 5542 2520 5613 quia
2566 5544 2664 5601 sub
2693 5541 2916 5602 obtentu
2936 5544 3216 5616 religionis
3265 5545 3425 5602 etiam
3479 5559 3588 5604 non
