4164 6320
551 256 658 310 367

1457 251 1800 306 HINCMARI
1854 248 2256 307 RHEMENSIS
2315 249 2866 305 ARCHIEPISCOPI.

3747 252 3866 304 368.

553 395 621 436 ex
636 377 912 436 amborum
937 392 1212 434 consensu
1233 376 1486 448 conjugia
1507 377 1861 432 dissocianda
1877 376 2148 441 dicebant,
2178 374 2232 434 A
2255 380 2370 427 tum
2399 373 2696 446 principem
2727 391 2828 446 per
2855 375 3036 430 oblata
3084 374 3155 430 ab
3187 390 3254 430 eo
3283 373 3496 431 codieia
3527 391 3541 428 :
3585 374 3683 430 sed
3713 383 3768 429 et
3820 390 3856 430 a

551 465 960 526 contradicente
989 465 1222 522 Domino
1247 483 1261 520 :
1299 465 1449 534 Quod
1477 467 1625 520 Deus
1656 467 1963 536 conjunxit
1987 466 2146 520 homo

547 571 664 612 non
691 558 918 628 separet
937 554 1159 626 (Matth.
1183 558 1330 623 xxx).
1358 552 1520 607 Aliud
1542 569 1690 621 vero,
1710 553 1854 624 quod
1878 552 2148 622 baptisma

544 651 768 716 peccata
798 643 1014 714 penitus
1047 657 1158 697 non
1186 641 1442 706 auferret,
1478 657 1604 698 cum
1643 641 1904 696 Dominus
1953 641 2098 695 dicat
2131 655 2144 694 :

557 733 662 802 Qui
693 733 838 788 lotus
859 735 964 797 est,
988 747 1105 787 non
1118 731 1332 802 indiget
1351 731 1465 786 nisi
1486 735 1552 785 ut
1570 731 1732 801 pedes
1758 732 1922 793 lavet,
1947 730 2042 784 sed
2065 732 2150 783 est

549 819 796 878 mundus
820 819 1166 891 totus(loan.
1185 821 1334 887 xm).
1349 819 1587 874 Tertium
1601 835 1752 882 vero,
1774 818 1895 889 quia
1909 818 1954 871 si
1967 816 2148 872 deini-

553 908 846 981 quitatibus
873 905 988 962 suis
1019 907 1140 980 quis
1165 907 1537 978 panitentiam
1558 907 1613 960 in
1629 905 1916 960 triennium
1935 913 2145 977 ageret,

551 996 898 1068 postmodum
929 1011 1190 1068 perverse
1222 995 1405 1050 vivere
1435 994 1484 1050 ei
1514 994 1720 1058 liceret,
1745 1011 1866 1049 cum
1890 994 2150 1064 scriptum

553 1085 623 1142 sit
647 1103 661 1140 :
688 1085 793 1154 Qui
807 1085 1174 1155 baptizatura
1195 1087 1432 1147 mortuo,
1451 1085 1727 1138 etiterum
1749 1084 1942 1158 tangit
1997 1099 2144 1146 eum,

551 1174 685 1248 quid
699 1173 920 1244 proﬁcit
939 1173 1280 1243 lavatioejus
1305 1175 1328 1226 ?
1349 1172 1542 1240 (Eccli.
1590 1172 1817 1240 xxxw).
1845 1170 2152 1240 Baptizatur

553 1277 692 1336 ergo
723 1277 758 1317 a.
785 1269 1020 1327 mortuo,
1043 1267 1096 1315 et
1115 1260 1308 1315 iterum
1332 1259 1505 1332 tangit
1527 1276 1650 1314 eum
1672 1259 1763 1330 qui
1785 1275 1946 1329 prava
1984 1273 2150 1328 opera

559 1367 682 1423 qua
701 1366 762 1407 se
779 1349 960 1423 egisse
981 1347 1223 1404 meminit
1252 1347 1516 1418 deplorat,
1531 1348 1629 1402 sed
1647 1349 1853 1402 eisdem
1877 1364 1935 1402 se
1956 1348 2152 1401 iterum

557 1446 684 1511 post
711 1438 983 1510 lacrymas
1012 1437 1274 1508 implicat.
1311 1437 1580 1505 Quartum
1609 1453 1739 1492 vero
1761 1446 1862 1504 est,
1884 1437 2028 1507 quod
2045 1452 2151 1490 non

557 1542 658 1596 suo
687 1542 852 1582 sensu
879 1525 1128 1597 posuisti,
1153 1525 1281 1597 quia
1311 1525 1356 1578 si
1371 1525 1636 1595 compulsi
1655 1525 1841 1595 aliqui,
1865 1526 1933 1579 de
1957 1525 2152 1594 quibus

556 1614 1088 1688 reprehendebantur
1114 1622 1306 1670 contra
1336 1613 1658 1669 catholicam
1689 1613 1931 1667 sensisse
1962 1613 2152 1668 Eccle-

2249 462 2380 516 solis
2407 472 2530 517 ortu
2561 479 2734 534 usque
2787 463 2855 517 ad
2887 479 3162 533 occasum,
3209 479 3308 534 per
3352 463 3562 518 litteras
3607 479 3753 532 suas,
3799 470 3856 518 et

2246 566 2346 619 per
2378 551 2624 607 homines
2655 567 2792 623 quos
2823 552 3392 619 mittebat,universos
3415 552 3858 622 perturbantem,

2249 646 2300 693 et
2330 654 2363 692 a
2391 637 2498 694 ﬁde
2529 655 2655 694 vera
2687 650 3090 714 segregantem,
3125 649 3176 696 et
3193 641 3339 710 juste
3371 650 3533 712 atque
3565 641 3857 696 rationabi-

2249 719 2372 778 liter
2399 740 2431 779 a
2461 723 2754 795 pontificali
2782 727 2966 780 habitu
3005 727 3356 792 denudatum,
3407 726 3714 781 nullatenus
3764 725 3857 781 di-

2249 811 2372 866 vina
2427 813 2620 886 regula
2669 815 2737 868 de
2804 823 3003 870 caetero
3051 815 3276 886 suscipit
3323 815 3375 869 in
3429 815 3668 870 doctoris
3725 815 3860 870 sede

2250 899 2518 967 residere,
2564 919 2632 956 ne
2664 919 2728 956 ex
2772 904 2878 958 hoc
2925 905 3166 974 propria
3208 920 3318 959 sua
3365 904 3640 958 hareseos
3688 903 3861 958 multo

2244 988 2354 1056 jam
2387 991 2774 1046 recrudescere
2805 992 2966 1048 faciat
3001 991 3434 1062 intelligentiam,
3460 1000 3510 1046 et
3533 990 3679 1057 ﬁant,
3702 992 3862 1060 juxta

2253 1077 2396 1147 quod
2417 1078 2681 1148 scriptum
2704 1089 2806 1148 est,
2832 1081 3129 1134 novissima
3153 1081 3298 1134 illius
3335 1081 3570 1134 hominis
3587 1080 3861 1135 deteriora

2252 1165 2544 1235 prioribus.
2618 1188 2637 1217 ι
2704 1169 2773 1222 Et
2829 1170 3176 1224 Macedonius
3234 1169 3865 1240 Constantinopolitanus

2253 1254 2560 1325 episcopus,
2596 1265 2652 1310 ut
2711 1274 2870 1328 supra
2901 1259 3030 1324 dixi,
3083 1259 3153 1313 ab
3202 1258 3525 1329 imperatore
3568 1257 3865 1313 Anastasio

2255 1343 2456 1416 legitur
2501 1345 2779 1415 expulsus,
2831 1348 3087 1418 quoniam
3131 1347 3433 1420 Evangelia
3490 1347 3757 1415 falsasset,
3810 1357 3867 1402 et

2255 1431 2487 1488 maxime
2543 1433 2674 1488 illud
2716 1437 2958 1505 Apostoli
2987 1437 3188 1492 dictum
3229 1453 3244 1490 :
3280 1436 3429 1503 Quod
3482 1438 3750 1509 apparuit
3797 1437 3865 1490 in

2255 1523 2833 1592 carne,justiﬁcatum
2856 1527 3018 1580 estin
3041 1526 3247 1596 spiritu
3278 1524 3328 1595 (I
3357 1527 3497 1582 Tim.
3526 1526 3642 1595 tu);
3668 1532 3719 1578 et
3740 1540 3868 1596 per-

2257 1609 2508 1676 vertisse,
2545 1619 2600 1664 ut
2629 1611 2926 1683 legeretur,
2963 1617 3027 1668 ut
3060 1618 3205 1669 esset
3230 1617 3397 1680 Deus,
3444 1615 3716 1686 apparuit
3758 1629 3866 1685 per

554 1703 709 1772 siam,
741 1703 1203 1760 anathematizare
1233 1718 1295 1758 se
1323 1701 1584 1768 dicerent,
1619 1701 1979 1756 anathematis
2027 1701 2151 1754 vin-
2188 1712 2510 1787 Bcarnem.
2551 1696 2768 1766 Quales
2800 1702 3078 1774 redarguit
3108 1702 3302 1758 Paulus
3322 1703 3618 1774 apostolus,
3643 1701 3712 1756 de
3730 1717 3789 1756 se
3810 1709 3869 1755 et

559 1791 683 1850 culo
730 1791 880 1848 nullo
923 1791 1086 1846 modo
1130 1789 1321 1846 teneri.
1369 1792 1449 1845 De
1497 1790 1697 1862 quibus
1745 1798 1966 1846 sanctus
2029 1789 2160 1844 dicit

562 1879 869 1954 Gregorius
901 1897 915 1934 :
952 1902 974 1927 «
1011 1878 1149 1948 Quia
1180 1878 1284 1949 ipsi
1313 1878 1416 1934 sibi
1465 1887 1634 1932 testes
1673 1886 1799 1932 sunt
1829 1878 1954 1949 quia
1999 1878 2160 1932 Chri-

561 1969 725 2025 stiani
752 1985 860 2024 non
890 1976 1015 2023 sunt
1049 1984 1061 2022 :
1086 1967 1342 2040 quoniam
1365 1967 1661 2037 ligamenta
1679 1975 1878 2022 sancta
1902 1967 2159 2022 Ecclesia

559 2058 714 2114 vanis
743 2073 804 2114 se
832 2057 1104 2114 astimant
1134 2056 1417 2112 conatibus
1447 2056 1659 2110 solvere
1691 2071 1756 2112 ac
1787 2072 1887 2126 per
1917 2057 2020 2111 hoc
2055 2071 2160 2112 nec

565 2147 962 2204 absolutionem
982 2153 1187 2201 sancta
1205 2145 1468 2200 Ecclesia
1488 2161 1647 2216 quam
1669 2153 1892 2216 prastat
1911 2143 2162 2199 ﬁdelibus

565 2250 752 2290 veram
771 2241 980 2306 putant,
1005 2233 1050 2288 si
1069 2233 1355 2304 ligaturam
1373 2234 1489 2302 ejus
1508 2233 1692 2288 valere
1709 2249 1816 2288 non
1829 2233 2113 2288 aestimant.
2135 2255 2155 2283 ιι

564 2323 718 2381 Unde
747 2322 802 2377 in
831 2321 1258 2378 orthodoxorum
1289 2321 1504 2392 scriptis
1548 2321 1800 2392 legimus,
1819 2338 1882 2376 ex
1901 2322 2033 2392 ipsis
2070 2321 2162 2392 qui

563 2410 620 2466 in
647 2410 867 2466 Nicana
899 2419 1083 2466 sancta
1112 2411 1324 2481 synodo
1354 2418 1743 2474 convenerunt,
1795 2419 1846 2465 et
1903 2409 2162 2480 exposita

564 2493 632 2555 ab
662 2514 729 2556 ea
762 2497 889 2554 ﬁdei
931 2497 1235 2554 diﬁinitioni
1277 2497 1362 2553 vel
1403 2498 1653 2570 symbolo
1701 2499 2158 2568 subscripserunt.

561 2596 616 2644 et
643 2588 716 2644 ab
743 2587 936 2644 eadem
967 2586 1367 2658 subscriptione
1410 2595 1866 2657 apostataverunt,
1901 2587 2164 2641 etiterum

563 2669 666 2748 per
743 2675 1068 2732 catholicam
1135 2675 1593 2747 subscriptionem
1654 2675 1724 2731 ad
1801 2675 2206 2730 universalem-

563 2764 872 2822 Ecclesium
927 2763 1223 2828 redierunt,
1283 2764 1555 2836 quosdam
1607 2763 1776 2820 fuisse
1856 2773 2159 2835 susceptos,

565 2854 704 2911 sicut
732 2861 786 2910 et
814 2853 870 2908 in
891 2852 1014 2908 aliis
1037 2852 1280 2924 synodis,
1316 2861 1387 2917 et,
1423 2853 1477 2906 in
1524 2852 1767 2922 epistolis
1810 2853 2025 2920 Leonis,
2079 2861 2162 2906 at-

566 2958 674 3016 que
704 2941 957 3014 Gregorii
986 2940 1239 3014 legimus.
1275 2940 1497 2997 Constat
1525 2941 1711 3013 igitur,
1748 2941 1871 3013 quia
1901 2957 2011 2996 non
2039 2949 2164 2995 sunt

567 3031 866 3104 tigamenta
897 3029 983 3085 vel
1017 3029 1318 3086 solutiones
1347 3038 1552 3086 sancta
1581 3029 1864 3093 Ecclesia,
1899 3045 2163 3101 quacon-

566 3126 649 3176 tra
679 3127 926 3176 sanctam
951 3116 1257 3175 Ecclesium
1287 3117 1440 3186 ﬁunt,
1472 3117 1558 3174 vel
1609 3109 1731 3190 qua
1763 3119 1831 3173 ab
1875 3118 1959 3172 his
2009 3117 2162 3183 ﬁunt,

569 3209 664 3282 qui
691 3216 885 3265 contra
913 3208 1173 3280 dogmata
1203 3207 1482 3264 catholica
1543 3207 1805 3264 Ecclesia
1849 3207 2164 3262 sentientes.

573 3296 848 3354 contraria
893 3296 999 3367 ipsi
1042 3303 1246 3352 sancta
1293 3295 1557 3352 Ecclesia
1594 3295 1764 3366 ligant
1812 3296 1896 3350 vel
1929 3295 2164 3350 solvunt.

573 3387 772 3442 Sancta
803 3383 1002 3457 quippe
1030 3383 1284 3440 Ecclesia
1308 3383 1438 3439 dicit
1467 3404 1486 3439 :
1517 3405 1539 3434 α
1574 3385 1698 3439 Νοιι
1728 3383 1846 3438 sedi
1878 3400 2000 3439 cum
2031 3400 2169 3438 con-

570 3473 697 3530 cilio
727 3471 999 3541 vanitatis,
1025 3480 1079 3528 et
1098 3487 1220 3528 cum
1236 3471 1423 3543 iniqua
1444 3472 1763 3544 gerentibus
1785 3487 1892 3526 non
1911 3471 2168 3528 introibo.

573 3561 738 3619 Odivi
763 3561 1058 3618 ecclesiam
1085 3560 1513 3633 malignantium,
1550 3569 1603 3615 et
1635 3576 1760 3616 cum
1808 3559 2012 3630 impiiis
2061 3576 2173 3616 non

577 3651 802 3708 sedebo.
832 3650 1042 3706 Lavabo
1071 3651 1226 3706 inter
1245 3649 1578 3706 innocentes
1594 3666 1798 3704 manus
1820 3666 1974 3704 meas
1993 3648 2170 3719 (Psal.

572 3754 713 3806 xxv,
747 3737 820 3807 6).
859 3760 880 3786 ι
917 3737 1162 3808 Denique
1192 3737 1400 3793 eisdem
1431 3737 1614 3793 verbis
1659 3737 1804 3792 beati
1854 3736 2112 3807 Gregorii
2159 3754 2172 3790 :

577 3826 773 3899 quibus
804 3825 935 3880 dicit
966 3843 979 3879 :
1031 3847 1052 3874 α
1088 3824 1144 3880 Si
1201 3825 1294 3897 qui
1349 3841 1482 3881 vero
1535 3833 1658 3880 sunt
1689 3825 1782 3896 qui
1811 3825 2016 3888 dicunt,
2049 3825 2177 3896 quia

576 3913 893 3987 compulsus
918 3912 1186 3986 quispiam
1216 3915 1541 3969 necessitate
1573 3930 1633 3968 se
1683 3914 2178 3969 anathematizave-

579 4005 670 4075 rit,
703 4001 1062 4058 anathematis
1092 4001 1308 4058 vinculo
1339 4018 1449 4057 non
1479 4011 1714 4068 tenetur,
1773 4027 1794 4050 »
1841 4002 2026 4058 verbis
2071 4001 2178 4056 tuis

583 4089 882 4164 imposuiti,
927 4089 1198 4146 immitens
1242 4099 1295 4146 et
1343 4091 1791 4164 superadjiciens,
1853 4099 1942 4145 aut
1989 4099 2180 4146 contra

583 4199 646 4239 ea
675 4197 796 4255 qua
827 4179 928 4236 sub
957 4181 1302 4236 anathemate
1332 4181 1598 4252 prohibita
1639 4189 1762 4235 sunt
1809 4196 2177 4252 praesumpse-

581 4273 668 4329 rit.
699 4272 761 4326 In
789 4285 856 4326 eo
887 4277 1068 4325 autem
1097 4269 1218 4325 loco
1247 4269 1340 4324 ubi
1370 4270 1504 4325 dixit
1535 4289 1547 4324 :
1577 4292 1598 4321 α
1636 4270 1692 4324 Si
1723 4269 1813 4341 qui
1844 4278 1968 4324 sunt
1999 4269 2180 4342 igitur,

584 4361 676 4436 qui
706 4359 808 4416 sub
851 4358 1071 4414 nomine
1113 4358 1441 4423 Christiano,
1492 4361 1610 4414 hac
1659 4375 1781 4430 qua
1826 4358 2178 4429 praediximus
2242 4421 2246 4426 _

585 4463 840 4508 errorum
867 4445 1118 4516 capitula,
1151 4453 1241 4500 aut
1283 4447 1588 4516 praedicare
1631 4447 1848 4513 audent,
1895 4455 1986 4500 aut
2029 4444 2248 4504 tacitiD

584 4537 729 4612 apud
757 4533 1082 4606 semetipsos
1112 4541 1315 4599 tenere,
1355 4557 1376 4581 »
1411 4534 1743 4589 detruncasti
1785 4542 1838 4588 et
1875 4534 2183 4604 pervertisti

589 4627 780 4684 dicens
811 4642 824 4680 :
865 4646 887 4673 α
922 4621 980 4678 Si
1009 4621 1102 4694 qui
1131 4629 1256 4677 sunt
1283 4622 1468 4694 igitur,
1501 4623 1590 4694 qui
1623 4622 1722 4675 sub
1753 4622 1969 4676 nomine
2019 4623 2181 4676 Chri-

586 4717 762 4773 stiano
790 4715 908 4769 hac
935 4719 1024 4766 aut
1052 4711 1350 4782 pradicare
1380 4711 1601 4780 audent,
1648 4726 1756 4764 non
1807 4709 2001 4764 timens
2059 4726 2182 4764 sen-

585 4803 809 4860 tentiam
835 4807 1037 4856 sancta
1066 4807 1234 4855 sexta
1264 4799 1458 4872 synodi
1487 4797 1543 4852 in
1599 4797 1920 4854 duodecima
1969 4798 2181 4853 actione

589 4890 857 4964 prolatam
887 4889 990 4944 hoc
1019 4889 1183 4944 modo
1215 4907 1229 4944 :
1264 4889 1625 4944 lnveteratum
1656 4886 1945 4942 Macarium
1977 4886 2030 4940 in
2075 4887 2181 4941 im-

589 4978 807 5052 pietatis
834 4977 1202 5048 dogmatibus,
1237 4985 1291 5032 et
1319 4993 1428 5032 non
1459 4977 1632 5032 solum
1663 4975 1972 5030 universam
2019 4976 2180 5030 Chri-

591 5075 676 5124 sto
705 5064 992 5122 amabilem
1019 5063 1254 5134 plebem,
1287 5083 1408 5138 qua
1438 5067 1576 5120 hanc
1607 5080 1639 5118 a
1687 5065 1801 5118 Deo
1861 5080 2188 5120 conservan-

591 5157 716 5213 dam
741 5155 950 5229 regiam
997 5155 1187 5209 urbem
1223 5155 1506 5220 inhabitat,
1553 5153 1839 5208 eversione
1881 5154 2184 5208 turbulenta

592 5252 890 5319 potantem,
921 5243 1336 5314 testimoniaque
1368 5251 1677 5298 sanctorum
1725 5250 1778 5296 et
1823 5243 2184 5312 probabilium

589 5342 806 5408 patrum
835 5334 1144 5399 falsantem,
1179 5339 1231 5387 et
1262 5333 1508 5406 quadam
1531 5331 1750 5402 quidem
1785 5331 2180 5398 abscidentem,

589 5423 839 5499 quadam
859 5439 992 5482 vero
1011 5423 1320 5487 addentem,
1346 5428 1399 5476 et
1412 5421 1712 5477 secundum
1726 5421 1872 5494 quod
1884 5420 1934 5476 ei
1955 5421 2182 5476 videba-

591 5529 682 5579 tur
707 5520 761 5578 in
792 5519 953 5578 devia
980 5519 1280 5576 mittentem
1312 5516 1614 5590 piissimum
1645 5525 1699 5574 et
1726 5535 1756 5572 a
1804 5519 1918 5573 Deo
1957 5531 2186 5574 corona-

2263 1785 2378 1838 suis
2411 1786 2574 1841 sociis
2605 1788 2801 1843 dicens
2839 1807 2852 1842 :
2889 1791 3008 1846 Non
3040 1792 3193 1846 enim
3222 1809 3438 1860 sumus,
3471 1790 3664 1862 inquit,
3713 1792 3869 1845 sicut

2257 1875 2504 1946 plurimi
2515 1872 2909 1934 adulterantEs
2932 1881 3157 1936 verbum
3177 1881 3276 1936 Dei
3299 1881 3368 1947 (Il
3387 1882 3507 1936 Cor.
3533 1881 3614 1949 ιι).
3639 1902 3661 1925 ει
3689 1878 3869 1933 Adul-

2260 1971 2444 2017 terare
2475 1973 2578 2029 est,
2612 1965 2782 2036 inquit
2815 1967 3006 2022 beatus
3034 1968 3355 2041 Gregorius,
3380 1969 3607 2024 verbum
3631 1967 3750 2034 Dei,
3776 1975 3874 2022 aut

2262 2051 2420 2106 aliter
2453 2053 2653 2108 sentire
2686 2071 2847 2124 quam
2877 2057 2945 2111 de
2976 2057 3070 2111 illo
3099 2066 3200 2125 est,
3235 2066 3325 2111 aut
3355 2074 3420 2112 ex
3451 2073 3516 2111 eo
3547 2072 3653 2111 non
3696 2055 3870 2126 spiri-

2263 2139 2398 2194 tales
2427 2140 2655 2208 fructus,
2691 2145 2788 2198 sed
2819 2145 3155 2201 adulterinos
3207 2145 3348 2200 fetus
3392 2162 3638 2217 quarere
3681 2144 3866 2198 laudis

2261 2229 2532 2284 humana.
2575 2255 2596 2278 η
2631 2233 2782 2287 Unde
2813 2233 3066 2288 Gelasius
3099 2235 3168 2289 ad
3201 2235 3488 2306 episcopos
3517 2250 3614 2306 per
3645 2233 3867 2288 Darda-

2263 2315 2409 2371 niam
2440 2319 2780 2390 constitutos,
2816 2322 2869 2376 in
2899 2323 3138 2378 decretis
3167 2322 3280 2378 suis
3311 2323 3530 2394 scripsit
3562 2323 3749 2394 (epist.
3778 2325 3868 2387 11,

2261 2405 2316 2458 in
2345 2405 2630 2478 principio)
2669 2426 2681 2464 :
2721 2433 2742 2457 ιι
2780 2410 2916 2480 Quia
2948 2412 3178 2481 majores
3207 2412 3377 2468 nostri
3398 2412 3708 2467 necessario
3729 2427 3876 2481 pra-

2264 2505 2542 2562 caverunt,
2580 2507 2637 2552 ut
2686 2508 2878 2554 contra
2916 2517 3352 2572 unamquamque
3397 2501 3670 2570 haresim,
3723 2499 3874 2570 quod

2263 2592 2380 2638 acta
2413 2586 2583 2640 semel
2612 2589 2853 2658 synodus
2884 2606 2983 2660 pro
3013 2587 3138 2655 fide,
3172 2590 3572 2654 communione,
3606 2597 3659 2644 et
3719 2588 3873 2642 veri-

2264 2685 2369 2732 tate
2420 2675 2684 2732 catholica
2732 2685 2892 2748 atque
2941 2678 3244 2747 apostolica
3288 2678 3707 2748 promulgasset,
3761 2691 3873 2731 non

2266 2767 2509 2822 sinerent
2537 2766 2692 2820 novis
2722 2774 2847 2836 post
2874 2767 2992 2822 hac
3023 2767 3493 2822 retractationibus
3514 2764 3776 2831 mutilari,
3801 2781 3874 2820 ne

2263 2856 2446 2926 pravis
2487 2855 2705 2910 occasio
2753 2855 3098 2924 praberetur
3127 2873 3249 2928 qua
3293 2854 3692 2911 medicinaliter
3755 2853 3874 2908 fue-

2265 2954 2386 2999 rant
2415 2952 2612 2999 statuta
2642 2943 2896 3014 pulsandi
2935 2961 2947 2997 :
2984 2945 3079 2998 sed
3119 2953 3338 3000 auctore
3377 2943 3667 3013 cujuslibet
3715 2943 3874 2998 insa-

2268 3033 2390 3098 nia,
2424 3048 2488 3089 ac
2518 3032 2726 3103 pariter
2756 3048 2942 3088 errore
2972 3033 3246 3099 damnato,
3271 3032 3867 3102 suﬁicerejudicarunt,

2269 3130 2325 3176 ut
2357 3121 2602 3194 quisquis
2632 3121 2928 3192 aliquando
2979 3121 3138 3191 hujus
3193 3123 3398 3178 erroris
3439 3121 3872 3178 communicator

2269 3211 2544 3275 existeret,
2576 3210 2865 3282 principali
2897 3211 3167 3266 sententia
3197 3211 3562 3266 damnationis
3588 3211 3707 3280 ejus
3725 3218 3875 3266 esset

2269 3300 2580 3364 obstrictus,
2618 3299 2874 3370 quoniam
2905 3299 3193 3356 manifeste
3232 3300 3458 3372 quilibet
3504 3300 3589 3355 vel
3641 3298 3870 3370 profes-

2271 3389 2423 3443 sione
2455 3404 2556 3443 sua
2584 3388 2672 3443 vel
2702 3389 3082 3444 communione
3112 3398 3298 3460 posset
3327 3389 3572 3461 agnosci.
3612 3409 3633 3437 ιι
3673 3390 3879 3460 Etpost

2272 3477 2546 3548 aliquanta
2581 3494 2594 3530 :
2632 3498 2653 3526 α
2693 3477 2961 3545 Quoniam
2992 3477 3137 3532 idem
3177 3478 3293 3549 ipse
3337 3494 3513 3545 error,
3560 3477 3652 3550 qui
3700 3477 3875 3533 semel

2273 3573 2356 3620 est
2384 3581 2506 3620 cum
2537 3581 2634 3620 suo
2667 3573 2889 3620 auctore
2919 3565 3222 3632 damnatus,
3258 3567 3314 3621 in
3339 3566 3607 3638 participe
3631 3566 3878 3638 quolibet

2272 3669 2454 3725 prava
2487 3653 2882 3709 communionis
2912 3653 3106 3710 etfecto
3127 3656 3558 3712 exsecrationem
3574 3655 3658 3710 sui
3699 3663 3878 3728 gestat

2275 3751 2326 3797 et
2357 3758 2592 3813 poenam.
2633 3766 2654 3790 n
2689 3743 2818 3797 Hac
2848 3741 3036 3814 igitur,
3071 3744 3163 3815 qui
3206 3743 3350 3799 beati
3399 3743 3653 3816 Gregorii
3704 3743 3879 3798 verba

2274 3830 2662 3902 impostnrasti,
2697 3831 2983 3886 attendens
3012 3849 3133 3903 qua
3179 3833 3370 3888 beatus
3418 3833 3550 3889 dicit
3595 3831 3874 3896 Gelasius,

2277 3927 2329 3973 et
2359 3928 2484 3974 ante
2513 3919 2704 3975 oculos
2736 3919 2930 3974 mentis
2963 3937 3192 3991 ponens,
3225 3921 3348 3994 quia
3379 3921 3651 3977 Macarius
3679 3931 3733 3976 et
3763 3921 3878 3976 Ma-

2277 4008 2538 4064 cedonius
2568 4007 2773 4064 idcirco
2804 4023 2836 4063 a
2867 4010 3196 4075 sacerdotio,
3229 4011 3392 4066 etiam
3434 4020 3560 4066 ante
3606 4011 3878 4066 humanos

2277 4097 2484 4165 oculos,
2512 4097 2716 4166 judicio
2745 4097 2994 4168 synodali
3027 4107 3078 4153 et
3107 4107 3374 4170 potestate
3416 4099 3705 4172 principali
3756 4101 3880 4158 fue-

2276 4194 2401 4240 runt
2430 4186 2626 4254 dejecti
2680 4186 2924 4242 accelera
2972 4187 3286 4244 satisfacere
3333 4188 3558 4244 terribili
3601 4188 3658 4244 in
3700 4191 3881 4246 consi-

2277 4274 2364 4329 liis
2395 4291 2563 4346 super
2592 4273 2732 4330 ﬁlios
2790 4275 3090 4331 hominum.

2849 4454 3074 4510 CAPUT
3102 4454 3304 4510 XXIII.

2285 4595 2434 4661 Quod
2461 4596 2766 4666 apostolica
2795 4596 2950 4651 sedes
2977 4601 3201 4668 partem
3230 4601 3373 4654 noni
3388 4601 3635 4672 capituli
3657 4602 3880 4660 Chalce-

2352 4683 2616 4738 donensis
2647 4700 2759 4738 non
2786 4685 3044 4756 recipiat,
3070 4687 3220 4742 sicut
3241 4688 3452 4744 beatus
3471 4690 3578 4746 Leo
3597 4705 3750 4762 papa
3781 4693 3878 4748 de-

2351 4775 2652 4827 monstrat.

2353 4905 2681 4960 Sententiam
2703 4905 2937 4978 denique
2966 4908 3424 4966 Chalcedonensis
3453 4913 3694 4982 concilii,
3719 4930 3880 4986 quam

2283 5002 2386 5048 tua
2413 4993 2779 5064 compilationi
2809 4997 3128 5066 apposuisti,
3159 5014 3192 5053 a
3223 5015 3546 5070 quocunque
3577 5003 3882 5071 expositam

2281 5082 2374 5153 qui
2401 5082 2676 5137 adinvenit
2706 5083 2772 5138 de
2803 5101 2867 5139 ea
2897 5086 3026 5157 quid
3054 5087 3258 5142 diceret
3295 5105 3309 5142 :
3343 5089 3410 5144 Ut
3455 5089 3500 5142 si
3524 5090 3762 5146 clericus
3785 5092 3882 5146 ha-

2282 5170 2370 5225 bet
2401 5188 2615 5226 causam
2643 5173 2910 5229 adversus
2940 5175 3259 5246 episcopum
3291 5177 3596 5248 proprium,
3645 5182 3736 5236 vel
3780 5181 3881 5236 ad-

2282 5276 2473 5315 versus
2500 5261 2749 5327 alterum,
2785 5264 2924 5334 apud
2957 5265 3223 5336 synodum
3251 5267 3545 5337 provincia
3556 5269 3837 5338 judicetur
3865 5286 3879 5324 :

2282 5349 2426 5420 quod
2456 5349 2500 5404 si
2529 5351 2789 5408 adversus
2820 5353 3066 5420 ejusdem
3095 5355 3390 5424 provincia
3411 5358 3882 5428 metropolitanum

2281 5438 2540 5510 epicopus
2568 5440 2654 5495 vel
2685 5441 2916 5496 clericus
2938 5441 3099 5498 habet
3139 5443 3441 5515 querelam,
3480 5452 3630 5516 petat
3677 5449 3882 5520 prima-

2282 5534 2388 5582 tem
2412 5528 2734 5594 dioeceseos,
2768 5537 2862 5585 aut
2890 5530 3077 5587 sedem
3105 5531 3452 5603 regia_urbis
3495 5534 3882 5595 Constantino-
