4164 6310
291 279 456 334 309·

909 276 1149 334 OPUSC.
1195 275 1286 330 ET
1341 275 1559 332 EPIST.
1621 277 1694 330 IN
1745 274 1971 330 CAUSA
2027 273 2369 332 HINCMARI
2417 276 2720 334 LAUDUN.

3487 273 3590 332 376

287 402 542 476 p'olitane
562 444 575 468 ,
610 408 665 456 et
693 401 838 473 apud
865 400 1050 472 ipsum
1075 400 1369 470 iudicetur,
1403 401 1547 474 quod
1577 408 1630 456 et
1657 399 1713 454 in
1743 399 1896 470 capi-
1917 396 1976 459 A
2003 397 2280 454 Iuvenalis
2325 399 2616 470 episcopus
2647 400 2717 456 ad
2747 399 3097 457 obtinendum
3135 387 3440 457 Palestiné

299 491 411 547 tulo
463 489 682 547 decimo
728 491 958 561 septimo
1008 490 1401 560 recapitulavit.
1454 490 1600 560 Lege
1631 497 1786 562 gesta
1811 505 1906 560 sy-

293 579 421 637 nodi
468 577 934 635 Chalcedonensis
958 622 972 644 ,
1005 587 1058 634 et
1086 579 1417 634 Breviarium
1451 578 1519 633 de
1549 578 1760 633 duabus
1789 578 1906 632 hie-

298 669 516 725 resibus
545 667 998 724 Nestorianorum
1030 675 1080 722 et
1104 668 1586 738 Eutychianorum,
1619 667 1908 722 collectum

296 775 328 812 a
357 765 550 812 sancto
580 757 832 812 Liberato
863 757 1254 812 archidiacono
1282 757 1544 811 Ecclesia
1567 755 1907 823 Carthaginis

299 845 546 918 regionis
577 853 764 913 sextae,
798 846 893 900 sed
925 853 978 900 et
1008 845 1266 916 epistolas
1301 844 1471 900 sancti
1500 845 1696 899 Leonis
1726 860 1902 914 papas,

297 944 349 990 et
378 933 627 989 invenies
657 935 760 990 hoc
787 933 959 1004 ipsius
983 933 1196 990 concilii
1239 949 1440 988 nonum
1489 933 1783 1002 capitulum
1805 975 1818 998 ,
1851 932 1906 986 in

298 1023 450 1092 cujus
480 1021 588 1077 ﬁne
621 1021 816 1077 dicitur
847 1039 860 1075 :
895 1023 1044 1076 Petat
1089 1022 1376 1093 primatem
1423 1022 1726 1076 dioeceseos
1752 1064 1764 1085 ,
1817 1029 1908 1075 aut

304 1112 492 1167 sedem
537 1110 708 1184 regiae
756 1111 908 1166 urbis
971 1109 1612 1180 Constantinopolitanae,
1666 1117 1716 1164 et
1763 1110 1908 1179 apud

298 1201 475 1272 ipsum
500 1199 790 1268 judicetur,
825 1206 876 1254 et
907 1199 1051 1271 quod
1080 1199 1147 1252 de
1177 1198 1442 1252 divisione
1482 1198 1736 1254 diceeesis
1767 1197 1908 1251 inter

303 1289 704 1344 Antiochenum
736 1295 788 1342 et
819 1287 1360 1358 Hierosolymitanum
1392 1286 1680 1356 episcopos
1713 1301 1908 1340 conve-

300 1377 394 1443 nit,
429 1378 498 1430 ab
527 1375 829 1446 apostolica
859 1376 989 1430 sede
1012 1391 1121 1430 non
1168 1374 1334 1429 fuisse
1377 1382 1614 1446 recepta.
1665 1374 1774 1429 Sed
1803 1389 1906 1428 nec

299 1465 432 1520 illud
478 1463 771 1536 capitulum
819 1463 1390 1534 Constantinopolitani
1437 1461 1680 1528 concilii,
1713 1463 1766 1516 in
1799 1477 1906 1534 quo

305 1553 548 1624 synodus
576 1553 694 1622 ipsa
724 1552 998 1608 constituit
1027 1551 1422 1622 praeferendam
1455 1552 1906 1620 Constantinopo-

302 1642 394 1696 lim
427 1641 684 1696 secundae
715 1649 768 1696 et
795 1641 970 1696 tertiae
999 1641 1136 1706 sedi,
1171 1649 1222 1696 et
1252 1648 1375 1710 post
1401 1641 1706 1695 Romanum
1735 1639 1907 1710 ponti-

2006 487 2200 542 vinciaa
2245 487 2611 559 principatum
2656 487 2888 544 credidit
2931 505 2991 544 se
3037 504 3201 561 posse
3243 487 3513 555 sufﬁcere,
3555 496 3612 546 et

2005 574 2304 632 insolentes
2355 593 2522 632 ausus
2562 593 2665 648 per
2711 577 3074 634 commentitia
3117 577 3316 650 scripta
3365 575 3608 646 ﬁrmare,

2005 662 2166 733 Quod
2209 673 2409 720 sanctae
2457 666 2736 722 memorias
2785 665 3016 737 Cyrillus
3060 666 3458 722 Alexandrinus
3487 665 3612 738 epi-
3695 681 3700 685 ’

2005 768 2206 822 scopus
2233 754 2424 808 merito
2454 755 2901 824 perhorrescens,
2935 755 3156 824 scriptis
3185 753 3298 810 suis
3325 754 3457 810 mihi
3478 753 3610 826 quid

2005 842 2249 912 praedicti
2280 843 2546 913 cupiditas
2573 858 2708 897 ausa
2744 851 2889 899 esset
2938 843 3234 909 indicavit,
3286 849 3339 898 et
3384 841 3612 899 sollicita

2005 946 2166 1001 prece
2196 931 2424 984 multum
2452 931 2738 1005 poposcit,
2790 939 2848 986 ut
2897 931 3047 986 nulla
3074 930 3280 987 illicitis
3327 929 3612 988 conatibus

2005 1019 2339 1090 prseberetur
2386 1019 2652 1074 assensio.
2704 1019 2847 1074 Nam
2909 1021 3062 1090 cujus
3111 1018 3356 1090 epistolas
3395 1016 3466 1074 ad
3507 1031 3611 1075 nos

2007 1107 2340 1176 exemplaria
2369 1108 2609 1162 direxisti
2640 1115 2841 1164 sanctas
2870 1107 3151 1164 memorie
3179 1106 3388 1180 Cyrilli,
3411 1121 3534 1162 eam
3552 1106 3610 1163 in

2004 1203 2195 1250 nostro
2241 1196 2436 1251 scrinio
2480 1196 2794 1268 requisitam
2835 1212 2936 1252 nos
2983 1195 3346 1252 authenticam
3392 1194 3612 1252 noveris

2005 1285 2300 1355 reperisse.
2335 1285 2450 1340 Hoc
2481 1293 2662 1340 tamen
2683 1285 2960 1356 proprium
2981 1282 3321 1340 difﬁnitionis
3341 1299 3478 1340 mea
3504 1291 3609 1340 est.

2005 1381 2064 1427 ut
2094 1373 2488 1444 quantumlibet
2535 1373 2770 1445 amplior
2812 1388 3070 1428 numerus
3118 1371 3464 1429 sacerdotum
3504 1369 3611 1427 ali-

2007 1462 2134 1532 quid
2165 1478 2261 1531 per
2292 1463 2654 1532 quorumdam
2683 1461 3090 1532 subreptionem
3133 1459 3428 1526 decernat,
3463 1459 3610 1533 quod

2005 1549 2110 1604 illis
2138 1558 2506 1604 trecentorum
2537 1551 2728 1605 decem
2758 1557 2812 1605 et
2839 1558 2964 1606 octo
2992 1548 3468 1605 constitutionibus
3515 1549 3606 1604 in—

2006 1638 2255 1693 veniatur
2281 1639 2590 1705 adversum,
2623 1638 2680 1712 id
2703 1639 2922 1708 justitne
2951 1637 3386 1694 consideratione
3413 1651 3606 1694 casse-

303 1729 461 1786 ﬁcem
505 1729 708 1785 habere
750 1729 1038 1800 primatum
1063 1770 1076 1798 ,
1124 1729 1271 1800 quod
1302 1737 1354 1783 et
1381 1745 1482 1799 per
1509 1728 1904 1800 pragmaticam
1924 1754 1978 1812 B
2008 1734 2094 1780 tur
2123 1744 2136 1780 :
2171 1727 2422 1798 quoniam
2451 1727 2722 1782 universae
2749 1726 2898 1798 pacis
2927 1725 3283 1798 tranquillitas
3313 1741 3423 1781 non
3451 1724 3612 1781 aliter

303 1818 534 1875 formam
580 1818 884 1888 imperialis
911 1818 1196 1890 potestatis
1225 1817 1486 1886 obtinuit,
1521 1826 1573 1872 et
1602 1817 1901 1872 Chalcedo-

305 1907 490 1962 nensis
519 1907 784 1977 synodus,
818 1907 872 1961 in
902 1907 1150 1961 absentia
1178 1905 1484 1978 legatorum
1514 1905 1661 1960 sedis
1689 1912 1902 1975 aposto-

303 1996 440 2061 licae,
490 1993 864 2050 conﬁrmando
913 1995 1235 2067 quibusdam
1281 2010 1391 2049 non
1435 1993 1902 2050 consentientibus

304 2083 603 2150 renovavit,
637 2092 690 2138 et
718 2092 860 2154 post,
895 2083 1315 2139 reclamantibus
1361 2083 1428 2137 de
1479 2098 1760 2138 sacrorum
1805 2097 1900 2137 ca-

305 2188 505 2228 nonum
573 2181 627 2228 et
692 2171 965 2244 privilegii
1032 2171 1346 2242 apostolica;
1411 2186 1474 2227 ac
1538 2171 1727 2241 primae
1809 2187 1902 2224 se-

303 2261 386 2316 dis
447 2261 640 2330 injuria
700 2267 754 2316 et
817 2259 1128 2331 prtejudicio
1203 2259 1410 2315 eisdem
1475 2259 1670 2332 legatis
1735 2258 1905 2330 ipsius

304 2349 618 2422 apostolicae
656 2349 841 2418 sedis,
884 2349 1125 2420 synodus
1189 2348 1245 2402 in
1311 2349 1579 2404 sententia
1642 2365 1738 2402 sua
1801 2363 1905 2418 pa-

306 2439 603 2495 trocinante
640 2438 969 2508 imperatore
1014 2437 1336 2508 permansit.
1393 2437 1519 2508 Egit
1567 2436 1712 2490 enim
1757 2439 1905 2492 Ana-

305 2523 466 2578 tolius
521 2531 652 2578 tunc
718 2521 1343 2593 Constantinopolitanus
1408 2521 1698 2592 episcopus
1762 2521 1909 2591 apud

308 2612 610 2684 syonodum
660 2611 832 2682 (Leo,
903 2627 994 2683 ep.
1074 2614 1140 2664 53
1204 2610 1276 2666 ad
1337 2609 1622 2680 Anatol.),
1669 2617 1721 2662 et
1764 2609 1908 2678 apud

306 2701 727 2772 imperatorem,
761 2707 924 2755 nacta
949 2699 1232 2755 occasione
1275 2699 1342 2754 de
1392 2697 1736 2752 damnatione
1775 2697 1910 2752 Dio-

308 2789 450 2846 scori
527 2788 784 2844 secundae
849 2789 996 2843 sedis
1052 2787 1434 2843 Alexandrinae
1484 2787 1760 2856 episcopi,
1811 2786 1914 2841 hac

307 2876 925 2948 calliditate,'quoniam
955 2892 1110 2930 mens
1139 2875 1395 2946 potentia:
1423 2875 1580 2930 avida
1608 2891 1708 2930 nec
1741 2873 1913 2928 absti-

307 2974 396 3021 net
423 2965 630 3032 vetitis,
661 2981 765 3021 nec
793 2965 996 3038 gaudet
1022 2965 1319 3029 concessis,
1338 2971 1393 3018 ut
1413 2963 1542 3035 quia
1572 2963 1628 3017 in
1656 2964 1916 3018 Constan-

307 3053 670 3126 tinopolitana
698 3069 782 3120 CL,
815 3053 1192 3124 episcoporum
1223 3053 1431 3123 synodo
1461 3052 1753 3107 Nectarius
1783 3051 1918 3106 obti-

307 3111 502 3198 nuerat
547 3111 813 3214 quatenus
849 3111 1346 3211 Constantinopolis
1387 3140 1608 3210 praelata
1655 3141 1910 3194 secundae
1937 3111 1986 3173 Ο

309 3239 362 3286 et
389 3231 567 3287 tertiae
595 3231 763 3294 sedis,
797 3238 921 3300 post
950 3231 1254 3285 Romanum
1284 3228 1592 3300 pontiﬁcem
1624 3228 1919 3298 primatum

308 3320 559 3384 haberet,
593 3318 737 3374 istud
765 3317 1057 3388 capitulum
1105 3317 1228 3373 aliis
1275 3316 1602 3372 necessariis
1631 3315 1919 3386 interposi-

309 3417 422 3464 tum
455 3407 525 3464 de
555 3406 921 3478 appellatione
951 3405 1333 3476 episcOporum
1383 3414 1434 3460 et
1479 3405 1802 3460 clericorum
1851 3404 1922 3459 ad

309 3497 502 3552 sedem
532 3496 704 3567 regiae
732 3495 884 3550 urbis
912 3493 1516 3564 Constantinopolitanae
1536 3493 1675 3549 foret
1699 3511 1712 3547 :
1737 3499 1923 3564 quate-

307 3601 412 3641 nus
443 3584 886 3642 constitutionem
917 3583 1260 3639 Sardicensis
1293 3582 1510 3639 concilii
1559 3583 1628 3638 de
1672 3581 1918 3652 appella-

309 3675 458 3730 tione
488 3674 817 3730 clericorum
845 3672 988 3744 apud
1016 3670 1274 3727 ﬁnitimos
1305 3671 1616 3742 episcOpos,
1653 3679 1705 3726 et
1731 3669 1923 3745 appel-

310 3763 570 3820 lationem
593 3762 975 3834 episcoporum
999 3761 1068 3816 de
1089 3760 1360 3833 regionali
1389 3759 1620 3816 concilio
1642 3759 1713 3814 ad
1739 3761 1925 3814 sedem

313 3851 690 3924 apostolicam,
721 3850 900 3906 eidem
933 3849 1245 3920 apostolicae
1275 3849 1391 3903 sedi
1420 3848 1712 3919 abriperet,
1749 3855 1801 3902 et
1825 3847 1926 3918 sibi

312 3941 514 3996 ascribi
542 3940 746 3994 faceret
779 3955 792 3994 :
827 3953 936 4010 quo
956 3979 970 4002 ,
1003 3937 1143 3992 sicut
1187 3953 1313 3992 mox
1358 3937 1546 3992 claruit
1573 3981 1584 4002 ,
1637 3936 1926 4006 primatum

315 4029 460 4084 sedis
492 4027 810 4099 apostolicae
855 4027 1082 4082 liberius
1126 4033 1316 4080 contra
1367 4041 1550 4080 sacros
1597 4040 1837 4080 canones
1877 4033 1929 4079 et

314 4119 597 4190 antiquam
625 4115 1075 4170 consuetudinem
1120 4122 1450 4184 usurparet,
1500 4122 1552 4168 et
1601 4113 1928 4168 universalis

315 4206 685 4278 appellaretur
713 4212 765 4258 et
795 4211 957 4258 esset.
982 4203 1137 4258 Unde
1171 4209 1390 4257 sanctus
1425 4203 1549 4263 Leo,
1576 4201 1644 4255 de
1675 4200 1758 4254 his
1787 4200 1930 4270 apud

315 4293 639 4367 synodalem
669 4299 996 4347 conventum
1029 4291 1263 4346 obtentis
1293 4291 1361 4344 ad
1393 4289 1680 4342 Maximum
1735 4287 1929 4342 Antio-

315 4383 551 4438 ebenum
581 4379 897 4450 episcopum
923 4377 1171 4433 scribens
1201 4377 1328 4431 dicit
1351 4377 1538 4448 (epist.
1566 4377 1656 4445 65)
1681 4391 1694 4428 :
1725 4395 1747 4424 α
1772 4375 1931 4428 Nunc

2011 1814 2208 1885 poterit
2245 1815 2524 1876 custodiri.
2551 1815 2654 1869 nisi
2685 1831 2778 1869 sua
2809 1814 3107 1870 canonibus
3135 1813 3439 1870 reverentia
3465 1813 3611 1871 inte-

2012 1911 2216 1957 merata
2245 1910 2506 1958 servetur.
2541 1903 2596 1958 Si
2623 1902 2748 1974 quid
2781 1917 2914 1958 sane
2941 1902 3012 1957 ah
3043 1902 3128 1957 his
3155 1899 3428 1970 fratribus,
3473 1914 3614 1974 quos

2013 1991 2083 2044 ad
2110 1998 2354 2046 sanctam
2388 1991 2654 2062 synodum
2681 1991 2802 2047 vice
2829 2005 2952 2048 mea
2979 1989 3122 2057 misi,
3153 1997 3354 2060 praeter
3380 1988 3438 2044 id
3467 1987 3615 2061 quod

2013 2079 2082 2132 ad
2113 2095 2334 2134 causam
2367 2077 2490 2133 ﬁdei
2521 2079 2854 2149 pertinebat,
2885 2086 3104 2150 gestum
3131 2092 3256 2133 esse
3278 2076 3612 2149 perhibetur,

2011 2167 2212 2221 nullius
2257 2167 2360 2222 erit
2404 2167 2620 2238 penitus
2668 2165 2938 2222 ﬁrmitatis
2971 2184 2984 2221 :
3019 2167 3146 2238 quia
3174 2165 3243 2221 ad
3271 2165 3380 2222 hoc
3407 2172 3617 2221 tantum

2012 2255 2080 2309 ab
2110 2255 2409 2326 apostolica
2439 2265 2562 2310 sunt
2592 2255 2724 2311 sede
2753 2255 2975 2321 directi,
3009 2263 3068 2310 ut
3094 2254 3290 2312 excisis
3317 2252 3619 2310 haeresibus

2013 2343 2290 2398 catholicae
2338 2352 2521 2399 essent
2567 2343 2694 2400 fidei
2738 2343 3084 2399 defensores.
3149 2341 3428 2414 Quidquid
3468 2341 3615 2398 enim

2011 2441 2212 2503 praeter
2241 2433 2509 2503 speciales
2539 2447 2737 2489 causas
2767 2431 3105 2503 synodalium
3137 2430 3490 2487 conciliorum
3545 2430 3614 2485 ad

2013 2536 2238 2575 examen
2283 2520 2592 2590 episcOpale
2621 2519 2884 2589 defertur,
2915 2527 3097 2590 potest
3137 2517 3374 2590 aliquam
3419 2516 3614 2588 dijudi-

2013 2607 2175 2664 candi
2224 2609 2427 2663 habere
2475 2608 2740 2664 rationem
2764 2651 2777 2675 ,
2806 2608 2853 2663 si
2881 2607 3014 2662 nihil
3043 2607 3113 2663 de
3146 2621 3213 2663 eo
3238 2613 3322 2662 est
3346 2621 3380 2662 a
3410 2603 3614 2662 sanctis

2013 2697 2258 2751 Patribus
2289 2697 2430 2766 apud
2461 2697 2701 2752 Nicaeam
2730 2694 3035 2751 difﬁnitum.
3061 2695 3202 2750 Nam
3231 2693 3376 2767 quod
3405 2693 3476 2749 ab
3501 2693 3616 2750 illo-

2014 2801 2137 2840 rum
2165 2785 2372 2857 regulis
2401 2792 2453 2838 et
2484 2785 2863 2840 constitutione
2883 2783 3178 2849 discordat,
3197 2782 3511 2854 apostolica
3531 2797 3618 2838 se-

2015 2874 2100 2928 dis
2130 2889 2406 2945 nunquam
2427 2873 2620 2944 poterit
2639 2873 2882 2929 obtinere
2901 2887 3248 2929 consensum.
3278 2891 3300 2921 ι
3329 2871 3394 2926 Et
3412 2869 3483 2925 ad
3498 2869 3618 2924 Pul-

2017 2961 2256 3016 cheriam
2279 2965 2581 3032 Augustam
2604 2978 2618 3014 :
2647 2983 2670 3012 ‹
2685 2961 2896 3024 Frater,
2916 2961 3088 3032 inquit
3107 2961 3296 3032 (epist.
3317 2960 3428 3030 58),
3453 2964 3507 3013 et
3527 2972 3619 3014 co-

2018 3050 2306 3120 episcopus
2335 3066 2490 3126 meus
2519 3049 2816 3112 Anatolius,
2849 3063 3045 3119 parum
3064 3047 3420 3104 considerans
3450 3059 3618 3116 quan-

2020 3147 2152 3203 tum,
2199 3137 2410 3208 pietatis
2460 3145 2656 3192 vestrm
2703 3135 3008 3202 beneﬁcio,
3048 3143 3100 3190 et
3147 3134 3256 3191 mei
3288 3133 3492 3190 favoris
3520 3146 3618 3189 as-

2019 3242 2204 3290 sensu,
2228 3224 2835 3296 Constantinopolitanae
2846 3223 3109 3280 Ecclesiae
3120 3221 3487 3278 sacerdotium
3507 3220 3620 3278 fue-

2020 3313 2088 3368 rit
2119 3321 2462 3381 consecutus,
2485 3329 2593 3370 non
2610 3321 2720 3368 tam
2741 3313 2810 3368 de
2831 3312 3044 3384 adeptis
3071 3312 3340 3383 gravisus,
3363 3325 3528 3384 quam
3546 3309 3618 3366 de

2021 3402 2324 3458 immodicis
2356 3401 2676 3473 appetendis
2705 3417 2870 3473 supra
2910 3415 3224 3457 mensuram
3269 3398 3355 3455 sui
3390 3397 3616 3455 honoris

2022 3507 2287 3546 accensus
2315 3499 2416 3559 est,
2451 3491 2685 3546 credens
2715 3489 2840 3546 huic
2865 3497 2979 3544 tam
3001 3486 3386 3560 intemperanti
3415 3486 3620 3560 cupidi-

2023 3580 2117 3634 tati
2145 3595 2307 3651 posse
2335 3579 2619 3650 prodesse.
2651 3579 2797 3650 quod
2825 3578 2876 3634 ei
2905 3577 3260 3650 quorumdam
3289 3590 3618 3632 consensum

2026 3685 2180 3722 suum
2211 3667 2511 3738 praebuisse
2569 3667 2762 3722 dicitur
2817 3673 3030 3722 extorta
3076 3665 3444 3737 subscriptio;
3493 3679 3618 3721 cum

2025 3764 2203 3811 tamen
2233 3755 2574 3811 destruendis
2611 3771 2737 3811 mox
2781 3754 3064 3811 conatibus
3106 3752 3462 3812 contradictio
3508 3751 3620 3808 fra-

2026 3853 2167 3900 trum
2239 3845 2797 3916 coepiscoporumque
2870 3859 3118 3900 meorum
3141 3887 3154 3909 ,
3213 3841 3390 3900 vicem
3443 3832 3622 3898 meam

2027 3933 2321 4006 agentium,
2349 3931 2578 3988 ﬁdeliter
2597 3941 2650 3988 et
2670 3932 3015 3988 laudabiliter
3042 3931 3330 3998 obviaret;
3361 3929 3621 4002 quoniam

2029 4031 2216 4077 contra
2248 4029 2441 4076 statuta
2473 4037 2740 4077 canonum
2781 4029 3165 4091 paternorum,
3201 4033 3322 4092 qua
3350 4026 3475 4074 ante
3503 4017 3624 4072 lon-

2030 4110 2270 4182 gissimze
2317 4109 2487 4164 {etatis
2534 4124 2704 4162 annos
2747 4107 2804 4161 in
2847 4109 2978 4162 urbe
3021 4109 3242 4162 Nicaeus
3287 4104 3619 4176 spiritalibus

2029 4205 2152 4251 sunt
2176 4195 2392 4250 fundata
2413 4195 2668 4261 decretis,
2691 4194 2824 4248 nihil
2845 4195 3096 4264 cuiquam
3125 4193 3327 4248 audere
3358 4191 3618 4248 concedi-

2030 4292 2116 4338 tur
2139 4301 2150 4337 :
2177 4284 2248 4338 ita
2277 4292 2334 4338 ut
2362 4283 2408 4337 si
2437 4283 2558 4354 quis
2586 4282 2866 4338 diversum
2894 4281 3094 4354 aliquid
3123 4280 3423 4336 decernere
3468 4278 3618 4347 velit,

2032 4389 2091 4427 se
2120 4372 2299 4443 potius
2328 4371 2568 4440 minuat,
2619 4386 2782 4442 quam
2829 4369 2924 4426 illa
2961 4377 3288 4442 corrumpat.
3323 4366 3458 4438 Quae
3487 4367 3532 4423 si
3561 4374 3623 4422 ut

317 4479 496 4526 autem
543 4469 618 4524 ad
661 4467 843 4522 omnia
891 4465 1226 4538 generaliter
1276 4465 1631 4535 pronuntiare
1681 4462 1926 4529 sufficiat,
1956 4464 2238 4533 Doportet
2268 4477 2301 4516 a
2327 4461 2537 4517 cunctis
2565 4458 2914 4532 pontiﬁcibus
2951 4459 3268 4516 intemerata
3311 4463 3619 4526 serventur,

318 4559 461 4630 quod
492 4558 540 4612 si
573 4555 706 4628 quid
733 4571 765 4610 a
796 4570 1068 4626 quoquam
1099 4562 1289 4608 contra
1337 4560 1532 4606 statuta
1577 4552 1919 4606 Nicasnorum

316 4663 589 4704 canonum
620 4645 674 4698 in
706 4659 1029 4715 quacunque
1061 4643 1269 4713 synodo
1301 4641 1387 4696 vel
1418 4648 1679 4695 tentatum
1705 4648 1806 4706 est,
1839 4639 1926 4694 vel

316 4736 382 4790 ad
411 4745 630 4805 tempus
659 4732 874 4787 videtur
902 4739 1170 4786 extortum
1196 4773 1208 4790 .
1241 4729 1376 4784 nihil
1406 4729 1703 4799 przejudicii
1750 4735 1928 4798 potest

314 4822 720 4879 inviolabilibus
752 4819 954 4874 inferre
999 4818 1234 4873 decretis
1257 4860 1270 4886 ,
1319 4825 1369 4872 et
1417 4818 1628 4872 facilius
1659 4817 1757 4871 erit
1789 4833 1926 4886 qua-

319 4913 568 4967 rumlibet
595 4908 1018 4964 consensionum
1053 4914 1214 4978 pacta
1247 4906 1507 4970 dissolvi,
1543 4923 1702 4978 quam
1734 4905 1928 4974 praedi-

323 5010 532 5057 ctorum
577 5013 849 5054 canonum
895 4997 1116 5066 regulas
1165 5013 1230 5050 ex
1275 4995 1386 5049 ulla
1433 5003 1586 5065 parte
1628 4993 1924 5064 corrumpi.

324 5087 676 5158 Subripiendi
708 5085 852 5140 enim
885 5085 1202 5141 occasiones
1235 5100 1341 5138 non
1371 5083 1730 5154 prmtermittit
1758 5082 1928 5136 ambi-

323 5177 415 5241 tio,
449 5185 504 5232 et
555 5173 771 5246 quoties
815 5174 886 5228 ob
935 5175 1357 5228 intercurrentes
1403 5187 1600 5226 causas
1651 5171 1928 5243 generalis

325 5263 689 5338 congregatio
718 5261 860 5318 facta
888 5261 1052 5316 fuerit
1081 5262 1428 5316 sacerdotum
1457 5303 1468 5325 ,
1501 5260 1718 5314 difﬁcile
1749 5268 1830 5314 est
1873 5268 1931 5313 ut

323 5354 594 5425 cupiditas
634 5351 1010 5422 improborum
1042 5365 1150 5405 non
1184 5349 1388 5420 aliquid
1420 5365 1582 5418 supra
1613 5363 1928 5402 mensuram

327 5443 580 5499 moliatur
631 5448 910 5512 appetere.
945 5439 1096 5496 Sicut
1123 5439 1284 5492 etiam
1306 5438 1374 5491 de
1393 5437 1668 5507 Ephesina
1695 5437 1926 5506 synodo,

331 5555 448 5612 qua
475 5538 702 5610 impium
732 5537 1043 5592 Nestorium
1073 5553 1198 5592 cum
1227 5535 1482 5606 dogmate
1531 5549 1628 5589 suo
1675 5534 1927 5604 perculit,

2027 4567 2126 4623 per
2154 4551 2438 4606 universas
2471 4549 2742 4605 Ecclesias
2771 4547 3064 4620 tranquilla
3091 4547 3194 4603 erit
3221 4561 3324 4618 pax
3371 4553 3426 4600 et
3468 4543 3622 4599 ﬁrma

2027 4639 2340 4704 concordia,
2373 4639 2536 4694 nullae
2564 4639 2632 4693 de
2662 4653 2917 4694 mensura
2936 4637 3203 4691 honorum
3225 4632 3617 4700 dissensiones,

2028 4729 2190 4783 nulla;
2219 4729 2287 4782 de
2316 4727 2748 4782 ordinationibus
2797 4725 2946 4788 lites,
2997 4723 3157 4778 nullae
3203 4721 3273 4776 de
3315 4720 3621 4794 privilegiis

2029 4817 2412 4888 ambiguitates
2433 4860 2446 4880 ,
2477 4816 2624 4870 nulla
2655 4822 2808 4869 erunt
2835 4813 2903 4867 de
2933 4811 3097 4866 alieni
3121 4810 3475 4882 usurpatione
3503 4826 3622 4867 cer-

2029 4907 2226 4960 tamina
2251 4923 2264 4959 2
2287 4906 2383 4960 sed
2413 4921 2570 4976 teque
2593 4905 2716 4972 jure
2746 4900 3022 4958 charitatis
3055 4898 3396 4954 rationabilis
3425 4907 3480 4956 et
3505 4915 3624 4956 mo-

2029 5011 2148 5048 rum
2179 4993 2588 5063 ofﬁciorumque
2618 4991 2751 5047 ordo
2781 4987 3104 5052 servabitur,
3137 4995 3192 5044 et
3219 4987 3310 5044 ille
3350 5005 3482 5044 vere
3528 4987 3628 5044 erit

2028 5099 2278 5154 magnus,
2305 5083 2394 5153 qui
2425 5081 2579 5135 fuerit
2611 5077 2772 5134 totius
2801 5075 3109 5131 ambitionis
3138 5076 3377 5143 alienus,
3410 5076 3625 5132 dicente

2031 5172 2262 5226 Domino
2296 5189 2308 5224 :
2343 5170 2661 5238 Quicunque
2690 5165 2918 5221 voluerit
2960 5165 3102 5222 inter
3143 5181 3242 5220 vos
3281 5165 3454 5234 major
3481 5163 3625 5231 ﬁeri,

2001 5261 2100 5323 ,sit
2129 5269 2307 5315 vester
2335 5257 2598 5312 minister.
2633 5256 2701 5309 Et
2729 5253 3038 5326 quicunque
3077 5253 3311 5310 voluerit
3346 5253 3487 5310 inter
3529 5268 3630 5309 vos

2029 5350 2238 5421 primus
2282 5363 2424 5413 esse,
2457 5345 2560 5399 erit
2589 5351 2769 5398 vester
2799 5359 3011 5413 servus,
3047 5343 3186 5398 sicut
3214 5339 3358 5398 ﬁlius
3389 5341 3624 5398 hominis

2029 5453 2138 5493 non
2182 5436 2326 5491 venit
2371 5433 2667 5490 ministrari
2691 5477 2706 5500 ,
2753 5433 2852 5490 sed
2893 5431 3200 5488 ministrare
3243 5430 3464 5502 (Matth.
3495 5428 3624 5498 xx).

2029 5536 2096 5590 Et
2125 5542 2306 5589 tamen
2335 5535 2452 5588 hinc
2470 5531 2578 5586 illis
2599 5539 2730 5590 tunc
2747 5530 3184 5596 insinuabantur,
3209 5527 3302 5600 qui
3335 5527 3405 5584 de
3431 5522 3630 5598 pusillo
