4164 6320
592 276 686 331 3⁸71

1480 269 1822 329 HINCMARI
1884 261 2281 328 RHEMENSIS
2339 264 2886 324 ARCHIEPISCOPI.

3774 267 3880 322 372

589 397 846 457 volebant
874 414 1141 464 crescere,
1175 406 1229 461 et
1259 398 1327 453 de
1357 397 1556 453 inﬁmis
1585 399 1656 453 ad
1687 413 1909 453 summa
1924 393 2175 451 transire.
2195 389 2252 451 A
2280 391 2452 460 major
2483 393 2594 448 suis
2623 393 2752 448 velit
2782 409 2906 448 esse
2930 393 3218 462 prioribus,
3270 391 3610 463 liberumque
3657 388 3736 447 illi
3785 393 3874 458 sit,

591 487 1206 560 Constantinopolitanae
1226 503 1357 542 vero
1387 487 1588 558 praesul
1607 485 1890 552 Ecclesiae,
1916 484 2046 556 quid
2065 497 2178 537 am-

589 577 733 648 plius
763 593 927 649 quam
955 585 1242 632 assecutus
1271 584 1354 630 est
1381 575 1762 646 concupiscit?
1807 583 1898 628 aut
1946 571 2075 644 quid
2103 569 2181 623 illi

523 707 534 715 .
593 651 925 732 satisfaCiet,
957 666 1005 720 si
1033 673 1197 720 tanta;
1225 665 1374 719 urbis
1403 663 1808 735 magniﬁcentia
1835 670 1886 717 et
1916 659 2180 718 claritudo

587 770 700 810 non
741 753 982 808 sufﬁcit?
1027 753 1333 823 Superbum
1366 752 1524 806 nimis
1555 759 1636 807 est
1665 759 1714 806 et
1739 750 2176 812 immoderatum,

585 841 732 898 ultra
759 842 1013 912 proprios
1045 841 1305 896 terminos
1337 841 1580 905 tendere,
1616 847 1670 894 et
1716 838 2032 910 antiquitate
2061 835 2178 892 cal-

587 937 731 995 cata,
763 928 1000 983 alienum
1022 929 1111 998 jus
1139 928 1278 982 velle
1327 927 1625 998 praeripere
1647 969 1661 997 ,
1712 933 1874 998 atque
1918 933 1976 979 ut
2020 923 2180 978 unius

589 1025 806 1073 crescat
834 1017 1096 1088 dignitas,
1147 1024 1225 1072 tot
1274 1003 1814 1086 metropolitanorum
1860 1013 2178 1086 impugnare

588 1106 849 1178 primatus
875 1147 888 1172 ,
921 1105 1224 1177 quietisque
1253 1104 1548 1175 provinciis
1569 1147 1584 1170 ,
1619 1112 1672 1159 et
1699 1104 1828 1158 olim
1859 1110 2062 1158 sancta:
2091 1117 2179 1172 sy-

589 1194 720 1250 nodi
746 1193 982 1250 Nicaznae
1029 1193 1394 1249 moderatione
1443 1192 1720 1263 dispositis
1740 1235 1755 1258 ,
1792 1191 1995 1246 bellum
2023 1205 2179 1245 novae

589 1281 1012 1354 perturbationis
1039 1281 1260 1346 inferre,
1285 1290 1444 1353 atque
1473 1289 1530 1335 ut
1551 1280 1941 1337 venerabilium
1961 1281 2177 1334 Patrum

589 1371 811 1427 decreta
832 1370 1126 1435 solvantur,
1150 1370 1511 1442 quorumdam
1532 1370 1910 1440 episcoporum
1930 1366 2178 1438 proferre

589 1475 935 1527 consensum,
959 1457 1049 1514 cui
1079 1465 1154 1512 tot
1183 1473 1446 1512 annorum
1469 1458 1638 1512 series
1667 1457 1882 1528 negavit
1905 1455 2174 1510 effectum.

586 1548 725 1602 Nam
765 1546 1138 1619 sexagesimus
1201 1546 1312 1600 fere
1368 1563 1542 1600 annus
1604 1547 1765 1615 hujus
1820 1543 2181 1600 eonhibentia:

589 1651 710 1690 esse
732 1635 986 1704 jactatur,
1035 1649 1142 1706 qua
1192 1652 1250 1689 se
1295 1634 1586 1705 pradictus
1634 1634 1920 1704 episcopus
1950 1633 2181 1688 aestimat

585 1723 867 1792 adjuvari,
920 1722 1123 1778 frustra
1170 1723 1398 1794 cupiens
1447 1723 1501 1777 id
1547 1723 1650 1776 sibi
1696 1723 1962 1792 prodesse
1988 1765 2000 1788 ,
2035 1721 2179 1792 quod

587 1815 751 1867 etiam
798 1811 844 1866 si
890 1811 1181 1883 quisquam
1229 1828 1394 1866 ausus
1437 1819 1516 1866 est
1563 1811 1742 1880 velle,
1788 1810 1966 1864 nullus
1995 1817 2177 1864 tamen

578 1901 751 1972 potuit
769 1899 1036 1956 obtinere.
1074 1920 1098 1950 υ
1133 1901 1213 1954 De
1245 1901 1349 1955 hoc
1377 1899 1646 1970 siquidem
1672 1943 1684 1965 ,
1741 1899 1864 1970 quia
1931 1897 2176 1969 appella-

581 1989 787 2044 tionem
817 1988 1140 2044 clericorum
1173 2005 1239 2043 ex
1271 1988 1580 2043 Sardicensi
1617 1988 1846 2044 concilio
1893 1987 1963 2042 ad
2011 1986 2176 2041 ﬁniti-

586 2093 705 2132 mos
750 2077 1070 2148 episcopos,
1120 2085 1173 2131 et
1223 2077 1640 2148 appellationem
1685 2077 2064 2146 episcoporum
2107 2076 2176 2130 ad

585 2165 774 2220 sedem
805 2165 1218 2236 apostololicam
1267 2165 1370 2220 sibi
1417 2166 1584 2220 voluit
1629 2181 1890 2238 arrogare
1914 2207 1928 2230 ,
1959 2173 2012 2218 et
2051 2165 2174 2218 uni-

587 2253 812 2308 versalis
843 2261 896 2308 et
922 2253 1184 2324 appellari
1201 2261 1253 2309 et
1272 2271 1415 2322 esse,
1434 2262 1485 2310 et
1511 2254 1678 2325 legati
1699 2255 1843 2308 sedis
1865 2253 2178 2325 apostolicae

583 2341 642 2396 in
671 2341 882 2412 synodo
908 2342 1360 2412 reclamaverunt,
1394 2343 1565 2397 isdem
1591 2345 1779 2397 beatus
1810 2343 1917 2397 Leo
1945 2342 2014 2396 ad
2033 2343 2178 2396 Mar-

585 2431 793 2485 tianum
822 2432 1128 2501 Augustum
1158 2431 1348 2486 scribit
1375 2432 1564 2486 dicens
1594 2431 1778 2504 (epist.
1815 2430 1939 2502 57):
1968 2451 1991 2479 «
2018 2429 2177 2500 Apud

583 2519 948 2574 Christianum
973 2561 986 2586 ,
1035 2527 1087 2574 et
1133 2537 1260 2576 vere
1305 2520 1656 2592 religiosum,
1710 2535 1943 2590 vereque
1985 2519 2174 2574 ortho-

586 2607 784 2663 doxum
814 2608 1117 2678 principem
1136 2608 1349 2680 loquor,
1382 2608 1611 2663 multum
1647 2609 1928 2663 Anatolius
1957 2608 2158 2679 episco-

583 2711 688 2766 pus
715 2696 940 2767 proprio
969 2697 1202 2751 detrahit
1229 2697 1442 2764 merito,
1475 2697 1521 2751 si
1547 2697 1732 2753 illicito
1755 2713 2006 2753 crescere
2027 2703 2176 2766 optat

583 2793 894 2856 augmento.
928 2785 1137 2839 Habeat
1159 2785 1296 2841 sicut
1315 2793 1567 2856 optamus
1589 2785 2176 2856 Constantinopolitana

586 2871 780 2928 civitas
808 2871 1045 2944 gloriam
1067 2888 1242 2939 suam,
1267 2881 1318 2928 et
1340 2883 1656 2944 protegente
1678 2875 1777 2928 Dei
1797 2875 2039 2937 dextera,
2065 2873 2178 2928 diu-

583 2968 746 3015 turno
774 2959 1078 3016 clementia
1107 2970 1304 3016 vestrae
1331 2961 1542 3016 fruatur
1571 2962 1800 3033 imperio
1825 2979 1836 3016 :
1871 2962 1974 3016 alia
1995 2969 2176 3016 tamen

583 3049 722 3104 ratio
767 3057 849 3103 est
889 3066 1071 3104 rerum
1118 3051 1456 3106 saecularium
1480 3093 1494 3118 ,
1545 3051 1648 3106 alia
1689 3051 1995 3106 divinarum
2027 3067 2040 3106 :
2073 3066 2176 3106 nec

579 3145 775 3208 praeter
801 3137 948 3192 illam
975 3147 1186 3210 petram
1209 3181 1224 3209 ,
1257 3155 1415 3210 quam
1447 3112 1711 3195 Dominus
1740 3141 1794 3194 in
1824 3140 2176 3195 fundamento
2197 3112 2247 3175 Ο

581 3227 718 3283 mire
748 3227 960 3298 posuit,
1012 3228 1219 3282 stabilis
1263 3229 1366 3283 erit
1405 3229 1516 3284 ulla
1559 3229 1921 3295 constructio;
1956 3229 2176 3300 propria

581 3316 782 3386 perdit,
815 3316 908 3388 qui
937 3316 1174 3371 indebita
1203 3318 1558 3388 concupiscit.
1591 3318 1730 3372 Satis
1781 3317 1850 3371 sit
1890 3318 2168 3388 praedicto,

581 3403 729 3474 quod
753 3411 950 3458 vestrae
980 3403 1196 3475 pietatis
1226 3405 1444 3473 auxilio,
1479 3413 1531 3460 et
1561 3405 1669 3460 mei
1697 3405 1902 3460 favoris
1921 3421 2168 3473 assensu,

581 3491 951 3562 episcopatum
979 3500 1145 3547 tantae
1175 3493 1325 3547 urbis
1369 3493 1622 3548 obtinuit.
1681 3495 1804 3548 Non
1851 3493 2176 3564 dedignetur

579 3580 784 3653 regiam
814 3579 1086 3636 civitatem
1106 3623 1118 3646 ,
1152 3598 1312 3652 quam
1343 3582 1692 3653 apostolicam
1723 3581 1904 3642 facere
1933 3598 2042 3636 non
2069 3597 2173 3651 po-

580 3671 684 3718 test
713 3665 921 3734 sedem,
953 3680 1053 3720 nec
1083 3664 1195 3720 ullo
1224 3665 1388 3721 modo
1419 3673 1620 3736 speret,
1655 3665 1800 3736 quod
1830 3681 1930 3735 per
1945 3665 2172 3720 aliorum

581 3750 912 3807 offensiones
923 3752 1096 3822 possit
1114 3753 1318 3824 augeri.
1333 3753 1628 3824 Privilegia
1639 3753 1782 3808 enim
1799 3753 2170 3820 ecclesiarum,

581 3846 893 3894 sanctorum
920 3841 1137 3894 Patrum
1167 3842 1464 3896 canonibus
1496 3842 1732 3896 instituta
1751 3883 1766 3907 ,
1801 3850 1854 3897 et
1879 3843 2172 3897 venerabi-

581 3927 650 3982 lis
678 3927 916 3982 Nicaenae
945 3927 1138 3999 synodi
1165 3927 1272 3984 fixa
1303 3929 1536 3984 decretis
1561 3971 1575 3999 ,
1626 3929 1771 3984 nulla
1809 3938 2035 4000 possunt
2065 3931 2171 3984 im-

579 4014 850 4087 probitate
899 4015 1170 4084 convelli,
1223 4017 1370 4072 nulla
1413 4018 1650 4074 novitate
1699 4018 1916 4073 violari.
1974 4021 2034 4073 In
2065 4036 2172 4090 quo

579 4119 748 4176 opere
775 4105 1067 4160 auxiliante
1099 4106 1311 4162 Christo
1355 4105 1587 4162 fideliter
1632 4109 2019 4180 exsequendo,
2068 4125 2170 4164 ne-

579 4209 735 4250 cesse
767 4202 848 4250 est
875 4211 964 4250 me
993 4205 1436 4266 perseverantem
1495 4197 1752 4252 exhibere
1808 4195 2122 4253 famulatum
2154 4214 2166 4253 :

577 4283 832 4354 quoniam
869 4282 1206 4355 dispensatio
1251 4285 1384 4340 mihi
1432 4287 1633 4340 credita
1661 4295 1774 4352 est,
1809 4295 1862 4340 et
1891 4287 1961 4340 ad
1988 4303 2170 4342 meum

575 4381 760 4436 tendet
807 4387 1050 4451 reatum,
1084 4381 1128 4435 si
1157 4389 1505 4452 paternarum
1556 4383 1760 4453 regula
1805 4383 2166 4454 sanctionum,

2281 481 2496 551 quantis
2533 482 2766 552 potuerit
2809 481 3095 552 splendere
3144 481 3432 535 virtutibus
3457 525 3469 544 ,
3503 496 3733 552 quarum
3764 495 3876 537 non

2279 567 2435 623 aliter
2464 569 2738 640 particeps
2767 571 2888 636 erit,
2909 570 3016 624 nisi
3044 569 3304 624 charitate
3333 569 3508 642 magis
3537 569 3770 624 voluerit
3790 586 3879 626 or-

2279 657 2418 722 nari,
2452 673 2612 728 quam
2643 659 2935 714 ambitione
2965 658 3218 712 distendi.
3253 659 3406 714 Hanc
3432 665 3607 714 autem
3637 657 3876 729 improbi

2279 745 2537 800 desiderii
2593 747 3002 818 conceptionem
3067 763 3342 818 nunquam
3405 747 3625 818 quidem
3685 747 3877 802 debuit

2279 834 2415 888 intra
2443 835 2623 890 cordis
2654 836 2735 890 sui
2764 837 3012 906 recipere
3043 845 3308 891 secretum
3345 853 3358 890 :
3393 835 3491 890 sed
3519 851 3642 890 cum
3667 835 3746 890 illi
3765 835 3872 891 fra-

2277 930 2390 977 tres
2430 932 2480 977 et
2508 924 2817 995 coepiscopi
2847 924 2953 979 mei
2983 925 3074 996 qui
3103 924 3221 980 vice
3245 940 3370 980 mea
3399 925 3630 980 aderant
3675 925 3875 980 obvia-

2277 1019 2418 1079 rent,
2451 1012 2520 1066 ab
2549 1012 2733 1068 illicito
2780 1012 3019 1084 appetitu
3064 1029 3130 1067 cx
3177 1029 3362 1067 eorum
3413 1011 3607 1068 saltem
3648 1021 3873 1068 contra-

2277 1100 2512 1155 dictione
2542 1110 2833 1156 cessasset.
2890 1103 3030 1156 Nam
3078 1110 3130 1156 et
3177 1109 3374 1157 vestrae
3417 1101 3632 1173 pietatis
3663 1103 3871 1173 apices,

2277 1197 2329 1242 et
2357 1188 2529 1261 ipsius
2558 1189 2760 1260 scripta
2785 1190 3093 1257 declarant,
3123 1191 3334 1262 legatos
3363 1190 3508 1246 sedis
3537 1191 3870 1262 apostolicae,

2277 1277 2416 1332 sicut
2445 1280 2695 1348 Oportuit,
2747 1279 3175 1334 contradictione
3223 1279 3524 1347 justissima
3579 1279 3870 1344 restitisse,

2277 1373 2336 1419 ut
2365 1367 2788 1423 inexcusabilior
2817 1375 2962 1422 esset
2989 1359 3340 1439 prmsumptio
3361 1409 3376 1434 ,
3408 1384 3530 1440 quae
3559 1383 3620 1424 se
3650 1383 3753 1424 nec
3781 1368 3872 1422 in-

2277 1463 2498 1525 crepata
2527 1455 2790 1510 cohibuit.
2833 1456 2988 1511 Unde
3036 1457 3159 1528 quia
3203 1456 3454 1512 convenit
3503 1455 3632 1511 fidei
3673 1464 3874 1512 vestra:

2278 1543 2365 1598 vel
2394 1544 2600 1615 gloriae,
2635 1552 2691 1598 ut
2720 1544 2857 1598 sicut
2887 1544 3112 1600 haeresis
3140 1546 3254 1600 Deo
3284 1561 3382 1616 per
3410 1561 3510 1600 vos
3538 1552 3740 1618 agente
3769 1545 3874 1600 de~

2277 1640 2479 1688 structa
2525 1640 2642 1698 est,
2690 1633 2762 1687 ita
2810 1633 2967 1688 etiam
3012 1633 3188 1688 omnis
3233 1633 3466 1688 ambitus
3526 1634 3871 1700 retundatur,

2205 1751 2258 1811 Β
2281 1721 2426 1792 agite
2465 1722 2608 1792 quod
2638 1729 2690 1776 et
2715 1722 3030 1776 Christianae
3069 1730 3151 1777 est
3180 1722 3463 1793 probitatis
3496 1729 3549 1777 et
3580 1721 3782 1795 regias,
3816 1731 3876 1776 ut

2279 1809 2570 1880 praedictus
2600 1810 2887 1881 episcopus
2917 1819 3103 1882 parcat
3131 1811 3376 1882 patribus
3395 1853 3409 1878 ,
3459 1811 3706 1867 consulat
3750 1812 3875 1882 paci

2277 1915 2454 1969 neque
2483 1899 2584 1952 sibi
2615 1899 2841 1955 aestimet
2872 1900 3109 1966 licuisse,
3135 1901 3279 1972 quod
3311 1900 3662 1956 Antiochense
3681 1900 3878 1956 Eccle-

2279 1987 2410 2054 siae,
2458 1987 2573 2042 sine
2617 1989 2726 2042 ullo
2762 1989 3010 2058 exemplo
3035 2031 3048 2056 ,
3096 1997 3284 2044 contra
3325 1997 3522 2044 statuta
3579 2005 3872 2045 canonum.

2278 2076 2595 2148 episcopum
2627 2077 2878 2132 ordinare
2907 2078 3254 2148 praesumpsit
3285 2096 3298 2132 :
3334 2077 3480 2149 quod
3525 2093 3628 2133 nos
3677 2094 3869 2133 amore

2277 2165 2590 2234 reparandae
2619 2165 2784 2232 ﬁdei,
2835 2175 2887 2221 et
2933 2167 3085 2237 pacis
3117 2167 3293 2222 studio
3317 2209 3330 2234 ,
3362 2173 3656 2224 retractare
3684 2183 3874 2222 cessa-

2277 2253 2472 2308 vimus.
2524 2254 2806 2310 Abstineat
2849 2271 2982 2327 ergo
3029 2255 3098 2309 ab
3145 2255 3640 2310 ecclesiasticarum
3683 2255 3876 2324 injuria

2277 2343 2627 2415 regularum,
2662 2351 2714 2398 et
2753 2343 2968 2399 illicitos
2999 2343 3232 2398 declinet
3274 2359 3550 2411 excessus,
3595 2359 3668 2400 ne
3707 2359 3769 2398 se
3803 2345 3874 2398 ab

2276 2431 2568 2486 universali
2599 2432 2844 2487 Ecclesia
2865 2475 2880 2498 ,
2914 2433 3042 2486 dum
3071 2433 3292 2488 inimica
3331 2433 3452 2502 paci
3494 2439 3660 2487 tentat
3687 2433 3874 2488 absci-

2277 2520 2370 2588 dat
2401 2537 2413 2572 :
2448 2535 2608 2590 quem
2635 2529 2764 2590 opto
2794 2521 2968 2592 magis
2998 2520 3548 2590 irreprehensibiliter
3609 2531 3871 2594 agentem

2278 2603 2528 2674 diligere,
2560 2619 2722 2675 quam
2755 2605 2808 2658 in
2839 2605 2940 2660 hac
2969 2605 3396 2676 praesumptione
3421 2649 3433 2670 ,
3467 2621 3586 2677 quae
3617 2605 3771 2660 illum
3799 2606 3874 2660 ab

2278 2693 2530 2746 omnibus
2563 2709 2818 2762 separare
2848 2694 3064 2763 poterit,
3097 2695 3418 2764 perdurare.
3471 2714 3493 2743 ι
3530 2695 3598 2748 Εῑ
3629 2695 3758 2766 quia
3785 2695 3874 2750 vi-

2276 2779 2414 2835 dens
2445 2781 2728 2836 Anatolius
2755 2781 2904 2837 nullo
2933 2782 3096 2838 modo
3127 2799 3184 2836 se
3215 2797 3376 2852 posse
3413 2783 3499 2838 vel
3525 2799 3624 2854 per
3653 2799 3713 2837 se
3740 2826 3753 2849 ,
3787 2783 3874 2838 vel

2276 2885 2374 2940 per
2401 2869 2811 2939 imperatorem,
2847 2870 3089 2925 obtinere
3119 2873 3264 2942 quod
3295 2871 3500 2939 voluit,
3533 2887 3593 2926 se
3621 2871 3752 2926 inde
3781 2887 3874 2926 re-

2277 2958 2588 3023 crediderit,
2623 2959 2769 3012 idem
2799 2967 3017 3014 sanctus
3061 2960 3170 3014 Leo
3213 2959 3549 3014 demonstrat
3575 3001 3590 3020 ,
3623 2959 3874 3016 scribens

2277 3047 2345 3100 ad
2375 3047 2625 3101 eumdem
2654 3047 2960 3102 Anatolium
3000 3051 3186 3118 (epist.
3234 3049 3446 3118 Lxxvn)
3480 3065 3494 3102 :
3541 3069 3564 3100 κ
3599 3048 3655 3103 Si
3687 3048 3869 3114 ﬁrmo,

2275 3135 2467 3206 inquit,
2500 3135 3035 3207 incommutabilique
3081 3137 3356 3208 proposito
3403 3137 3619 3193 dilectio
3648 3145 3739 3192 tua
3768 3154 3872 3194 cu-

2277 3240 2393 3279 ram
2421 3223 2607 3294 gratiae
2635 3225 2936 3280 communis
2967 3225 3260 3292 habuisset,
3285 3225 3416 3280 nihil
3447 3225 3692 3296 profecto
3725 3227 3873 3298 quod

2274 3313 2441 3366 ullam
2471 3312 2798 3369 anxietatem
2827 3314 2921 3368 tibi
2947 3314 3220 3384 ingereret
3243 3314 3554 3368 exstitisset.
3577 3315 3702 3369 Non
3723 3315 3872 3371 enim

2275 3401 2486 3455 sinebat
2516 3401 2654 3456 ratio
2677 3441 2692 3470 ,
2721 3409 2778 3455 ut
2807 3403 2923 3471 ejus
2953 3402 3272 3458 charitatem
3317 3419 3631 3473 spernerem
3653 3446 3666 3470 ,
3706 3421 3871 3476 quem

2273 3505 2459 3544 amore
2491 3489 2638 3560 pacis
2661 3531 2676 3556 ,
2711 3498 2762 3544 et
2793 3491 2970 3545 studio
3001 3493 3322 3561 reparandae
3377 3491 3656 3548 catholica:
3714 3493 3866 3559 fidei,

2272 3578 2414 3632 inter
2442 3578 2561 3648 ipsa
2594 3579 2934 3648 episcopatus
2965 3581 3267 3634 rudimenta
3291 3581 3574 3650 juvissem,
3594 3589 3795 3652 optans
3815 3583 3872 3637 in

2273 3667 2656 3722 ecclesiasticis
2684 3667 2829 3722 curis
2861 3669 3022 3723 talem
3051 3670 3254 3724 habere
3275 3678 3614 3737 consortem,
3645 3679 3706 3725 ut
3736 3671 3870 3726 mihi

2271 3755 2341 3810 de
2373 3755 2572 3810 sanctis
2600 3757 3033 3826 praecursoribus
3053 3757 3176 3824 tuis,
3199 3774 3298 3812 nec
3313 3759 3536 3813 Joannis
3565 3758 3870 3830 spiritalem

2271 3844 2654 3916 cepiosamque
2713 3845 3007 3900 doctrinam
3041 3889 3053 3908 ,
3105 3862 3206 3901 nec
3252 3847 3628 3902 auctoritatem
3681 3850 3866 3912 Attici,

2271 3948 2372 3987 nec
2393 3933 2712 3988 industriam
2735 3935 2930 4001 Procli,
2951 3951 3051 3989 nec
3068 3935 3227 3989 ﬁdem
3251 3935 3395 3990 beati
3415 3936 3656 3992 Flaviani
3669 3937 3868 3993 deesse

2272 4021 2548 4086 sentirem,
2582 4031 2634 4076 et
2663 4023 2734 4077 ita
2765 4023 2956 4078 studiis
2986 4025 3092 4078 tuis
3131 4031 3332 4090 uterer,
3356 4032 3415 4079 ut
3443 4024 3623 4079 nullus
3639 4026 3870 4082 auderet

2270 4110 2357 4164 vel
2387 4108 2512 4164 ﬁdei
2542 4111 2820 4166 catholicas
2849 4112 3119 4166 resultare
3141 4157 3153 4176 ,
3185 4113 3273 4167 vel
3302 4112 3539 4168 Niczenis
3568 4115 3866 4170 venerabi-

2270 4199 2396 4252 lium
2426 4199 2646 4254 Patrum
2679 4199 2880 4272 regulis
2911 4201 3200 4256 contraire.
3234 4200 3341 4256 Sed
3371 4217 3494 4256 cum
3525 4202 3580 4256 in
3610 4202 3863 4272 injuriam

2271 4303 2556 4356 canonum,
2590 4298 2648 4343 ut
2675 4289 2949 4360 agnoscis,
2983 4289 3078 4343 illa
3107 4297 3308 4344 tentata
3329 4291 3454 4360 sint,
3488 4307 3611 4362 quas
3647 4293 3866 4348 omibus

2269 4377 2529 4432 Ecclesiis
2547 4379 2867 4433 scandalum
2895 4379 3190 4432 maximum
3217 4388 3562 4450 generarent,
3596 4381 3729 4452 quid
3758 4397 3861 4452 ap-

574 4483 696 4540 quae
726 4467 780 4521 in
811 4469 1022 4539 synodo
1051 4469 1272 4524 Nicaena
1301 4471 1370 4524 ad
1417 4471 1576 4524 totius
1628 4471 1890 4526 Ecclesia;
1920 4473 2164 4543 regimen
2191 4467 2244 4526 D
2262 4465 2368 4520 tius
2397 4482 2458 4520 ac
2487 4466 2786 4520 modestius
2834 4465 3069 4522 facerem
3095 4511 3106 4531 ,
3155 4484 3312 4538 quam
3341 4476 3399 4522 ut
3431 4476 3482 4523 te
3511 4468 3772 4539 primum,
3803 4479 3862 4524 ut

573 4555 778 4628 Spiritu
805 4556 905 4612 Dei
936 4556 1254 4623 instruente,
1279 4566 1403 4611 sunt
1423 4558 1672 4624 conditae,
1699 4576 1804 4627 me,
1827 4561 1972 4630 quod
2001 4563 2160 4627 absit,

570 4645 897 4701 conhibente
924 4644 1230 4711 violentur;
1283 4653 1336 4700 et
1380 4646 1556 4714 major
1604 4647 1672 4700 sit
1715 4647 1858 4717 apud
1888 4664 1976 4702 me
2005 4649 2164 4704 unius

569 4731 748 4787 fratris
779 4734 1048 4800 voluntas,
1068 4749 1233 4806 quam
1263 4735 1530 4790 universae
1553 4735 1744 4790 domus
1772 4735 1987 4791 Domini
2016 4753 2163 4792 com-

571 4821 750 4875 munis
776 4823 998 4877 utilitas.
1031 4823 1097 4877 Et
1125 4823 1250 4879 ideo
1279 4824 1460 4879 sciens
1491 4824 1790 4896 gloriosam
1820 4825 2162 4880 clementiam

571 4915 810 4963 vestram
839 4910 1222 4968 ecclesiasticae
1243 4913 1456 4968 studere
1487 4913 1812 4975 concordiae,
1847 4921 1899 4967 et
1927 4913 2010 4967 his
2040 4931 2161 4986 quae

567 4994 809 5066 pacificte
846 5009 1148 5069 congruunt
1178 5001 1365 5056 unitati
1403 5002 1704 5072 piissimum
1733 5010 1995 5072 praestare
2023 5020 2159 5058 con-

569 5100 811 5153 sensum,
845 5103 1046 5157 precor
1076 5097 1128 5142 et
1159 5091 1346 5144 sedula
1395 5091 1746 5162 suggestione
1777 5108 1874 5145 vos
1904 5092 2154 5163 obsecro,

567 5180 626 5228 ut
655 5188 820 5229 ausus
849 5176 1131 5245 improbos
1157 5220 1169 5243 ,
1203 5179 1391 5233 unitati
1422 5179 1736 5233 Christianae
1767 5181 1992 5252 pacique
2021 5198 2155 5236 con-

561 5262 775 5330 trarios,
805 5263 873 5317 ab
905 5264 1053 5319 omni
1100 5265 1312 5335 pietatis
1362 5276 1555 5322 vestrae
1599 5268 1857 5323 abdicetis
1906 5286 2152 5337 assensu,

561 5359 615 5407 et
645 5349 830 5406 fratris
858 5352 965 5408 mei
994 5353 1226 5408 Anatolii
1255 5355 1553 5410 nocituram
1583 5356 1718 5428 ipsi,
1760 5359 1803 5412 si
1839 5359 2151 5428 perstiterit,

557 5438 907 5510 cupiditatem
973 5442 1262 5497 salubriter
1329 5445 1697 5516 comprimatis
1747 5465 1758 5502 :
1805 5465 1874 5503 ne
1922 5465 1986 5502 ea
2033 5466 2154 5520 quae

557 5536 754 5584 vestra.-
781 5529 972 5600 gloriae
992 5539 1152 5601 atque
1177 5533 1508 5603 temporibus
1527 5535 1744 5593 inimica
1762 5546 1885 5592 sunt
1906 5538 2147 5609 cupiens,

2265 4555 2334 4608 ab
2364 4555 2464 4610 hac
2495 4554 2788 4608 intentione
2817 4555 3131 4610 discederes
3154 4598 3167 4623 ,
3199 4556 3438 4612 fraterno
3466 4558 3646 4614 animo
3677 4559 3862 4614 missis

2265 4642 2460 4696 litteris
2489 4643 2842 4698 admonerem
2863 4645 2890 4697 ?
2918 4645 2986 4698 ad
3019 4661 3156 4716 quas
3186 4662 3310 4700 cum
3336 4662 3446 4701 non
3498 4647 3856 4712 rescriberes,

2263 4730 2380 4800 ipse
2413 4740 2462 4785 te
2491 4748 2521 4784 a
2549 4731 2805 4802 colloquii
2833 4734 2940 4788 mei
2971 4735 3243 4789 consortio
3275 4735 3561 4805 separasti.
3611 4736 3858 4808 Denique

2263 4819 2388 4873 inde
2401 4821 2512 4890 jam
2533 4821 2692 4885 tacui,
2711 4823 2806 4874 sed
2820 4823 3243 4878 clementissimo
3255 4823 3486 4894 principi
3501 4825 3717 4880 custodi
3733 4824 3860 4880 ﬁdei

2261 4907 2530 4980 frequenti
2559 4911 2862 4964 litterarum
2891 4911 3148 4980 petitione
3180 4911 3469 4984 suggessi,
3502 4921 3560 4967 ut
3589 4929 3692 4983 pro
3721 4929 3856 4984 pace

2261 4999 2636 5065 ecclesiarum,
2672 5015 2834 5069 quam
2864 4999 2960 5052 tibi
2991 5001 3218 5054 maxime
3249 5001 3513 5071 prodesse
3543 5003 3853 5076 cognoscis,

2259 5087 2376 5141 haec
2407 5103 2526 5158 quae
2555 5103 2699 5141 nunc
2730 5103 2762 5141 a
2793 5095 2883 5141 tua
2921 5089 3209 5144 dilectione
3239 5089 3375 5144 facta
3404 5098 3528 5144 sunt
3557 5090 3854 5162 impleren-

2258 5183 2365 5229 tur.
2413 5177 2508 5229 Cui
2556 5175 2854 5230 ineffabiles
2896 5179 3104 5250 gratias
3149 5194 3256 5249 ago
3291 5223 3303 5240 ,
3350 5179 3495 5251 quod
3553 5181 3854 5236 secundum

2259 5265 2618 5319 eruditionem
2651 5265 2881 5335 Spiritus
2921 5267 3128 5333 sancti,
3181 5269 3335 5337 cujus
3379 5276 3463 5322 est
3503 5267 3702 5324 virtute
3731 5270 3851 5340 ple-

2255 5351 2532 5419 nissimus,
2585 5355 2908 5408 sacerdotali
2955 5355 3208 5426 dignatur
3255 5357 3474 5411 studere
3520 5357 3848 5419 concordiae.

2256 5441 2432 5496 sciens
2463 5442 2563 5496 sibi
2593 5443 2865 5498 orationes
2895 5444 3310 5514 supplicantium
3354 5446 3627 5517 copiosius
3656 5446 3848 5518 profu-

2255 5547 2425 5603 turas,
2469 5541 2513 5594 si
2542 5539 2724 5595 famuli
2773 5541 2931 5595 unius
2975 5543 3189 5597 Domini
3229 5543 3283 5598 in
3331 5541 3478 5600 nullo
3507 5543 3616 5600 sint
3639 5556 3668 5598 tl
3702 5555 3846 5600 verae
