4164 6304
285 326 382 379 373
929 319 1168 378 OPUSC.
1215 319 1305 375 ET
1349 319 1548 376 EPIST
1560 362 1572 378 .

1633 319 1706 375 IN
1757 318 1984 376 CAUSA
2035 319 2374 376 HINCMARI
2431 318 2733 378 LAUDUN.

3477 321 3583 376 374

279 445 424 522 pacis
453 448 660 503 unitate
705 445 888 501 divisi.
927 467 948 496 »
980 447 1048 501 Et
1077 454 1198 518 post
1229 445 1502 519 aliquanta
1534 465 1546 501 :
1580 446 1753 513 Illam,
1790 447 1871 501 in-
1900 445 1957 508 A
1983 447 2124 517 cipe,
2175 445 2486 501 nullatenus
2529 441 2870 516 approbavit,
2902 457 3023 518 qua!
3068 441 3266 518 presul
3314 437 3582 503 Ecclésie

287 537 418 610 quit,
474 535 711 607 culpam,
745 549 910 606 quam
957 534 1027 589 de
1081 534 1331 606 augenda
1387 542 1656 605 potestate
1715 533 1892 593 aliena

285 634 338 682 ut
376 624 582 680 asseris
619 623 992 680 adhortatione
1023 631 1388 689 contraxeras,
1424 621 1698 679 eﬂicacius
1728 633 1890 697 atque

285 714 554 771 sincerius
586 722 673 768 tua
704 713 940 770 charitas
983 713 1250 778 diluisset,
1303 713 1347 766 si
1377 712 1521 783 quod
1551 713 1745 768 tentari
1773 715 1890 770 sine

285 811 376 858 tua
424 802 705 859 voluntate
734 818 846 856 non
889 800 1080 872 potuit,
1122 817 1231 855 non
1260 801 1331 855 ad
1386 801 1504 854 sola
1561 801 1890 858 clericorum

286 891 512 949 consilia
543 890 922 945 transtulisses
970 908 982 943 :
1020 889 1142 961 quia
1177 890 1313 944 sicut
1357 889 1411 943 in
1454 890 1594 944 mala
1639 892 1891 946 suasione

282 980 652 1052 delinquitur,
687 979 757 1033 ita
801 988 854 1034 et
897 979 952 1033 in
995 978 1138 1032 mala
1184 979 1545 1034 consensione
1595 989 1879 1050 peccatur.

285 1069 390 1124 Sed
423 1077 642 1141 gratum
691 1067 843 1134 mihi,
893 1067 1062 1122 frater
1092 1067 1432 1132 charissima,
1485 1076 1585 1134 est,
1623 1069 1769 1140 quod
1799 1069 1889 1123 di-

282 1157 438 1214 lectio
469 1165 561 1212 tua
601 1154 886 1227 profitetur
916 1155 1019 1209 sibi
1049 1155 1360 1227 displicere,
1396 1157 1544 1227 quod
1566 1164 1695 1212 tunc
1725 1157 1890 1212 etiam

285 1246 503 1318 placere
535 1261 645 1300 non
675 1244 880 1300 debuit.
925 1243 1131 1300 Sufﬁcit
1161 1245 1213 1298 in
1245 1245 1434 1316 gratiae
1462 1246 1766 1300 communis
1799 1263 1890 1302 re-

286 1351 542 1408 gressum
574 1333 848 1406 professio
866 1332 1174 1389 dilectionis
1202 1341 1326 1401 tum,
1362 1341 1415 1388 et
1443 1335 1717 1390 attestatio
1746 1335 1892 1406 prin-

284 1423 420 1494 cipis
468 1422 798 1477 Christiani:
853 1437 957 1477 nec
1003 1421 1216 1476 videtur
1265 1423 1418 1476 tarda
1449 1422 1748 1489 correctio,
1802 1424 1890 1479 cui

285 1520 395 1566 tam
424 1510 755 1566 venerabilis
785 1517 1026 1564 assertor
1056 1509 1313 1564 accessit.
1353 1509 1647 1578 Abjiciatur
1672 1511 1888 1581 penitus

286 1599 593 1656 inconcessi
625 1597 768 1668 juris
805 1598 897 1670 qui
927 1597 1325 1653 dissensionem
1367 1598 1570 1653 fecerat
1597 1599 1883 1669 appetitus.

283 1687 565 1743 Suﬂiciant
583 1687 802 1751 limites,
837 1703 974 1758 quos
1009 1695 1324 1741 sanctorum
1359 1687 1576 1741 Patrum
1600 1688 1890 1758 providen-

282 1776 492 1832 tissima
523 1775 746 1831 decreta
776 1782 1096 1846 posuerunt,
1131 1783 1189 1828 ut
1221 1775 1400 1845 quieta
1429 1775 1494 1828 sit
1525 1775 1638 1829 suis
1681 1776 1887 1830 meritis
1910 1801 1965 1862 B

283 1874 332 1922 et
363 1863 603 1935 antiquis
634 1863 935 1935 privilegiis
983 1863 1216 1938 dignitas
1247 1863 1487 1918 omnium
1520 1865 1880 1919 sacerdotum.

281 1954 592 2008 Renovetur
623 1960 674 2006 et
704 1960 918 2007 maneat
948 1951 1005 2006 in
1035 1959 1087 2006 te
1117 1951 1417 2006 Dominicae
1449 1953 1731 2007 charitatis
1763 1952 1895 2008 atie-

285 2042 426 2106 ctio,
462 2041 535 2095 ad
561 2056 726 2113 quam
757 2039 1103 2094 dilectionem
1143 2048 1290 2094 tuam
1341 2041 1538 2112 smpius
1588 2043 1894 2096 cohortatus

285 2147 399 2183 sum
425 2173 438 2196 ,
475 2145 601 2184 cum
649 2127 814 2182 fratre
863 2137 914 2182 et
959 2128 1274 2199 cmpiscopo
1317 2137 1502 2182 nostro
1532 2129 1766 2194 Juliano,
1803 2129 1894 2201 qui

283 2233 630 2274 communem
660 2217 892 2289 gratiam
923 2233 1141 2288 semper
1178 2216 1404 2286 optavit,
1439 2217 1595 2285 cujus
1628 2217 1892 2272 industria

283 2317 333 2361 et
360 2305 760 2362 sollicitudines
791 2313 896 2361 tua;
926 2305 1330 2374 relevabuntur,
1367 2314 1420 2358 et
1450 2303 1586 2360 fides
1625 2306 1892 2361 catholica

280 2395 573 2462 munietur.
614 2393 788 2466 Super
806 2393 988 2448 omnia
1017 2401 1197 2448 autem
1227 2393 1460 2449 fraterna
1479 2393 1742 2449 charitate
1764 2395 1890 2449 hor-

281 2493 364 2538 tor
393 2493 446 2538 et
475 2498 696 2549 moneo,
733 2491 790 2536 ut
819 2497 885 2536 ea
906 2499 1029 2554 quae
1051 2482 1120 2536 ad
1152 2481 1384 2552 gloriam
1411 2483 1499 2537 vel
1526 2483 1593 2536 ad
1613 2483 1890 2538 munimen

281 2571 555 2643 pertinent
595 2569 952 2626 sacerdotalis
1001 2569 1194 2636 ofiicii,
1225 2570 1573 2625 Niczenorum
1620 2587 1888 2626 canonum

281 2659 604 2716 universalis
633 2659 894 2714 Ecclesiae
923 2673 1117 2729 pacem
1150 2659 1420 2713 servantia
1451 2660 1669 2714 decreta
1700 2668 1888 2714 custo-

279 2748 413 2818 dias,
449 2748 538 2803 Sic
572 2747 715 2802 enim
745 2747 886 2802 inter
913 2746 1130 2801 Domini
1153 2748 1464 2802 sacerdotes
1482 2748 1739 2804 inviolata
1759 2749 1888 2804 cha-

279 2837 412 2892 ritas
441 2836 796 2908 permanebit,
830 2835 874 2890 si
905 2835 1128 2906 paribus
1161 2835 1350 2889 studiis
1382 2854 1503 2908 quae
1532 2844 1656 2890 sunt
1687 2853 1720 2892 a
1751 2853 1882 2891 san-

281 2925 378 2981 ctis
407 2925 666 2980 Patribus
697 2923 984 2980 constituta
1024 2933 1370 2979 serventur.»

861 3179 1084 3234 CAPUT
1114 3179 1312 3234 XXIV.

278 3355 351 3409 De
379 3353 572 3409 eodem
611 3368 825 3408 canone
877 3351 1348 3421 Chalcedonensi,
1382 3355 1438 3406 et
1478 3353 1544 3406 de
1574 3353 1882 3407 canonibus

347 3441 749 3515 apostolorum,
767 3441 937 3511 deque
973 3441 1276 3494 sententiis
1308 3441 1677 3511 Angilmmno
1707 3441 1876 3506 datis,

347 3534 402 3585 et
425 3531 493 3585 de
523 3530 775 3601 epistolis
804 3528 1137 3599 pontiﬁcum
1177 3529 1427 3584 collectis
1455 3530 1520 3583 ab
1550 3529 1786 3585 Isidoro.

344 3720 486 3790 Quia
514 3735 650 3776 vero
702 3719 899 3774 iterum
931 3718 1146 3790 quidam
1177 3719 1292 3773 haec
1334 3719 1578 3774 relevare
1609 3736 1670 3774 ac
1712 3719 1876 3773 resti-

275 3817 425 3864 tuere
455 3808 636 3864 conati
668 3807 792 3874 sint,
826 3807 1124 3880 allegantes
1148 3812 1402 3879 quoniam
1437 3809 1678 3879 synodus
1709 3807 1876 3863 Chal-

275 3907 604 3965 cedonensis
643 3914 735 3961 aut
785 3915 901 3961 rata
930 3906 984 3960 in
1014 3914 1184 3961 totum
1233 3906 1534 3972 tenebitur,
1575 3915 1666 3960 aut
1695 3907 1749 3960 in
1787 3915 1876 3961 to-

271 4005 380 4053 tum
411 3995 753 4052 annullanda
791 3996 1046 4060 ducetur,
1082 3996 1269 4049 beatus
1319 3983 1570 4050 Gelasius
1603 3995 1874 4066 explanat,

269 4095 321 4143 et
339 4101 515 4142 vanas
545 4084 830 4155 opiniones
861 4092 1024 4155 atque
1052 4085 1385 4153 objectiones
1415 4084 1663 4151 destruit,
1688 4092 1877 4154 etquae

269 4185 390 4231 sunt
419 4174 656 4230 tenenda
686 4172 740 4228 in
769 4172 1007 4228 decretis
1037 4173 1150 4226 suis
1180 4173 1434 4238 ostendit,
1455 4173 1641 4226 dicens
1659 4174 1776 4243 (lib.
1809 4174 1874 4228 de

269 4265 480 4320 Anath.
505 4263 685 4333 vino.)
722 4278 734 4316 :
773 4284 794 4311 α
826 4261 910 4316 Ne
937 4260 1096 4329 forte,
1130 4261 1274 4332 quod
1306 4261 1500 4324 solent,
1534 4261 1714 4314 dicant
1745 4260 1874 4330 quin

268 4353 479 4419 Graeci,
519 4351 668 4424 quod
707 4351 752 4404 si
784 4351 1023 4420 synodus
1055 4350 1511 4405 Chalcedonensis
1556 4348 1868 4414 admittitur,

269 4442 448 4498 omnia
476 4449 732 4496 constare
761 4439 996 4494 debeant
1027 4456 1148 4510 quae
1180 4439 1288 4492 illic
1319 4438 1566 4492 videntur
1613 4455 1735 4492 esse
1769 4438 1869 4492 de-

1992 533 2601 605 Constantinopolitanae
2630 542 2758 590 tunc
2786 531 3080 602 Anatalius,
3103 550 3206 592 nec
3234 525 3591 608 se’prae's'iim-

1991 624 2168 694 psisse
2212 622 2519 694 professus,
2551 622 2608 677 in
2653 619 2964 694 apostolicae
3013 617 3160 678 sedis
3200 618 3450 679 antistitis
3480 637 3594 678 non

1993 712 2209 783 negavit
2239 711 2416 783 posita
2445 719 2734 782 potestate,
2759 727 2878 782 quae
2907 709 3054 778 ideo,
3088 711 3228 767 sicut
3253 709 3453 767 dictum
3481 717 3588 781 est,

1993 802 2155 855 sedes
2183 800 2480 871 apostolica
2535 816 2646 855 non
2701 799 2927 870 recepit,
2961 799 3085 872 quia
3133 815 3253 871 quae
3288 797 3590 872 privilegiis

1992 889 2316 944 universalis
2345 888 2608 945 Ecclesiae
2655 887 2924 944 contraria
2971 887 3289 960 probantur,
3322 885 3468 942 nulla
3495 901 3592 942 ra-

1992 977 2138 1032 tione
2171 977 2488 1033 subsistunt.
2540 976 2683 1045 Quid
2729 977 2875 1032 enim
2909 977 3037 1049 quia
3067 976 3124 1031 in
3157 974 3311 1032 libris
3354 972 3555 1030 sanctis
3576 1015 3596 1042 ,

1993 1082 2133 1138 quos
2187 1067 2372 1138 utique
2404 1081 2732 1121 veneramur
2758 1074 2812 1121 et
2833 1066 3136 1138 sequimur,
3170 1063 3430 1137 quoniam
3460 1078 3602 1136 quo-

1993 1155 2245 1210 rumdam
2267 1155 2377 1210 illic
2405 1163 2456 1210 et
2485 1153 2842 1226 profanitates
2871 1169 2995 1210 esse
3040 1153 3288 1210 feruntur
3317 1161 3372 1209 et
3397 1149 3605 1208 scelera

1992 1253 2151 1316 gesta
2180 1252 2488 1310 narrantur,
2532 1243 2655 1300 ideo
2702 1243 2862 1298 nobis
2905 1243 3112 1314 pariter
3149 1250 3241 1298 aut
3285 1233 3604 1298 veneranda

1995 1340 2120 1387 sunt
2150 1341 2238 1386 aut
2271 1333 2567 1403 sequenda,
2601 1331 2728 1404 quia
2755 1331 2810 1386 in
2841 1330 2949 1388 illis
2990 1330 3192 1388 sanctis
3221 1329 3375 1386 libris
3411 1337 3467 1386 et
3498 1344 3600 1384 ve-

1993 1420 2328 1476 nerabilibus
2349 1421 2694 1476 continentur
2710 1421 2738 1476 ?
2769 1419 2999 1476 Sanctus
3028 1421 3221 1475 Petrus
3240 1419 3450 1490 primus
3469 1432 3602 1488 apo-

1993 1509 2294 1578 stolorum,
2331 1509 2410 1565 sic
2474 1509 2748 1565 aestimans
2787 1509 2929 1566 Novi
2986 1508 3315 1565 Testamenti
3366 1506 3601 1581 gratiam

1991 1598 2418 1669 pradicandam,
2453 1606 2509 1652 ut
2539 1613 2574 1652 a
2600 1597 2740 1670 legis
2767 1597 2972 1654 veteris
3000 1614 3110 1653 non
3138 1597 3422 1654 recederet
3440 1591 3600 1650 insti-

1991 1687 2138 1753 tutis,
2173 1688 2420 1757 quaedam
2450 1704 2551 1757 per
2578 1686 2978 1743 simulationem
3007 1685 3202 1759 legitur
3221 1685 3364 1741 inter
3380 1684 3598 1739 Iudaeos

1993 1775 2336 1848 gentilesque
2367 1775 2640 1847 gessisse;
2670 1775 2915 1846 nunquid
2944 1774 3068 1830 ideo
3097 1782 3188 1829 aut
3235 1773 3329 1828 illa
3357 1772 3474 1841 ejus
3501 1761 3598 1827 se-

2000 1863 2215 1936 quenda
2254 1871 2406 1929 sunt,
2441 1880 2560 1935 quae
2600 1863 2794 1918 merito
2835 1871 2890 1918 et
2933 1861 3277 1934 coapostolus
3313 1861 3430 1931 ejus
3457 1858 3598 1916 facta

1997 1951 2292 2024 redarguit,
2327 1960 2380 2006 et
2411 1960 2600 2022 postea
2629 1959 3032 2026 consequenter
3069 1949 3186 2023 ipse
3215 1950 3418 2020 vitavit,
3450 1946 3602 2020 pari-

1997 2050 2082 2096 ter
2105 2040 2431 2096 assumenda
2463 2048 2588 2095 sunt
2617 2056 2740 2096 cum
2767 2041 2856 2096 his
2882 2057 3006 2112 qua:
3035 2047 3222 2112 utpote
3241 2038 3452 2110 primus
3467 2051 3602 2109 apo-

1998 2130 2168 2184 stolus
2231 2129 2470 2184 salubria
2517 2129 2876 2200 praedicavit?
2914 2127 3305 2200 Nunquidnam
3349 2134 3442 2182 aut
3483 2121 3601 2194 ejus

1995 2227 2148 2273 recta
2175 2218 2416 2272 doctrina
2445 2233 2570 2272 cum
2599 2217 2685 2272 his
2733 2234 2856 2289 quae
2892 2217 3206 2272 humanitus
3251 2220 3604 2272 accesserant

1996 2307 2332 2377 repudianda
2359 2315 2463 2372 est,
2497 2315 2588 2360 aut
2616 2305 2708 2360 illa
2728 2305 2908 2362 adhuc
2926 2304 3212 2361 imbecillis
3231 2303 3446 2360 inscitia
3477 2317 3604 2358 cum

1984 2394 2235 2466 'perfecta
2265 2395 2381 2464 ejus
2410 2395 2666 2450 doctrina
2695 2395 3041 2464 suscipienda
3072 2391 3601 2464 estiNunquidnam

1991 2483 2048 2537 in
2078 2483 2322 2554 ipsorum
2372 2482 2748 2538 haereticorum
2799 2481 2954 2536 libris
2999 2497 3110 2536 non
3149 2481 3319 2536 multa
3366 2495 3488 2552 qua
3527 2479 3600 2535 ad

1991 2572 2278 2627 veritatem
2322 2571 2630 2641 pertineant
2671 2570 2850 2640 posita
2897 2569 3262 2644 releguntur?
3302 2567 3598 2641 Nunquid-

1991 2677 2117 2716 nam
2139 2660 2262 2714 ideo
2305 2660 2505 2714 veritas
2553 2658 2843 2714 refutanda
2891 2667 2994 2729 est,
3027 2658 3154 2730 quia
3205 2657 3422 2714 illorum
3448 2655 3597 2722 libri,

1992 2750 2083 2803 ubi
2133 2749 2370 2820 pravitas
2426 2749 2586 2813 inest,
2620 2747 2926 2802 refutantur
2957 2765 2970 2802 :
3004 2755 3096 2802 aut
3138 2746 3262 2802 ideo
3290 2745 3450 2818 pravi
3477 2744 3602 2800 libri

1991 2837 2324 2907 suscipiendi
2356 2844 2480 2892 sunt
2511 2851 2724 2903 eorum,
2747 2835 2876 2908 quia
2904 2835 3107 2892 veritas
3126 2850 3248 2907 quae
3266 2833 3377 2890 illic
3395 2834 3601 2890 inserta

1990 2934 2073 2980 est
2101 2941 2212 2982 non
2242 2927 2509 2997 negatur?
2538 2925 2626 2980 Ait
2659 2923 2940 2996 apostolus
2978 2925 3028 2994 (ι
3050 2925 3232 2980 Thess.
3275 2924 3334 2994 ν)
3363 2921 3600 2980 :Omnia

1988 3015 2236 3085 probate,
2271 3031 2391 3086 quae
2441 3014 2585 3068 bona
2613 3021 2740 3068 sunt
2776 3020 2977 3068 tenete.
3021 3011 3236 3068 Scimus
3273 3011 3599 3082 Apostolum

1991 3103 2154 3158 etiam
2183 3103 2250 3157 de
2279 3118 2621 3173 paganorum
2649 3101 2800 3156 libris
2831 3099 3012 3171 aliqua
3039 3098 3326 3170 posuisse:
3349 3098 3600 3170 nunquid

1921 3155 2112 3246 Cideo
2141 3155 2307 3246 etiam
2339 3155 2535 3246 (iuncta
2565 3188 2881 3260 recipienda
2902 3155 3057 3254 sunt:
3075 3203 3196 3259 qua
3226 3202 3352 3243 cum
3370 3186 3456 3243 his
3482 3155 3589 3258 pa-

1987 3279 2118 3334 riter
2163 3287 2288 3332 sunt
2325 3278 2533 3349 prolata
2554 3279 2582 3333 ‘?
2625 3279 2748 3348 Ipse
2787 3276 3067 3348 apostolus
3103 3275 3178 3331 ait
3209 3275 3411 3330 multos
3437 3291 3587 3348 prae-

1985 3368 2257 3423 dicatores
2311 3367 2467 3421 aliter
2525 3375 2685 3438 atque
2739 3365 2900 3420 aliter
2945 3364 3219 3420 Christum
3266 3363 3588 3434 praedicare,

1985 3456 2078 3512 ubi
2107 3457 2266 3521 licet,
2315 3473 2642 3527 quocunque
2698 3455 2883 3522 modo,
2925 3453 3198 3509 Christum
3228 3452 3589 3524 prardicatum

1983 3554 2195 3616 Oportet
2233 3544 2461 3600 admitti.
2497 3546 2700 3599 Tamen
2727 3559 2838 3598 non
2883 3542 3008 3598 ideo
3037 3541 3193 3598 illum
3215 3557 3448 3608 morem,
3479 3557 3589 3614 quo

1986 3651 2097 3689 non
2145 3641 2296 3689 recte
2355 3634 2710 3704 praedicatum
2765 3639 2868 3696 est,
2925 3645 3037 3686 non
3069 3631 3329 3686 admonet
3357 3629 3587 3686 evitare.

1982 3723 2154 3778 Malos
2185 3721 2462 3793 operarios
2493 3722 2609 3792 ipse
2637 3719 3007 3792 conqueritur,
3041 3735 3273 3792 quorum
3302 3719 3410 3775 alia
3429 3717 3585 3774 refu-

1980 3810 2165 3878 tanda,
2203 3810 2311 3865 alia
2343 3811 2502 3865 docet
2533 3826 2654 3865 esse
2685 3809 2966 3865 sectanda.
3012 3809 3139 3864 Hac
3170 3817 3223 3864 et
3267 3807 3582 3877 hujusmodi

1981 3899 2227 3969 exempla
2283 3915 2382 3954 nos
2433 3899 2682 3964 edocent,
2714 3905 2767 3953 et
2801 3896 3108 3952 testimonia
3148 3896 3333 3952 divina
3375 3894 3582 3952 conﬁr-

1977 3995 2163 4054 mant,
2196 4003 2305 4041 non
2352 3987 2534 4041 omnia
2576 3986 2784 4057 passim
2832 4001 2866 4040 a
2911 4001 3236 4058 quocunque
3285 3985 3460 4052 dicta,
3492 3983 3581 4039 vel

1977 4076 2285 4146 ubicunque
2309 4075 2525 4145 scripta,
2557 4073 2932 4129 indifferenter
2968 4074 3238 4144 accipere,
3257 4073 3356 4128 sed
3386 4081 3574 4129 reten-

1973 4164 2041 4218 tis
2071 4165 2226 4217 bonis
2259 4180 2379 4233 quze
2410 4171 2642 4217 noceant
2671 4161 2930 4216 refutare.
2958 4185 2980 4208 ιι
3016 4163 3082 4216 Et
3137 4161 3268 4215 item
3299 4179 3313 4214 :
3353 4181 3376 4211 α
3411 4160 3574 4229 Quod

1976 4249 2207 4306 ﬁrmavit
2228 4251 2283 4304 in
2306 4250 2515 4321 synodo
2561 4249 2721 4304 sedes
2767 4247 3084 4318 apostolica,
3115 4249 3222 4303 hoc
3256 4248 3426 4302 robur
3467 4247 3570 4302 ob-

1976 4339 2166 4404 tinuit;
2201 4338 2345 4409 quod
2375 4337 2646 4404 refutavit,
2680 4337 2884 4392 habere
2911 4351 3019 4392 non
3039 4335 3212 4407 potuit
3241 4333 3567 4405 ﬁrmitatem,

1975 4435 2028 4481 et
2075 4427 2193 4481 sola
2228 4426 2449 4482 rescidit
2487 4426 2633 4498 quod
2670 4433 2868 4496 praeter
2911 4425 3163 4481 ordinem
3206 4423 3565 4498 congregatio

266 4538 542 4602 prompta.
576 4533 684 4584 Aut
731 4529 876 4585 enim
905 4545 969 4582 ex
1008 4536 1118 4582 toto
1149 4544 1270 4581 eam
1328 4527 1533 4580 admitti
1578 4535 1864 4597 oportere,
1889 4514 1941 4573 D
1971 4516 2165 4587 synodi
2192 4524 2474 4588 putaverat
2515 4515 2908 4586 usurpandum.
2947 4537 2973 4602 If
3009 4515 3077 4570 Et
3103 4515 3234 4570 item
3265 4532 3279 4569 :
3317 4535 3340 4564 α
3372 4511 3564 4602 Nobis,

267 4628 358 4674 aut
387 4619 434 4673 si
456 4635 526 4674 ex
556 4627 714 4690 parte
745 4616 1078 4688 repudianda
1099 4625 1200 4682 est,
1233 4614 1447 4670 firmam
1478 4633 1542 4670 ex
1576 4624 1684 4670 toto
1731 4632 1868 4670 con-

266 4717 410 4762 stare
440 4724 553 4762 non
598 4723 782 4777 posse.
829 4706 1173 4776 Cognoscant
1203 4705 1388 4776 igitur,
1433 4705 1690 4776 quoniam
1737 4705 1868 4759 illud

264 4798 570 4856 secundum
625 4795 934 4866 Scripturas
993 4803 1209 4849 sanctas
1271 4793 1717 4864 traditionemque
1748 4810 1866 4848 ma-

255 4889 462 4957 jorum,
498 4884 799 4940 secundum
826 4899 1062 4938 canones
1091 4883 1422 4955 regulasque
1450 4883 1731 4950 Ecclesiae,
1767 4899 1868 4952 pro

265 4975 374 5031 ﬁde
399 4972 684 5032 communi
715 4980 766 5026 et
797 4971 1022 5026 veritate
1055 4971 1322 5027 catholica
1343 4981 1395 5026 ct
1421 4971 1740 5041 apOstolica,
1766 4987 1866 5041 pro

264 5081 374 5137 qua
409 5065 552 5120 hanc
583 5059 702 5116 fieri
731 5061 890 5115 sedes
921 5060 1220 5130 apostolica
1263 5061 1537 5132 delegavit
1569 5059 1866 5132 factamque

261 5152 522 5219 ﬁrmavit,
556 5167 590 5206 a
619 5158 730 5205 tota
757 5149 1004 5205 Ecclesia
1070 5149 1434 5204 indubitanter
1475 5149 1702 5204 admitti.
1750 5149 1866 5204 Alia

265 5250 466 5308 autem,
503 5256 626 5312 quae
655 5255 755 5310 per
787 5238 1240 5309 incompetentem
1257 5237 1737 5308 praesumptionem
1757 5237 1867 5293 illic

262 5331 479 5403 prolata
518 5337 664 5392 sunt,
714 5327 800 5383 vel
841 5327 1021 5399 potius
1049 5326 1321 5390 ventilata,
1365 5343 1486 5396 quae
1533 5326 1692 5380 sedes
1727 5342 1864 5396 apo-

263 5420 458 5476 stolica
485 5416 734 5491 gerenda
763 5415 1070 5471 nullatenus
1099 5414 1390 5485 delegavit,
1427 5430 1547 5484 quae
1577 5429 1699 5468 mox
1733 5430 1763 5468 a
1794 5414 1866 5470 vi-

262 5508 426 5565 cariis
456 5505 608 5563 sedis
637 5504 948 5578 apostolica:
997 5504 1334 5561 contradicta
1380 5501 1726 5558 manifestum
1759 5511 1861 5570 est,

263 5614 385 5669 qua:
414 5595 580 5652 sedes
609 5593 932 5666 apostolica,
967 5593 1127 5649 etiam
1155 5601 1373 5664 petente
1415 5588 1680 5646 Martiano
1709 5591 1862 5661 prin-

1970 4605 2162 4677 inquit,
2193 4613 2470 4676 opponunt
2501 4621 2758 4673 canones,
2793 4603 2920 4676 quin
2949 4601 3258 4659 Orientales
3305 4600 3567 4673 episcopi,

1970 4697 2100 4749 dum
2128 4695 2378 4750 nesciunt
2415 4693 2544 4766 quid
2590 4695 2881 4766 loquantur
2905 4734 2919 4759 ,
2948 4699 3138 4748 contra
3183 4705 3320 4762 quos
3365 4689 3472 4761 ipsi
3502 4706 3565 4746 se

1970 4785 2159 4839 venire
2188 4785 2441 4854 produnt,
2478 4783 2622 4855 quod
2654 4783 2844 4854 primae
2875 4779 2991 4836 sedi
3010 4794 3146 4834 sana
3166 4785 3424 4854 rectaque
3444 4795 3568 4836 sua-

1969 4873 2118 4928 denti
2159 4889 2353 4942 parere
2399 4871 2692 4942 refugiunt.
2724 4869 2831 4940 Ipsi
2880 4875 3004 4922 sunt
3051 4883 3312 4936 canones,
3342 4868 3437 4942 qui
3463 4885 3566 4941 ap-

1968 4962 2312 5032 pellationem
2359 4961 2522 5015 totius
2564 4958 2829 5014 Ecclesiae
2858 4957 2927 5012 ad
2965 4956 3129 5027 hujus
3155 4957 3304 5014 sedis
3333 4973 3563 5014 examen

1968 5050 2188 5106 voluere
2210 5049 2430 5104 deferri.
2460 5071 2482 5099 ν
2517 5050 2584 5102 Et
2619 5048 2748 5102 item
2784 5045 2928 5101 idem
2961 5063 2975 5100 :
3012 5067 3034 5097 α
3071 5046 3319 5104 Viderint
3349 5063 3484 5120 ergo
3513 5047 3560 5102 si

1968 5149 2104 5204 alios
2136 5149 2334 5203 habent
2353 5162 2610 5212 canones,
2630 5144 2826 5216 quibus
2857 5160 2986 5200 suas
3001 5145 3235 5218 ineptias
3250 5159 3561 5219 exsequan-

1967 5245 2072 5292 tur.
2120 5238 2384 5292 Caeterum
2432 5234 2538 5300 isti,
2573 5233 2666 5305 qui
2708 5233 2881 5306 sacri,
2916 5235 3009 5306 qui
3051 5235 3440 5301 ecclesiastici,
3465 5233 3559 5306 qui

1966 5325 2193 5398 legitimi
2235 5325 2592 5388 celebrantur,
2635 5339 2745 5378 non
2784 5323 2960 5378 solum
2987 5324 3173 5380 sedem
3203 5321 3560 5395 apostolicam

1965 5414 2034 5468 ad
2057 5413 2322 5482 judicium
2351 5427 2547 5468 vocare
2567 5428 2675 5468 non
2704 5420 2954 5484 possunt,
2991 5435 3014 5463 ι
3049 5421 3102 5468 et
3129 5413 3357 5485 reliqua.
3389 5411 3557 5468 Item-

1965 5519 2070 5574 que
2101 5501 2246 5556 idem
2280 5519 2292 5556 :
2329 5522 2352 5552 α
2389 5500 2496 5558 Sed
2512 5501 2678 5558 velint
2693 5503 2884 5570 nolint,
2905 5502 3076 5575 ipsius
3097 5499 3323 5572 judicio,
3355 5499 3563 5556 scilicet

1965 5589 2275 5662 apostolicae
2317 5589 2462 5646 sedis
2488 5634 2502 5658 ,
2553 5591 2788 5663 antiquae
2831 5606 3101 5647 canonum
3143 5587 3560 5646 constitutiones
