4164 6316
595 273 702 326 3Ἶῦ

1594 267 1936 328 HINCMARI
1973 263 2375 328 RHEMENSIS
2413 262 2964 323 ARCHIEPISCOPI.
3006 318 3013 324 .

3787 269 3896 320 376

577 394 899 458 ﬁrmantur.
951 391 1062 451 Sed
1103 390 1352 468 religiosi
1381 391 1486 449 viri
1517 399 1678 465 atque
1731 391 1958 464 perfecti
1988 408 2186 449 secun-
2217 393 2402 454 Arum
2433 390 2753 448 auctoritate
2781 398 2905 446 sunt
2933 389 3232 456 constituti,
3267 389 3364 446 sed
3393 403 3428 446 a
3454 389 3648 461 primis
3674 399 3898 463 tempo-

591 483 722 542 dum
753 497 990 541 canones
1029 497 1346 542 concessam
1379 483 1494 540 sedi
1537 481 1849 555 apostolicae
1875 491 2195 554 potestatem

592 573 852 630 nimirum
899 581 1164 630 conantur
1206 572 1420 644 eripere
1444 614 1458 641 ,
1493 580 1545 628 et
1574 571 1812 628 siblimet
1856 587 1977 627 eam
2007 579 2194 628 contra

593 677 835 720 canones
855 678 1122 734 usurpare
1150 663 1504 719 contendunt.
1539 660 1586 717 Ο
1617 677 1884 717 canonum
1905 661 2194 731 magistros

593 759 759 824 atque
789 749 1078 810 custodes!
1105 771 1127 801 ι
1161 751 1228 806 Et
1265 759 1388 821 post
1417 751 1688 823 aliquanta
1721 769 1734 804 :
1771 772 1793 800 α
1829 749 2096 818 Quantum
2124 749 2194 802 ad

595 839 920 912 religionem
961 839 1216 911 pertinet,
1267 855 1378 894 non
1407 839 1512 893 nisi
1561 839 1874 909 apostolica:
1904 838 2020 892 sedi
2043 837 2196 905 juxta

593 942 836 986 canones
857 928 1087 984 debetur
1115 928 1276 983 totius
1316 943 1530 982 summa
1553 927 1760 996 judicii.
1799 947 1822 976 ι
1855 927 1925 980 Ει
1953 926 2081 980 item
2115 941 2129 980 :
2165 946 2188 976 «

588 1016 921 1088 Apostolicae
984 1015 1132 1072 sedis
1187 1015 1477 1071 auctoritas
1533 1015 1678 1087 quod
1735 1014 1945 1070 cunctis
1978 1013 2194 1070 saeculis

593 1105 909 1160 Christianis
942 1104 1206 1161 Ecclesia:
1256 1103 1474 1175 prmlata
1524 1103 1593 1158 sit
1620 1103 1908 1169 universae,
1941 1109 1995 1158 et
2025 1117 2191 1158 cano-

591 1209 724 1252 num
772 1193 914 1249 serie
959 1201 1328 1264 paternorum,
1363 1199 1416 1246 et
1444 1191 1724 1261 multiplici
1769 1191 2060 1246 traditione
2091 1189 2190 1244 ﬁr-

591 1289 791 1336 matur.
829 1302 852 1332 »
883 1280 954 1337 Et
981 1280 1111 1336 item
1141 1297 1156 1334 :
1194 1301 1218 1330 ι
1270 1280 1549 1351 Siquidem
1579 1280 1650 1334 ad
1679 1280 1822 1334 illam
1853 1280 1922 1334 de
1951 1279 2192 1350 qualibet

589 1369 776 1424 mundi
805 1376 958 1440 parte
984 1383 1224 1424 canones
1251 1367 1516 1438 appellari
1544 1367 1854 1434 voluerunt,
1886 1367 1954 1422 ab
1983 1367 2076 1421 illa
2092 1382 2191 1421 au-

584 1465 696 1513 tem
725 1472 888 1512 nemo
917 1455 987 1511 sit
1015 1457 1291 1528 appellare
1337 1456 1694 1526 permissus.»
1733 1457 1931 1511 Beatus
1972 1471 2188 1526 quoque

589 1543 893 1618 Gregorius
938 1545 1131 1600 eadem
1174 1561 1368 1616 passus
1416 1559 1451 1600 a
1491 1545 1721 1610 Joanne,
1753 1552 1807 1598 et
1849 1551 1973 1614 post
2001 1559 2127 1599 eum
2156 1559 2189 1598 a

586 1633 834 1704 Cyriaco,
869 1632 1480 1704 Constantinopolitanis
1526 1633 1820 1704 episcopis,
1853 1649 1974 1704 quae
2002 1640 2053 1687 ct
2079 1632 2188 1686 Leo

582 1721 652 1776 ab
683 1720 934 1776 Anatolio
963 1721 1033 1777 de
1091 1720 1330 1792 praefatis
1379 1721 1993 1792 ConstantinOpolitanis
2019 1735 2188 1776 cano-
2207 1747 2261 1807 Β

583 1809 766 1879 nibus,
799 1811 918 1880 pari
947 1809 1114 1865 modo
1152 1809 1403 1866 scribens
1432 1810 1502 1864 ad
1546 1809 1838 1882 EuIOgium
1870 1808 2191 1863 Alexandri-

584 1913 714 1961 num
732 1897 1052 1969 episcopum
1077 1939 1090 1963 ,
1111 1905 1165 1952 et
1194 1897 1266 1952 ad
1299 1896 1646 1952 Anastasium
1666 1897 2066 1952 Antiochenum
2085 1895 2196 1966 epi-

556 1987 562 1993 '
586 1999 837 2056 scapum,
869 1985 928 2040 in
957 1985 1072 2040 suis
1089 1984 1335 2056 epistolis
1362 1985 1505 2039 inter
1525 1993 1718 2040 caetera
1745 1985 1874 2040 dicit
1897 1985 2002 2040 hoc
2028 1984 2193 2040 modo

585 2075 706 2146 (lib.
739 2089 819 2140 v1,
843 2075 1010 2146 epist.
1043 2075 1133 2144 31)
1159 2091 1173 2128 :
1202 2095 1224 2124 α
1259 2074 1510 2128 Canones
1553 2073 1774 2144 quidem
1805 2073 2191 2128 Constantind-

583 2161 810 2234 politani
837 2161 1054 2218 concilii
1081 2161 1432 2217 Eudoxianos
1480 2161 1760 2226 damnant,
1793 2161 1892 2216 sed
1923 2161 2044 2232 quis
2073 2160 2192 2216 fue-

587 2249 660 2306 rit
686 2264 874 2306 eorum
917 2257 1110 2306 auctor
1146 2249 1798 2322 Eudoxius,nequaquam
1837 2251 2041 2305 dicunt.
2075 2249 2190 2306 Ro-

569 2325 746 2394 mana
757 2347 942 2394 autem
953 2337 1199 2395 Ecclesia
1216 2339 1442 2394 eosdem
1457 2337 1812 2405 canones,vel
1826 2346 1982 2411 gesta
1995 2338 2192 2409 synodi

585 2426 750 2491 illius,
771 2427 1034 2484 hactenus
1071 2442 1180 2482 non
1210 2426 1396 2494 habet,
1432 2443 1536 2483 nec
1553 2427 1751 2498 accipit
1771 2445 1786 2481 :
1804 2426 1860 2480 in
1893 2427 1996 2482 hoc
2012 2437 2192 2482 autem

583 2515 833 2572 eamdem
854 2515 1125 2587 synodum
1139 2515 1398 2587 suscepit,
1421 2517 1564 2581 quod
1603 2524 1685 2570 est
1715 2531 1816 2587 per
1849 2529 1970 2570 eam
2000 2523 2193 2571 contra

582 2603 957 2661 Macedonium
996 2603 1302 2659 diiiinitum.
1336 2604 1596 2676 Reliquas
1625 2621 1753 2660 vero
1783 2604 2045 2673 haereses,
2069 2621 2192 2676 quae

583 2693 698 2750 illic
726 2701 1044 2749 memorate
1069 2701 1216 2761 sunt,
1247 2693 1316 2748 ab
1345 2693 1465 2747 aliis
1492 2693 1606 2762 jam
1635 2693 1879 2764 patribus
1909 2693 2190 2748 damnatas

586 2782 866 2852 reprobat.
899 2782 980 2836 De
1027 2780 1359 2836 Eudoxianis
1387 2796 1521 2836 vero
1549 2781 1682 2836 nihil
1723 2783 1989 2837 hactenus
2019 2797 2193 2854 agno-

585 2869 680 2926 vit.
719 2893 742 2918 ι»
774 2869 844 2924 Et
869 2885 996 2926 cum
1025 2869 1170 2924 idem
1213 2870 1404 2924 beatus
1461 2869 1765 2942 Gregorius
1820 2885 1966 2942 saepe
1994 2871 2048 2924 in
2079 2871 2190 2924 suis

587 2957 832 3029 epistolis
862 2957 1007 3012 dicat
1034 2956 1106 3011 ita
1137 2973 1198 3012 se
1245 2965 1478 3028 quatuor
1507 2959 1748 3029 synodos
1778 2958 2022 3028 recipere
2054 2959 2192 3014 sicut

584 3055 818 3118 quatuor
834 3045 1153 3118 Evangelia,
1186 3053 1372 3116 aperte
1417 3047 1754 3101 demonstrat
1781 3047 1976 3102 eodem
2002 3047 2185 3112 modo,

584 3134 724 3191 sicut
753 3135 1033 3206 praemisit,
1057 3135 1326 3206 synodum
1361 3135 2012 3206 Constantinopolitanam
2038 3137 2185 3192 reci-

582 3237 740 3294 pere,
771 3222 1004 3286 scilicet,
1028 3229 1086 3278 ut
1117 3223 1264 3294 quod
1291 3223 1361 3278 de
1391 3221 1499 3278 fide
1547 3232 1739 3280 contra
1785 3224 2074 3280 haereticos
2132 3225 2187 3278 in

581 3325 646 3366 ea
685 3319 768 3366 est
813 3308 1098 3365 diffinitum
1146 3310 1448 3380 apostolica
1476 3311 1638 3366 sedes
1667 3312 1914 3382 recipiat,
1947 3328 2186 3368 canones

581 3406 764 3454 autem
783 3397 870 3454 vel
883 3405 1039 3469 gesta
1054 3397 1250 3468 synodi
1272 3397 1415 3452 illius
1445 3407 1632 3454 contra
1651 3400 1905 3454 Nicaenos
1925 3415 2182 3467 canones,

580 3493 641 3542 ut
686 3502 853 3558 supra
901 3493 1177 3542 ostensum
1225 3495 1326 3553 est,
1360 3503 1704 3560 nequaquam
1757 3487 1996 3558 recipiat.
2047 3486 2187 3556 Quia

579 3590 714 3633 vero
744 3576 905 3632 sedes
935 3575 1236 3647 apostolica
1264 3591 1504 3632 canones
1555 3577 2017 3632 Chalcedonensis
2047 3592 2184 3632 con-

582 3663 922 3735 cilii,praeter
949 3663 1082 3719 illud
1110 3680 1278 3718 unum
1309 3665 1601 3734 capitulum
1633 3665 1690 3718 in
1717 3680 1838 3720 xvn
1867 3664 2185 3735 recapitula-

580 3759 715 3819 tum,
749 3751 895 3824 quod
924 3761 1112 3808 contra
1137 3753 1392 3809 Nicaenos
1431 3769 1672 3809 canones
1703 3761 1784 3810 est
1811 3753 2180 3823 constitutum,

578 3840 829 3911 recipiat,
860 3840 1006 3896 idem
1030 3841 1223 3897 beatus
1272 3841 1576 3914 Gregorius
1609 3843 1664 3897 in
1693 3841 1926 3912 epistola
1957 3842 2026 3896 ad
2076 3842 2182 3898 Se-

579 3927 897 3996 cundinum,
927 3937 980 3985 et
1008 3929 1065 3984 in
1091 3929 1312 3986 homilia
1354 3930 1645 4002 Evangelii
1692 3930 1906 3986 decima
1953 3932 2184 4000 septima

580 4011 863 4073 evidenter
917 4019 1202 4074 ostendit:
1239 4041 1262 4066 ι
1321 4017 1556 4087 Quinam
1614 4027 1758 4086 sunt,
1810 4019 2098 4091 inquiens,
2129 4020 2184 4074 in

580 4106 784 4178 templo
814 4105 912 4162 Dei
939 4107 1102 4162 hodie
1131 4107 1224 4178 qui
1249 4107 1528 4163 columbas
1565 4109 1838 4177 vendunt,
1872 4107 1977 4163 nisi
2007 4109 2100 4180 qui
2128 4109 2182 4163 in

576 4193 831 4252 Ecclesia
860 4195 1094 4268 pretium
1139 4195 1206 4250 de
1253 4195 1600 4268 impositione
1647 4213 1846 4253 manus
1892 4197 2179 4268 accipiunt,

575 4298 676 4354 per
705 4299 866 4356 quam
921 4283 1175 4340 videlicet
1213 4285 1614 4356 impositionem
1672 4286 1904 4356 Spiritus
1960 4295 2182 4342 sanctus

2296 479 2448 544 ribus
2478 479 2768 534 traditione
2799 478 2998 534 viritim
3027 477 3446 550 apostolicorum
3489 478 3731 534 virorum
3773 479 3900 535 fue-

2295 577 2422 623 runt
2449 569 2719 624 mentibus
2749 567 3135 632 commendati,
3169 575 3218 622 et
3245 567 3442 638 partim
3469 567 3673 634 verbis,
3697 569 3901 639 partim

2295 672 2482 722 sensu,
2511 672 2576 712 ac
2605 655 2830 728 sparsim
2864 657 3096 711 diversis
3139 656 3494 727 quorumdam
3525 655 3768 727 epistolis
3797 672 3901 728 pro

2300 745 2557 817 qualitate
2605 761 2895 800 causarum
2926 753 2978 800 et
2998 760 3360 816 personarum
3390 760 3454 800 ac
3482 753 3787 815 temporum
3814 745 3901 800 in-

2294 833 2409 900 diti,
2445 842 2606 904 atque
2639 834 2853 902 exinde,
2887 841 3172 905 antequam
3202 833 3445 904 episcopi
3465 833 3694 889 concilia
3721 835 3898 889 libere

2293 921 2595 992 inciperent
2617 923 2918 988 celebrare,
2952 937 2984 976 a
3013 921 3224 977 devotis
3245 923 3550 994 quibusque
3567 921 3800 978 collecti.
3837 923 3897 978 In

2294 1010 2490 1081 quibus
2521 1011 2766 1082 quaedam
2797 1010 3150 1081 receptibilia,
3197 1011 3442 1081 quaedam
3473 1026 3604 1066 vero
3631 1018 3756 1065 sunt
3784 1026 3896 1067 non

2295 1100 2584 1154 servanda.
2634 1100 2713 1154 De
2769 1099 2964 1172 quibus
3011 1099 3282 1154 interdum
3329 1099 3578 1170 quaedam
3613 1108 3896 1170 assumpta

2293 1196 2418 1242 sunt
2438 1188 2491 1242 in
2523 1188 2786 1254 conciliis,
2821 1188 3072 1260 quaedam
3099 1187 3262 1243 etiam
3291 1204 3321 1242 a
3349 1189 3598 1243 maximis
3629 1197 3682 1244 et
3701 1189 3897 1259 praeci-

2290 1293 2414 1347 puae
2455 1277 2788 1332 auctoritatis
2835 1276 2967 1331 viris
2995 1277 3048 1332 in
3101 1277 3214 1332 suis
3249 1276 3540 1348 opusculis,
3575 1277 3711 1333 sicut
3742 1285 3796 1333 et
3825 1279 3898 1334 de

2293 1365 2657 1436 apocryphis,
2695 1373 2975 1435 assumpta
3025 1363 3193 1420 fuisse
3240 1365 3508 1436 legimus,
3550 1367 3810 1438 quoniam
3839 1367 3898 1422 in

2291 1454 2617 1524 quibusdam
2666 1453 2736 1508 ad
2786 1453 3195 1508 instructionem
3235 1454 3433 1508 valent.
3465 1455 3535 1509 Et
3566 1454 3708 1522 ideo,
3758 1455 3900 1510 sicut

2289 1542 2551 1611 majorum
2597 1541 2880 1597 traditione
2922 1542 3210 1598 didicimus
3229 1585 3242 1607 ,
3273 1557 3519 1598 seorsum
3547 1551 3673 1598 ante
3701 1543 3897 1599 conci-

2289 1629 2364 1684 lia
2409 1630 2462 1684 in
2511 1646 2776 1685 canonum
2819 1631 2974 1684 libris
3016 1631 3084 1686 ad
3113 1631 3518 1687 instructionem
3567 1639 3620 1686 et
3669 1640 3900 1702 propter

2290 1718 2569 1792 vulgatam
2592 1735 2780 1774 eorum
2814 1718 3012 1774 famam
3043 1728 3317 1790 ponuntur
3351 1738 3364 1774 :
3397 1721 3452 1774 in
3481 1719 3789 1792 quibusque
3809 1736 3899 1776 co-

2293 1806 2506 1862 dicibus
2555 1823 2773 1862 sacrum
2819 1808 3100 1864 Nicaanum
3146 1817 3200 1863 et
3243 1808 3552 1864 universale
3597 1808 3894 1879 concilium

2291 1895 2662 1968 regionalibus
2694 1896 2938 1952 conciliis
2962 1939 2976 1962 ,
3007 1912 3128 1968 qum
3156 1904 3281 1952 ante
3328 1897 3459 1951 illud
3505 1905 3623 1952 acta
3653 1897 3889 1964 fuerunt,

2291 1992 2511 2054 propter
2555 1985 2930 2041 auctoritatem
2961 2001 3074 2040 sua:
3113 1985 3506 2058 magnitudinis
3535 1987 3890 2056 praeponitur.

2293 2072 2561 2128 Cmterum
2594 2073 2758 2128 iidem
2793 2089 3033 2129 canones
3063 2074 3155 2144 qui
3199 2081 3461 2130 vocantur
3497 2073 3892 2146 apostolorum,

2275 2153 2402 2216 'non
2443 2161 2512 2215 ab
2554 2161 2816 2232 apostolis
2869 2162 3164 2233 conscripti
3211 2178 3334 2218 esse
3375 2161 3690 2218 creduntur.
3734 2161 3895 2232 Quo-

2291 2249 2458 2317 niam,
2481 2250 2622 2306 sicut
2650 2251 2706 2304 in
2744 2265 2905 2305 sacra
2948 2250 3176 2306 historia
3222 2251 3476 2322 legimus,
3508 2259 3562 2306 et
3589 2251 3717 2306 inde
3747 2252 3895 2308 scri-

2291 2345 2442 2408 ptum
2470 2339 2540 2393 ab
2569 2339 2834 2394 Ecclesiae
2861 2339 3137 2412 magistris
3167 2339 3686 2410 accepimus,prima
3717 2355 3892 2412 syno-

2290 2426 2395 2480 dus
2425 2428 2798 2498 apostolorum
2855 2427 3034 2482 habita
3082 2435 3164 2482 est
3193 2427 3604 2500 Hierosolymis,
3640 2429 3708 2484 de
3739 2429 3892 2486 elec-

2290 2515 2437 2570 tione
2466 2515 2773 2571 duodecimi
2790 2515 3019 2586 apostoli
3048 2531 3146 2586 pro
3161 2516 3337 2580 Juda;
3369 2517 3629 2583 secunda,
3649 2517 3719 2572 de
3748 2517 3896 2574 elec-

2290 2603 2438 2659 tione
2467 2612 2674 2674 septem
2713 2604 3106 2666 diaconorum:
3137 2605 3318 2673 tertia,
3350 2605 3419 2660 de
3449 2605 3892 2673 circumcisione,

2291 2709 2360 2747 ne
2377 2693 2726 2748 credentibus
2748 2709 2814 2746 ex
2829 2693 3080 2765 gentibus
3099 2694 3471 2764 imponeretur
3491 2713 3506 2760 ;
3539 2701 3730 2766 quarta
3750 2695 3896 2750 facta

2290 2789 2373 2836 est
2400 2781 2468 2835 de
2497 2782 2844 2836 credentibus
2875 2797 2941 2836 ex
2970 2781 3172 2837 Judaeis
3200 2781 3294 2838 illo
3323 2790 3583 2853 tempore,
3612 2800 3682 2838 ne
3696 2783 3893 2854 prohi-

2290 2868 2570 2936 berentur,
2621 2869 2711 2923 ubi
2742 2869 3044 2925 necessitas
3101 2871 3374 2942 exigeret,
3407 2871 3569 2926 etiam
3623 2871 3898 2944 legalibus

2290 2957 2631 3013 caeremoniis
2661 2957 2882 3023 initiari,
2933 2959 3004 3013 ob
3039 2959 3390 3014 devitandum
3421 2959 3673 3015 videlicet
3701 2975 3897 3015 eorum

2291 3045 2623 3112 scandalum,
2682 3046 2776 3117 qui
2829 3047 3091 3116 putabant
3147 3062 3242 3102 eos
3283 3047 3354 3102 ita
3408 3048 3644 3102 Mosaica
3671 3049 3898 3104 decreta

2284 3141 2544 3206 tanquam
2571 3134 2892 3190 idololatriae
2929 3135 3186 3208 dogmata
3215 3136 3521 3202 damnasse,
3553 3136 3698 3207 quod
3728 3137 3895 3192 etiam

2287 3230 2412 3278 ante
2440 3221 2624 3278 facere
2667 3239 2965 3278 consuesse
3013 3224 3278 3279 Timothei
3318 3223 3551 3280 maxime
3599 3224 3897 3282 circumci-

2287 3311 2440 3366 sione
2467 3311 2756 3382 probatum
2787 3321 2888 3367 est.
2919 3311 3174 3380 Quintam
3216 3328 3346 3368 vero
3374 3313 3640 3385 synodum
3671 3322 3897 3385 aposto-

2284 3400 2459 3455 lorum
2487 3400 2678 3455 Patres
2707 3401 2879 3456 nostri
2895 3399 3065 3456 fuisse
3095 3402 3331 3466 tradunt,
3355 3402 3574 3474 quando
3591 3404 3894 3460 secundum

2284 3488 2429 3562 quod
2458 3489 2774 3559 prmdictum
2799 3498 2882 3545 est
2903 3498 3117 3562 tempus
3137 3491 3540 3562 adimpletionis
3555 3493 3800 3558 advenit,
3834 3500 3894 3548 ut

2283 3577 2340 3633 in
2377 3593 2594 3632 omnem
2641 3586 2846 3633 terram
2885 3579 3056 3635 exiret
3104 3595 3271 3635 sonus
3313 3597 3506 3636 eorum
3531 3623 3544 3645 ,
3574 3589 3627 3637 et
3661 3581 3718 3636 in
3747 3580 3891 3638 ﬁnes

2283 3665 2434 3720 orbis
2461 3674 2621 3720 terrae
2650 3667 2820 3722 verba
2850 3682 3055 3736 eorum,
3089 3677 3142 3724 et
3189 3669 3488 3725 secundum
3517 3669 3736 3724 Domini
3766 3669 3890 3726 dic-

2283 3761 2416 3822 tum,
2450 3754 2813 3828 Evangelium
2867 3756 3258 3826 praedicaretur
3285 3757 3341 3812 in
3379 3765 3492 3813 toto
3547 3759 3753 3813 mundo
3792 3773 3894 3831 per

2283 3843 2579 3912 apostolos,
2631 3844 2827 3915 quibus
2870 3845 3002 3900 dixit
3035 3863 3048 3900 :
3079 3847 3178 3911 Ite,
3223 3847 3410 3903 docete
3447 3863 3641 3903 omnes
3693 3853 3892 3919 gente:

2283 3931 2502 4002 (Matth.
2528 3933 2696 4003 xx").
2733 3935 2800 3987 Et
2826 3941 2956 3989 tunc
3003 3934 3340 4006 Symbolum,
3387 3934 3526 3998 sicut
3562 3935 3893 3991 universalis

2279 4027 2426 4074 tenet
2445 4021 2708 4085 Ecclesia,
2735 4021 3110 4088 condiderunt,
3143 4023 3344 4096 singuli
3374 4023 3617 4097 singulas
3659 4033 3888 4080 senten-

2281 4109 2384 4164 tias
2438 4109 2796 4179 proferentcs,
2859 4111 2996 4167 sicut
3051 4120 3103 4166 et
3133 4112 3242 4168 Leo
3298 4113 3366 4167 ad
3398 4113 3735 4168 Pulcheriam
3769 4118 3888 4168 Au-

2284 4207 2496 4270 gustam
2526 4199 2863 4254 demonstrat
2889 4201 3077 4272 (epist.
3131 4203 3216 4263 15,
3249 4201 3304 4254 in
3339 4200 3467 4270 line)
3501 4218 3513 4256 :
3558 4223 3579 4252 α
3607 4202 3888 4274 Siquidem

2284 4284 2418 4358 ipsa,
2451 4287 2642 4360 inquit,
2701 4288 2956 4344 catholici
3012 4289 3253 4360 Symboli
3304 4289 3485 4345 brevis
3540 4299 3593 4346 et
3645 4291 3890 4360 perfecta

578 4371 790 4428 caalitus
820 4372 985 4426 datur
1003 4373 1032 4426 τ
1059 4371 1324 4428 Columba
1352 4373 1518 4446 igitur
1538 4374 1808 4442 venditur,
1834 4374 1960 4444 quia
1985 4391 2182 4430 manus

2286 4383 2572 4453 confessio,
2605 4401 2724 4456 quae
2741 4385 3028 4442 duodecim
3059 4386 3425 4456 apostolorum
3447 4387 3672 4442 totidem
3695 4397 3776 4442 est
3807 4389 3886 4442 si-

577 4459 853 4532 ίῐηΡοείῑίο
877 4499 891 4526 ν
921 4475 1022 4530 Per
1064 4476 1228 4532 quam
1276 4461 1506 4530 Spiritus
1553 4471 1772 4517 sanctus
1802 4463 2083 4534 accipitur,
2117 4464 2185 4518 ad
2205 4463 2259 4524 D
2287 4481 2451 4544 gnata
2483 4474 2781 4539 sententiis,
2807 4482 2916 4528 tam
2946 4473 3207 4530 instructa
3238 4475 3306 4528 sit
3335 4475 3631 4531 munitione
3649 4476 3884 4544 caelesti,

575 4549 813 4620 pretium
842 4547 1140 4618 praebetur.
1182 4547 1289 4604 Sed
1320 4549 1655 4620 Redemptor
1690 4559 1876 4606 noster
1901 4552 2190 4606 cathedras
2291 4569 2350 4614 ut
2379 4577 2572 4616 omnes
2599 4562 2978 4617 haereticorum
3002 4563 3287 4634 opiniones
3325 4563 3442 4619 solo
3463 4563 3636 4635 ipsius
3671 4566 3886 4634 possint

581 4636 936 4694 vendentium
967 4635 1251 4692 columbas
1282 4638 1494 4704 evertit,
1529 4639 1659 4710 quia
1688 4639 1872 4693 talium
1891 4639 2189 4711 negotiato-

573 4741 698 4780 rum
734 4725 1098 4782 sacerdotium
1129 4727 1380 4782 destruit.
1423 4727 1561 4783 Hinc
1611 4735 1696 4782 est
1743 4727 1888 4800 quod
1917 4728 2058 4782 sacri
2087 4743 2184 4784 ca-

578 4826 751 4868 nones
781 4813 1150 4870 Simoniacam
1181 4815 1432 4872 haeresim
1480 4817 1756 4881 damnant,
1785 4824 1838 4870 et
1867 4831 1960 4871 eos
1991 4832 2182 4872 sacer-

573 4899 724 4956 dotio
752 4901 959 4971 privari
986 4904 1321 4976 praecipiunt,
1355 4904 1445 4976 qui
1475 4905 1544 4960 de
1573 4904 1878 4978 largiendis
1897 4905 2180 4961 ordinibus

571 4987 810 5059 pretium
839 5000 1102 5062 quaerunt.
1135 4993 1406 5048 Cathedra
1435 5009 1571 5066 ergo
1603 4992 1949 5047 vendentium
1975 4995 2178 5050 colum-

571 5076 674 5132 bas
703 5077 982 5145 evertitur,
1014 5081 1232 5151 quando
1266 5081 1322 5136 hi
1352 5081 1444 5153 qui
1475 5081 1775 5152 spiritalem
1823 5083 2053 5154 gratiam
2084 5101 2178 5140 ve-

571 5163 840 5236 nundant,
874 5167 964 5222 vel
993 5175 1119 5222 ante
1148 5169 1418 5225 humanos
1454 5170 1544 5225 vel
1573 5178 1698 5224 ante
1728 5170 1829 5225 Dei
1859 5172 2044 5227 oculos
2081 5189 2172 5228 sa-

573 5252 816 5337 cerdotio
844 5255 1144 5326 privantur.
1181 5277 1206 5334 ξ
1237 5258 1394 5312 Nulla
1417 5259 1617 5337 quippe
1634 5261 1874 5330 synodus
1893 5277 1959 5316 ex
1987 5263 2091 5318 hac
2110 5279 2171 5316 re

571 5331 816 5398 decrevit
837 5343 1102 5412 judicium
1132 5331 1236 5400 nisi
1258 5331 1722 5415 Chalcedonense,
1757 5350 2065 5417 concilium,
2097 5349 2168 5406 li-

571 5437 660 5487 cet
688 5430 814 5486 inde
841 5430 1106 5488 habeatur
1136 5433 1418 5493 decretum
1439 5443 1492 5491 et
1516 5436 1574 5492 in
1603 5439 1905 5494 canonibus
1944 5439 2037 5510 qui
2064 5454 2165 5494 vo-

571 5535 767 5584 cantur
795 5529 1184 5604 apostolorum,
1206 5531 1336 5604 quia
1361 5547 1471 5588 non
1487 5534 1878 5606 episcopalium
1907 5535 2164 5592 concilio-

2289 4649 2475 4721 gladio
2525 4650 2856 4706 detruncari.
2891 4651 3056 4720 Cujus
3110 4651 3350 4724 Symboli
3402 4653 3799 4723 plenitudinem
3837 4653 3885 4708 si

2286 4739 2562 4810 Eutyches
2591 4753 2726 4809 puro
2756 4747 2808 4794 et
2838 4738 3068 4810 simplici
3096 4741 3353 4796 voluisset
3378 4741 3541 4796 corde
3570 4742 3881 4814 concipere,

2282 4825 2338 4880 in
2374 4827 2522 4882 nullo
2543 4842 2574 4881 a
2591 4826 2826 4881 decretis
2848 4829 3198 4883 sacratissimi
3216 4829 3424 4884 Niczeni
3457 4829 3672 4884 concilii
3701 4830 3886 4886 devia-

2282 4923 2383 4981 ret,
2419 4925 2472 4970 et
2518 4917 2623 4970 hoc
2661 4931 2692 4968 a
2721 4916 2922 4971 sanctis
2957 4917 3206 4971 Patribus
3253 4917 3582 4989 intelligeret
3611 4919 3882 4974 constitu-

2278 5011 2413 5072 tum,
2448 5012 2504 5057 ut
2536 5011 2724 5058 contra
2754 5004 3107 5074 apostolicam
3139 5004 3322 5070 ﬁdem,
3355 5022 3477 5076 quae
3507 5021 3615 5061 non
3647 5007 3752 5061 nisi
3773 5022 3883 5062 una

2277 5101 2379 5160 est,
2409 5093 2616 5146 nullum
2649 5109 2708 5148 se
2737 5093 3036 5165 ingenium,
3055 5094 3264 5148 nullum
3285 5095 3523 5150 elevaret
3542 5095 3876 5166 eloquium»

2275 5181 2520 5251 Denique
2549 5189 2672 5251 post
2701 5182 2816 5236 haec
2832 5182 2976 5237 nulla
3005 5183 3246 5255 synodus
3274 5184 3344 5238 ab
3375 5184 3635 5254 apostolis
3680 5185 3884 5256 legitur

2273 5270 2562 5335 celebrata,
2587 5271 2678 5342 qui
2707 5270 2922 5326 fuerunt
2949 5287 3049 5342 per
3073 5288 3290 5353 omnem
3325 5281 3516 5328 terram
3546 5273 3614 5327 ad
3647 5275 3880 5328 verbum

2271 5356 2393 5412 ﬁdei
2427 5359 2803 5414 seminandum
2831 5361 3238 5432 progrediendo
3269 5361 3522 5433 dispersi.
3545 5363 3655 5418 Sed
3685 5371 3738 5418 et
3756 5363 3882 5418 bea-

2267 5453 2355 5500 tus
2383 5446 2634 5503 Gelasius
2663 5449 2718 5504 in
2747 5449 2994 5520 catalogo
3025 5449 3117 5522 qui
3138 5450 3264 5507 libri
3293 5451 3361 5506 ab
3392 5450 3642 5508 Ecclesia
3679 5452 3878 5510 catho-

2266 5533 2372 5591 lica
2403 5535 2736 5608 recipiantur
2776 5536 3071 5609 descripto,
3119 5539 3444 5596 authenticis
3478 5539 3779 5611 scripturis.
3821 5547 3874 5594 et
