4164 6314
310 270 408 322 3τ7

1017 266 1258 324 OPUSC.
1316 267 1408 323 ET
1463 268 1679 325 EPIST.
1743 269 1812 323 [Ν
1870 270 2095 324 CAUSA
2150 270 2490 326 HINCMARI
2552 273 2856 329 LAUDUN.

3494 281 3596 332 3’78

312 391 571 457 Nicena,
605 391 1232 464 Constantinopolitanas,
1272 407 1339 449 ac
1392 393 1705 465 Ephesinae,
1755 393 1912 450 Chal-
1934 395 1990 456 A
2019 402 2124 460 tur,
2156 401 2246 449 aut
2274 395 2523 451 convicto
2553 405 2714 468 caput
2761 407 3081 468 amputetur.
3130 400 3303 456 Judex
3345 400 3610 458 crimino-

315 470 641 537 cedOnensis
671 495 887 552 quoque
917 481 1128 552 synodi,
1166 490 1217 536 et
1239 481 1359 537 aliis
1385 481 1628 538 conciliis
1657 499 1688 538 a
1711 483 1912 538 sanctis

319 569 572 625 Patribus
626 569 905 638 institutis,
938 579 989 624 et
1011 571 1437 626 orthodoxorum
1467 572 1761 642 opusculis,
1824 580 1910 626 at-

315 675 418 731 que
448 657 820 713 decretalibus
847 659 1091 729 epistolis
1122 660 1434 730 apostolica:
1479 660 1625 716 sedis
1691 661 1911 731 pontifi-

313 765 456 813 cum,
491 747 719 818 aliisque
750 748 1033 818 scripturis
1070 748 1305 804 discrete
1351 750 1810 816 commemoratis,
1843 749 1912 803 de

314 838 396 890 his
425 836 792 906 apostolorum
814 837 1114 891 canonibus
1136 838 1351 907 penitus
1372 839 1557 904 tacuit,
1582 839 1678 893 sed
1700 854 1802 893 nec
1832 839 1912 891 in-

313 933 394 980 ter
419 926 734 996 apocrypha
763 941 858 980 eos
879 925 1042 979 misit.
1077 924 1421 997 Quapropter
1447 927 1500 980 in
1532 927 1764 982 lectione
1795 927 1913 980 illo-

311 1030 432 1068 rum
462 1013 744 1085 sequenda
774 1021 857 1068 est
882 1015 1096 1087 cautela
1124 1015 1194 1069 ab
1215 1017 1407 1071 eodem
1452 1024 1636 1073 sancto
1696 1015 1913 1070 Gelasio

311 1101 679 1174 praemonita:
715 1123 736 1152 α
773 1103 908 1157 Cum
952 1104 1088 1169 haec,
1151 1104 1338 1175 inquit,
1398 1105 1465 1159 ad
1523 1104 1913 1159 catholicorum

311 1207 501 1246 manus
555 1191 891 1259 advenerint,
950 1192 1094 1246 beati
1149 1193 1299 1247 Pauli
1355 1193 1590 1263 apostoli
1641 1193 1914 1263 princedat

311 1279 596 1346 sententia,
631 1295 739 1349 qua
770 1279 898 1334 dicit
933 1298 946 1334 :
982 1280 1185 1336 Omnia
1222 1283 1472 1354 probate,
1529 1282 1672 1352 quod
1709 1282 1914 1337 bonum

311 1372 396 1423 est
420 1371 608 1422 tenete
646 1369 697 1434 (Ι
718 1368 901 1424 Thess.
933 1371 1008 1437 v).
1047 1389 1069 1418 ι
1105 1369 1254 1424 Sicut
1282 1377 1334 1423 et
1378 1370 1432 1423 in
1479 1369 1586 1423 illis
1641 1368 1910 1439 capitulis,

312 1472 432 1526 quae
462 1455 716 1510 dicuntur
746 1471 810 1510 ex
840 1457 1054 1528 legibus
1092 1457 1354 1512 Romanis
1385 1458 1571 1512 Latina
1617 1465 1670 1512 et
1721 1457 1915 1512 Graeca

308 1544 499 1617 lingua
532 1545 876 1615 conscriptis,
921 1554 974 1600 et
1022 1563 1088 1600 ex
1122 1545 1360 1616 praefatis
1404 1547 1647 1617 epistolis
1696 1546 1914 1601 diverse

313 1633 562 1695 collecta,
609 1641 662 1687 et
692 1641 974 1706 satagente
1029 1633 1161 1688 Osio
1197 1635 1266 1688 ad
1313 1636 1580 1705 synodum
1635 1635 1915 1690 Nicaenam

311 1721 510 1786 delata,
544 1722 644 1775 sed
674 1721 890 1776 nonnisi
921 1737 983 1776 ea
1014 1739 1134 1793 qua
1191 1722 1392 1778 ibidem
1439 1723 1725 1779 constituta
1763 1733 1913 1779 tene-
1938 1751 1991 1810 Β

310 1826 448 1875 mus,
478 1809 547 1864 ad
579 1810 905 1864 servandum
937 1809 1104 1865 fuisse
1134 1811 1376 1866 decreta.
1425 1812 1578 1868 Unde
1618 1812 1910 1866 identidem

310 1899 484 1954 isdem
518 1897 684 1952 Osius
715 1899 960 1969 quaedam
987 1899 1041 1953 in
1070 1900 1278 1969 synodo
1309 1900 1619 1956 Sardicensi
1639 1901 1907 1962 recitavit,

312 2003 430 2058 qua:
452 2003 579 2042 cum
612 1986 808 2058 legatis
837 1987 1150 2058 apostolicae
1182 1989 1330 2044 sedis
1361 1990 1431 2043 ab
1455 1990 1645 2043 eadem
1705 1990 1912 2060 synodo

311 2075 667 2130 corroborata
704 2074 954 2131 Ecclesia
994 2075 1261 2131 catholica
1309 2076 1516 2147 recipit.
1578 2078 1636 2130 In
1677 2093 1783 2148 qua
1816 2094 1912 2148 sy-

308 2164 470 2230 nodo,
505 2164 592 2218 cui
623 2163 997 2234 praesederunt
1026 2163 1192 2236 legati
1223 2165 1536 2235 apostolicae
1567 2165 1732 2234 sedis,
1766 2166 1912 2220 idem

312 2251 473 2308 Osius
505 2251 880 2307 Cordubensis
905 2253 1214 2323 episcopus,
1249 2262 1303 2307 et
1332 2253 1644 2310 Vincentius
1692 2255 1910 2325 Capua-

311 2357 430 2406 nus,
463 2349 628 2412 atque
661 2340 984 2410 Calepodius
1004 2341 1413 2412 Neapolitanus,
1447 2341 1659 2397 fuerunt
1702 2343 1770 2397 de
1817 2343 1913 2397 lie-

313 2429 505 2500 speriis
537 2429 782 2498 partibus
805 2429 1049 2500 episcopi
1072 2430 1226 2501 quasi
1268 2431 1516 2495 trecenti,
1559 2447 1623 2487 ex
1679 2431 1911 2486 orienta-

308 2519 450 2575 libus
475 2534 574 2574 sex
615 2527 670 2573 et
699 2519 1000 2590 sexaginta,
1049 2520 1150 2573 sub
1195 2520 1510 2575 Constantio
1557 2521 1907 2591 imperatore,

310 2607 445 2663 Rufo
476 2615 530 2662 et
558 2607 798 2662 Eusebio
825 2607 1139 2662 consulibus
1171 2626 1184 2662 :
1214 2617 1267 2662 et
1295 2609 1645 2663 orientalibus
1697 2609 1910 2663 Arianis

306 2711 338 2750 a
364 2695 578 2766 synodo
610 2694 740 2768 fuga
769 2696 1167 2761 recedentibus,
1219 2697 1458 2767 hesperii
1519 2697 1766 2753 catholici
1821 2714 1908 2751 re-

305 2793 587 2840 manentes
619 2801 742 2855 quae
771 2793 896 2839 tunc
927 2785 1143 2854 agenda
1171 2784 1387 2839 fuerant
1416 2786 1642 2857 exsequi
1682 2787 1909 2840 studue-

304 2881 444 2928 runt.
479 2872 791 2928 Recordare
814 2873 1035 2943 quando
1083 2873 1201 2928 haec
1230 2881 1282 2927 et
1315 2873 1472 2944 plura
1505 2874 1628 2929 hinc
1677 2873 1772 2928 tibi
1802 2874 1910 2928 dixi

305 2976 367 3016 ex
399 2961 697 3016 traditione
726 2960 968 3015 historiae
1016 2962 1235 3026 veteris,
1288 2977 1412 3016 cum
1442 2961 1573 3016 mihi
1618 2978 1740 3016 eras
1792 2962 1910 3016 dul-

304 3050 560 3105 cissimus
591 3049 751 3114 filius,
786 3057 838 3103 et
867 3049 956 3103 ubi
988 3051 1150 3104 etiam
1177 3051 1282 3104 ista
1313 3051 1380 3104 de
1412 3050 1779 3121 apostolorum
1811 3067 1908 3106 ca-

305 3139 559 3204 nonibus,
593 3146 647 3192 et
676 3138 744 3192 de
774 3137 830 3192 in
875 3137 1115 3208 praefatis
1161 3139 1404 3210 synodis,
1433 3140 1564 3194 Osio
1600 3147 1900 3212 satagente,

303 3227 540 3283 recitatis
569 3227 818 3297 capitulis
848 3227 1031 3299 legere
1058 3228 1299 3298 potuisti,
1351 3227 1396 3282 si
1439 3244 1548 3282 non
1595 3228 1900 3300 neglexisti,

304 3325 354 3371 et
382 3324 574 3371 contra
593 3315 970 3371 auctoritatem
1000 3325 1262 3381 veterum,
1315 3317 1406 3388 qui
1448 3317 1625 3372 veraci
1681 3324 1903 3372 attesta-

305 3405 447 3461 tione
479 3402 804 3460 confirmant
837 3420 944 3459 non
974 3405 1129 3476 plura
1160 3404 1327 3460 fuisse
1368 3405 1600 3460 caditula
1629 3403 1774 3461 sacri
1802 3405 1903 3460 Ni-

305 3494 438 3549 caeni
454 3493 692 3558 concilii,
718 3509 882 3564 quam
903 3493 996 3548 illa
1014 3509 1134 3565 quae
1155 3511 1220 3548 ex
1249 3493 1468 3565 antiqua
1510 3495 1905 3549 consuetudine

302 3583 566 3637 catholica
598 3590 738 3636 tenet
771 3590 824 3636 et
853 3590 1140 3637 veneratur
1169 3583 1436 3650 Ecclesia,
1459 3583 1543 3636 his
1555 3599 1904 3654 acquiescere

303 3671 496 3726 nolens
533 3671 820 3733 contende,
873 3671 920 3725 si
976 3670 1247 3726 dicentem
1303 3672 1624 3742 Apostolum
1663 3671 1905 3726 nolueris

305 3759 570 3814 obaudire
601 3775 615 3813 :
646 3759 706 3814 Si
743 3760 886 3832 quis,
924 3759 1116 3830 inquit,
1159 3760 1282 3815 vult
1332 3761 1719 3815 contentiosus
1766 3777 1902 3826 esse,

305 3865 406 3904 nos
420 3849 598 3903 talem
613 3849 1082 3904 consuetudinem
1093 3865 1208 3904 non
1228 3849 1697 3921 habemusmeque
1721 3851 1907 3905 Eccle-

307 3938 391 3993 sia
413 3939 515 3992 Dei
537 3938 586 4005 (I
610 3937 729 3992 Cor.
752 3939 833 4006 x).
861 3938 978 4008 Ego
1000 3946 1180 3992 autem
1201 3953 1267 3991 ex
1293 3939 1391 3992 hac
1409 3954 1572 3992 causa
1589 3947 1771 3992 cestus
1794 3938 1908 4006 jam

305 4025 586 4096 depositos
619 4041 726 4079 non
759 4041 1050 4091 resumam,
1084 4041 1209 4080 cum
1223 4025 1489 4081 sufﬁciant
1519 4026 1649 4080 mihi
1669 4043 1788 4096 quae
1813 4043 1908 4080 se-

305 4114 401 4168 des
431 4113 735 4184 apostolica
765 4122 817 4168 et
838 4113 1102 4169 catholica
1131 4114 1289 4169 docet
1331 4115 1596 4168 Ecclesia.
1652 4115 1718 4168 Et
1765 4115 1910 4184 quod

306 4203 564 4258 addidisti
587 4203 693 4257 tuis
726 4203 1065 4265 commentis,
1099 4220 1206 4258 non
1241 4219 1364 4257 esse
1393 4204 1678 4272 primatem
1700 4203 1909 4258 dioece-

305 4308 426 4346 seos
455 4304 661 4363 prenter
688 4292 920 4362 apostoli
952 4292 1110 4362 primi
1140 4292 1426 4358 vicarium,
1463 4290 1791 4346 sufficienter
1811 4309 1908 4345 su-

305 4396 404 4452 pra
431 4380 616 4452 legisti
647 4396 768 4452 quae
799 4380 942 4434 sacri
971 4395 1206 4435 canones
1246 4389 1298 4434 et
1335 4380 1554 4435 decreta
1602 4379 1746 4434 sedis
1804 4381 1910 4434 Ro-

2013 497 2130 537 sum
2158 483 2472 549 discutiens,
2505 500 2615 540 non
2647 493 2771 540 ante
2813 488 3130 543 sententiam
3181 489 3418 560 proferat
3464 490 3611 560 capi-

2011 571 2196 640 talem,
2229 586 2393 643 quam
2422 581 2512 627 aut
2542 589 2663 628 reus
2690 574 2806 644 ipse
2837 574 3176 645 confiteatur,
3211 586 3301 632 aut
3330 594 3428 648 per
3456 578 3611 633 inno-

2013 668 2200 715 centes
2233 668 2399 716 testes
2427 662 2803 718 convincatur.
2837 664 3023 718 Testes
3055 673 3233 719 autem
3276 666 3391 720 sine
3429 666 3608 738 aliqua

2015 749 2120 802 sint
2149 747 2392 814 infamia,
2461 767 2658 804 uxores
2691 759 2743 805 et
2791 750 2931 805 ﬁlios
2974 752 3259 818 habentes,
3309 763 3358 808 et
3401 754 3617 810 omnino

2014 831 2286 885 Christum
2316 833 2698 902 praedicantes.
2750 835 3139 890 Testimonium
3188 836 3371 891 clerici
3418 837 3611 891 adver—

2016 935 2110 973 sus
2149 919 2345 974 laicum
2391 937 2549 976 nemo
2589 921 2911 992 suscipiat.»
2957 922 3089 991 Quae
3135 931 3392 995 quantum
3436 925 3613 979 aliena

2017 1012 2172 1062 sinta
2212 1009 2386 1064 sacris
2440 1011 2759 1076 canonibus,
2820 1019 2873 1066 et
2929 1021 3193 1083 quantum
3250 1013 3464 1066 inimica
3509 1013 3614 1066 sint

2017 1096 2665 1166 ecclesiasticisjudiciis,
2701 1115 2863 1153 nemo
2896 1108 2978 1154 est
3009 1100 3101 1171 qui
3131 1101 3364 1172 ignoret,
3391 1109 3614 1172 etquam

2015 1185 2111 1239 tibi
2140 1186 2354 1257 tuisque
2375 1186 2704 1257 nuperrimis
2738 1186 2916 1256 factis,
2965 1189 3034 1244 de
3083 1190 3280 1260 quibus
3309 1190 3612 1259 reprehen-

2015 1273 2184 1338 deris,
2220 1274 2324 1327 sint
2353 1273 2406 1327 in
2440 1274 2761 1345 quibusdam
2792 1276 3056 1346 adversae,
3090 1293 3156 1330 ex
3187 1277 3514 1348 quibusdam
3546 1277 3614 1331 de

2013 1361 2264 1432 plurimis
2293 1361 2380 1417 hic
2409 1363 2644 1418 ostensis
2670 1371 2915 1434 patenter
2944 1365 3167 1436 quilibet
3210 1373 3391 1435 potest
3436 1380 3613 1438 agno-

2017 1465 2191 1505 scere.
2231 1473 2252 1497 α
2289 1451 2513 1517 Placuit,
2564 1452 2810 1523 inquiunt
2853 1455 2997 1523 (cap.
3047 1457 3158 1523 22),
3202 1462 3257 1506 ut
3288 1453 3465 1507 nullus
3495 1453 3614 1524 epi-

2016 1553 2304 1608 scoporum
2333 1556 2661 1610 quemquam
2691 1541 3012 1596 clericorum
3037 1542 3281 1609 judicare
3311 1549 3403 1595 aut
3449 1535 3611 1596 dam-

2015 1642 2148 1681 nare
2179 1637 2490 1697 praesumat,
2523 1629 2628 1682 nisi
2659 1630 3229 1702 accusatuslegitimos
3262 1639 3611 1686 accusatores

2015 1724 2313 1785 praesentes
2345 1717 2558 1784 habeat,
2601 1717 2887 1788 locumque
2927 1717 3251 1772 defendendi
3289 1718 3516 1789 accipiat
3545 1719 3612 1773 ad

2013 1803 2282 1858 abluenda
2313 1805 2556 1860 crimina.
2599 1830 2619 1852 ιι
2653 1807 2720 1859 Et
2749 1815 2870 1876 post
2901 1807 3176 1878 aliquanta
3208 1824 3221 1860 :
3261 1827 3282 1857 ι
3317 1807 3432 1862 Nec
3458 1807 3611 1877 prius

2012 1899 2349 1972 litigantibus
2382 1918 2477 1957 sua
2507 1902 2652 1968 velit,
2687 1903 2813 1973 quin
2839 1903 3025 1973 judex,
3060 1903 3324 1958 sententia
3364 1904 3606 1972 obviare,

2013 1989 2117 2043 nisi
2144 1990 2361 2060 quando
2390 1991 2514 2060 ipsi,
2549 1992 2784 2061 peractis
2805 1992 3077 2057 omnibus,
3091 1992 3205 2060 jam
3228 1992 3361 2046 nihil
3379 1992 3612 2062 amplius

2013 2077 2298 2132 habuerint
2337 2079 2389 2132 in
2438 2080 2740 2150 quaestione
2783 2082 2927 2152 quod
2966 2089 3294 2151 proponant,
3345 2089 3396 2135 et
3425 2080 3610 2134 tandiu

2013 2167 2152 2222 actio
2183 2166 2489 2232 ventilelur,
2522 2184 2806 2240 quousque
2837 2169 2906 2222 ad
2955 2169 3034 2224 rei
3085 2169 3365 2224 veritatem
3411 2184 3610 2238 perve-

2013 2255 2208 2320 niatur,
2270 2281 2291 2302 »
2339 2264 2391 2310 et
2437 2255 2659 2328 reliqua.
2720 2280 2741 2304 α
2790 2257 3032 2312 Caveant
3080 2257 3296 2326 judices
3347 2257 3610 2332 Ecclesiae

2012 2344 2157 2414 (cap.
2220 2344 2330 2414 53),
2377 2360 2444 2398 ne
2500 2345 2722 2400 absente
2769 2361 2833 2400 eo
2891 2346 3042 2414 cujus
3096 2361 3259 2400 causa
3319 2345 3609 2400 ventilatur

2013 2431 2338 2485 sententiam
2366 2432 2664 2502 proferant,
2699 2434 2823 2504 quia
2855 2433 3008 2488 irrita
3035 2434 3157 2499 erit,
3219 2434 3326 2487 imo
3374 2441 3425 2488 et
3479 2449 3609 2488 cau-

2012 2535 2130 2573 sam
2162 2520 2216 2573 in
2246 2521 2454 2591 synodo
2486 2537 2583 2591 pro
2605 2521 2746 2577 facto
2776 2521 2997 2576 dabunt.
3039 2546 3060 2569 »
3093 2523 3293 2577 Contra
3321 2537 3457 2592 quas
3487 2537 3612 2575 sen-

2011 2609 2204 2662 tentias
2274 2608 2466 2676 fecisti,
2495 2611 2711 2681 quando
2772 2610 3373 2666 excommunicationes
3405 2611 3520 2664 Deo
3555 2619 3608 2664 et

2010 2697 2296 2766 praceptis
2327 2698 2442 2765 ejus
2472 2698 2795 2764 contrarias,
2830 2699 2897 2752 de
2929 2699 3128 2769 quibus
3168 2707 3221 2752 te
3269 2697 3485 2768 scriptis
3516 2714 3610 2752 re-

2012 2785 2228 2855 dargui,
2292 2801 2515 2840 exerere
2555 2787 2973 2857 praesumpsisti.
3006 2787 3075 2840 Et
3116 2787 3246 2840 item
3294 2787 3349 2839 in
3404 2785 3610 2840 eisdem

2011 2874 2293 2928 sententiis
2326 2874 2585 2944 scriptum
2634 2884 2714 2929 est
2757 2877 2900 2946 (cap.
2933 2874 3063 2943 ‘27):
3104 2897 3125 2924 «
3163 2875 3297 2930 Sunt
3345 2874 3606 2942 nonnulli,

2012 2962 2102 3033 qui
2147 2962 2480 3017 indiscussos
2543 2972 2809 3033 potestate
2855 2964 3133 3034 tyrannica
3181 2980 3290 3017 non
3347 2963 3612 3018 canonica

2014 3051 2336 3105 auctoritate
2369 3051 2639 3116 damnant,
2677 3059 2725 3105 et
2769 3052 2904 3106 sicut
2937 3051 3224 3106 nonnullos
3255 3052 3428 3123 gratia
3470 3050 3613 3106 favo-

2021 3140 2094 3192 ris
2126 3138 2432 3205 sublimant,
2463 3139 2532 3192 ita
2564 3139 2826 3210 quosdam
2858 3139 2982 3193 odio
3013 3139 3321 3210 invidiaque
3377 3139 3609 3209 permoti

2004 3226 2310 3292 humiliant,
2348 3236 2400 3281 et
2437 3227 2544 3282 levi
2576 3227 2848 3297 opinionis
2878 3243 3012 3281 aura
3057 3228 3441 3294 condemnant,
3478 3242 3612 3298 quo-

2005 3331 2125 3369 rum
2154 3314 2384 3369 crimina
2417 3331 2526 3369 non
2555 3316 2875 3386 approbant.
2910 3315 3146 3387 Ideoque
3201 3315 3474 3371 communi
3520 3315 3606 3370 de-

2005 3411 2153 3459 creto
2197 3420 2504 3468 censemus,
2539 3411 2597 3458 ut
2624 3405 3060 3476 quandocunque
3091 3404 3284 3475 aliquis
3318 3405 3607 3475 episcopo-

2005 3509 2123 3547 rum
2154 3492 2489 3557 criminatur,
2522 3493 2870 3566 congregatis
2908 3493 3160 3547 omnibus
3183 3493 3426 3562 ejusdem
3476 3509 3606 3564 pro-

2006 3581 2205 3636 vinciee
2236 3582 2506 3651 episcopis
2535 3597 2696 3637 causa
2725 3581 2842 3650 ejus
2873 3581 3136 3646 audiatur,
3173 3589 3230 3636 ut
3258 3597 3368 3636 non
3397 3582 3608 3638 occulte

1999 3669 2272 3737 judicetur
2301 3670 2387 3724 vel
2419 3670 2743 3734 damnetur;
2779 3670 2902 3740 quia
2930 3670 3000 3724 ab
3031 3669 3151 3724 aliis
3188 3670 3340 3740 prius
3381 3670 3608 3739 judicari

2006 3774 2115 3813 non
2139 3766 2335 3828 potest,
2372 3758 2475 3812 nisi
2513 3759 2580 3813 ab
2629 3758 2712 3813 his
2754 3775 2787 3813 a
2843 3758 3038 3830 quibus
3095 3759 3338 3813 ordinari
3387 3759 3558 3830 potuit
3593 3776 3605 3814 :

2009 3847 2153 3919 quod
2187 3847 2232 3901 si
2275 3847 2432 3902 aliter
2478 3847 2673 3910 factum
2735 3847 2911 3912 fuerit,
2945 3849 3118 3902 nullas
3164 3850 3309 3904 vires
3365 3849 3606 3903 habebit.

2008 3936 2153 3990 Bona
2183 3938 2337 4002 hora,
2373 3945 2578 3990 tantum
2611 3937 2872 3992 laborasti
2900 3945 2958 3990 ut
2986 3937 3116 3990 nulli
3151 3938 3399 3992 subditus
3455 3953 3607 3991 esses

2009 4025 2113 4078 nisi
2142 4025 2454 4094 apostolicae
2485 4027 2631 4080 sedis
2661 4025 2920 4095 pontifici,
2974 4035 3026 4079 et
3073 4027 3250 4080 nullus
3280 4035 3330 4080 te
3363 4026 3608 4094 judicare

2009 4121 2198 4182 posset
2227 4113 2331 4165 nisi
2362 4099 2662 4181 apostolica
2693 4113 2886 4177 sedes;
2919 4129 3043 4166 cum
3057 4129 3122 4166 ex
3138 4114 3271 4182 ipsis
3300 4115 3604 4179 sententiis,

2011 4216 2146 4271 quas
2179 4201 2246 4253 ad
2271 4200 2644 4254 defensionem
2693 4200 2768 4252 tui
2816 4200 3128 4253 muniminis
3183 4201 3468 4269 protulisti,
3505 4203 3609 4256 hoc

2012 4296 2198 4343 contra
2232 4297 2283 4342 te
2318 4287 2637 4358 proferatur,
2664 4289 2789 4358 quia
2819 4289 2952 4358 ipsis
2984 4305 3043 4343 es
3064 4288 3332 4353 subditus,
3358 4289 3495 4342 etab
3526 4290 3610 4342 his

2011 4385 2167 4446 potes
2190 4376 2440 4444 judicari,
2474 4392 2506 4430 a
2535 4378 2730 4448 quibus
2761 4377 2983 4447 potuisti
3040 4377 3296 4432 ordinari.
3348 4377 3604 4444 Miranda,

305 4484 482 4526 mana:
511 4468 828 4540 pontificum
849 4471 917 4524 de
960 4469 1362 4539 provinciarum
1391 4468 1712 4539 primatibus
1739 4468 1901 4523 intel-
1924 4467 1976 4527 D
2005 4465 2092 4520 vel
2123 4465 2302 4536 potius
2333 4466 2640 4520 miseranda
2691 4474 2777 4520 tua
2827 4465 3094 4520 mirabilis
3142 4467 3250 4522 imo
3291 4465 3610 4520 miserabilis

303 4557 556 4613 lexerunt
584 4573 649 4612 ac
679 4558 1063 4612 decreverunt.

372 4648 452 4702 De
482 4647 770 4701 sententiis
805 4663 956 4711 vero,
981 4663 1103 4718 quae
1123 4647 1375 4702 dicuntur
1398 4661 1464 4702 ex
1477 4646 1685 4702 Graecis
1704 4655 1755 4701 et
1777 4647 1920 4701 Lati-

302 4736 384 4791 nis
421 4735 730 4791 canonibus
741 4743 793 4790 et
814 4735 1035 4806 synodis
1057 4736 1315 4790 Romanis
1340 4743 1501 4807 atque
1517 4736 1752 4791 decretis
1773 4753 1917 4807 prte-

305 4825 482 4879 sulum
514 4840 578 4879 ac
598 4824 801 4879 ducum
832 4825 1197 4880 Romanorum
1217 4824 1456 4880 collectae
1477 4825 1547 4878 ab
1569 4826 1807 4880 Adriano
1827 4841 1920 4895 pa-

305 4929 389 4984 pa,
415 4923 470 4969 et
491 4913 867 4985 Engelramno
888 4914 1206 4968 Metensium
1238 4914 1494 4984 episcopo
1517 4914 1674 4978 datae,
1701 4914 1915 4986 quando

310 5018 406 5072 pro
439 5001 525 5056 sui
554 5002 762 5072 negotii
809 5016 977 5056 causa
1023 5003 1302 5074 agebatur,
1347 5018 1410 5056 ex
1441 5003 1639 5073 quibus
1670 5004 1913 5072 quaedam

304 5091 407 5144 tuis
437 5091 786 5157 commentis,
818 5090 1208 5160 interposuisti,
1250 5108 1412 5162 quam
1432 5091 1671 5146 dissonae
1703 5092 1912 5146 interse

305 5179 630 5242 habeantur,
664 5179 756 5250 qui
785 5179 916 5249 legit
945 5180 1076 5233 satis
1131 5180 1400 5251 intelligit,
1437 5188 1488 5233 et
1505 5197 1662 5250 quam
1684 5181 1912 5235 diversae

304 5281 338 5322 ι
366 5268 535 5324 sacris
565 5268 884 5336 canonibus,
919 5276 970 5323 et
1003 5285 1165 5341 quam
1195 5268 1569 5339 discrepantes
1600 5270 1652 5322 in
1687 5270 1911 5340 quibus-

304 5356 426 5412 dam
454 5358 524 5411 ab
557 5357 937 5413 ecclesiasticis
968 5358 1188 5427 judiciis
1218 5358 1538 5422 habeantur,
1564 5366 1620 5411 ut
1639 5359 1727 5414 hic
1757 5375 1909 5431 quae-

306 5447 435 5501 dam
493 5446 564 5501 de
621 5446 869 5518 plurimis
922 5462 1138 5519 ponam,
1191 5447 1473 5502 evidenter
1510 5445 1904 5503 manifestatur.

313 5565 336 5592 ι
369 5544 637 5612 Delatori,
661 5544 907 5616 inquiunt
939 5547 1086 5618 (cap.
1107 5548 1194 5612 ὅτ,
1215 5545 1326 5613 73),
1359 5553 1450 5598 aut
1477 5544 1665 5616 lingua
1693 5547 1910 5616 capule-

2023 4555 2304 4625 sapientia,
2344 4555 2473 4626 quia
2509 4557 2624 4612 hazc
2673 4556 2727 4609 in
2773 4556 2904 4626 ipsis
2949 4557 3229 4611 sententiis
3271 4556 3456 4610 videre
3499 4571 3608 4608 non

2018 4644 2258 4715 potuisti,
2291 4644 2377 4699 vel
2409 4644 2594 4700 videre
2626 4661 2734 4700 non
2765 4644 3002 4710 voluisti,
3038 4660 3159 4699 cum
3193 4644 3346 4716 legas
3393 4643 3610 4714 episce-

2019 4749 2119 4803 pus
2169 4742 2353 4789 sancta
2392 4726 2964 4788 animalia'Ezechieli
3015 4740 3238 4786 ostensa
3287 4732 3444 4802 plena
3490 4748 3611 4788 esse

2018 4822 2189 4876 oculis
2230 4831 2350 4876 ante
2395 4830 2448 4877 et
2476 4832 2641 4889 retro,
2686 4830 2736 4876 et
2777 4829 3123 4892 arrogantem
3173 4821 3506 4876 Phariszeum
3535 4822 3610 4876 ibi

2016 4907 2234 4966 Oculum
2283 4927 2388 4965 non
2428 4911 2703 4975 habuisse,
2732 4911 2820 4963 ubi
2834 4909 3089 4977 jactando
3123 4925 3448 4964 enumerans
3471 4912 3609 4966 bona

2017 5015 2116 5052 sua
2144 4999 2429 5068 publicano
2459 5016 2516 5053 se
2548 4998 2797 5069 praetulit.
2834 4998 2970 5052 Hinc
3000 4998 3160 5052 etiam
3189 4999 3258 5053 de
3287 5007 3340 5054 te
3382 4999 3612 5072 intelligi

2015 5096 2190 5158 potest
2222 5089 2366 5159 quod
2398 5088 2652 5142 Salomon
2694 5085 2821 5140 dicit
2856 5103 2868 5138 :
2905 5089 3173 5143 Doctrina
3210 5105 3314 5144 sua
3357 5091 3612 5145 noscitur

2015 5179 2120 5232 vir:
2135 5179 2228 5250 qui
2244 5183 2435 5232 autem
2455 5193 2630 5230 vanus
2644 5179 2698 5230 et
2715 5191 2913 5231 excors
2927 5181 3030 5243 est,
3034 5179 3223 5250 patebi
3229 5182 3250 5232 t
3261 5178 3614 5250 contemptui

2013 5266 2196 5332 (Prov.
2231 5258 2352 5334 xu);
2387 5265 2679 5319 EtSeneca
2701 5280 2842 5334 pene
2859 5265 3216 5332 Christianus,
3258 5275 3311 5322 et
3365 5267 3607 5337 apostolo

2015 5354 2179 5409 Paulo
2213 5353 2491 5408 familiaris
2524 5369 2536 5407 :
2571 5353 2892 5421 Videndum,
2931 5355 3121 5428 inquit,
3142 5373 3214 5412 ne
3239 5373 3339 5428 per
3363 5373 3484 5429 quae
3513 5357 3609 5412 ad-

2010 5444 2241 5498 miratio
2261 5445 2518 5514 paratur,
2556 5443 2800 5500 ridicula
2831 5448 2886 5500 et
2907 5445 3094 5500 odiosa
3123 5447 3260 5500 sint.
3301 5468 3322 5492 η
3364 5445 3430 5500 Et
3484 5444 3612 5500 item

2011 5539 2267 5594 Salomon
2301 5556 2312 5592 :
2349 5539 2623 5606 Quomodo
2643 5545 2694 5598 si
2712 5547 2946 5613 argento
2974 5543 3192 5599 sordido
3223 5559 3435 5599 ornare
3475 5543 3610 5596 velis
