4164 6318
559 326 663 382 3'19

1447 318 1792 378 HINCMARI
1826 316 2228 378 RHEMENSIS
2276 314 2826 376 ARCHIEPISCOPI.

3761 325 3867 379 380

547 466 643 507 vas
667 449 865 520 ﬁctile,
883 450 964 506 sic
988 449 1135 506 labia
1153 449 1439 504 tumentia
1453 463 1586 504 eum
1601 448 1840 518 pessimo
1869 445 2031 504 corde
2051 461 2142 502 so-
2172 442 2230 506 A
2249 443 2444 500 vinitas
2473 444 2723 518 cruciﬁgi
2752 460 2860 501 non
2890 444 3084 517 potuit,
3116 445 3282 502 homo
3308 452 3390 502 est
3426 445 3518 519 qui
3565 445 3864 504 cruciﬁxus

551 539 706 593 ciata
725 537 911 609 (Prov.
935 536 1116 607 xxvr).
1135 535 1209 592 Et
1233 535 1368 592 Cato
1393 552 1407 590 :

656 622 808 687 Audit
825 623 961 682 quod
984 633 1085 687 non
1111 623 1348 687 vultuqul
1365 623 1544 687 peer
1561 619 1887 687 dicereguod
1920 620 2041 668 vult.

660 677 811 740 glgus
832 676 1100 740 proserpit,
1123 677 1259 740 quod
1277 676 1440 740 'stul'ta
1455 676 1656 740 silentia
1675 676 1855 740 celant.

657 731 794 777 Tolle
813 729 932 777 mali
967 729 1323 787 te'stes,'levius
1344 731 1476 776 mala
1497 732 1667 776 nostra
1688 729 1922 776 feremus.

546 810 703 868 Unde
731 810 860 867 item
892 810 1149 868 Salomon
1184 813 1374 885 :Ejice
1393 811 1718 877 derisorem,
1734 814 1792 866 et
1819 809 2000 866 exibit
2018 824 2149 865 cum

549 916 611 956 eo
619 903 897 974 iurgium,
910 902 1098 957 cessab
1105 904 1314 974 unique
1324 916 1510 957 causa:
1520 903 1576 956 et
1587 916 1688 956 con
1698 899 1947 955 tumeliw
1959 897 2145 969 (Prov.

549 991 717 1058 xm).
747 989 803 1045 Si
831 1005 964 1048 vero
984 989 1110 1046 ideo
1133 989 1264 1045 talia
1292 1005 1412 1060 quae
1442 988 1539 1043 tibi
1566 988 1685 1044 visa
1715 994 1857 1053 sunt,
1892 987 1962 1042 de
2001 1001 2148 1057 prte-

548 1075 675 1133 fatis
704 1078 1004 1146 sententiis,
1055 1093 1122 1135 ac
1173 1094 1319 1150 saepe
1372 1077 1690 1133 memoratis
1749 1074 2012 1147 epistolis,
2044 1074 2147 1129 de-

549 1167 874 1235 truncando,
907 1176 961 1222 et
1004 1167 1473 1239 praeposterando,
1537 1173 1698 1238 atque
1754 1163 2148 1220 disordinando

547 1253 839 1328 collegisti,
873 1254 1001 1328 quia
1029 1253 1164 1310 forte
1193 1254 1391 1326 putasti
1419 1253 1694 1310 neminem
1724 1252 1894 1308 alium
1925 1251 2147 1307 easdem

547 1343 862 1409 sententias,
913 1343 1000 1399 vel
1048 1342 1194 1415 ipsas
1240 1342 1516 1414 epistolas,
1566 1350 1766 1415 praeter
1814 1349 1866 1396 te
1916 1339 2145 1405 habere,

547 1429 751 1487 idcirco
798 1431 928 1487 talia
967 1431 1140 1487 libere
1183 1439 1236 1487 te
1285 1431 1606 1487 existimasti
1650 1446 1820 1502 posse
1859 1428 2143 1502 colligere,

547 1535 636 1574 res
664 1519 805 1575 mira
833 1527 936 1589 est,
967 1535 1092 1576 cum
1120 1520 1189 1575 de
1218 1519 1353 1591 ipsis
1387 1519 1670 1575 sententiis
1716 1518 1879 1590 plena
1926 1517 1996 1572 sit
2041 1516 2149 1571 ista

547 1615 708 1674 terra,
743 1607 881 1664 sicut
908 1615 963 1665 et
999 1609 1069 1664 de
1113 1608 1254 1664 libro
1302 1609 1656 1664 collectarum
1701 1606 2053 1680 epistolamm
2078 1604 2146 1659 ab

543 1695 770 1764 Isidoro,
804 1713 967 1769 quem
998 1696 1067 1752 de
1089 1696 1345 1768 Hispania
1371 1697 1595 1752 allatum
1620 1695 1864 1752 Riculfus
1910 1694 2145 1767 Mogun-

2244 531 2364 588 fuit.
2396 534 2476 589 Tu
2505 549 2595 590 me
2623 533 2976 606 reprehendis
3005 533 3129 609 quia
3179 533 3320 601 dico,
3375 533 3635 608 quoniam
3695 545 3864 594 ante-

2246 636 2411 693 quam
2441 631 2499 677 tu
2528 622 2728 678 fuisses
2759 630 2938 691 natus,
2973 639 3080 697 ego
3111 638 3353 680 canones
3377 623 3534 692 scivi,
3566 624 3787 693 jactans
3809 634 3864 682 te

2245 724 2347 766 cur
2375 726 2487 766 non
2516 710 2612 766 tibi
2640 711 2800 767 liceat
2821 711 2982 779 scire,
3016 711 3108 784 qui
3134 720 3258 784 post
3283 729 3372 768 me
3403 712 3662 781 didicisti,
3711 715 3866 787 quod

2249 814 2354 871 ego
2384 799 2500 857 scio
2529 799 2622 873 qui
2649 807 2772 856 ante
2801 808 2853 857 te
2880 800 3064 857 didici.
3099 800 3207 858 Sed
3249 801 3452 857 Paulus
3506 818 3614 858 non
3673 811 3758 859 est
3791 802 3864 859 de

2249 895 2340 944 tuo
2368 889 2538 945 corde
2565 889 2796 960 locutus,
2831 888 2922 962 qui
2966 889 3160 962 legens
3184 889 3383 946 dictum
3410 907 3444 945 a
3470 891 3658 963 Moyse
3692 909 3708 946 :
3759 892 3862 948 In-

2251 980 2472 1048 terroga
2513 981 2739 1051 patrem
2772 982 2934 1034 tuum
2973 982 3034 1035 et
3049 979 3424 1035 annuntiabit
3464 980 3582 1046 tibi,
3617 981 3864 1053 majores

2251 1069 2376 1121 tuas-
2391 1069 2450 1121 et
2468 1067 2661 1124 dicent
2672 1067 2777 1122 tibi
2789 1066 2975 1135 (Deut.
3008 1067 3219 1140 χχιιι),
3237 1066 3503 1139 gloriatur
3523 1083 3584 1123 se
3599 1067 3864 1126 didicisse

2247 1151 2431 1225 legem
2449 1153 2518 1208 ad
2538 1154 2710 1225 pedes
2735 1154 3055 1211 Gamalielis
3082 1155 3227 1226 (Act.
3251 1156 3399 1228 xx")
3423 1174 3436 1211 :
3461 1164 3514 1212 et
3525 1155 3707 1212 sciens
3737 1157 3867 1229 quia

2247 1241 2466 1314 quando
2525 1243 2794 1314 superbus
2845 1249 2982 1312 erat,
3012 1243 3082 1299 de
3147 1243 3289 1300 ccelo
3350 1252 3433 1302 est
3489 1252 3801 1316 prostratus
3829 1263 3864 1301 a

2245 1329 2500 1398 Domino,
2533 1338 2588 1386 et
2607 1331 2700 1403 qui
2718 1330 3046 1403 praedicator
3083 1330 3293 1388 futurus
3325 1340 3462 1402 erat,
3502 1349 3612 1388 non
3670 1343 3859 1390 tamen

2246 1433 2373 1475 mox
2402 1426 2460 1475 ut
2502 1418 2822 1491 praedicaret
2867 1420 3014 1492 quod
3042 1419 3251 1477 viderat
3295 1420 3522 1488 audivit,
3582 1421 3681 1478 sed
3701 1422 3753 1477 ei
3775 1423 3866 1492 ja-

2247 1507 2392 1563 centi
2420 1507 2616 1564 dicitur
2643 1525 2659 1562 :
2690 1508 2984 1580 Ingredere
3004 1509 3067 1565 in
3079 1509 3387 1575 civitatem,
3424 1513 3482 1566 et
3515 1510 3738 1566 dicetur
3754 1511 3864 1568 tibi

2247 1596 2453 1670 quidte
2480 1600 2735 1669 oporteat
2763 1599 2954 1669 facere
3002 1598 3146 1667 (Act.
3185 1600 3288 1669 ιχ).
3338 1598 3408 1653 Et
3443 1599 3549 1655 hoc
3588 1598 3860 1655 Dominus
3894 1654 3909 1669 ,

2248 1700 2372 1740 eum
2400 1684 2468 1740 ab
2494 1685 2700 1741 Anania
2733 1685 2946 1742 discere
2967 1685 3154 1753 voluit,
3185 1686 3330 1743 unde
3359 1686 3478 1759 ipse
3506 1703 3632 1743 eum
3670 1687 3859 1744 statim

543 1784 688 1840 tinus
716 1785 1008 1857 episcopus
1037 1786 1094 1841 in
1140 1786 1475 1855 hujusmodi,
1525 1785 1664 1842 sicut
1702 1792 1756 1840 et
1791 1784 1849 1839 in
1893 1783 2146 1855 capitulis
2176 1780 2304 1862 Bet
2342 1773 2414 1862 νίῑι
2456 1782 2735 1830 momento
2780 1790 2881 1845 P8P
2934 1774 3327 1833 ι’θνθιδιίοῑιεω
3382 1775 3557 1848 POluit
3611 1776 3846 1832 ἀοοθΐθο

541 1873 728 1947 regiis,
773 1874 1052 1930 studiosus
1098 1873 1347 1941 obtinuit,
1390 1883 1443 1929 et
1491 1874 1626 1929 istas
1646 1872 1903 1945 regiones
1946 1888 2013 1928 ex
2057 1871 2153 1927 illo
2180 1861 2213 1862 ἡ
2253 1861 2464 1918 Βεὶῑιάθ
2479 1863 2626 1918 venit
2642 1863 3078 1935 Hierosolymam
3106 1863 3295 1920 videre
3308 1864 3530 1920 Petrum
3561 1864 3858 1938 (Galat.1).

545 1957 747 2029 repleri
777 1956 923 2014 fecit.
958 1959 1018 2013 In
1050 1958 1206 2029 cujus
1233 1957 1550 2030 prmfatione
1578 1957 1726 2013 idem
1756 1956 1997 2012 Isidorus
2024 1955 2154 2012 dicit
2252 1950 2461 2009 Deinde
2482 1959 2608 2022 post
2625 1967 2798 2008 annos
2828 1951 3241 2024 quatuordecim
3284 1953 3534 2009 ascendit
3586 1953 3860 2010 Hieroso-

542 2046 613 2100 de
631 2045 1004 2118 apostolorum
1025 2046 1346 2114 canonibus,
1388 2047 1534 2119 quod
1565 2062 1600 2102 a
1637 2045 1958 2118 quibusdam
1973 2044 2154 2101 dican-
2258 2036 2459 2110 lymam
2486 2039 2697 2107 (Galat.
2718 2040 2781 2112 ιι)
2812 2040 3114 2096 secundum
3142 2039 3550 2112 revelationem,
3574 2050 3627 2098 et
3654 2051 3859 2099 contu-

546 2141 633 2189 tur
681 2135 1003 2206 apocryphi,
1061 2143 1115 2190 et
1158 2135 1347 2207 plures
1395 2150 1490 2190 eos
1534 2133 1820 2206 recipiant,
1870 2141 1924 2188 et
1979 2139 2150 2194 sancti
2252 2127 2311 2183 lit
2358 2143 2484 2184 cum
2513 2128 2952 2185 antecessoribus
3007 2128 3120 2184 suis
3173 2129 3435 2201 apostolis
3488 2128 3861 2204 Evangelium

543 2222 732 2279 Patres
761 2238 945 2278 eorum
988 2223 1286 2278 sententias
1328 2221 1575 2296 synodali
1620 2222 1938 2279 auctoritate
1982 2222 2147 2278 robo-

544 2317 824 2378 raverunt,
859 2320 913 2367 et
957 2310 1434 2368 inter'canonicas
1479 2311 1894 2368 constitutiones
1940 2326 2146 2381 posue-

543 2406 665 2453 runt
717 2400 909 2471 :quod
954 2400 1023 2456 de
1072 2400 1400 2472 quibusdam
1455 2400 1740 2456 sententiis
1793 2415 1981 2456 verum
2039 2406 2142 2467 est,

539 2485 679 2543 sicut
708 2486 836 2542 alibi
862 2487 921 2542 in
947 2489 1052 2544 hoc
1073 2488 1339 2560 opusculo
1358 2496 1515 2561 potes
1536 2489 1742 2562 legere.
1764 2487 2144 2544 Diﬂ'erentiam

538 2590 757 2648 quoque
787 2575 927 2637 inter
954 2576 1217 2649 epistolas
1245 2593 1378 2650 quas
1408 2577 1633 2651 collegit
1662 2585 1717 2632 et
1745 2592 1936 2633 sacros
1969 2591 2134 2633 cano-

535 2679 653 2732 nes,
679 2680 744 2719 ex
773 2665 958 2720 verbis
986 2665 1130 2720 beati
1157 2665 1385 2733 Gelasii,
1419 2665 1616 2738 quibus
1642 2674 1695 2721 et
1725 2681 1825 2721 sua
1852 2665 2024 2721 verba
2051 2664 2140 2720 in-

537 2752 816 2822 terposuit,
858 2752 1004 2809 fecit.
1036 2754 1117 2808 De
1149 2754 1374 2810 Nicaeno
1403 2762 1585 2810 autem
1633 2754 1865 2810 concilio
1921 2769 2031 2809 non
2057 2760 2142 2809 est

537 2839 613 2896 ita
639 2846 697 2895 ut
725 2840 964 2912 scripsit,
997 2841 1156 2897 sicuti
1183 2841 1368 2912 multis
1397 2841 1775 2898 auctoritatum
1816 2841 2140 2897 testimoniis

536 2929 876 3001 approbatur
906 2947 922 2984 :
954 2937 1008 2985 et
1028 2930 1174 3003 quod
1199 2931 1269 2986 de
1299 2931 1508 3001 pascha
1554 2947 1620 2986 ex
1674 2931 1901 3002 epistola
1955 2929 2137 2985 Theo-

535 3016 669 3088 phili
704 3016 941 3089 protulit,
1003 3019 1094 3091 qui
1147 3019 1550 3075 ecclesiasticas
1600 3018 1861 3074 historias
1892 3017 2046 3092 legit,
2080 3018 2136 3073 in

532 3106 726 3162 eodem
758 3107 990 3164 concilio
1011 3107 1080 3162 de
1110 3108 1317 3178 pascha
1347 3123 1472 3164 cum
1493 3106 1745 3179 capitulis
1773 3107 1972 3162 ibidem
2003 3123 2134 3163 con-

2251 2216 2397 2289 quod
2422 2216 2757 2289 prmdicabat
2784 2217 2841 2273 in
2869 2217 3123 2291 gentibus
3168 2218 3351 2291 (ibid)
3402 2235 3416 2274 :
3452 2233 3698 2276 seorsum
3748 2235 3860 2276 au-

2246 2313 2357 2361 tem
2386 2321 2512 2362 cum
2539 2306 2624 2361 his
2653 2306 2745 2378 qui
2774 2306 3096 2362 videbantur
3121 2306 3547 2378 praestantiores,
3595 2323 3666 2363 ne
3712 2306 3860 2364 forte

2246 2393 2303 2448 in
2330 2409 2560 2450 vacuum
2609 2403 2850 2451 curreret
2905 2403 2996 2450 aut
3045 2395 3395 2451 cucurrisset.
3446 2395 3516 2452 Et
3569 2397 3689 2453 haec
3726 2395 3857 2454 dico

2245 2498 2356 2538 non
2385 2483 2643 2556 ignorans
2673 2484 2742 2538 de
2773 2483 3099 2556 quibusdam
3124 2483 3329 2540 dictum
3356 2483 3526 2541 fuisse
3559 2486 3659 2542 :In
3687 2488 3855 2542 anti-

2244 2573 2465 2644 quisest
2497 2574 2783 2646 sapientia
2802 2572 2938 2644 (Job.
2961 2574 3088 2640 xu),
3121 2580 3176 2629 et
3203 2573 3274 2628 de
3319 2572 3664 2646 quibusdam,
3709 2576 3857 2632 Cani

2244 2660 2508 2727 hominis,
2542 2661 2827 2734 sapientia
2867 2662 3007 2734 ejus.
3054 2661 3316 2716 Similiter
3361 2661 3431 2718 de
3466 2660 3799 2735 quibusdam
3833 2681 3849 2720 :

2247 2749 2467 2817 Quanto
2482 2750 2753 2819 iuniores,
2789 2753 2950 2806 tanto
2974 2751 3430 2824 perspicaciores,
3455 2759 3509 2806 et
3524 2751 3593 2806 de
3621 2751 3855 2823 quibus-

2239 2836 2365 2892 dam
2393 2836 2825 2909 intelligendum,
2856 2839 3075 2908 Quanto
3076 2839 3358 2912 juniores,
3409 2842 3568 2896 tanta
3586 2841 3849 2914 pervica-

2237 2925 2434 2992 ciores,
2459 2925 2529 2981 de
2558 2926 2810 2997 qualibus
2849 2925 3048 2982 Paulus
3089 2926 3220 2982 dicit
3251 2945 3265 2982 :
3300 2928 3425 2984 Erit
3460 2932 3682 3001 tempus
3712 2945 3850 2986 cum

2237 3030 2440 3070 sanam
2451 3015 2770 3070 doctrinam
2799 3032 2917 3072 non
2946 3016 3359 3084 substinebunt,
3378 3016 3558 3074 sedad
3581 3034 3687 3075 sua
3707 3016 3856 3076 desi-

2239 3102 2399 3159 deria
2425 3105 2838 3160 conservabunt
2857 3105 2961 3160 sibi
2988 3107 3287 3178 magistros
3317 3105 3393 3179 (ΙΙ
3407 3106 3543 3162 Tim.
3563 3106 3664 3177 1v),
3687 3114 3744 3163 et
3763 3124 3856 3163 re-

532 3195 728 3250 stitutis
758 3195 1046 3266 epistolam
1075 3158 1351 3252 ccnditam
1381 3158 1600 3268 reperi;
1635 3196 1894 3265 De‘cujus
1924 3195 2134 3252 scilicet
2174 3158 2407 3264 Cliqua.
2440 3193 2507 3247 Et
2525 3192 2781 3265 quoniam
2814 3193 3018 3249 scimus
3037 3158 3151 3260 ubi,
3183 3202 3237 3249 et
3268 3158 3472 3267 quanto
3493 3158 3760 3267 tempore,
3792 3206 3854 3253 et

531 3282 723 3338 lsidori
751 3283 931 3351 dictis,
965 3285 1063 3339 sed
1093 3293 1146 3340 et
1174 3285 1244 3340 de
1271 3285 1503 3356 epistola
1531 3285 1772 3351 Damasi,
1806 3301 1971 3356 quam
2018 3301 2131 3340 suae

529 3370 836 3442 praefationi
865 3373 1167 3444 supposuit,
1202 3381 1255 3428 et
1283 3373 1587 3430 collectioni
1617 3372 1934 3445 praeposuit,
1974 3389 2130 3446 qum-

529 3458 655 3514 dam
686 3476 908 3531 possem
937 3460 1208 3533 prolixius
1254 3462 1566 3520 ostendere.
1618 3463 1728 3517 Sed
1774 3476 1900 3518 cum
1945 3462 2017 3516 ad
2063 3477 2131 3517 ea

529 3563 654 3621 qua:
685 3547 810 3606 hinc
860 3558 983 3605 sunt
1037 3565 1194 3622 opus,
1252 3550 1569 3622 apostolica!
1621 3550 1769 3606 sedis
1826 3549 2043 3617 Leonis,
2076 3558 2130 3606 et

529 3636 750 3703 Gelasii,
784 3654 850 3696 ac
877 3647 1200 3695 caeterorum
1227 3638 1545 3710 pontificum
1588 3641 1958 3697 Romanorum
2004 3646 2129 3711 post

527 3726 844 3794 Damasum,
908 3726 1359 3784 suﬂicientissime
1415 3728 1710 3785 auctoritas
1767 3736 1820 3782 et
1864 3727 2126 3799 explana—

526 3813 600 3870 tio
659 3823 928 3886 suppetat,
979 3816 1311 3888 supcrﬂuum
1375 3817 1505 3872 duxi
1559 3833 1669 3872 non
1719 3816 2029 3872 necessaria
2070 3816 2123 3871 in

528 3903 767 3959 medium
796 3905 1079 3974 devocare,
1113 3923 1182 3961 ne
1210 3905 1343 3960 illud
1373 3905 1645 3977 poeticum
1674 3905 1808 3960 mihi
1835 3904 2124 3975 objiceres,

633 4001 704 4046 Tu
721 4010 788 4046 ne
808 4001 935 4049 forte
954 4002 1088 4050 foras
1123 4002 1176 4048 in
1201 4002 1394 4058 sylvam
1423 4001 1578 4058 ligna,
1599 4001 1780 4048 viator.

525 4080 606 4135 Tu
635 4079 788 4152 dicis,
819 4089 877 4137 ut
905 4083 1107 4145 audivi.
1141 4083 1265 4155 quia
1296 4098 1405 4138 non
1436 4098 1543 4156 ego
1571 4082 1720 4137 solus
1750 4081 1906 4153 sapio
1953 4095 2124 4138 cano-

413 4169 434 4185 “
528 4185 627 4224 nes
653 4179 706 4226 et
736 4187 928 4226 verum
958 4171 1116 4228 dicis.
1139 4174 1377 4244 Accepto
1389 4188 1618 4243 prorsus
1637 4172 1742 4228 hoc
1762 4171 1989 4229 dictum.
2011 4187 2121 4226 non

524 4258 648 4331 quia
677 4265 826 4315 tuum
856 4268 958 4326 est,
993 4260 1092 4315 sed
1121 4261 1244 4332 quia
1274 4277 1458 4317 verum
1471 4269 1573 4316 est.
1593 4260 1662 4316 Et
1677 4277 1782 4334 ego
1811 4259 1956 4330 dico,
1997 4258 2121 4332 quia

521 4363 629 4403 non
660 4355 715 4403 tu
744 4348 893 4404 solus
922 4349 1062 4403 bene
1092 4348 1349 4427 intelligis
1379 4365 1638 4406 canones.
1671 4358 1726 4404 et
1755 4365 1943 4404 verum
1974 4349 2116 4405 dico.

524 4435 725 4507 Recipe
752 4437 919 4509 igitur
955 4437 1059 4491 hoc
1089 4437 1315 4505 dictum,
1345 4454 1455 4493 non
1479 4437 1604 4510 quia
1650 4454 1832 4492 meum
1864 4446 1966 4504 est,
2021 4438 2120 4493 sed

2233 3280 2503 3354 aquibus,
2534 3289 2588 3338 et
2633 3298 2753 3354 quae
2793 3297 2857 3338 ac
2903 3290 3103 3354 quanta
3158 3281 3416 3351 didicisti,
3474 3284 3566 3356 qui
3614 3300 3725 3341 non
3783 3301 3850 3341 es

2232 3370 2425 3426 doctus
2450 3369 2506 3425 in
2537 3369 2727 3426 schola
2755 3369 3018 3438 Danielis,
3051 3371 3122 3426 de
3153 3387 3260 3444 quo
3307 3371 3526 3440 dicitur,
3575 3373 3849 3448 Nunquid

2232 3461 2298 3515 tu
2323 3459 2558 3515 Daniele
2587 3460 2900 3532 sapientior
2913 3459 2941 3513 ?
2961 3458 3184 3531 (Ezech.
3204 3463 3439 3533 xxvm.)
3458 3460 3699 3534 quandiu
3717 3462 3850 3518 talia

2227 3546 2326 3602 tibi
2373 3547 2445 3601 ad
2500 3547 2856 3605 intentionem
2910 3555 3060 3604 tuam
3089 3564 3199 3606 non
3253 3547 3561 3621 profutura,
3618 3567 3743 3623 quae
3781 3551 3841 3606 in

2230 3634 2555 3691 commentis
2584 3636 2690 3691 tuis
2716 3635 3077 3705 continentur,
3109 3636 3266 3694 vadis
3296 3637 3576 3709 fodiendo,
3622 3638 3835 3709 utilius,

2224 3725 2336 3780 imo
2367 3724 2494 3796 quia
2523 3725 2640 3781 haec
2668 3724 2882 3780 inutilia
2910 3734 3035 3781 sunt
3063 3725 3192 3783 utile
3246 3725 3344 3782 tibi
3372 3725 3514 3784 foret
3538 3726 3634 3782 illa
3675 3745 3837 3802 quae-

2228 3829 2374 3883 rere,
2405 3830 2526 3885 quae
2553 3814 2621 3869 ad
2647 3822 2798 3869 tuam
2827 3821 2879 3870 et
2903 3815 3321 3872 commissorum
3351 3815 3446 3871 tibi
3477 3813 3838 3874 salvationem

2226 3901 2499 3957 debueras
2528 3902 2790 3972 bajulare.
2828 3902 3048 3960 Scilicet
3104 3904 3376 3977 quomodo
3411 3903 3468 3960 in
3495 3905 3705 3978 regulis
3739 3922 3839 3963 sa-

2225 3990 2334 4047 cris
2361 3990 2566 4045 debeas
2594 3990 2916 4064 intelligere,
2951 3991 3079 4064 quia
3100 3992 3323 4065 quidam
3342 3993 3602 4063 jubentur
3658 4011 3839 4068 usque

2223 4078 2295 4134 ad
2351 4079 2579 4134 missam
2633 4082 3142 4137 catechumenorum
3195 4097 3420 4138 manere
3463 4081 3520 4138 in
3575 4082 3835 4150 ecclesia,

2223 4167 2446 4240 quidam
2475 4176 2657 4223 autem
2683 4168 2801 4224 sola
2829 4168 2971 4224 intra
2997 4169 3285 4226 ecclesiam
3308 4169 3549 4227 ﬁdelium
3585 4172 3836 4229 oratione

2216 4255 2375 4328 jungi
2423 4273 2594 4313 sacrae
2642 4257 3026 4330 mysteriorum
3079 4257 3400 4330 celebritati,
3450 4275 3484 4314 a
3508 4259 3836 4319 'Dominicm

2220 4352 2402 4403 autem
2430 4361 2635 4402 mensae
2655 4346 2904 4402 convivio
2925 4347 3228 4422 segregari.
3253 4347 3320 4403 Et
3354 4348 3462 4405 Leo
3483 4347 3615 4404 dicit
3634 4349 3830 4424 (epist.

2221 4438 2310 4501 91,
2343 4452 2394 4490 c.
2428 4435 2481 4501 4)
2529 4453 2543 4490 :
2608 4457 2630 4486 «
2692 4436 2788 4490 llis
2836 4436 2927 4508 qui
2971 4436 3027 4491 in
3073 4443 3320 4509 tempore
3377 4438 3745 4507 necessitatis,
3778 4450 3835 4496 et

521 4525 647 4597 quia
673 4541 862 4581 verum
893 4532 994 4579 est.
1024 4525 1093 4579 Et
1123 4524 1168 4578 si
1198 4533 1256 4579 tu
1287 4533 1339 4580 te
1368 4533 1525 4597 putas
1549 4525 1688 4581 scire
1713 4542 1835 4598 quae
1879 4542 1990 4582 non
2037 4526 2122 4581 di-
2148 4516 2445 4593 Dpericuli
2475 4523 2717 4594 urgentis
2747 4524 3023 4592 instantia,
3054 4524 3372 4597 praesidium
3398 4525 3734 4598 poenitentiae
3776 4536 3834 4584 et

522 4613 717 4679 dicisti,
749 4630 856 4686 ego
902 4612 1055 4668 illum
1097 4613 1373 4668 hominem
1421 4614 1597 4669 solum
1645 4613 1768 4670 dico
1823 4629 1966 4683 esse,
2025 4613 2118 4684 qui

523 4701 676 4756 scivit
703 4719 825 4775 quae
853 4719 963 4758 non
994 4702 1065 4757 ab
1093 4701 1312 4758 homine
1342 4703 1546 4770 didicit,
1581 4703 1650 4757 de
1681 4719 1788 4774 quo
1837 4702 2116 4757 admiran-

520 4795 605 4843 tes
633 4790 882 4847 dicebant
909 4792 1086 4848 Juda‘i
1117 4811 1129 4847 :
1165 4792 1440 4861 Quomodo
1474 4793 1564 4848 hic
1580 4793 1804 4847 litteras
1819 4793 1946 4857 scit,
1987 4807 2117 4846 cum

521 4892 639 4933 non
667 4879 929 4935 didicerit
949 4884 972 4936 ?
992 4882 1174 4952 (Joan.
1209 4885 1333 4954 vn.)
1357 4883 1423 4936 Et
1453 4880 1577 4936 ideo
1605 4879 1775 4951 potuit
1786 4895 1887 4950 per
1921 4878 2115 4934 idiotas

522 4972 576 5020 et
603 4965 907 5036 piscatores
927 4969 1122 5026 docere
1151 4979 1418 5031 oratores,
1443 4978 1493 5024 et
1539 4968 1836 5040 subjugare
1883 4967 1985 5022 sibi
2006 4985 2114 5023 1m-

520 5062 825 5125 peratores.
860 5056 928 5111 Et
957 5058 1085 5128 quia
1113 5076 1219 5132 ego
1247 5060 1369 5115 dico
1399 5059 1551 5114 illum
1605 5057 1783 5113 solum
1839 5057 2113 5114 hominem

521 5159 665 5211 esse,
699 5145 791 5216 qui
821 5145 977 5201 scivit
1008 5164 1129 5218 qum
1167 5149 1236 5202 ab
1265 5148 1486 5204 homine
1515 5163 1624 5203 non
1655 5146 1860 5214 didicit,
1894 5155 1948 5201 tu
1970 5147 2108 5203 vide-

521 5231 607 5288 bis
634 5232 702 5288 de
734 5234 914 5300 Paulo,
948 5236 1041 5307 qui
1067 5236 1197 5291 dicit
1226 5253 1286 5292 se
1314 5253 1424 5292 non
1455 5235 1709 5291 didicisse
1747 5236 1814 5290 ab
1871 5236 2106 5301 homine,

520 5321 618 5377 sed
647 5338 747 5393 per
776 5323 1164 5381 revelationem
1192 5326 1323 5379 Jesu
1352 5324 1573 5391 Christi,
1607 5342 1767 5397 quem
1796 5325 1941 5381 idem
1974 5327 2111 5381 Pau-

518 5410 604 5466 lus
631 5410 904 5468 hominem
957 5429 1080 5468 esse
1109 5429 1217 5469 non
1273 5413 1583 5487 denegavit,
1632 5415 1852 5486 quando
1890 5414 2022 5469 dixit
2051 5432 2110 5471 se

518 5499 668 5556 nihil
679 5502 842 5569 scire,
864 5503 979 5559 nisi
992 5504 1186 5559 Iesum
1205 5502 1509 5570 Christum,
1530 5507 1587 5560 et
1602 5505 1632 5560 h
1644 5521 1751 5561 uno
1764 5504 2107 5574 cruciﬁxum

518 5590 576 5659 (I
601 5589 722 5645 Cor.
744 5590 808 5663 ιι)
833 5608 846 5644 :
897 5590 1025 5663 quia
1054 5591 1215 5646 Jesus
1245 5591 1392 5647 Deus
1432 5601 1485 5647 et
1514 5593 1697 5653 homo,
1731 5592 1988 5664 quoniam
2019 5592 2108 5647 di-

2217 4626 2343 4666 mox
2371 4611 2832 4668 reconciliationis
2862 4613 3170 4685 implorant,
3203 4631 3306 4672 nec
3336 4614 3637 4672 satisfactio
3658 4615 3828 4673 inter-

2216 4697 2448 4755 dicenda
2478 4708 2580 4770 est,
2610 4717 2712 4757 nec
2742 4702 3112 4759 reconciliatio
3138 4703 3484 4778 deneganda.
3524 4725 3546 4755 ι
3568 4704 3638 4759 Et
3660 4705 3826 4762 Inno-

2216 4787 2426 4843 centius
2446 4788 2578 4845 dicit
2608 4790 2795 4862 (epist.
2822 4795 2872 4859 1,
2905 4807 2954 4846 c.
2991 4793 3078 4863 19)
3113 4809 3126 4846 :
3160 4793 3226 4848 Ut
3257 4809 3378 4864 quae
3399 4792 3616 4850 Christo
3648 4794 3816 4867 spiri-

2214 4877 2429 4934 tualiter
2454 4879 2661 4934 nubunt
2690 4887 2743 4934 et
2789 4894 2822 4934 a
2870 4872 3155 4936 sacerdote
3203 4882 3466 4949 velantur,
3525 4882 3572 4937 si
3627 4892 3823 4956 postea

2213 4965 2300 5022 vel
2327 4968 2544 5039 publice
2574 4966 2875 5038 nupserint,
2906 4968 2993 5024 vel
3029 4986 3088 5024 se
3142 4969 3392 5026 clanculo
3439 4972 3805 5044 corruperint,

2211 5071 2322 5110 non
2349 5072 2444 5110 eas
2474 5055 2837 5111 admittendas
2866 5072 2988 5113 esse
3017 5057 3087 5113 ad
3124 5058 3393 5132 agendam
3420 5060 3817 5131 paenitentiam,

2209 5144 2314 5199 nisi
2343 5144 2390 5198 is
2419 5144 2506 5200 cui
2535 5160 2596 5200 se
2619 5145 2912 5214 junxerant
2966 5146 3036 5202 de
3090 5147 3292 5204 mundo
3349 5148 3658 5205 recesserit.
3698 5170 3721 5200 ι
3747 5150 3818 5206 Et

2210 5233 2536 5288 leestinus
2563 5233 2692 5290 dicit
2713 5235 2899 5308 (epist.
2934 5239 2983 5301 1,
3019 5252 3069 5293 c.
3103 5237 3162 5308 2)
3196 5236 3302 5294 :Ut
3328 5237 3461 5292 nulli
3491 5236 3560 5292 sit
3615 5237 3809 5295 ultima

2208 5322 2527 5393 poenitentia
2554 5322 2892 5396 deneganda.
2932 5347 2956 5375 ν
2990 5325 3125 5381 Cum
3155 5326 3301 5382 enim
3348 5325 3530 5383 nullus
3585 5326 3806 5398 dicitur,

2208 5427 2370 5466 nemo
2399 5412 2675 5483 excipitur.
2710 5414 2777 5468 Et
2806 5414 2915 5470 Leo
2945 5413 3082 5469 sicut
3111 5415 3474 5487 praemisimus
3502 5417 3692 5490 (epist.
3717 5422 3810 5483 91,

2206 5515 2262 5556 c.
2302 5501 2356 5558 4)
2390 5519 2403 5554 :
2445 5521 2464 5553 κ
2501 5502 2922 5574 Implorantibus
2951 5520 3052 5561 nec
3073 5500 3392 5573 satisfactio,
3425 5505 3615 5578 inquit,
3644 5504 3809 5563 inter-

2204 5589 2437 5645 dicenda
2467 5598 2568 5661 est,
2601 5607 2703 5647 nec
2732 5592 3100 5650 reconciliatio
3128 5594 3471 5668 deneganda.
3512 5616 3534 5646 ι
3596 5594 3664 5650 Et
3692 5595 3808 5652 hm-
