4164 6306
269 287 361 340 3M

1008 282 1247 341 OPUSC.
1310 282 1397 340 ET
1452 282 1668 339 EPIST.
1732 281 1802 337 IN
1850 283 2073 341 CAUSA
2129 285 2472 343 HINCMARI
2530 287 2831 346 LAUDUN.

3466 294 3568 345 382

283 408 479 464 reticos
537 423 603 464 ac
654 408 1028 464 schismaticos
1086 408 1320 479 legimus
1366 407 1433 462 ad
1492 407 1874 463 ecclesiasticae
1904 408 2138 471 ARust.
2173 412 2362 478 Narb.,
2411 428 2530 483 cap.
2567 413 2666 479 8):
2704 437 2725 460 ‹‹
2762 414 2967 467 Horum
3018 429 3179 469 causa
3229 414 3329 469 D'ei
3368 412 3576 484 judicio

284 498 409 553 fidei
440 505 494 553 et
524 497 678 568 pacis
706 497 960 552 unitatem
998 497 1283 551 redeuntes
1314 513 1413 567 per
1442 512 1633 551 manus
1668 496 1880 567 episco-

281 586 421 659 palis
441 586 842 658 impositionem
864 586 917 639 in
938 585 1223 640 ordinibus
1253 586 1366 639 suis
1396 586 1593 640 debere
1614 584 1879 654 recipere,

282 685 335 731 et
360 676 712 747 presbyteros
740 676 827 730 vel
859 674 1118 729 diaconos
1150 674 1203 728 in
1233 673 1412 745 aliqua
1440 673 1684 746 graviori
1727 673 1883 742 culpa

284 764 588 829 convictos,
621 779 727 835 qua
748 779 845 818 eos
873 780 906 818 a
934 762 1237 817 ministerio
1255 779 1482 818 necesse
1505 762 1574 816 sit
1591 761 1880 827 removeri,

282 869 390 909 non
442 852 524 907 eis
565 868 756 906 manus
800 860 1056 924 tanquam
1104 850 1491 922 paenitentibus
1531 850 1731 904 debere
1775 849 1883 903 im-

281 941 439 1015 poni.
497 941 793 997 Sciendum
846 957 981 1012 ergo
1021 940 1180 994 nobis
1229 948 1332 1005 est,
1384 955 1481 995 cur
1522 938 1792 994 haereticis
1834 946 1886 993 et

284 1029 647 1087 schismaticis
678 1029 1032 1085 redeuntibus
1062 1045 1252 1082 manus
1281 1027 1594 1099 imponitur,
1631 1035 1681 1081 et
1718 1026 1886 1097 lapsis

283 1119 605 1175 diaconibus
634 1119 721 1174 vel
750 1118 1081 1189 presbyteris
1128 1118 1197 1171 ad
1244 1116 1739 1172 reconciliationem
1784 1131 1885 1170 ne—

285 1224 563 1281 quaquam
604 1223 799 1262 manus
848 1206 1159 1278 imponitur,
1202 1205 1271 1260 de
1316 1205 1514 1277 quibus
1556 1205 1663 1259 Leo
1708 1203 1837 1258 dicit
1871 1221 1882 1257 :

288 1322 310 1347 α
348 1296 639 1367 Hujumodi
676 1296 844 1367 lapsis
892 1296 960 1350 ad
990 1294 1411 1365 promerendam
1451 1292 1886 1347 misericordiam

286 1386 387 1443 Dei
444 1386 715 1457 privatam
772 1401 895 1439 esse
951 1384 1306 1454 expetendam
1360 1381 1747 1447 secessionem,
1798 1380 1888 1433 ubi

285 1475 392 1530 illis
426 1473 744 1541 satisfactio,
779 1473 850 1527 sit
877 1471 1033 1526 fuerit
1055 1471 1238 1543 digna,
1262 1471 1329 1524 sit
1351 1470 1514 1525 etiam
1534 1469 1830 1524 fructuosa.
1861 1489 1882 1518 »

284 1566 356 1619 Et
398 1563 543 1618 idem
586 1563 695 1617 Leo
739 1561 869 1617 dicit
904 1579 916 1615 :
954 1583 977 1611 ‹‹
1013 1562 1080 1615 Ut
1110 1560 1155 1613 si
1201 1559 1319 1630 quis
1352 1559 1406 1612 in
1436 1558 1653 1631 regulas
1701 1572 1888 1612 sacras

286 1651 640 1716 commiserit,
672 1649 887 1705 veniam
918 1648 1020 1702 sibi
1048 1648 1305 1717 deinceps
1326 1647 1535 1702 noverit
1566 1645 1884 1714 denegari.»

287 1741 357 1796 Et
414 1741 470 1795 S.
533 1738 861 1813 Gregorius,
924 1753 989 1792 ac
1046 1736 1229 1792 creteri
1285 1735 1513 1790 Romani
1572 1732 1963 1826 pontiiices,B

286 1829 385 1884 sed
443 1835 496 1883 et
552 1827 697 1882 sacri
751 1842 991 1882 canones
1047 1826 1229 1880 dicunt
1302 1824 1487 1895 lapsos
1566 1822 1620 1876 in
1698 1822 1889 1876 ordine

288 1932 398 1972 non
455 1916 660 1971 debere
715 1915 944 1981 restitui,
1004 1914 1141 1969 sicut
1196 1929 1296 1967 nec
1355 1911 1568 1983 publice
1619 1910 1890 1981 paeniten-

291 2014 373 2061 tes
427 2006 499 2060 ad
557 2003 985 2059 ecclesiasticum
1042 2002 1292 2057 ordinem
1351 1998 1680 2071 promoveri.
1744 1998 1891 2065 Quo-

288 2094 451 2150 modo
509 2108 645 2165 ergo
691 2091 1023 2163 paenitentia,
1078 2090 1123 2144 si
1173 2089 1335 2144 fuerit
1377 2089 1561 2161 digna,
1614 2083 1736 2141 esse
1787 2102 1891 2156 po-

292 2182 414 2240 terit
469 2181 770 2247 fructuosa,
832 2180 879 2233 si
934 2180 990 2234 in
1066 2179 1325 2251 gradibus
1400 2178 1512 2230 suis
1581 2176 1892 2244 hujusmodi

290 2271 620 2343 ptenitentes
663 2284 771 2323 non
818 2268 1073 2323 valebunt
1114 2265 1370 2321 restitui?
1413 2264 1554 2333 Quid
1583 2264 1727 2318 enirn
1756 2279 1892 2333 pro-

291 2361 411 2415 dest
440 2359 679 2413 triticum
709 2357 997 2421 seminare,
1050 2363 1101 2409 et
1145 2354 1379 2409 fructum
1422 2353 1567 2407 illius
1596 2369 1704 2407 non
1734 2352 1892 2406 colli-

292 2465 425 2522 gere
444 2447 472 2502 ?
501 2454 595 2501 aut
625 2446 847 2502 domum
875 2452 1212 2509 construere,
1247 2450 1298 2497 et
1327 2458 1434 2496 non
1466 2442 1577 2496 illic
1606 2441 1850 2495 habitare
1868 2440 1894 2493 ‘3

292 2536 557 2610 Nunquid
578 2537 675 2607 qui
690 2534 843 2589 cadit
858 2550 971 2588 non
984 2532 1055 2587 ad
1049 2535 1213 2603 jiciet
1230 2535 1294 2586 ut
1307 2534 1592 2601 resurgat?
1614 2550 1627 2595 ‹¹
1639 2532 1674 2584 Α
1685 2546 1798 2585 mos
1813 2530 1891 2597 v.)

296 2627 360 2681 Et
391 2625 758 2697 quorumdam
790 2623 1187 2685 haereticorum,
1214 2636 1447 2691 quorum
1478 2619 1748 2688 baptisma
1776 2633 1895 2687 pro-

294 2715 470 2782 batur,
524 2712 756 2768 clericos
806 2712 860 2765 in
908 2711 1188 2765 ordinibus
1234 2709 1346 2762 suis
1391 2707 1575 2777 recipi,
1628 2708 1893 2777 quosdam

294 2811 475 2858 autem
524 2801 762 2874 legimus
800 2800 971 2870 recipi
1001 2815 1108 2853 non
1140 2798 1361 2861 debere,
1394 2805 1447 2850 et
1494 2813 1523 2848 a
1573 2795 1896 2865 quibusdam

296 2891 567 2964 quosdam
597 2888 879 2945 haereticos
909 2888 993 2942 vel
1026 2885 1401 2941 schismaticos
1431 2900 1555 2939 cum
1587 2884 1896 2938 chrismatis

296 2981 570 3045 unctione,
604 2994 637 3032 a
666 2977 992 3049 quibusdam
1021 2976 1285 3047 quosdam
1314 2991 1413 3044 per
1443 2989 1636 3026 manus
1668 2971 1896 3041 imposi-

204 3056 217 3067 ’
297 3070 503 3124 tionem
533 3067 653 3121 sine
682 3065 987 3123 chrismatis
1017 3064 1290 3130 unctione,
1324 3079 1353 3116 a
1377 3062 1701 3133 quibusdam
1736 3076 1898 3130 quos-

296 3157 423 3213 dam
451 3157 572 3210 sine
601 3171 798 3209 manus
828 3152 1188 3224 impositione,
1225 3168 1349 3207 cum
1371 3150 1713 3221 professione
1737 3149 1897 3202 simul
1927 3122 1976 3185 Ο

297 3255 349 3302 et
381 3244 806 3315 subscriptione,
839 3258 871 3297 δ
891 3242 1215 3312 quibusdam
1234 3240 1498 3311 quosdam
1529 3246 1733 3291 tantum
1764 3252 1897 3306 pro-

297 3335 539 3391 fessione
566 3332 737 3403 recipi
768 3331 970 3386 debere
991 3330 1243 3402 legimus.
1278 3330 1341 3381 Et
1364 3328 1489 3381 item
1519 3326 1574 3379 in
1606 3326 1778 3380 sacris
1808 3341 1900 3379 ca-

298 3425 534 3480 nonibus
565 3422 800 3495 legimus
851 3422 1030 3489 (conc.
1082 3419 1293 3473 Arelat.
1330 3433 1389 3481 ιι,
1442 3431 1563 3471 can.
1593 3418 1682 3485 25‘)
1720 3434 1732 3469 :
1769 3436 1791 3464 «
1832 3415 1899 3468 Ut

298 3514 353 3568 hi
383 3512 475 3584 qui
504 3519 631 3583 post
660 3517 902 3565 sanctam
936 3507 1218 3579 religionis
1249 3504 1644 3576 professionem
1675 3511 1898 3573 aposta-

297 3608 431 3667 tant,
465 3607 521 3655 et
547 3600 617 3654 ad
646 3598 899 3654 saeculum
924 3597 1171 3660 redeunt,
1196 3603 1247 3649 et
1267 3594 1612 3665 postmodum
1634 3592 1899 3663 poeniten-

299 3691 385 3746 tiae
414 3688 657 3745 remedia
686 3704 796 3743 non
826 3685 1127 3757 requirunt,
1162 3684 1278 3738 sine
1308 3682 1623 3753 poenitentia
1654 3696 1900 3735 commu-

298 3780 521 3835 nionem
567 3776 783 3849 penitus
813 3791 923 3830 non
964 3773 1250 3844 accipiant.
1292 3798 1312 3818 ››
1366 3774 1431 3826 Et
1465 3789 1477 3825 :
1518 3794 1539 3820 «
1573 3772 1901 3823 Poenitentes

299 3868 387 3940 qui
414 3868 468 3922 in
516 3865 824 3921 inﬁrmitate
876 3864 1132 3917 viaticum
1164 3859 1537 3915 eucharisticae
1568 3858 1898 3928 acceperint,

301 3972 408 4012 non
439 3972 500 4011 se
533 3954 761 4010 credant
791 3952 1068 4006 absolutos
1097 3950 1211 4003 sine
1242 3964 1437 4003 manus
1467 3946 1830 4017 impositione,
1856 3946 1903 3998 si

300 4042 718 4116 supervixerint.
760 4065 780 4088 η
835 4042 901 4095 Et
942 4039 1198 4110 legimus,
1247 4037 1372 4108 quia
1422 4036 1558 4091 sicut
1605 4051 1772 4089 unum
1821 4042 1903 4087 est

297 4133 591 4205 baptisma,
642 4130 716 4184 ita
773 4136 826 4183 et
869 4144 978 4182 una
1021 4128 1183 4181 debet
1231 4142 1352 4179 esse
1399 4123 1731 4195 pu‘nitentia,
1784 4138 1903 4192 qua:

298 4232 481 4278 tamen
512 4218 729 4291 publice
759 4217 955 4288 agitur.
1007 4217 1076 4269 Et
1122 4223 1245 4268 sunt
1295 4214 1348 4267 in
1396 4213 1595 4267 nostris
1626 4210 1903 4281 parochiis

298 4310 538 4383 plurimi,
599 4308 691 4379 qui
746 4314 867 4378 post
899 4303 1267 4376 ptnnitentiam
1318 4310 1367 4355 et
1412 4300 1902 4355 reconciliationem

298 4416 395 4471 per
450 4413 654 4453 manus
707 4394 1126 4465 impositionem,
1187 4400 1237 4446 et
1280 4399 1404 4461 post
1445 4387 1900 4451 communionem,

1981 501 2313 553 reservanda
2343 508 2444 568 est,
2480 500 2533 553 in
2562 500 2716 569 cujus
2745 517 2904 555 manu
2937 501 3052 569 fuit,
3096 514 3154 557 ut
3182 504 3366 558 talium
3396 504 3574 559 obitus

1983 603 2154 659 usque
2191 588 2260 642 ad
2303 589 2701 644 communionis
2743 590 3041 644 remedium
3078 590 3409 647 differretur.
3458 593 3575 647 Nos

1984 685 2166 730 autem
2222 677 2418 747 quibus
2493 677 2798 732 viventibus
2856 694 2963 733 non
3022 680 3571 746 communicavimus,

1982 765 2210 819 mortuis
2239 765 2637 821 communicare
2667 782 2776 821 non
2804 783 3119 837 possumus.
3162 791 3182 815 ιι
3217 768 3322 822 Sed
3354 776 3403 823 et
3434 784 3574 839 quo-

1983 853 2146 908 modo
2176 854 2458 909 distinctos
2504 856 2704 925 gradus
2752 856 3146 926 pcenitentium,
3196 857 3263 910 de
3297 856 3493 927 quibus
3521 856 3576 911 in

1984 942 2284 998 canonibus
2312 942 2564 1014 legimus,
2598 944 2894 1014 poeniteant
2922 944 3247 1015 poenitentes
3279 944 3578 999 secundum

1982 1030 2235 1101 praefixos
2265 1032 2483 1102 gradus,
2518 1032 2821 1105 intelligere
2851 1042 2982 1104 quot
3015 1032 3139 1101 sint,
3164 1041 3217 1087 et
3247 1032 3337 1105 qui
3369 1033 3493 1102 sint,
3529 1040 3581 1086 et
3630 1062 3633 1065 -

1985 1120 2279 1174 observare
2310 1135 2445 1191 erga
2472 1119 2798 1190 peenitentes
2828 1121 2883 1175 in
2915 1120 3148 1177 ecclesia
3177 1121 3492 1189 debeamus,
3512 1136 3581 1175 ne

1985 1216 2173 1263 contra
2204 1224 2393 1263 sacras
2424 1209 2642 1280 regulas
2672 1208 2953 1277 faciamus,
2998 1226 3161 1265 nosse
3190 1227 3256 1265 ex
3286 1210 3584 1265 canonibus

1987 1297 2161 1352 sacris
2189 1297 2454 1351 debemus
2488 1316 2499 1350 :
2534 1298 2601 1351 de
2632 1298 2828 1369 quibus
2859 1299 3129 1369 qumdam,
3154 1299 3199 1353 si
3231 1299 3285 1352 in
3317 1298 3583 1369 opusculo

1986 1386 2088 1441 isto
2118 1386 2409 1455 diligenter
2438 1387 2749 1453 attenderis,
2804 1395 2853 1441 et
2885 1404 2947 1441 ea
2980 1388 3241 1443 reducere
3270 1388 3339 1442 ad
3368 1402 3582 1442 memo-

1987 1475 2121 1527 riam
2144 1475 2401 1541 volueris,
2424 1491 2543 1546 quae
2566 1475 2676 1543 jam
2696 1475 2790 1530 tibi
2811 1476 3014 1530 dixisse
3031 1492 3117 1529 me
3141 1475 3347 1540 recolo,
3367 1474 3582 1546 quando

1987 1562 2257 1616 videbaris
2310 1562 2679 1635 dignationem
2732 1564 2978 1618 discendi
3036 1564 3272 1629 habere,
3333 1571 3388 1618 et
3440 1562 3580 1617 velle

1987 1650 2232 1705 docenda
2262 1651 2495 1715 discere,
2526 1652 2729 1721 poteris
2759 1652 3083 1724 intelligere.
3110 1653 3244 1706 Sunt
3266 1659 3318 1705 et
3342 1651 3445 1705 alia
3465 1650 3582 1720 plu-

1989 1739 2147 1805 rima,
2200 1756 2319 1809 quae
2351 1740 2473 1793 hinc
2505 1739 2599 1792 tibi
2627 1748 2867 1809 poteram
2919 1749 3258 1811 computare,
3304 1740 3399 1794 sed
3428 1739 3579 1803 mihi,

1991 1828 2295 1898 praesertim
2327 1827 2467 1882 inter
2510 1828 2696 1898 spinas
2744 1829 3047 1894 seminanti,
3100 1845 3221 1883 esse
3265 1829 3488 1897 longum
3534 1834 3587 1881 et

1992 1915 2087 1969 tibi
2141 1915 2535 1970 infructuosum
2593 1916 2708 1971 fore
2766 1917 3053 1982 existimo,
3109 1917 3202 1988 qui
3255 1917 3584 1971 voluntatem

1993 2012 2141 2059 tuam
2169 2020 2231 2060 ac
2261 2004 2593 2059 desiderium
2623 2006 2692 2059 ad
2723 2022 2787 2060 ea
2811 2006 3033 2059 tendere
3064 2005 3332 2059 inhianter
3352 2004 3514 2058 audio
3537 2012 3587 2057 et

1992 2092 2171 2159 video,
2188 2110 2309 2165 qua?
2341 2098 2613 2165 tanquam
2634 2097 2829 2164 fenum
2854 2095 3119 2149 velociter
3139 2097 3416 2157 arescent,
3437 2093 3587 2147 etsi-

1992 2186 2090 2238 cut
2120 2183 2271 2237 olera
2305 2183 2605 2237 herbarum
2635 2185 2746 2237 cito
2779 2182 3039 2237 deciderit
3069 2180 3488 2252 (Psal.xxxrx.)
3508 2180 3586 2233 De

1994 2270 2190 2341 quibus
2224 2270 2416 2324 iterum
2466 2270 2725 2340 scriptum
2755 2278 2836 2324 est
2872 2289 2883 2324 :
2917 2273 3281 2326 Dormierunt
3328 2285 3587 2325 somnum

1993 2376 2180 2425 suum,
2200 2363 2255 2414 et
2286 2360 2435 2413 nihil
2464 2361 2810 2414 inve-nerunt
2827 2375 3017 2415 omnes
3049 2361 3155 2413 viri
3173 2359 3505 2412 diuitiarum
3525 2357 3587 2410 in

1992 2449 2254 2502 manibus
2282 2450 2421 2501 suis.
2444 2449 2520 2503 Ab
2542 2450 2929 2519 increpatione
2961 2452 3079 2511 tua,
3101 2449 3247 2501 Deus
3265 2446 3449 2528 Jaqob,
3469 2445 3588 2499 dor-

1993 2538 2133 2591 mita
2144 2540 2344 2590 verunt
2365 2537 2457 2607 qui
2479 2537 2860 2591 ascenderunt
2881 2552 3044 2608 equos
3061 2536 3235 2605 (Psal.
3260 2534 3458 2604 Lxxv).
3487 2554 3508 2583 κ
3528 2534 3588 2586 ln

1994 2633 2164 2679 morte
2200 2624 2410 2687 animas,
2444 2624 2611 2695 inquit
2646 2625 2965 2693 Gregorius,
3001 2623 3196 2678 mentis
3227 2622 3411 2677 oculos
3441 2636 3475 2675 a
3503 2636 3590 2675 ver

1995 2714 2168 2766 ritatis
2201 2714 2339 2767 lucet
2371 2713 2700 2782 clauserunt,
2726 2715 2817 2783 qui
2848 2714 2900 2766 in
2931 2712 3212 2782 pressantis
3228 2712 3351 2766 vita)
3380 2711 3588 2763 honore

1996 2800 2185 2856 confisi
2209 2809 2333 2855 sunt
2365 2818 2375 2855 :
2413 2802 2503 2871 qui
2525 2801 2839 2871 temporalis
2861 2817 3013 2854 amor
3032 2809 3084 2854 et
3102 2801 3292 2866 honor,
3314 2807 3424 2852 tum
3452 2796 3587 2852 sicut

1996 2891 2176 2944 fumus
2193 2889 2464 2958 deficient,
2498 2890 2603 2943 nisi
2624 2891 2693 2944 ad
2713 2898 2925 2959 tempus
2946 2889 3110 2943 fueris
3126 2888 3251 2942 inde
3268 2900 3586 2945 conversus,

1997 2980 2212 3050 quando
2257 2979 2501 3032 transibit
2531 2987 2701 3045 actus,
2751 2978 2988 3032 manebit
3032 2976 3129 3030 tibi
3160 2984 3359 3030 reatus.
3392 2995 3414 3022 ι
3462 2974 3591 3027 Ideo

1997 3075 2301 3137 oportuerat
2336 3075 2385 3121 te
2415 3067 2522 3131 illa,
2585 3083 2705 3137 qua).
2738 3067 2822 3120 hic
2855 3066 2947 3119 tibi
2977 3065 3235 3135 prodesse
3266 3064 3587 3132 inciperent,

1998 3165 2048 3211 et
2079 3157 2133 3210 in
2169 3173 2386 3225 semper
2433 3155 2681 3209 existenti
2733 3154 2932 3208 saeculo
2979 3152 3207 3223 amplius
3244 3152 3588 3222 prodessent,

1998 3246 2236 3317 quando,
2259 3245 2394 3298 sicut
2415 3244 2541 3298 dicit
2560 3244 2871 3313 Apostolus,
2898 3245 3081 3297 veniet
3110 3242 3251 3313 quod
3275 3242 3593 3313 perfectum

1999 3339 2102 3398 est,
2125 3338 2181 3387 et
2198 3334 2560 3387 cvacuabitur
2581 3334 2722 3404 quod
2744 3349 2817 3387 ea:
2832 3336 2996 3404 parte
3015 3335 3097 3385 est
3118 3332 3168 3397 (ξι
3192 3331 3311 3385 Cor.
3326 3329 3594 3397 x111),tota

1998 3422 2195 3476 mentis
2227 3420 2515 3475 devotione
2575 3420 2847 3490 amplecti,
2896 3420 2965 3473 de
3014 3419 3209 3488 quibus
3238 3417 3284 3471 si
3313 3416 3473 3471 hodie
3502 3424 3594 3470 aut

1999 3527 2120 3567 cras
2149 3511 2523 3581 interrogatus
2554 3508 2743 3573 fueris,
2769 3524 2900 3562 vera
2930 3517 2981 3561 et
3002 3506 3239 3561 salubria
3259 3505 3592 3575 respondere

1999 3600 2230 3654 valeres.
2278 3599 2385 3652 Sed
2429 3598 2550 3668 quia
2580 3614 2709 3651 usus
2738 3596 2979 3667 pessimo
3025 3602 3343 3666 preceptore
3391 3593 3589 3663 teipso,

1999 3687 2315 3757 dedignaris
2345 3687 2486 3740 scire
2518 3687 2661 3757 quod
2690 3685 2889 3751 nescis,
2924 3701 3047 3739 cum
3076 3684 3202 3737 inde
3231 3684 3594 3754 interrogatus

2000 3776 2185 3845 fueris,
2231 3784 2323 3829 aut
2366 3775 2665 3829 luesitando
2696 3774 3062 3827 dissimulabis
3106 3772 3455 3842 respondere,
3503 3778 3597 3824 aut

2000 3866 2206 3919 incerta
2226 3864 2468 3918 studebis
2489 3879 2749 3933 perverse
2769 3864 2988 3917 docere.
3013 3862 3255 3915 Tandem
3275 3861 3346 3914 ab
3368 3875 3433 3913 eo
3450 3858 3595 3929 quod

2001 3955 2056 4009 in
2086 3952 2189 4007 fine
2237 3953 2476 4022 pitacioli
2506 3952 2581 4006 tui
2619 3952 2813 4005 misisti
2845 3969 2857 4004 :
2894 3973 2915 4001 ‹‹
2950 3950 3270 4013 Decretalia,
3320 3948 3589 4018 inquiens,

2003 4059 2124 4112 qure
2179 4058 2211 4095 a
2256 4041 2457 4095 sanctis
2504 4039 2844 4109 pontificibus
2888 4039 3075 4108 prima:
3133 4037 3279 4091 sedis
3337 4038 3593 4090 Romana:

2002 4130 2265 4185 Ecclesia}
2293 4138 2415 4181 sunt
2446 4129 2705 4189 instituta,
2739 4127 2889 4194 cujus
2922 4126 3237 4179 auctoritate
3270 4133 3433 4193 atque
3466 4139 3590 4176 san-

2004 4219 2179 4273 ctione
2210 4233 2399 4271 omnes
2450 4216 2641 4286 synodi
2673 4223 2725 4267 et
2757 4222 2945 4269 sancta
2991 4212 3218 4267 concilia
3266 4212 3594 4265 roborantur

2003 4316 2055 4361 et
2085 4306 2429 4359 stabilitatem
2460 4311 2698 4369 sumunt,
2749 4320 2843 4357 cur
2876 4318 2971 4355 vos
3002 4316 3109 4355 non
3149 4300 3349 4354 habere
3378 4298 3464 4352 vel
3494 4298 3596 4351 ob-

2005 4394 2207 4449 servari
2239 4393 2438 4457 dicitis,
2473 4392 2575 4446 nisi
2607 4391 2732 4463 quia
2761 4399 2955 4445 vestra)
2975 4388 3297 4444 ordinationi
3319 4386 3598 4442 contradi—

298 4489 500 4543 iterum
530 4485 803 4550 labuntur,
827 4499 935 4537 non
959 4482 1131 4535 solum
1156 4480 1343 4543 semel,
1368 4479 1465 4531 sed
1495 4486 1545 4531 et
1576 4476 1814 4530 secundo
1836 4490 1897 4529 ac

2005 4484 2174 4539 cunt?
2210 4508 2229 4528 ι»
2264 4482 2430 4535 Miror
2461 4498 2627 4552 quare
2658 4497 2764 4535 non
2794 4479 2973 4535 vidisti
3007 4487 3057 4533 te
3088 4478 3370 4532 manifeste
3405 4476 3598 4530 redar—

300 4577 458 4631 tertio
493 4593 507 4630 :
544 4573 819 4645 quomodo
861 4571 1017 4626 nobis
1060 4570 1127 4623 de
1172 4570 1258 4622 his
1289 4567 1595 4623 faciendum
1628 4566 1713 4629 sit,
1759 4580 1899 4632 cum,

300 4665 438 4721 sicut
481 4661 879 4735 praemisimus,
951 4660 1065 4713 sine
1104 4657 1421 4728 poenitentia
1468 4654 1903 4710 communionem

300 4769 411 4809 non
440 4751 729 4823 accipient,
765 4749 851 4803 vel
896 4747 1168 4819 quomodo
1200 4746 1289 4817 qui
1321 4745 1587 4815 accipiunt
1620 4743 1903 4797 eucharis-

299 4843 449 4908 tiam,
475 4851 529 4896 et
553 4839 634 4895 sic
666 4838 988 4904 moriuntur,
1022 4835 1255 4889 absoluti
1279 4842 1455 4900 erunt,
1482 4832 1571 4904 qui
1594 4849 1699 4887 non
1724 4838 1906 4884 essent

303 4929 544 4986 absoluti
578 4928 694 4983 sine
733 4942 925 4981 manus
969 4923 1329 4994 impositione,
1384 4922 1427 4975 si
1476 4920 1903 4991 superviverent.

302 5020 372 5075 Et
388 5020 442 5073 in
460 5017 639 5073 sacris
657 5015 954 5071 canonibus
974 5014 1207 5085 legimus
1230 5016 1406 5073 (conc.
1436 5013 1649 5074 l'asen.,
1676 5025 1796 5064 can.
1818 5011 1903 5073 2):

306 5134 328 5155 ιι
366 5109 597 5171 Eorum,
630 5104 721 5177 qui
748 5103 1063 5174 poenitentia
1080 5109 1304 5171 accepta
1334 5101 1388 5153 in
1420 5100 1562 5153 bono
1594 5099 1714 5153 vitae
1746 5113 1905 5152 cursu

304 5194 669 5252 satisfactoria
715 5191 1130 5262 compunctione
1180 5190 1441 5255 viventes,
1497 5188 1611 5240 sine
1660 5202 1906 5239 commu-

303 5287 467 5341 nione
499 5282 782 5353 inopinato
829 5295 1215 5350 nonnunquam
1258 5276 1488 5331 transitu
1541 5276 1597 5327 in
1641 5276 1785 5345 agris
1817 5282 1908 5326 aut

302 5375 361 5430 in
389 5372 679 5429 itineribus
709 5368 1132 5441 prteveniuntur,
1163 5365 1491 5421 oblationem
1514 5362 1904 5431 recipiendam,

304 5471 362 5518 et
389 5476 584 5519 eorum
615 5458 807 5514 funera
834 5475 896 5513 ac
927 5456 1184 5526 deinceps
1200 5452 1519 5509 memoriam
1538 5450 1907 5510 ecclesiastico

304 5558 506 5617 olfactu
535 5555 996 5629 prosequendum.
1038 5575 1061 5603 ιι
1096 5554 1162 5607 Et
1191 5553 1299 5607 Leo
1329 5550 1459 5605 dicit
1488 5551 1674 5621 (epist.
1715 5551 1802 5611 92,
1838 5548 1909 5602 ad

2006 4573 2100 4646 gui
2134 4581 2186 4627 et
2216 4571 2511 4641 increpari,
2544 4587 2664 4625 cum
2692 4570 2804 4635 illa,
2830 4587 2949 4640 quae
2971 4568 3064 4621 tibi
3087 4568 3139 4621 in
3156 4582 3323 4637 parva
3345 4564 3600 4619 schedula

2007 4663 2150 4733 apud
2184 4659 2439 4715 Gundnlti
2474 4661 2654 4713 villam
2685 4660 2828 4724 dedi,
2866 4667 2915 4712 et
2946 4658 2997 4710 in
3028 4658 3129 4710 hoc
3158 4654 3419 4724 opusculo
3440 4669 3599 4723 supra

2007 4752 2183 4822 posui,
2214 4768 2335 4822 qua:
2367 4758 2577 4805 certum
2608 4757 2691 4803 est
2724 4758 2770 4802 te
2802 4747 3019 4813 habere,
3054 4743 3267 4813 penitus
3292 4743 3601 4813 praetermi-

2008 4842 2163 4905 seris,
2198 4840 2322 4907 nisi,
2384 4848 2438 4891 ut
2468 4847 2521 4891 tu
2549 4838 2667 4907 ipse
2697 4854 2759 4891 ex
2790 4833 3009 4888 alterius
3041 4831 3222 4885 verbis
3254 4831 3307 4884 in
3336 4839 3428 4886 tuo
3457 4832 3600 4902 pita-

2007 4930 2147 4984 ciolo
2179 4927 2464 4998 scripsisti,
2518 4927 2610 4997 qui
2638 4935 2739 4979 tum
2768 4921 3093 4977 ordinationi
3115 4965 3127 4985 ,
3179 4921 3232 4974 id
3264 4929 3345 4975 est
3374 4930 3478 4975 tuae
3508 4936 3601 4976 v0-

2006 5018 2212 5077 luntati,
2259 5025 2309 5070 et
2341 5024 2443 5069 tuae
2475 5013 2751 5067 intentioni
2783 5010 3173 5065 contradicunt.
3234 5010 3387 5065 Unde
3417 5009 3601 5063 inferri

2009 5106 2099 5160 tibi
2131 5115 2275 5160 recte
2308 5113 2485 5175 potest
2516 5103 2657 5168 quod
2692 5101 2950 5169 scriptum
2982 5107 3063 5153 est
3099 5117 3110 5153 :
3146 5101 3231 5154 Ea:
3279 5100 3454 5154 verbis
3487 5100 3601 5153 tuis

2009 5197 2279 5266 tcjzuliea
2330 5196 2484 5257 (Luc.
2528 5202 2671 5259 XIX),
2726 5189 2861 5243 sicut
2908 5189 3024 5258 ipse
3067 5188 3329 5258 scripsisti
3361 5188 3597 5242 dicens:

2013 5308 2033 5335 «
2058 5287 2196 5339 liceo
2217 5284 2300 5337 hic
2314 5279 2713 5335 cvidentissime
2736 5278 3052 5343 ostenditur,
3078 5278 3125 5332 si
3148 5278 3265 5348 quis
3287 5284 3475 5331 contra
3497 5276 3603 5329 R0-

2008 5388 2287 5427 manorum
2320 5367 2630 5440 pontiﬁcum
2661 5368 2879 5423 decreta
2909 5368 3131 5438 obloqui
3161 5363 3590 5437 prmsumpserit,

2001 5462 2119 5530 jure
2153 5459 2465 5513 temeritatis
2495 5466 2773 5529 urguetur.
2814 5480 2835 5507 λ»
2871 5458 3040 5528 Igitur
3070 5457 3192 5526 lege
3224 5455 3365 5507 illam
3398 5452 3597 5522 praefa—

2008 5560 2115 5605 tam
2148 5548 2477 5611 schedulam,
2503 5555 2555 5601 et
2586 5562 2748 5618 supra
2770 5547 2971 5617 scripta
2992 5540 3303 5615 pontiﬁcum
3328 5542 3598 5595 Romano-
