4164 6322
567 285 670 337 383

565 421 691 462 rum
719 406 940 463 decreta
969 421 1036 463 ex
1065 405 1232 462 sacris
1261 405 1564 462 canonibus
1596 406 1961 480 promulgata,
1994 416 2048 464 et
2077 409 2164 463 in-
2185 410 2243 472 Α

567 493 754 550 venies
781 502 836 551 te
861 493 1086 568 obloqui
1135 493 1450 566 pontiﬁcum
1485 496 1851 551 Romanorum
1882 497 2122 552 decretis
2152 514 2167 551 :

567 591 619 639 et
647 583 865 656 quando
895 581 1065 639 altera
1109 583 1228 640 vice
1258 584 1338 640 sic
1365 593 1617 640 accurate
1646 585 1900 651 dictabis,
1953 585 2168 641 studio-

564 687 657 728 sus
686 672 863 743 polire
890 671 1132 745 linguam
1183 680 1326 727 tuam
1368 672 1607 736 curabis,
1663 689 1734 728 ne
1764 674 1954 728 vitiose
1983 682 2168 730 contra

566 767 710 816 tuam
769 761 1182 833 grammaticam
1237 761 1448 827 dictes,
1509 761 1645 816 sicut
1699 761 1788 818 hic
1845 761 2021 818 fecisti
2079 763 2167 817 di-

567 864 700 904 cens
733 867 748 904 :
782 849 838 903 Si
869 849 991 920 quis
1011 857 1198 904 contra
1219 849 1579 904 Romanorum
1602 848 1918 920 pontiﬁcum
1947 851 2168 907 decreta

567 936 789 1009 obloqui
845 938 1272 1008 praesumpserit.
1354 939 1468 992 Nos
1538 937 1681 993 enim
1757 938 2032 1009 simplices
2101 955 2168 996 ac

568 1023 768 1092 idiota},
819 1025 866 1080 si
909 1025 1035 1081 hinc
1079 1025 1227 1098 loqui
1272 1025 1625 1098 contingeret,
1686 1025 2012 1091 diceremus,
2073 1037 2167 1083 aut

567 1121 756 1170 contra
802 1113 1168 1169 Romanorum
1230 1112 1544 1184 pontiﬁcum
1589 1115 1806 1171 decreta
1857 1115 2022 1187 loqui,
2077 1125 2167 1172 aut

569 1201 937 1258 Romanorum
994 1200 1308 1272 pontiﬁcum
1385 1203 1622 1258 decretis
1697 1204 1938 1274 obloqui.
2016 1205 2165 1260 Idem

568 1289 712 1345 enim
769 1299 869 1356 est,
929 1299 1019 1345 aut
1066 1299 1255 1346 contra
1296 1291 1661 1346 Romanorum
1705 1291 2019 1362 pontiﬁcum
2062 1293 2163 1348 de-

567 1386 713 1434 creta
766 1378 930 1450 loqui,
991 1386 1082 1433 aut
1133 1379 1498 1434 Romanorum
1555 1379 1870 1450 pontiﬁcum
1929 1380 2166 1436 decretis

567 1465 806 1538 obloqui,
853 1474 909 1520 ut
952 1481 1060 1520 non
1105 1467 1518 1522 contemnendae
1561 1468 1896 1523 auctoritatis
1937 1468 2165 1524 falsator

564 1553 694 1610 dicit
729 1573 740 1608 :

695 1711 994 1770 Obloquitur
1023 1713 1248 1760 numeris
1275 1714 1469 1770 septem
1497 1713 1792 1760 discrimina
1829 1725 2022 1761 vocum.

561 1847 715 1902 Unde
734 1855 857 1902 tuus
877 1847 1120 1915 Servius,
1140 1847 1456 1921 obloquitur
1470 1851 1747 1915 numeris,
1771 1849 2003 1905 dicendo
2023 1851 2164 1906 oblo-

562 1937 776 2008 quitur.
844 1935 1178 1990 chordarum
1241 1936 1508 2007 expressit
1555 1937 1794 2002 laudem,
1842 1952 1978 2008 quas
2033 1936 2164 1992 dicit

559 2023 742 2079 verbis
770 2023 977 2078 locutas
1010 2041 1023 2078 :
1056 2023 1278 2096 obloqui
1309 2024 1452 2078 enim
1483 2039 1592 2078 non
1618 2033 1700 2078 est
1731 2024 1833 2078 nisi
1863 2032 2052 2080 contra
2082 2025 2162 2080 lo-

562 2118 818 2182 quentem
841 2109 1008 2183 loqui.
1040 2111 1162 2180 Qua
1191 2112 1258 2167 de
1287 2128 1368 2179 re,
1402 2112 1448 2166 si
1480 2111 1734 2167 talionem
1765 2112 1896 2166 mihi
1927 2113 2160 2168 reddere

561 2197 823 2266 volueris,
855 2207 908 2254 et
937 2199 991 2253 in
1023 2200 1181 2256 dictis
1225 2201 1364 2256 meis
1407 2200 1862 2271 reprehensiones
1906 2217 2160 2272 quaerens

559 2286 832 2342 inveneris
857 2330 872 2354 ,
929 2304 1034 2360 ego
1085 2289 1199 2357 jam
1252 2289 1452 2360 spretis
1493 2289 1816 2358 jactantibus
1864 2304 2159 2360 puerorum

557 2374 860 2446 plausibus,
895 2377 986 2448 qui
1014 2385 1266 2433 manente
1295 2377 1506 2448 integro
1539 2393 1722 2442 sensu,
1773 2378 1828 2432 in
1861 2378 2040 2434 verbis
2071 2395 2159 2434 me

558 2464 736 2536 magis
773 2465 1004 2536 intelligi
1033 2481 1239 2537 quaero,
1291 2481 1455 2538 quam
1503 2466 1783 2532 admirari,
1831 2483 1952 2522 cum
1989 2467 2158 2522 Paulo

472 2608 480 2616 ,
557 2551 746 2608 dicens
762 2569 774 2608 :
791 2554 860 2608 Et
876 2555 925 2609 si
944 2555 1244 2626 imperitus
1265 2570 1541 2622 sermone,
1566 2571 1680 2610 non
1700 2559 1893 2610 tamen
1913 2555 2158 2611 scientia

557 2639 633 2709 (II
663 2640 782 2698 Cor.
813 2656 896 2707 XI,
941 2643 1017 2712 6).
1063 2641 1183 2696 Tibi
1231 2651 1407 2696 autem
1456 2658 1599 2697 novo
1630 2642 2006 2714 grammatico,
2041 2642 2152 2714 qui,

555 2736 612 2782 ut
641 2727 896 2784 frondosa
927 2738 979 2785 et
1010 2730 1288 2785 condensa
1317 2730 1502 2795 arbor,
1539 2729 1679 2785 foliis
1709 2729 1932 2789 ornatus
1963 2732 2159 2786 verbo-

556 2832 678 2872 rum
707 2817 949 2887 phaleris
979 2817 1149 2872 debes
1179 2818 1454 2887 incedere,
1488 2827 1541 2873 et
1570 2827 1662 2873 tua
1691 2817 1950 2889 ﬁgmenta
1980 2834 2154 2891 gran-

555 2903 765 2960 disonis
793 2920 1058 2977 pompare
1081 2905 1278 2971 modis,
1314 2914 1368 2960 et
1398 2907 1453 2960 in
1473 2922 1691 2961 omnem
1714 2915 1933 2962 ventum
1956 2906 2156 2962 inﬂatis

555 2993 746 3049 buccis
764 2993 1152 3065 grammaticas
1173 3010 1396 3066 spumas
1417 3011 1700 3065 exspuere,
1724 2996 1826 3051 hoc
1846 2995 2029 3051 dicere
2045 3011 2155 3050 non

554 3081 756 3137 licebit.
819 3083 879 3136 In
935 3081 1180 3138 clausula
1236 3098 1369 3137 vero
1424 3083 1498 3136 tui
1555 3083 1792 3153 pitacioli
1847 3083 2078 3154 posuisti

557 3193 581 3220 ιι
619 3171 766 3237 Haec,
789 3171 1061 3244 inquiens,
1087 3171 1362 3227 succincte
1391 3172 1612 3243 quidem
1642 3172 1908 3243 excerpsi,
1934 3187 2000 3228 ac
2025 3187 2153 3244 pas-

554 3257 657 3314 sim
684 3275 786 3332 pro
815 3260 1078 3332 qualitate
1132 3260 1336 3331 negotii
1367 3260 1708 3316 contexendo
1734 3261 2153 3332 promiscueque

552 3349 913 3414 conserendo,
946 3349 1138 3404 ordine
1169 3364 1294 3404 cum
1323 3357 1672 3419 praepostero,
1693 3357 1807 3404 tum
1827 3350 2148 3420 composito,

552 3435 652 3490 sed
715 3443 768 3491 et
834 3436 1039 3492 sensim
1101 3451 1366 3503 conuexo,
1433 3437 1622 3492 ascivi.
1663 3461 1684 3485 »
1753 3438 1908 3493 Unde
1963 3447 2154 3508 parcat

550 3521 681 3579 mihi
712 3531 804 3580 tua
831 3525 1134 3595 prudentia,
1195 3533 1248 3580 et
1279 3525 1653 3596 cujuscunque
1685 3525 1910 3580 alterius
1937 3525 2153 3581 lectoris

549 3611 826 3684 patientia,
889 3613 936 3668 si
994 3613 1344 3669 tumultuario
1388 3622 1442 3669 et
1489 3614 1690 3686 saepius
1737 3613 1990 3684 repetito,
2042 3629 2151 3670 non

549 3707 730 3756 autem
771 3701 908 3756 recti
953 3701 1183 3756 tramitis
1215 3702 1300 3757 vel
1329 3702 1580 3758 ordinato
1628 3717 1902 3767 sermone,
1953 3718 2152 3758 neces-

550 3786 711 3843 sitate
769 3789 1083 3858 compulsus
1124 3790 1227 3845 hoc
1274 3790 1598 3861 opusculum
1639 3791 1929 3863 designare
1971 3791 2153 3861 potius

551 3891 712 3947 quam
759 3875 1027 3947 perﬁcere
1071 3877 1250 3932 studui
1303 3895 1316 3932 :
1365 3878 1626 3949 quoniam
1667 3878 1773 3932 tuis
1815 3878 2150 3948 compilatio-

551 3962 712 4018 nibus
733 3963 980 4029 confuso,
1005 3973 1059 4019 et
1079 3965 1215 4019 sicut
1235 3965 1352 4036 ipse
1373 3965 1572 4032 dixisti,
1605 3975 1938 4037 praepostero
1957 3967 2150 4022 ordine

548 4051 762 4122 positis,
822 4059 877 4106 et
925 4067 1204 4124 nunquam
1251 4053 1306 4107 in
1351 4053 1545 4108 eodem
1593 4061 1732 4108 statu
1780 4055 2147 4122 manentibus,

549 4139 707 4196 aliter
760 4141 1098 4212 respondere
1157 4157 1266 4197 non
1317 4142 1486 4212 potui,
1545 4141 1649 4196 nisi
1673 4183 1686 4210 ,
1749 4150 1807 4197 ut
1861 4151 2150 4198 venatores

549 4227 682 4285 ferae
709 4229 877 4284 lustra
909 4239 1199 4302 sequentes
1229 4247 1396 4303 agere
1421 4231 1603 4286 auditu
1654 4240 1707 4286 et
1751 4231 1982 4286 lectione
2011 4247 2151 4303 puer

548 4318 849 4375 scholarius
901 4319 955 4374 in
1009 4319 1150 4374 libro
1229 4319 1318 4390 qui
1395 4319 1708 4375 inscribitur
1781 4320 2148 4391 Cynegeticon

547 4407 996 4479 Carthaginensis
1043 4407 1247 4462 Aurelii
1291 4406 1473 4471 didici,
1523 4408 1624 4462 hac
1671 4407 1902 4479 illacque
1929 4409 2146 4464 discur-

1529 282 1870 339 HINCMARI
1925 283 2327 342 RHEMENSIS
2365 285 2918 343 ARCHIEPISCOPI.’

2137 3101 2225 3181 ‘c

3767 287 3874 350 384'

2848 411 3072 469 CAPUT
3109 412 3286 470 XXV.

2272 516 2349 572 De
2369 519 2712 596 auctoritate
2733 523 2791 575 et
2817 519 3153 596 (li/Terentia,
3177 521 3545 596 conciliorum
3575 527 3631 578 et
3662 526 3879 596 episto-

2525 591 2712 644 larum
2741 591 2888 646 sedis
2915 593 3236 664 apostolicae
3261 593 3615 664 pontiﬁcum.

2342 695 2424 750 De
2453 702 2650 750 caetero
2677 697 2822 767 quod
2851 697 3041 752 Daniel
3070 697 3201 754 dicit
3233 715 3246 752 :
3278 701 3726 755 Pertransibunt
3745 702 3879 773 plu-

2270 783 2424 848 rimi,
2458 789 2514 838 et
2535 786 2846 856 multiplex
2869 787 2979 841 erit
2999 787 3241 842 scientia
3265 789 3430 852 (Dan.
3457 789 3578 850 xu).
3604 789 3878 844 Dominus

2269 871 2608 926 demonstrat
2629 872 2698 926 ad
2717 873 2962 944 Moysem
2982 873 3172 929 dicens
3205 892 3218 928 :
3251 876 3362 946 Ego
3385 892 3511 930 sum
3536 878 3680 933 Deus
3704 879 3879 934 Abra»

2271 959 2422 1022 ham,
2447 963 2503 1014 et
2535 963 2679 1016 Deus
2712 962 2889 1028 Isaac,
2922 966 2981 1017 et
3001 964 3144 1017 Deus
3165 964 3348 1026 Jacob,
3375 968 3432 1018 et
3453 981 3659 1020 nomen
3683 982 3883 1022 meum

2269 1047 2609 1104 Adonainon
2632 1049 2977 1106 indicavieis
2997 1052 3196 1120 (Exod.
3219 1055 3319 1121 v1);
3336 1054 3564 1125 etlonge
3585 1062 3712 1124 post
3735 1055 3881 1126 Moy-

2269 1151 2386 1191 sem
2426 1137 2601 1190 David
2630 1137 2760 1192 dicit
2788 1155 2800 1191 :
2825 1138 3004 1210 Super
3035 1141 3282 1194 seniores
3314 1157 3465 1196 meos
3505 1143 3778 1198 intellexi
3797 1148 3876 1208 et,

2268 1241 2436 1296 super
2464 1241 2657 1280 omnes
2678 1225 2938 1281 docentes
2961 1245 3050 1282 me
3072 1229 3342 1283 intellexi
3371 1228 3546 1299 (Psal.
3566 1233 3788 1299 cxvni);
3825 1240 3882 1286 et

2267 1313 2498 1383 apostoli
2527 1313 2778 1369 viderunt
2795 1323 2849 1370 et
2876 1315 3164 1371 audierunt
3181 1317 3328 1387 quod
3348 1317 3501 1371 multi
3518 1318 3723 1390 antiqui
3743 1320 3879 1388 justi

2269 1400 2646 1457 desiderantes
2668 1419 2776 1458 non
2793 1403 3046 1458 viderunt
3061 1403 3146 1458 vel
3167 1405 3472 1460 audierunt.
3499 1405 3658 1474 Quod
3681 1406 3880 1462 beatus

2269 1488 2540 1556 Gelasius,
2594 1491 2871 1562 sapientiae
2915 1499 2969 1546 et
3015 1491 3256 1548 scientiae
3287 1493 3476 1564 spiritu
3508 1495 3768 1564 repletus,
3817 1496 3876 1550 in

2267 1579 2538 1649 catalogo,
2571 1580 2663 1650 qui
2693 1579 2818 1634 libri
2849 1580 2918 1634 ab
2949 1580 3198 1636 Ecclesia
3230 1583 3492 1637 catholica
3514 1583 3871 1654 recipiantur,

2265 1674 2390 1736 post
2419 1667 2841 1738 descriptionem
2873 1669 3304 1724 authenticarum
3335 1670 3764 1740 Scripturarum,
3817 1680 3875 1726 et

2187 1763 2243 1823 Β
2264 1755 2502 1820 Nicena,
2536 1755 3152 1828 Coustantinopolitana,
3199 1774 3263 1812 ac
3291 1759 3584 1828 Ephesina,
3639 1760 3874 1816 Chalce-

2267 1843 2496 1898 donensi
2527 1860 2742 1916 quoque
2774 1845 2998 1916 synodis
3044 1847 3504 1912 commemoratis,
3542 1848 3822 1914 subjunxit
3855 1867 3868 1902 :

2270 1951 2292 1980 ι
2327 1931 2394 1985 Ει
2422 1931 2468 1984 si
2499 1947 2604 2002 qua
2635 1940 2758 1986 sunt
2789 1922 3016 1988 concilia
3055 1949 3089 1988 a
3135 1934 3336 1989 sanctis
3369 1935 3618 1989 Pati-ibus
3647 1936 3870 1992 institu-

2262 2027 2336 2086 ta,
2387 2028 2508 2089 post
2538 2021 2733 2075 horum
2762 2030 2991 2092 quatuor
3024 2023 3394 2078 auctoritatem
3424 2031 3477 2078 et
3507 2025 3871 2080 custodienda

2263 2115 2318 2162 et
2363 2107 2675 2178 recipienda
2723 2109 3086 2165 decrevimus.
3125 2133 3144 2160 ιι
3202 2111 3650 2167 Commemoratis
3697 2113 3871 2168 etiam

2263 2196 2540 2266 opusculis
2588 2198 3014 2252 orthodoxorum
3063 2214 3128 2253 ex
3171 2199 3392 2254 nomine
3427 2200 3865 2272 designatorum,

2265 2285 2508 2353 adjunxit
2557 2285 2746 2340 dicens
2781 2303 2794 2340 :
2851 2308 2873 2336 α
2910 2287 3044 2342 Item
3089 2287 3351 2357 opuscula
3395 2297 3554 2360 atque
3601 2297 3868 2345 tractatus

2261 2373 2502 2427 omnium
2563 2374 2786 2428 Patrum
2842 2375 3308 2446 orthodoxorum,
3365 2377 3458 2448 qui
3513 2377 3569 2431 in
3623 2378 3777 2434 nullo
3834 2393 3871 2434 a

2263 2469 2468 2516 sanctae
2513 2461 2778 2516 Ecclesiae
2807 2463 3066 2518 Romanae
3096 2465 3374 2519 consortio
3406 2464 3714 2532 deviarunt,
3765 2483 3870 2522 nec

2259 2550 2329 2604 ab
2390 2551 2507 2620 ejus
2565 2548 2673 2604 ﬁde
2724 2550 2810 2605 vel
2856 2552 3244 2622 praedicatione
3292 2553 3524 2622 sejuncti
3571 2563 3714 2620 sunt,
3763 2556 3868 2610 sed

2259 2637 2430 2709 ipsius
2459 2639 2825 2709 communioni
2857 2656 2956 2710 per
2984 2641 3217 2712 gratiam
3265 2641 3366 2696 Dei
3412 2659 3584 2713 usque
3631 2643 3698 2697 ad
3746 2643 3872 2698 ulti-

2257 2742 2404 2780 mum
2442 2726 2587 2781 diem
2625 2727 2746 2782 vitae
2785 2743 2898 2783 suae
2944 2727 3096 2785 fuere
3126 2729 3437 2800 participes,
3487 2731 3728 2803 legenda
3774 2733 3870 2787 de-

2257 2815 2553 2870 cernimus.
2592 2836 2613 2864 ν
2650 2816 2860 2870 Deinde
2888 2817 3018 2872 dicit
3051 2835 3063 2871 :
3102 2839 3124 2868 α
3161 2819 3295 2874 Item
3324 2819 3636 2874 decretales
3667 2820 3871 2891 episto-

2253 2903 2356 2968 las,
2408 2919 2543 2974 quas
2591 2903 2888 2958 beatissimi
2935 2921 3092 2976 papae
3137 2906 3375 2961 diversis
3404 2907 3744 2978 temporibus
3792 2909 3866 2963 ab

2255 2991 2392 3046 urbe
2451 2991 2617 3046 Roma
2677 3008 2778 3062 pro
2825 2993 3164 3048 diversorum
3218 2995 3436 3049 Patrum
3485 2996 3862 3052 consolatione

2255 3079 2540 3146 dederunt,
2575 3081 2957 3136 venerabiliter
2975 3082 3371 3152 suscipiendas.
3399 3107 3420 3130 »
3445 3085 3512 3138 Et
3528 3084 3606 3139 sic
3626 3085 3695 3139 de
3715 3099 3868 3140 mar-

2256 3175 2432 3240 tyrum
2476 3169 2821 3238 passionibus
2865 3171 3190 3239 conjunctim
3237 3171 3484 3243 loquens,
3537 3181 3590 3227 et
3635 3174 3704 3228 de
3735 3173 3864 3228 vitis

2255 3264 2589 3322 sanctorum,
2624 3265 2676 3310 et
2705 3257 2773 3311 de
2801 3257 3011 3313 actibus
3051 3259 3194 3313 beati
3224 3259 3487 3326 Silvestri,
3518 3268 3574 3315 et
3603 3277 3671 3315 ex
3699 3261 3859 3317 Scri-

2255 3352 2415 3416 ptura
2444 3345 2512 3400 de
2541 3345 2850 3401 inventione
2897 3345 3192 3402 Dominicae
3221 3347 3428 3416 Crucis,
3483 3357 3535 3403 et
3565 3349 3632 3404 de
3664 3349 3859 3405 inven-

2253 3432 2399 3488 tione
2428 3433 2618 3504 capitis
2649 3433 2789 3488 beati
2817 3434 3042 3490 Joannis
3074 3435 3346 3506 Baptistze,
3383 3436 3744 3492 solertissime
3790 3453 3859 3495 ac

2255 3521 2642 3578 discretissime
2687 3522 2892 3577 addidit
2936 3523 3125 3578 dicens
3171 3541 3186 3579 :
3233 3545 3255 3574 α
3291 3525 3399 3580 Sed
3447 3541 3570 3580 cum
3621 3527 3741 3590 haec
3783 3528 3855 3582 ad

2254 3608 2644 3666 catholicorum
2674 3626 2866 3664 manus
2895 3611 3234 3677 advenerint,
3273 3612 3420 3668 beati
3440 3613 3590 3668 Pauli
3619 3601 3856 3684 apostoli

2253 3697 2524 3768 praecedat
2553 3698 2818 3753 sententia
2847 3717 2860 3751 :
2890 3699 3092 3754 Omnia
3109 3700 3357 3773 probate,
3384 3702 3524 3773 quod
3541 3702 3742 3758 bonum
3767 3708 3858 3758 est

2256 3789 2443 3840 tenete
2463 3785 2513 3855 (l
2535 3787 2716 3841 Thess.
2741 3788 2854 3856 v).»
2876 3786 2984 3841 Sed
3005 3795 3056 3841 et
3078 3788 3130 3842 in
3153 3788 3286 3858 ipsis
3305 3789 3632 3860 apocryphis
3651 3789 3860 3846 discre-

2254 3872 2456 3927 tionem
2500 3874 2675 3928 teneri
2720 3874 2923 3929 debere
2958 3874 3230 3930 subinnuit
3266 3895 3276 3930 :
3311 3898 3333 3926 ι
3370 3878 3449 3932 De
3480 3878 3674 3949 quibus
3705 3895 3859 3949 quae-

2253 3961 2379 4016 dam
2409 3961 2461 4014 in
2494 3970 2661 4015 totum
2683 3971 2804 4016 sunt
2824 3963 3132 4032 rejicienda,
3160 3965 3404 4036 quaedam
3429 3975 3610 4020 autem
3629 3974 3858 4037 propter

2251 4049 2633 4104 haereticorum
2684 4050 2984 4106 calumnias
3012 4051 3152 4108 inter
3179 4055 3488 4124 apocrypha
3535 4063 3658 4108 sunt
3699 4069 3857 4109 com-

2251 4137 2512 4208 putenda,
2562 4139 2658 4192 sed
2699 4155 2809 4194 non
2848 4139 3062 4210 penitus
3109 4141 3492 4210 abominanda,
3545 4143 3614 4196 de
3654 4142 3854 4214 quibus

2253 4227 2400 4281 viros
2447 4227 2745 4282 catholicos
2791 4227 2844 4282 in
2889 4229 3002 4282 suis
3044 4229 3321 4299 opusculis
3368 4230 3675 4284 testimonia
3705 4231 3852 4302 legi-

2249 4331 2370 4369 mus
2397 4317 2778 4386 assumpsisse,
2813 4316 2950 4372 sicut
2981 4325 3034 4372 et
3063 4317 3255 4372 beatus
3283 4319 3451 4373 Judas
3482 4319 3760 4389 apostolus
3794 4320 3853 4373 in

2252 4404 2479 4474 epistola
2509 4420 2605 4459 sua
2637 4405 2802 4476 egit.»
2823 4405 3315 4462 Animadvertenda
3345 4407 3512 4480 igitur
3532 4416 3614 4462 est
3637 4407 3851 4463 discre-

546 4494 734 4560 rendo,
779 4494 1099 4566 retrograda
1131 4495 1292 4548 etiam
1323 4494 1552 4566 vestigia
1601 4496 1917 4566 repetendo,
1961 4497 2147 4551 anfra-
2176 4479 2228 4540 D
2248 4492 2320 4546 tio
2349 4509 2415 4547 ex
2446 4494 2624 4548 verbis
2654 4493 2798 4547 beati
2847 4495 3051 4548 Gelasii
3097 4495 3238 4550 inter
3283 4479 3566 4566 synodalia
3597 4497 3848 4563 concilia,

545 4592 664 4640 ctus
694 4592 816 4639 tuos
845 4581 1187 4655 vestigando,
1222 4582 1495 4652 explicare
1525 4583 1798 4638 studerem
1834 4602 1846 4636 :
1879 4585 2022 4654 quod
2053 4585 2151 4639 ad-
2249 4588 2303 4634 et
2331 4581 2751 4650 apostolicorum
2784 4581 3014 4637 virorum
3045 4584 3324 4654 epistolas,
3385 4601 3521 4655 quas
3549 4593 3678 4639 ante
3707 4601 3850 4640 con-

545 4673 651 4729 huc
679 4672 812 4726 mihi
841 4671 946 4727 erit
975 4671 1344 4727 necessarium
1374 4669 1578 4729 facere.
1631 4679 1680 4726 et
1725 4671 1779 4725 in
1826 4671 2148 4740 explicanda
2249 4667 2373 4723 cilia
2403 4669 2673 4724 celebrata
2704 4669 2934 4725 diversis
2963 4673 3316 4743 temporibus,
3374 4688 3472 4743 pro
3498 4672 3842 4728 diversorum

547 4759 616 4814 de
643 4759 872 4830 inceptis
900 4760 1130 4825 ratione,
1165 4767 1219 4814 et
1249 4759 1306 4814 in
1333 4759 1673 4813 ostendenda
1701 4759 1906 4814 causali
1935 4759 2147 4815 actione
2249 4755 2468 4810 Patrum
2494 4757 2866 4815 consolatione
2885 4760 3170 4823 dederunt,
3190 4777 3432 4832 quasque
3453 4762 3848 4816 venerabiliter

547 4845 616 4902 de
646 4845 730 4900 bis
761 4863 881 4918 quae
909 4849 1194 4914 admisisti,
1227 4855 1281 4902 et
1310 4862 1412 4918 pro
1441 4846 1637 4918 quibus
1674 4847 1772 4900 tibi
1803 4855 1856 4902 et
1885 4847 2148 4903 Ecclesiae
2248 4845 2622 4915 suscipiendas
2668 4846 2796 4901 dicit
2847 4863 2859 4902 :
2911 4849 2955 4902 si
2990 4865 3098 4920 qua
3139 4858 3258 4904 sunt
3306 4858 3484 4904 autem
3530 4850 3760 4905 concilia
3811 4865 3847 4904 a

547 4933 644 4988 tibi
673 4935 979 4991 commissae
1009 4937 1223 5007 scripsi,
1257 4943 1445 4991 contra
1467 4952 1586 5006 qua:
1608 4934 1984 5005 irregulariter
2013 4937 2144 4990 sub-
2248 4934 2448 4988 sanctis
2473 4934 2714 4988 Patribus
2762 4935 2998 4990 instituta
3041 4946 3164 5008 post
3213 4946 3445 5009 quatuor
3486 4938 3845 4993 conciliorum

546 5023 832 5094 scripsisti,
885 5038 949 5078 ac
977 5025 1242 5080 subscribi
1289 5024 1486 5090 fecisti,
1533 5031 1586 5078 et
1633 5023 1796 5077 etiam
1824 5039 1949 5079 cum
1999 5033 2142 5080 tuam
2245 5022 2644 5082 auctoritatem.
2691 5024 3063 5079 custodiendia
3107 5034 3159 5080 et
3206 5027 3543 5080 observanda
3574 5027 3839 5081 decrevit.

545 5126 742 5166 novam
768 5111 1248 5182 subscripsionem,
1269 5113 1398 5183 quin
1419 5112 1597 5184 potius
1618 5119 1765 5166 tuam
1787 5127 1985 5168 novam
2003 5130 2143 5185 prae-
2244 5110 2400 5165 Unde
2463 5111 2590 5164 item
2665 5111 2805 5165 idem
2862 5112 2914 5166 in
2979 5113 3216 5168 decretis
3271 5114 3384 5167 suis
3440 5115 3571 5170 dicit
3627 5114 3839 5184 (Gelas.

546 5199 911 5271 sumptionem
941 5199 1150 5266 adiens,
2245 5201 2408 5271 epist.
2463 5202 2514 5262 3,
2565 5199 2637 5254 ad
2688 5201 3001 5270 Dardanos)
3052 5219 3064 5254 :
3111 5224 3132 5251 α
3172 5203 3378 5268 Patres,
3429 5202 3622 5274 inquit,
3672 5203 3842 5258 nostri

2244 5287 2490 5342 catholici
2519 5287 2773 5359 doctique
2819 5287 3120 5360 pontiﬁces,
3167 5291 3220 5345 in
3270 5307 3595 5363 unaquaque
3642 5293 3844 5347 haeresi

2245 5376 2484 5447 quolibet
2527 5385 2765 5447 tempore
2807 5378 3081 5437 suscitata.
3135 5379 3393 5452 quidquid
3420 5396 3522 5451 pro
3553 5378 3681 5445 ﬁde,
3738 5397 3846 5452 pro

2243 5463 2487 5530 veritate,
2520 5481 2621 5536 pro
2653 5467 3031 5523 communione
3049 5469 3317 5524 catholica
3331 5477 3494 5541 atque
3514 5469 3842 5540 apostolica,

2245 5555 2544 5609 secundum
2584 5555 2988 5626 Scripturarum
3031 5557 3318 5622 tramitem,
3362 5557 3846 5628 praedicationem-

1137 5341 1275 5388 mille
1303 5343 1431 5397 vias,
1462 5342 1730 5400 tristesque
1760 5343 1957 5390 labores

791 5412 1154 5472 Discursusque
1183 5413 1327 5467 citos,
1357 5413 1519 5460 securi
1552 5415 1724 5471 praelia
1753 5416 1904 5471 ruris,

544 5556 598 5603 et
624 5533 838 5603 sincero
888 5548 1051 5605 corde
1094 5547 1217 5604 lites
1255 5547 1583 5607 domesticas
1610 5551 1790 5606 subire
1819 5551 2139 5622 compellar.
