4164 6314
277 231 383 288 385

1032 228 1276 286 OPUSC.
1309 228 1400 284 ET
1430 228 1650 285 EPIST.
1683 229 1757 283 IN
1786 228 2014 284 CAUSA
2042 228 2386 284 HINCMARI
2417 229 2724 286 LAUDUN.

282 369 390 426 que
418 352 710 422 majorum,
747 352 886 409 facta
919 351 1092 409 semel
1137 353 1566 426 congregatione
1599 359 1914 436 sanxerunt,
1945 355 2002 414 A
2023 351 2168 408 tibus
2215 353 2572 424 temporibus,
2609 351 2680 407 ita
2729 359 2790 406 ut
2818 351 2873 406 in
2901 352 2980 408 eis
3037 351 3400 419 continentur,
3431 352 3616 410 omnia

282 441 669 497 inconvulsum
727 441 1021 497 voluerunt
1069 441 1332 512 deinceps
1394 440 1723 514 ﬁrmumque
1782 456 1915 497 con-

284 539 452 595 stare,
505 545 612 586 nec
655 530 712 584 in
770 529 963 585 eadem
1021 545 1186 586 causa
1253 529 1434 586 denuo
1491 547 1616 603 quae
1689 526 1912 600 praeﬁxa

286 617 504 674 fuerant
563 607 845 673 retractari
907 617 1144 690 qualibet
1201 618 1408 674 recenti
1481 618 1910 689 praesumptione

285 707 680 778 permiserunt.
720 727 742 757 ι
777 705 1057 774 Quantum
1102 706 1248 762 enim
1293 707 1456 762 distet
1483 707 1622 761 inter
1672 706 1766 761 illa
1799 705 1910 761 sci-

286 795 417 851 licet
445 795 713 864 concilia,
745 811 866 866 quae
895 795 1261 850 custodienda
1287 803 1340 850 et
1370 794 1688 866 recipienda
1719 795 1910 850 decre-

289 885 385 948 vit,
418 891 470 938 et
499 883 822 938 inconvulsa
851 881 1115 954 ﬁrmaque
1132 883 1393 954 deinceps
1434 885 1624 938 Patres
1655 878 1909 938 catholici

289 987 515 1027 manere
547 971 854 1041 voluerunt,
873 979 926 1026 et
954 971 1058 1026 ilas
1080 971 1360 1043 epistolas,
1376 989 1498 1044 quae
1517 971 1752 1026 diversis
1772 979 1909 1025 tem-

289 1060 521 1132 poribus
547 1077 647 1131 pro
678 1060 1022 1114 diversorum
1067 1059 1441 1116 consolatione
1498 1060 1640 1114 datin
1693 1057 1910 1114 fuerunt

289 1165 431 1221 quas
471 1149 860 1204 venerabiliter
897 1149 1274 1219 suscipiendas
1331 1148 1482 1214 dicit,
1534 1164 1696 1202 nemo
1723 1147 1779 1200 in
1811 1148 1910 1203 do-

290 1238 578 1312 gmatibus
617 1237 1010 1294 ecclesiasticis
1049 1237 1372 1293 exercitatus
1398 1236 1634 1310 ignorat.
1670 1237 1726 1292 Si
1760 1236 1906 1291 enim

291 1327 551 1399 quaedam
607 1343 675 1380 ex
723 1326 826 1393 his,
861 1343 984 1398 quae
1035 1326 1091 1381 in
1122 1325 1448 1398 quibusdam
1489 1325 1596 1380 illis
1659 1325 1905 1396 epistolis

289 1415 661 1482 continentur,
693 1423 880 1470 tenere
923 1422 976 1470 et
1025 1414 1299 1470 custodire
1331 1414 1472 1469 velle
1513 1413 1901 1484 inceperimus,

295 1513 490 1560 contra
512 1503 622 1558 alia
669 1503 904 1574 plurima
948 1502 1162 1558 illarum
1217 1503 1566 1574 epistolarum
1621 1501 1800 1557 facere
1830 1501 1906 1555 in-

295 1592 584 1664 cipiemus.
619 1593 686 1647 Et
715 1608 928 1656 rursus,
965 1591 1011 1645 si
1039 1591 1140 1645 alia
1187 1599 1375 1647 contra
1423 1607 1544 1662 quae
1574 1589 1900 1658 feceramus,

2013 448 2068 496 et
2124 440 2343 496 insimul
2396 440 2654 496 custodiri
2682 439 2942 506 valerent,
2975 448 3026 494 et
3080 441 3290 496 servari
3345 457 3410 498 ac
3439 441 3610 498 teneri

2011 537 2397 601 congruerent,
2432 530 2620 584 Patres
2647 528 2838 596 nostri,
2871 525 3120 584 catholici
3148 527 3398 584 videlicet
3434 529 3612 586 docti-

2013 635 2120 688 que
2162 615 2465 688 pontiﬁces,
2511 617 2568 672 in
2616 617 2861 673 conciliis
2903 616 3070 672 sacris
3115 615 3268 690 leges
3295 633 3615 674 mansuras-

2011 722 2185 778 usque
2215 705 2270 759 in
2301 706 2485 761 saeculi
2533 704 2696 760 ﬁnem
2726 721 2836 760 non
2875 704 3193 760 conderent.
3227 705 3612 777 Suscipiendas

2011 809 2150 866 ergo
2180 793 2300 848 illas
2329 793 2589 864 epistolas
2618 793 3001 849 venerabiliter
3046 808 3170 848 cum
3200 793 3360 849 beato
3390 794 3612 852 Gelasio

2011 881 2154 950 dico,
2187 889 2239 937 et
2271 898 2396 938 cum
2425 882 2702 955 leguntur,
2737 882 2874 937 sicut
2903 883 3020 952 ipse
3066 881 3310 952 prmeipit
3340 882 3609 952 Gelasius,

2009 969 2305 1040 apostolica
2337 969 2426 1024 illa
2456 970 2726 1040 praecedat
2755 969 3044 1038 sententia,
3076 985 3183 1042 qua
3204 969 3335 1025 dicit
3364 987 3377 1024 :
3416 971 3616 1029 Omnia

2009 1059 2256 1130 probate,
2290 1058 2433 1130 quod
2462 1059 2668 1114 bonum
2696 1062 2782 1114 est
2813 1062 2999 1114 tenete
3021 1058 3072 1128 (Ι
3089 1057 3271 1114 Thess.
3300 1060 3379 1128 v).
3402 1059 3472 1114 Et
3499 1059 3616 1116 hec

2016 1145 2162 1211 dico,
2195 1162 2306 1201 non
2337 1163 2444 1218 quo
2474 1147 2724 1218 quaedam
2759 1147 2813 1201 in
2843 1147 2922 1201 eis
2950 1147 3132 1202 dicam
3161 1162 3284 1201 esse
3313 1163 3422 1204 non
3449 1147 3612 1216 bona,

2009 1235 2105 1289 sed
2136 1251 2246 1290 non
2274 1250 2374 1306 per
2389 1235 2572 1290 omnia
2593 1236 2763 1291 sacris
2785 1233 3084 1291 canonibus
3099 1277 3113 1303 ,
3137 1235 3465 1309 Patrumque
3485 1253 3616 1294 con-

2010 1323 2131 1378 cilis
2152 1339 2416 1390 consona,
2443 1324 2581 1380 sicut
2611 1332 2664 1380 et
2693 1325 2987 1395 Apostolus
3015 1322 3146 1378 dicit
3198 1339 3211 1377 :
3243 1325 3363 1381 Lex
3393 1327 3617 1397 quidem

2007 1411 2167 1467 bona
2196 1416 2252 1467 et
2271 1416 2492 1478 sancta,
2526 1417 2583 1468 et
2612 1414 2950 1468 mandatum
2979 1415 3266 1478 sanctum,
3291 1417 3348 1470 et
3363 1417 3611 1487 justum,

2008 1502 2066 1554 et
2095 1500 2302 1554 bonum
2325 1500 2504 1569 (Rom.
2529 1516 2626 1566 vn,
2662 1501 2770 1570 12),
2807 1501 2906 1554 sed
2933 1500 2990 1554 in
3032 1499 3365 1569 temporibus
3393 1503 3524 1558 suis.
3545 1504 3616 1560 Et

2004 1587 2270 1642 Dominus
2312 1588 2380 1643 de
2436 1589 2654 1654 Judmis,
2719 1589 2916 1662 quibus
2947 1589 3068 1663 ipsa
3123 1603 3186 1642 ex
3243 1591 3369 1647 data
3415 1591 3611 1657 fuerat,

295 1688 487 1736 tenere
519 1689 576 1735 et
623 1681 902 1736 custodire
946 1680 1318 1750 inceperimus
1337 1722 1352 1746 ,
1379 1680 1646 1734 adversus
1689 1695 1752 1734 ea
1782 1695 1904 1750 quae
1931 1705 1986 1766 Β
2005 1675 2142 1732 dicit
2172 1691 2185 1731 :
2217 1677 2383 1732 Dedis
2413 1679 2494 1732 eis
2521 1683 2804 1751 praecepta
2833 1697 2950 1736 non
2980 1683 3122 1739 bona
3143 1684 3364 1750 (Ezech,
3397 1682 3522 1752 xx),
3556 1681 3614 1736 id

297 1779 459 1824 antea
509 1783 730 1824 servare
809 1768 1074 1824 voluimus
1131 1767 1423 1834 faciemus,
1472 1777 1525 1823 et
1574 1783 1607 1822 a
1661 1767 1904 1822 conciliis

295 1857 470 1914 sacris
495 1900 510 1922 ,
537 1875 659 1928 quae
706 1865 970 1928 perpetuo
999 1856 1158 1912 nobis
1192 1857 1527 1928 recipienda,
1561 1857 1812 1922 tenenda,
1844 1870 1909 1912 ac

299 1947 682 2010 custodienda,
721 1955 882 2018 atque
913 1946 1192 2016 sequenda
1232 1953 1356 2000 sunt
1381 1944 1723 2000 deviabimus
1761 1960 1772 1998 :
1809 1943 1908 1999 sed

298 2043 354 2091 et
383 2034 830 2091 aconsuetudine
885 2051 1045 2106 quam
1087 2033 1350 2089 catholica
1406 2033 1656 2089 Ecclesia
1697 2032 1904 2099 habuit,

299 2140 368 2179 ex
400 2140 510 2196 quo
543 2124 598 2177 in
629 2139 849 2178 sacrum
877 2123 1160 2178 Nicaenum
1191 2121 1481 2178 concilium
1520 2122 1708 2176 Patres
1740 2120 1910 2176 nostri

299 2219 713 2278 convenerunt,
747 2211 840 2282 qui
889 2212 1086 2277 adhuc,
1119 2211 1258 2266 sicut
1303 2211 1412 2266 Leo
1440 2210 1570 2266 dicit
1599 2211 1783 2282 (epist.
1817 2213 1907 2277 51,

301 2302 390 2356 vel
419 2305 508 2369 53,
534 2301 608 2356 ad
635 2301 860 2356 Anatol.
896 2303 936 2369 ),
970 2299 1256 2356 nobiscum
1287 2299 1341 2353 in
1374 2299 1490 2353 suis
1507 2299 1908 2354 constitutioni-

297 2391 400 2445 bus
437 2389 675 2459 vivunt,
705 2389 1168 2458 perniciosissime
1219 2387 1606 2453 discedemus,
1669 2394 1723 2442 et
1779 2386 1911 2442 nihil

300 2479 438 2534 certi
467 2485 719 2534 tenentes
768 2477 822 2532 in
853 2486 1053 2532 sectam
1103 2475 1697 2544 Genethliacianornm,
1731 2475 1786 2529 id
1830 2483 1913 2530 est

303 2567 808 2622 Mathematicorum
835 2564 1195 2629 oﬁ'endemus,
1236 2565 1328 2636 qui
1371 2563 1700 2619 difﬁnierunt
1730 2563 1913 2618 omnia

301 2655 360 2709 in
385 2655 680 2710 incertum.
713 2655 855 2708 Nam
913 2662 966 2708 et
1019 2654 1209 2708 beatus
1247 2653 1498 2708 Gelasius
1541 2652 1760 2707 easdem
1791 2651 1912 2722 epi-

303 2743 491 2812 stolas,
525 2759 640 2798 non
691 2743 866 2798 solum
897 2741 1072 2798 sacris
1119 2741 1417 2797 canonibus
1475 2740 1530 2794 in
1586 2739 1913 2812 quibusdam

301 2833 571 2888 adversas
596 2875 608 2898 ,
644 2831 742 2886 sed
772 2832 935 2887 etiam
1017 2830 1122 2886 sibi
1172 2829 1307 2901 ipsis
1365 2829 1606 2886 diversas
1655 2829 1908 2896 ostendit,

305 2937 432 2976 cum
451 2920 604 2984 dicit,
641 2919 761 2974 illas
797 2918 1033 2975 diversis
1059 2919 1398 2990 temporibus
1438 2934 1540 2988 pro
1571 2917 1915 2974 diversorum

307 3009 684 3066 consolatione
717 3009 887 3062 datas.
949 3009 1018 3063 Et
1071 3008 1200 3063 hinc
1258 3006 1396 3062 forte
1481 3007 1772 3062 adversum
1827 3023 1916 3062 me

307 3099 486 3154 dices:
512 3099 663 3168 Ergo
691 3095 1040 3152 calumniaris
1069 3095 1424 3168 apostolicam
1480 3096 1666 3168 sedem
1701 3094 1759 3149 in
1789 3111 1918 3150 san-

2008 1772 2110 1830 est,
2143 1766 2392 1836 quaedam
2423 1773 2664 1836 tempore
2713 1767 2968 1824 revelata;
3015 1773 3211 1843 gratiae
3250 1770 3608 1837 immutanda,

2008 1853 2137 1924 quia
2158 1853 2244 1907 lex
2272 1853 2471 1909 dicitur
2500 1853 2556 1908 in
2591 1855 2875 1927 allegoria,
2911 1865 2969 1912 ut
2997 1859 3294 1929 Apostolus
3309 1859 3378 1916 de
3400 1859 3614 1917 duobus

2008 1939 2244 1995 Abrahae
2273 1938 2398 1995 ﬁliis
2428 1941 2831 2012 interpretatur.
2864 1945 2935 2000 Et
2953 1949 3168 2018 patres,
3205 1947 3400 2019 inquit,
3433 1947 3618 2003 nostri

2009 2045 2204 2084 omnes
2215 2030 2316 2085 sub
2338 2031 2483 2086 nube
2495 2033 2756 2101 fuerunt,
2773 2036 2827 2088 et
2851 2050 3043 2090 omnes
3059 2052 3218 2092 mare
3235 2037 3615 2101 transierunt,

2009 2121 2066 2173 et
2085 2133 2278 2173 omnes
2294 2119 2357 2173 in
2377 2118 2552 2190 Moyse
2577 2119 2854 2192 baptizati
2881 2126 3018 2178 sunt
3034 2124 3098 2178 in
3117 2124 3262 2180 nube
3286 2128 3344 2180 et
3363 2126 3425 2180 in
3445 2125 3614 2191 mari,

2011 2209 2066 2260 et
2083 2223 2276 2262 omnes
2297 2208 2551 2262 eamdem
2567 2210 2889 2280 spiritalem
2903 2227 3089 2267 escam
3105 2213 3614 2283 manducavemnt,

2011 2297 2066 2348 et
2092 2311 2286 2350 omnes
2303 2296 2563 2352 eumdem
2585 2301 2784 2369 potum
2811 2299 3133 2370 spiritalem
3153 2301 3412 2357 biberunt
3437 2317 3449 2356 :
3473 2301 3617 2357 bibe-

2012 2383 2152 2437 bant
2177 2387 2368 2438 autem
2400 2383 2467 2439 de
2487 2386 2738 2456 spiritali
2753 2393 3124 2460 consequente
3141 2405 3231 2444 eos
3241 2393 3426 2462 petra,
3445 2387 3616 2462 petra

2012 2475 2206 2526 autem
2226 2481 2351 2526 erat
2369 2473 2628 2529 Christus
2648 2474 2795 2544 (Gal.
2820 2489 2895 2543 IV,
2920 2475 3028 2540 2i;
3057 2477 3085 2530 I
3103 2477 3223 2532 Cor.
3249 2492 3308 2540 x,
3341 2477 3416 2547 4).
3437 2478 3510 2532 Et
3527 2477 3614 2532 lex

2013 2558 2069 2612 in
2085 2559 2360 2632 Decalogo
2383 2561 2528 2632 quod
2549 2577 2659 2616 non
2680 2571 2762 2617 est
2781 2563 3120 2619 immutatum
3141 2565 3424 2636 accipitur,
3447 2574 3502 2622 et
3529 2564 3615 2622 lex

2011 2647 2067 2701 in
2095 2649 2436 2703 caeremoniis
2465 2659 2518 2704 et
2559 2651 2830 2724 legalibus
2888 2652 3172 2709 sacriﬁciis
3232 2653 3445 2721 dicitur,
3495 2671 3618 2726 qua

2013 2737 2344 2807 futurorum
2363 2739 2590 2794 umbras
2610 2739 2849 2810 appellat
2873 2741 3166 2812 Apostolus
3185 2743 3331 2813 (Col.
3370 2742 3452 2814 ιι),
3485 2751 3539 2799 et
3559 2749 3619 2798 ut

2016 2823 2183 2898 longe
2213 2825 2467 2896 superius
2506 2827 2810 2898 praelibavi,
2832 2828 3114 2886 immutata
3132 2846 3276 2887 nunc
3306 2831 3620 2902 spiritaliter

2018 2913 2073 2967 in
2130 2913 2377 2968 Ecclesia
2431 2925 2842 2972 conservantur.
2893 2916 3035 2987 Quid
3093 2917 3236 2974 enim
3266 2919 3528 2993 agebatur
3559 2919 3617 2976 in

2020 3000 2116 3057 illo
2147 3002 2346 3072 populo
2388 3003 2561 3058 Judaei
2592 3006 2918 3072 nescierunt,
2954 3007 3052 3062 sed
3090 3024 3192 3063 nec
3220 3009 3386 3064 modo
3413 3008 3618 3065 sciunt.

2025 3091 2105 3145 De
2135 3088 2241 3144 illis
2271 3091 2470 3162 quippe
2500 3093 2703 3148 dictum
2735 3102 2850 3148 est:
2879 3095 3140 3163 Quandiu
3165 3096 3370 3166 legitur
3394 3098 3616 3169 Moyses,

307 3187 410 3242 ctis
459 3187 576 3256 ejus
606 3184 954 3256 pontiﬁcibus
981 3229 996 3251 ,
1029 3201 1096 3241 eo
1137 3184 1282 3256 quod
1325 3184 1468 3239 male
1526 3183 1816 3249 senserint,
1875 3191 1928 3238 et
2025 3179 2281 3234 velamen
2309 3196 2589 3238 suoercor
2607 3198 2802 3238 eorum
2814 3184 3063 3254 positum
3091 3187 3176 3239 est
3195 3185 3271 3254 (ll
3291 3185 3410 3241 Cor.
3426 3184 3620 3256 tu);ibi

307 3290 418 3330 non
461 3275 702 3330 tenenda
733 3273 1093 3330 decreverint.
1129 3273 1286 3329 Unde
1315 3271 1412 3326 tibi
1443 3272 1767 3342 reSpondeo,
1779 3273 1925 3343 quod

309 3363 381 3419 de
395 3363 521 3436 lege
551 3379 664 3418 non
691 3362 917 3418 Judaice
953 3362 1246 3427 servanda,
1298 3359 1791 3416 contradicentibus
1820 3348 1922 3413 sibi

311 3459 366 3506 et
417 3451 728 3508 dicentibus
762 3466 774 3505 :
807 3453 925 3506 Lex
965 3467 1090 3522 ergo
1160 3449 1425 3504 adversus
1458 3449 1740 3521 promissa
1777 3449 1926 3502 Dei?

313 3540 467 3609 (Gal.
514 3555 612 3604 ιιι,
644 3539 758 3610 21).
783 3539 1087 3610 Respondit
1113 3537 1432 3609 apostolus:
1465 3538 1641 3593 Absit.
1664 3539 1782 3592 Lex
1803 3537 1926 3610 qui-

314 3629 440 3684 dem
467 3633 690 3694 sancta,
731 3631 786 3684 et
814 3628 1152 3683 mandatum
1199 3630 1485 3691 sanctum,
1513 3630 1570 3681 et
1588 3627 1836 3697 justum,
1866 3629 1923 3680 et

313 3718 520 3774 bonum
558 3719 714 3774 Rom.
762 3718 883 3784 (vn,
921 3717 1031 3787 12),
1055 3717 1154 3772 sed
1193 3714 1442 3786 personis
1487 3722 1540 3769 et
1589 3714 1923 3784 temporibus

255 3803 270 3818 ’
315 3806 429 3862 suis
441 3821 716 3877 congrua:
734 3805 866 3873 Quae
877 3809 1110 3878 propter
1132 3804 1606 3876 transgressiones
1615 3804 1803 3875 posita
1814 3818 1871 3858 es
1879 3806 1918 3867 t,

318 3895 493 3951 donec
506 3895 728 3951 veniret
740 3910 932 3950 semen
947 3894 1042 3949 cui
1057 3895 1458 3965 repromiserat
1476 3893 1640 3956 Deus,
1658 3891 1922 3946 ordinata

316 4001 417 4056 per
437 3984 670 4055 angelos
689 3984 752 4038 in
779 3998 959 4037 manu
987 3981 1316 4038 mediatoris
1346 3980 1554 4051 (Galat.
1595 3995 1676 4048 ιιι,
1712 3981 1820 4048 19).
1854 3978 1924 4033 Et

315 4071 438 4128 illas
470 4071 732 4143 epistolas
761 4080 1074 4126 sanctorum
1104 4078 1157 4125 et
1199 4068 1626 4139 apostolicorum
1655 4067 1917 4134 virorum,

318 4160 556 4216 diversis
604 4159 942 4230 temporibus
977 4166 1093 4230 pro'
1139 4158 1484 4213 diversorum
1526 4156 1918 4221 consolatione,

322 4250 460 4306 sicut
507 4257 564 4304 et
611 4249 799 4304 beatus
857 4247 1110 4303 Gelasius
1171 4246 1340 4311 dicit,
1365 4261 1398 4300 a
1446 4245 1576 4300 sede
1622 4245 1924 4314 apostolica

317 4339 472 4394 datas
517 4381 531 4404 ,
591 4345 646 4392 et
685 4353 786 4408 per
833 4337 1056 4392 eosdem
1097 4334 1313 4390 Domini
1357 4333 1671 4389 sacerdotes
1730 4331 1822 4402 qui
1867 4339 1921 4387 et

2024 3265 2276 3322 velamen
2304 3265 2482 3341 ﬁgura
2513 3277 2614 3335 est,
2642 3270 2740 3326 sed
2770 3270 2953 3326 ablata
2973 3279 3056 3326 est
3085 3269 3282 3345 ﬁgura,
3313 3280 3366 3328 et
3394 3281 3620 3346 apparet

2022 3355 2246 3411 veritas.
2290 3357 2431 3412 Audi
2479 3359 2798 3429 Apostolum
2847 3360 3062 3431 quando
3091 3360 3328 3416 ablatum
3359 3371 3440 3418 est
3468 3361 3620 3418 vela-

2024 3461 2168 3500 men.
2193 3447 2331 3502 Cum
2345 3449 2664 3514 transieris,
2689 3447 2878 3519 inquit,
2900 3449 2972 3504 ad
2987 3450 3310 3516 Dominum,
3325 3453 3623 3522 auferetur

2023 3539 2279 3592 velamen
2307 3535 2484 3606 (ibid).
2523 3535 2850 3606 Pr0pitiatus
2898 3552 3034 3609 ergo
3067 3537 3307 3608 peccatis
3335 3539 3535 3594 nostris
3566 3547 3622 3594 et

2022 3625 2390 3696 impietatibus
2437 3639 2538 3694 per
2611 3623 2744 3679 illud
2817 3622 3146 3680 sacriﬁcium
3229 3627 3618 3698 vespertinum,

2024 3714 2240 3784 quando
2287 3712 2536 3768 Christus
2563 3711 2803 3776 extendit
2840 3729 3030 3768 manus
3076 3714 3134 3768 in
3163 3729 3324 3772 cruce
3348 3759 3361 3782 ,
3387 3723 3445 3771 ut
3473 3716 3622 3774 dice-

2024 3809 2170 3856 retur
2201 3819 2212 3855 :
2247 3801 2544 3873 Dirigatur
2569 3803 2750 3858 oratio
2767 3818 2894 3858 mea
2915 3804 3064 3859 sicut
3079 3807 3384 3862 incensum
3399 3805 3463 3860 in
3481 3821 3622 3862 con-

2023 3893 2220 3962 spectu
2251 3893 2366 3954 tuo,
2409 3890 2644 3946 elevatio
2676 3885 2954 3946 manuum
2984 3908 3241 3948 mearum
3275 3893 3623 3962 sacriﬁcium

2023 3979 2408 4052 vespertinum
2428 3979 2602 4042 (Psal.
2638 3982 2787 4047 (ιιι),
2821 3979 2956 4034 sicut
3003 3981 3257 4036 novimus
3285 3980 3411 4054 quia
3437 3981 3622 4037 Domi-

2023 4083 2126 4121 nus
2154 4067 2297 4122 circa
2326 4083 2609 4136 vesperam
2638 4067 2893 4136 pependit
2911 4067 2965 4121 in
2987 4084 3169 4136 cruce,
3193 4069 3310 4139 ipse
3340 4070 3618 4136 sacerdos,

2023 4153 2140 4225 ipse
2170 4153 2407 4218 victima,
2441 4153 2559 4223 ipse
2587 4153 2822 4219 oblator,
2855 4154 2972 4224 ipse
3003 4156 3226 4210 oblatio.
3272 4157 3394 4226 Ipse
3429 4173 3619 4213 sacer-

2022 4243 2144 4307 dos,
2178 4250 2279 4310 est,
2331 4240 2422 4314 qui
2469 4256 2610 4296 nunc
2657 4240 2944 4314 ingressus
2987 4250 3069 4296 est
3103 4243 3158 4296 in
3185 4243 3442 4299 interiora
3485 4244 3614 4311 veli,

2023 4332 2172 4386 solus
2200 4330 2274 4384 ibi
2319 4346 2384 4384 ex
2417 4329 2501 4383 his
2535 4329 2626 4401 qui
2646 4346 2865 4385 carnem
2919 4339 3270 4404 gestaverunt
3310 4331 3622 4404 interpellat

318 4427 501 4498 angeli
532 4426 834 4482 secundum
876 4425 1211 4496 Scripturam
1253 4422 1594 4494 appellantur
1618 4421 1916 4489 ordinatas,
1942 4415 1994 4476 D
2024 4435 2126 4491 pro
2155 4419 2334 4476 nobis.
2367 4421 2430 4473 In
2456 4419 2608 4488 cujus
2638 4419 2718 4474 rei
2763 4417 2956 4492 ﬁgura,
2989 4419 3045 4475 in
3075 4420 3170 4477 illo
3198 4421 3374 4493 primo
3393 4421 3616 4494 populo,
3675 4443 3699 4457 α

317 4531 441 4573 cum
480 4516 646 4570 beato
688 4513 912 4570 Gelasio
955 4511 1252 4584 apostolico
1282 4510 1400 4566 viro
1429 4508 1812 4566 venerabiliter
1837 4525 1928 4564 su-

323 4605 644 4676 scipiendas
673 4603 814 4658 dico.
876 4601 1010 4671 Quae
1055 4601 1170 4656 suis
1199 4599 1532 4670 temporibus
1561 4605 1928 4672 congruentes

317 4693 557 4760 fuerunt,
591 4693 770 4748 donec
827 4707 926 4762 per
983 4705 1140 4745 sacra
1195 4688 1421 4745 concilia
1451 4689 1636 4743 Patres
1668 4686 1842 4742 nostri
1870 4685 1927 4740 in

319 4800 486 4838 unum
527 4781 934 4846 convenientes,
985 4779 1124 4834 sicut
1166 4777 1410 4846 ejusdem
1439 4777 1752 4848 apostolicae
1781 4775 1928 4831 sedis

316 4870 608 4943 pontiﬁces
666 4876 1052 4940 protestantur,
1101 4873 1438 4939 suggerente
1469 4865 1708 4920 siblimet
1739 4871 1926 4920 sancto

322 4960 551 5031 Spiritu,
585 4957 840 5030 quoniam
886 4956 1042 5011 aliter
1089 4955 1418 5011 credendum
1477 4969 1587 5009 non
1617 4961 1736 5019 est,
1768 4968 1926 5008 man-

325 5065 482 5104 suras
529 5063 704 5120 usque
747 5045 802 5100 in
839 5043 1000 5100 ﬁnem
1035 5043 1220 5100 saeculi
1248 5043 1403 5116 leges
1450 5041 1826 5098 condiderunt.
1857 5039 1929 5095 Et

323 5137 464 5194 sicut
493 5137 564 5192 de
587 5136 712 5209 lege
728 5134 857 5190 dicit
881 5151 894 5188 :
917 5132 1214 5205 Apostolus
1242 5149 1255 5186 :
1275 5133 1334 5188 Si
1354 5132 1509 5188 enim
1526 5135 1674 5186 esset
1690 5131 1785 5186 les:
1805 5146 1927 5202 qum

317 5230 506 5301 posset
559 5225 864 5293 viviﬁcare,
899 5238 1024 5279 vere
1070 5239 1145 5278 ea:
1169 5222 1284 5293 lege
1339 5223 1484 5277 esset
1514 5220 1750 5291 justilia
1789 5218 1926 5288 (Ga-

327 5317 429 5372 lat.
478 5329 559 5379 ιιι,
604 5313 698 5384 21)
723 5355 738 5380 ,
765 5311 842 5368 ita
881 5311 1031 5368 salva
1077 5308 1384 5368 reverentia
1431 5307 1577 5364 sedis
1611 5306 1926 5376 apostolica

319 5405 467 5471 dico,
499 5403 629 5476 quia
657 5401 704 5458 si
729 5401 840 5466 illa,
871 5417 994 5474 quae
1020 5399 1075 5456 in
1124 5399 1332 5456 eisdem
1361 5395 1605 5468 epistolis
1635 5395 1924 5452 continen-

325 5509 432 5567 tur,
465 5509 519 5556 et
547 5500 632 5556 sui
665 5497 998 5570 temporibus
1025 5511 1266 5570 congrua
1311 5494 1546 5559 fuerunt,
1580 5493 1922 5564 subsequen-

2031 4517 2084 4564 et
2112 4509 2169 4564 in
2198 4507 2292 4564 illo
2320 4507 2499 4579 primo
2529 4508 2735 4580 templo
2759 4550 2774 4579 ,
2806 4525 2948 4564 unus
2979 4511 3240 4566 sacerdos
3289 4511 3523 4566 intrabat
3559 4510 3617 4566 in

2030 4597 2228 4655 Sancta
2280 4605 2613 4653 sanctorum.
2662 4598 2898 4668 Populus
2941 4598 3118 4654 omnis
3150 4597 3282 4654 foris
3323 4599 3530 4664 stabat,
3566 4606 3621 4655 et

2026 4687 2140 4755 ille,
2174 4687 2268 4760 qui
2310 4686 2461 4742 solus
2496 4687 2908 4760 ingrediebatur
2935 4687 2988 4742 in
3034 4687 3290 4750 interiora
3319 4686 3445 4757 veli,
3477 4685 3618 4744 oﬁ‘e-

2028 4777 2182 4832 rebat
2225 4775 2552 4832 sacriﬁcium
2594 4791 2696 4847 pro
2725 4775 2926 4846 populo
2956 4775 3090 4830 foris
3117 4782 3312 4831 stante.
3348 4775 3620 4849 Pr0pitia-

2029 4865 2096 4920 tis
2132 4881 2266 4936 ergo
2311 4865 2548 4936 peccatis
2592 4864 2794 4920 nostris
2837 4872 2890 4918 et
2935 4863 3300 4933 impietatibus
3327 4881 3444 4936 per
3484 4865 3619 4923 illud

2027 4952 2351 5009 sacriﬁcium
2434 4953 2801 5023 vespertinum
2846 4991 2860 5019 ,
2918 4951 3215 5007 transimus
3287 4954 3358 5009 ad
3433 4955 3619 5010 Domi-

2026 5059 2155 5098 num
2211 5051 2265 5098 et
2319 5042 2563 5097 aufertur
2623 5041 2883 5096 velamen.
2931 5040 3227 5112 Propterea
3283 5051 3336 5098 et
3387 5043 3619 5101 Domino

2025 5129 2287 5188 cruxiﬁxo
2317 5131 2496 5186 velum
2525 5127 2711 5199 templi
2743 5129 2972 5184 scissum
3004 5139 3105 5187 est.
3148 5131 3337 5204 Itaque
3366 5148 3469 5190 nec
3496 5148 3619 5190 car-

2025 5236 2152 5278 nem
2192 5220 2440 5291 prmputii
2479 5216 2920 5274 oircumcidimus
2958 5215 3113 5288 juita
3154 5221 3317 5277 ritum
3365 5222 3618 5280 Mosaicae

2023 5309 2184 5383 legis,
2213 5324 2314 5365 nec
2344 5306 2676 5362 abstinemus
2703 5307 2960 5365 carnibus
2988 5323 3127 5382 quas
3155 5310 3347 5367 eadem
3374 5310 3461 5366 lex
3487 5310 3619 5368 dicit

2024 5396 2350 5462 immundas,
2382 5409 2486 5451 nec
2505 5394 2754 5462 sabbata,
2789 5404 2842 5452 et
2871 5397 3206 5468 neomenias,
3225 5407 3278 5456 et
3304 5397 3423 5456 dies
3449 5397 3619 5457 festos

2023 5500 2208 5542 eorum
2247 5483 2539 5542 carnaliter
2593 5484 2950 5543 observamus
2973 5527 2989 5552 ,
3019 5502 3120 5544 nec
3166 5487 3408 5544 victimas
3450 5501 3615 5559 peco-

3518 231 3622 293 386
3707 215 3721 228 ‘
