4164 6320
956 15 1416 32 "mm
1440 19 1455 27 -
1470 18 1757 28 —u—————

524 261 630 321 387

1521 260 1862 317 umerum
1890 260 2292 318 nununnsxs
2347 231 2894 319 mcmsrtscort.

3725 269 3832 320 388

524 407 641 445 rum
675 388 1046 445 sacriﬁcamus
1077 389 1213 453 Deo,
1247 403 1350 444 nec
1379 389 1592 443 Pascha
1621 388 1675 442 in
1705 404 1806 443 ove
1837 397 1889 443 et
1919 388 2193 460 azymisA
2222 406 2408 444 verum
2441 398 2542 459 est,
2578 390 2704 461 quia
2747 388 2887 445 ratio
2933 395 2986 443 et
3035 387 3235 443 veritas
3275 389 3656 444 consuetudini
3676 405 3829 461 pre-

527 478 772 534 similiter
801 477 1160 541 celebramus,
1195 485 1247 531 et
1277 477 1324 530 si
1356 493 1463 547 qua
1509 477 1619 531 alia
1663 475 1881 531 fuerunt
1938 485 2126 533 vetera

529 574 886 635 sacramenta,
921 583 1040 637 quae
1070 565 1270 629 omnia,
1305 573 1360 618 ut
1391 565 1520 631 dixi,
1553 566 1779 621 umbras
1799 569 2128 637 futurorum

532 656 752 725 €01.11),
805 654 1042 725 appellat
1100 653 1414 724 Apostolus,
1461 653 1588 726 quia
1642 671 1708 708 ea
1751 652 2128 725 signiﬁcabant

529 760 630 798 suo
678 752 924 814 tempore
972 743 1282 808 revelanda,
1318 759 1439 813 quas
1495 759 1595 796 nos
1622 743 1856 797 revelata
1887 742 2128 813 percipi-

531 849 674 898 mus,
707 841 763 886 ut
795 841 1002 886 remota
1050 832 1262 896 umbra,
1294 831 1440 886 nuda
1489 847 1676 884 eorum
1706 831 1827 885 luce
1860 830 2128 886 fruamur.

531 923 670 976 Nam
717 929 770 975 et
800 921 1048 976 exuendo
1093 928 1332 975 veterem
1373 919 1647 974 hominem
1691 919 2132 974 circumcidimur

534 1011 590 1064 in
647 1009 1039 1080 exspoliatione
1090 1008 1336 1078 corporis
1393 1007 1594 1073 carnis,
1625 1017 1675 1062 et
1707 1024 1844 1079 quos
1873 1008 2025 1062 cibos
2055 1007 2132 1060 illi

537 1099 705 1153 vitam
756 1099 810 1152 in
864 1097 1173 1168 pecoribus,
1224 1113 1326 1150 nos
1366 1096 1593 1150 vitamus
1650 1097 1704 1149 iu
1760 1096 2000 1152 moribus
2034 1139 2046 1163 ,
2081 1103 2134 1150 et

536 1187 868 1243 exhibemus
899 1203 1130 1258 corpora
1161 1189 1356 1240 nostra
1388 1185 1630 1240 hostiam
1659 1187 1842 1240 vivam
1873 1189 2133 1240 sanctam

537 1279 644 1332 Deo
665 1277 987 1347 placentem
1019 1275 1194 1342 (Rom.
1229 1276 1328 1340 xu)
1351 1317 1366 1339 ,
1397 1273 1482 1328 cui
1517 1281 1569 1328 et
1600 1273 1808 1328 animas
1838 1282 2051 1327 nostras
2078 1271 2136 1325 in

536 1363 822 1418 desideriis
843 1362 1046 1417 sanctis
1074 1378 1175 1432 pro
1206 1362 1471 1434 sanguine
1519 1361 1884 1434 intelligenter
1907 1360 2135 1416 eﬁ’undi-

538 1468 680 1517 mus,
713 1458 766 1507 et
813 1450 1009 1505 Christi
1041 1450 1188 1506 velut
1241 1451 1370 1522 agni
1399 1451 1730 1506 immaculati
1777 1450 2038 1522 sanguine
2068 1450 2135 1503 ab

539 1540 687 1596 omni
741 1538 1019 1610 iniquitate
1076 1539 1404 1593 mundamur
1437 1557 1450 1592 :
1483 1540 1575 1610 qui
1626 1547 1852 1610 propter
1882 1538 2136 1592 similitu-

539 1629 721 1684 dinem
752 1627 928 1682 carnis
985 1626 1218 1698 peccati,
1247 1627 1411 1681 etiam
1469 1627 1696 1698 caprino
1734 1643 1931 1698 pecore
1961 1627 2014 1680 in
2043 1643 2136 1682 ve-

2227 479 2481 548 ponenda
2507 487 2591 532 est
2621 495 2634 532 :
2669 477 2765 532 sed
2783 494 2908 533 cum
2924 477 3304 533 consuetudini
3324 478 3527 533 veritas
3547 477 3829 552 suifraga-

2227 575 2331 635 tur,
2365 567 2496 621 nihil
2526 574 2736 637 oportet
2765 565 2972 620 ﬁrmius
3001 566 3244 621 retineri.
3279 564 3542 635 Quasdam
3565 567 3827 640 denique,

2231 655 2366 711 sicut
2395 655 2450 709 in
2489 655 2696 710 eisdem
2723 655 2968 726 epistolis
3001 654 3072 708 ab
3107 655 3370 726 apostolis
3393 655 3595 712 tradita
3634 655 3830 727 legun-

2233 752 2338 808 tur,
2377 743 2463 798 vel
2492 760 2558 798 ex
2605 743 2818 816 legibus
2855 743 3112 798 Romanis
3155 752 3434 815 assumpta
3463 743 3834 812 inveniuntur,

2231 831 2305 886 ita
2375 831 2737 902 plenariorum
2813 831 3166 887 conciliorum
3248 832 3565 888 auctoritate
3622 831 3839 888 ﬁrmata

2233 929 2520 975 servantur
2561 939 2574 974 :
2617 929 2670 976 et
2699 921 2942 992 quaedam
2974 937 3038 976 ex
3072 921 3154 974 his
3182 921 3235 974 in
3268 920 3512 976 conciliis
3552 921 3838 976 immutata

2233 1002 2468 1064 fuerunt.
2518 1011 2625 1065 Sed
2673 1018 2725 1064 et
2754 1011 3002 1082 quaedam
3033 1010 3102 1064 de
3137 1009 3238 1079 his,
3277 1027 3398 1082 quae
3443 1009 3498 1064 in
3528 1009 3835 1083 regionali-

2236 1099 2338 1152 bus
2367 1097 2516 1152 fuere
2547 1106 2748 1153 statuta
2777 1098 3044 1164 conciliis,
3085 1097 3453 1170 plenariorum
3480 1098 3840 1154 conciliorum

2235 1187 2549 1242 auctoritate
2583 1186 2876 1256 immutata,
2909 1187 2994 1242 vel
3045 1187 3100 1240 in
3146 1188 3493 1258 postmodum
3532 1186 3840 1262 irrefraga-

2237 1275 2417 1330 biliter
2446 1277 2822 1331 conservanda
2849 1283 3120 1344 tenentur,
3155 1275 3293 1331 sicut
3314 1275 3564 1332 catholici
3583 1276 3840 1332 doctores

2237 1372 2289 1418 et
2334 1364 2595 1419 Ecclesiae
2660 1364 2909 1437 magistri
2964 1365 3339 1419 demonstrant
3383 1407 3398 1432 ,
3432 1373 3484 1420 et
3525 1365 3730 1436 partim
3775 1381 3842 1420 ex

2237 1469 2438 1508 erorun
2477 1453 2636 1508 dictis
2685 1470 2850 1524 supra
2897 1453 3111 1508 ostendi
3144 1471 3155 1508 :
3190 1462 3238 1508 et
3281 1461 3481 1524 praeter
3527 1469 3593 1508 ea
3621 1471 3746 1527 quae
3776 1454 3846 1510 de

2237 1541 2420 1596 verbis
2441 1541 2584 1595 beati
2604 1541 2889 1614 Augustini
2909 1543 2963 1596 iu
2985 1543 3090 1597 hoc
3112 1542 3376 1612 Opusculo
3396 1542 3573 1614 posui,
3599 1542 3654 1596 in
3686 1543 3845 1598 libris

2239 1624 2306 1678 de
2335 1623 2611 1693 Baptismo
2637 1625 2766 1679 dicit
2801 1640 2814 1680 :
2847 1625 3081 1696 primum
3114 1624 3335 1697 quidem
3356 1625 3651 1680 ostendens
3680 1625 3846 1682 diffe-

537 1717 746 1772 teribus
774 1714 1057 1772 sacrificiis
1087 1714 1370 1786 ﬁguratur,
1395 1732 1495 1772 nec
1529 1733 1649 1770 eum
1678 1725 1843 1788 negat
1873 1715 1928 1769 in
1959 1715 2136 1771 crucis
2160 1743 2213 1803 B
2241 1712 2470 1768 rentiam
2513 1729 2634 1768 esse
2679 1713 2820 1768 inter
2864 1713 3157 1784 epistolare
3207 1713 3556 1786 colloquium,
3590 1730 3701 1786 quo
3730 1715 3852 1771 ista

538 1805 798 1863 cornibus
853 1812 1084 1870 taurum,
1147 1804 1236 1876 qui
1266 1804 1322 1857 in
1377 1805 1470 1860 illo
1527 1807 1808 1878 cognoscit
1839 1804 2129 1858 maximam

542 1894 838 1950 victimam.
894 1895 956 1946 In
1011 1892 1106 1946 illo
1158 1892 1402 1963 requiem
1460 1910 1584 1949 cum
1641 1893 1960 1959 invenimus,
2018 1910 2147 1948 vere

544 1981 964 2048 sabbatizamus,
991 1987 1043 2034 et
1061 1980 1205 2034 lunae
1220 1996 1376 2036 nova:
1395 1981 1728 2047 observatio,
1750 1982 1874 2036 vita:
1892 1997 2048 2036 nova:
2067 1989 2149 2035 est

543 2068 920 2134 sanctiﬁcatio,
974 2077 1027 2123 et
1084 2069 1295 2123 Pascha
1346 2077 1594 2124 nostrum
1639 2077 1720 2124 est
1768 2069 2036 2137 Christus,
2099 2077 2151 2124 et

547 2174 795 2228 azymum
823 2165 1068 2212 nostrum
1099 2156 1383 2212 sinceritas
1410 2157 1652 2212 veritatis
1685 2157 2008 2213 fermentum
2039 2173 2148 2211 non

549 2247 757 2301 habens
799 2245 1104 2300 vetustatis.
1152 2246 1220 2298 Et
1267 2254 1488 2316 pr0pter
1516 2247 1654 2302 hanc
1683 2246 1806 2300 vita;
1834 2245 2146 2313 novitatem,

547 2335 756 2406 primus
795 2333 998 2389 mensis
1055 2333 1110 2386 in
1154 2334 1282 2388 anni
1335 2335 1615 2390 mensibus
1646 2334 1998 2390 celebrationi
2027 2333 2151 2389 huic

543 2423 827 2478 attributus
865 2431 947 2478 est
984 2439 1108 2476 nam
1157 2423 1275 2493 ipse
1326 2423 1522 2479 dicitur
1540 2433 1593 2478 et
1640 2425 2147 2479 mensisnovorum.

545 2512 688 2582 Quia
712 2527 842 2567 vero
869 2511 923 2564 in
935 2519 1048 2566 toto
1065 2518 1310 2581 tempore
1335 2512 1519 2568 saeculi
1541 2529 1686 2568 nunc
1704 2513 1916 2568 tertium
1939 2521 2153 2583 tempus

544 2600 808 2672 apparuit,
823 2599 946 2656 ideo
958 2600 1288 2655 resurrectio
1305 2600 1783 2656 Dominitriduana
1795 2610 1896 2655 est.
1915 2600 2151 2655 Primum

545 2689 691 2744 enim
729 2696 941 2758 tempus
970 2697 1052 2742 est
1096 2697 1220 2743 ante
1260 2689 1440 2761 legem
1465 2731 1478 2758 ,
1515 2691 1810 2745 secundum
1874 2689 1974 2743 sub
2004 2689 2150 2762 lege,

548 2778 764 2832 tertium
795 2777 896 2830 sub
949 2777 1146 2849 gratia,
1171 2777 1262 2830 ubi
1305 2778 1422 2846 jam
1453 2777 1814 2833 manifestatio
1845 2787 1926 2832 est
1966 2794 2153 2833 sacra-

549 2873 717 2928 menti
775 2873 928 2944 prius
971 2873 1170 2928 occulti
1200 2873 1254 2927 in
1308 2875 1628 2944 prophetico
1677 2875 1968 2946 aenigmate
2006 2893 2018 2928 :
2051 2875 2154 2928 hoc

551 2979 684 3036 ergo
745 2970 797 3017 et
846 2961 900 3016 in
942 2962 1118 3016 lunari
1177 2979 1403 3017 numero
1445 2963 1802 3036 significatur.
1839 2962 1979 3031 Quia
2011 2963 2152 3018 enim

550 3051 889 3122 septenarius
937 3065 1198 3106 numerus
1247 3052 1385 3106 solet
1430 3052 1486 3106 in
1522 3051 1815 3123 Scripturis
1861 3052 1930 3106 ad
1959 3068 2154 3122 quam-

549 3141 677 3196 dam
707 3138 1098 3211 perfectionem
1129 3141 1392 3211 mysticus
1437 3157 1718 3212 apparere,
1752 3141 1912 3196 tertia
1940 3141 2156 3195 hebdo-

547 3229 712 3285 mada
760 3229 903 3284 lunae
951 3229 1161 3284 Pascha
1209 3230 1554 3295 celebratur,
1587 3230 1642 3284 id
1665 3239 1747 3284 est
1789 3231 1882 3301 qui
1912 3231 2029 3284 dies
2059 3247 2158 3285 oc-

551 3318 720 3374 currit
757 3334 787 3370 a
843 3326 1038 3388 quarta
1082 3319 1295 3372 decima
1341 3318 1394 3371 in
1456 3319 1768 3374 vicesimam
1809 3319 2059 3389 primam.
2092 3320 2159 3373 Et

551 3422 890 3478 quaecunque
919 3405 1026 3459 alia
1057 3405 1163 3458 illis
1181 3405 1458 3460 veteribus
1475 3407 1794 3461 adumbrata
1816 3416 1936 3460 sunt
1964 3407 2155 3478 signis,

549 3495 607 3548 in
664 3495 768 3549 isto
825 3493 1025 3548 habent
1082 3492 1264 3558 ﬁnem,
1298 3497 1461 3566 cujus
1515 3496 1676 3567 regni
1731 3512 1846 3551 non
1877 3497 1989 3550 erit
2027 3497 2161 3564 ﬁnis

551 3583 772 3654 (Matth.
807 3582 886 3653 v).
924 3583 981 3636 In
1013 3581 1107 3637 illo
1152 3582 1351 3654 quippe
1397 3583 1576 3637 omnia
1605 3583 1890 3654 oportebat
1925 3583 2158 3653 impleri,

552 3672 646 3742 qui
673 3671 819 3726 venit
866 3671 1049 3743 legem
1105 3679 1158 3725 et
1189 3673 1483 3741 prophetas
1530 3689 1641 3726 non
1673 3672 1902 3737 solvere,
1939 3672 2035 3726 sed
2063 3671 2162 3726 im-

553 3759 720 3830 plere.
746 3758 980 3812 Proinde
1013 3759 1106 3812 illa
1136 3768 1324 3814 vetera
1355 3759 1514 3830 signa
1533 3776 1716 3814 rerum
1747 3777 1856 3814 non
1883 3760 2165 3815 evacuavit

553 3846 835 3918 arguendo
866 3886 879 3913 ,
915 3847 1012 3900 sed
1086 3847 1312 3901 mutavit
1358 3847 1634 3917 implendo
1669 3891 1682 3913 ,
1715 3855 1772 3901 ut
1821 3847 1924 3902 alia
1982 3855 2165 3902 essent

554 3951 676 4007 quae
705 3933 1018 3990 nuntiarent
1047 3934 1264 3990 venisse
1288 3935 1404 4004 jam
1437 3936 1730 4002 Christum,
1757 3952 1920 4007 quam
1953 3935 2166 3992 fuerant

556 4022 651 4078 illa
679 4039 801 4094 qua
845 4022 1277 4093 praenuntiabant
1325 4040 1448 4078 esse
1478 4032 1786 4079 venturum.
1821 4025 2082 4081 Similiter
2111 4031 2165 4080 et

559 4111 614 4166 in
669 4110 780 4165 illis
837 4111 1266 4182 apostolicorum
1325 4113 1570 4168 virorum
1603 4113 1868 4184 epistolis,
1918 4115 2168 4186 quaedam

554 4201 999 4256 demonstrantur
1045 4201 1209 4256 etiam
1241 4203 1386 4273 apud
1437 4203 1676 4276 gentiles
1719 4203 1888 4258 fuisse
1919 4212 2042 4260 ante
2063 4203 2166 4258 ad—

553 4297 775 4346 ventum
822 4290 1040 4346 Domini
1089 4289 1472 4364 signiﬁcativa,
1508 4292 1663 4348 sicuti
1695 4293 1762 4347 de
1795 4293 2086 4363 provinciis
2117 4300 2169 4347 et

554 4378 863 4450 privilegiis
943 4379 1258 4445 civitatum,
1292 4388 1346 4434 et
1409 4381 1732 4450 primatibus
1791 4381 2068 4435 flaminum
2115 4389 2167 4435 et

2186 3100 2234 3163 C

2248 1801 2493 1872 epistolae
2530 1801 2951 1872 apostolicorum
2974 1845 2986 1868 ,
3020 1803 3088 1856 de
3139 1803 3335 1873 quibus
3373 1803 3572 1875 agitur,
3614 1803 3852 1858 condita:

2251 1899 2389 1960 sunt,
2423 1897 2475 1944 et
2505 1889 2782 1960 regionale
2815 1906 2878 1944 ac
2921 1889 3223 1960 plenarium
3254 1889 3556 1946 concilium.
3595 1912 3616 1940 α
3651 1891 3850 1958 Video,

2249 1980 2421 2050 inquit
2465 1979 2581 2050 (lib.
2616 1993 2676 2032 ur
2707 1979 2771 2033 de
2799 1980 2982 2050 Bapt.,
3021 1995 3141 2049 cap.
3185 1978 3260 2050 2),
3317 1977 3448 2050 quid
3489 1978 3667 2035 adhuc
3697 1996 3731 2034 a
3760 1996 3851 2036 me

2250 2067 2420 2139 possit
2446 2067 2648 2138 inquit,
2682 2066 2964 2133 videlicet,
2995 2075 3051 2121 ut
3072 2067 3436 2138 respondeam
3464 2067 3854 2123 verisimilibus

2249 2156 2357 2210 illis
2386 2155 2708 2221 rationibus,
2743 2156 2934 2226 quibus
2965 2155 3052 2209 vel
3083 2164 3206 2210 ante
3238 2155 3590 2228 Agrippinus,
3617 2156 3704 2212 vel
3735 2156 3858 2228 ipse

2252 2247 2575 2317 Cyprianus,
2624 2244 2710 2298 vel
2741 2244 2816 2298 illi
2848 2244 2938 2315 qui
2970 2244 3048 2298 eis
3093 2244 3148 2298 in
3196 2244 3380 2301 Africa
3436 2254 3854 2312 consenserunt,

2251 2334 2338 2388 vel
2369 2334 2413 2388 si
2444 2333 2582 2388 forte
2613 2332 2779 2404 aliqui
2827 2349 2893 2387 ex
2929 2331 3302 2388 transmarinis
3349 2333 3510 2388 terris
3539 2334 3705 2407 longe
3736 2333 3860 2388 dis-

2252 2424 2436 2489 cretis,
2471 2422 2619 2476 nullo
2649 2421 2865 2493 quidem
2911 2421 3025 2478 sive
3053 2421 3300 2493 plenario
3329 2422 3442 2478 sive
3477 2423 3670 2478 saltem
3702 2423 3859 2498 regio

2251 2512 2381 2566 mali
2412 2509 2663 2575 concilio,
2690 2511 2786 2564 sed
2809 2509 3081 2580 epistolari
3103 2510 3395 2582 colloquio,
3420 2512 3675 2567 commoti
3706 2521 3855 2578 sunt,

2251 2609 2308 2654 ut
2339 2601 2443 2654 hoc
2464 2616 2586 2653 esse
2619 2598 2926 2653 faciendum
2956 2606 3224 2670 putarent,
3250 2599 3395 2671 quod
3427 2608 3478 2654 et
3518 2601 3858 2656 consuetudo

2253 2688 2513 2745 Ecclesiae
2542 2687 2770 2759 pristina
2811 2705 2920 2743 non
2969 2688 3220 2757 habebat,
3254 2697 3308 2744 et
3337 2699 3526 2760 postea
3553 2689 3861 2747 catholicus

2253 2778 2400 2834 orbis
2431 2786 2702 2832 terrarum
2753 2777 3137 2832 robustissima
3185 2776 3431 2833 ﬁrmitate
3475 2778 3860 2834 consensionis

2255 2866 2500 2930 exclusit,
2532 2874 2588 2920 ut
2635 2867 2782 2938 quod
2812 2882 2912 2936 per
2960 2866 3353 2937 disputationes
3383 2867 3648 2936 ejusmodi
3668 2867 3724 2922 in
3755 2868 3863 2923 ali-

2256 2971 2483 3026 quorum
2512 2963 2722 3009 mentes
2744 2954 2988 3024 irrepere
3037 2963 3294 3026 coeperat,
3330 2955 3397 3011 de
3427 2956 3600 3011 salute
3631 2957 3864 3012 veniens

2256 3042 2474 3098 unitatis
2522 3043 2791 3114 potentior
2836 3043 3038 3097 veritas
3101 3051 3151 3098 et
3189 3044 3514 3099 universalis
3581 3045 3862 3102 medicina

2259 3140 2496 3188 sanaret.
2527 3153 2548 3181 ν
2586 3133 2718 3186 ltcm
2759 3129 3122 3187 differentiam
3153 3133 3294 3188 inter
3331 3133 3624 3207 regionalia
3656 3143 3707 3190 et
3737 3135 3865 3205 ple-

2257 3221 2407 3276 naria
2429 3220 2653 3276 concilia
2683 3222 2921 3276 ostendit
2941 3221 3044 3276 hoc
3063 3222 3227 3277 modo
3262 3239 3273 3277 :
3312 3244 3333 3272 ι
3369 3222 3560 3289 Nobis,
3585 3223 3861 3295 inquiens,

2258 3318 2432 3365 tutum
2490 3318 2571 3364 est
2604 3309 2660 3364 in
2713 3325 2780 3364 ea
2854 3325 2962 3364 non
3023 3311 3262 3380 protrahi
3314 3311 3497 3384 aliqua
3552 3312 3862 3370 temeritate

2261 3398 2542 3454 sententiae
2567 3439 2580 3466 ,
2617 3415 2738 3470 qua:
2779 3398 2927 3454 nullo
2954 3399 3009 3452 in
3043 3399 3308 3456 catholico
3340 3400 3608 3472 regionali
3627 3401 3866 3458 concilio

2261 3495 2456 3558 coepta,
2493 3488 2643 3542 nullo
2689 3487 2934 3558 plenario
2980 3488 3264 3544 terminata
3293 3498 3435 3544 sunt.
3468 3489 3528 3545 Id
3555 3499 3738 3546 autem
3768 3507 3865 3546 se-

2263 3592 2452 3632 curum
2483 3585 2567 3630 est
2611 3576 2875 3630 sententia
2905 3577 3056 3631 vocis
3089 3593 3354 3646 asserere,
3391 3578 3538 3651 quod
3566 3579 3623 3634 in
3651 3579 3868 3653 guber-

2262 3665 2481 3719 natione
2506 3663 2723 3718 Domini
2755 3663 2856 3720 Dei
2885 3664 3055 3720 nostri
3083 3673 3135 3720 et
3173 3666 3472 3722 Salvatoris
3501 3668 3629 3723 Jesu
3659 3667 3868 3724 Christi

2263 3753 2584 3808 universalis
2635 3753 2896 3808 Ecclesiae
2943 3755 3304 3810 consensione
3345 3756 3661 3811 roboratum
3701 3764 3806 3812 est.
3839 3778 3862 3806 ι
3919 3799 3932 3811 .

2265 3843 2400 3896 Item
2429 3839 2792 3896 differentiam
2823 3841 3058 3896 ostendit
3078 3843 3220 3897 inter
3249 3843 3590 3900 authenticas
3624 3845 3869 3917 scriptu-

2265 3947 2374 3995 ras,
2409 3939 2462 3985 et
2491 3930 2790 4001 regionalia
2822 3939 2874 3986 et
2903 3931 3146 4002 pleuaria
3164 3933 3412 3988 concilia.
3455 3955 3478 3984 ι
3503 3931 3656 4002 Quis,
3690 3933 3871 4008 inquit

2267 4017 2385 4088 (lib.
2412 4034 2451 4072 ιι
2483 4020 2548 4074 de
2571 4020 2754 4092 Bapt.,
2779 4035 2898 4090 cap.
2932 4019 3008 4090 3),
3033 4021 3237 4076 nesciat
3259 4029 3503 4077 sanctam
3525 4021 3869 4094 Scripturam

2266 4107 2588 4163 catholicam
2613 4151 2626 4174 ,
2675 4115 2788 4162 tam
2821 4107 3034 4163 Veteris
3106 4126 3268 4181 quam
3325 4110 3466 4165 Novi
3513 4110 3871 4182 Testamenti,

2267 4195 2430 4251 certis
2487 4197 2600 4250 suis
2647 4195 2893 4251 terminis
2941 4197 3240 4264 contineri,
3303 4215 3530 4271 eamque
3611 4199 3873 4254 omnibus

2266 4285 2658 4355 posterioribus
2682 4285 3064 4356 episcoporum
3093 4286 3286 4341 litteris
3317 4287 3391 4342 ita
3419 4288 3683 4360 praeponi,
3714 4296 3776 4344 ut
3800 4289 3874 4343 de

2267 4373 2361 4428 illa
2389 4374 2608 4429 omnino
2652 4373 2886 4429 dubitari
2935 4382 2988 4429 et
3015 4375 3306 4446 disceptari
3351 4391 3460 4432 non
3491 4376 3661 4448 possit
3688 4385 3871 4434 utrum

556 4465 1015 4535 archiﬂaminum,
1057 4483 1178 4537 quae
1208 4468 1276 4521 ad
1326 4467 1498 4521 instar
1529 4468 1668 4540 legis
1698 4469 1970 4532 Mosaica),
2005 4463 2238 4541 longeD
2270 4478 2457 4518 verum
2486 4464 2574 4517 vel
2595 4471 2776 4517 utrum
2807 4472 3013 4518 rectum
3044 4464 3131 4530 sit,
3157 4465 3420 4536 quidquid
3436 4465 3492 4520 in
3512 4482 3576 4521 ea
3603 4466 3868 4538 scripturn

555 4563 680 4610 ante
720 4553 1002 4628 gentilium
1050 4554 1484 4624 dispositionem,
1519 4565 1572 4610 et
1620 4557 1676 4609 in
1724 4556 2084 4626 legislatione,
2108 4567 2162 4612 et

555 4644 614 4698 in
643 4644 722 4697 eis
753 4643 1060 4714 quibusque
1108 4642 1550 4698 distinctionibus
1580 4643 1879 4713 existentis,
1912 4653 1969 4698 ut
1999 4661 2164 4716 supra

561 4732 804 4798 ostendi,
838 4739 890 4786 et
926 4731 982 4784 in
1012 4731 1281 4786 divisione
1322 4731 1560 4786 tribuum
1606 4748 1677 4787 ac
1727 4732 2078 4800 incolatuum,
2111 4742 2164 4788 et

559 4820 1000 4891 privilegiorum,
1036 4836 1097 4875 ac
1128 4820 1461 4891 primatuum
1518 4820 1772 4875 ordinum
1821 4821 2163 4894 singulorum

559 4907 792 4979 gentiles
823 4908 1224 4978 disposuerunt,
1259 4917 1328 4974 et,
1375 4917 1431 4963 ut
1461 4908 1715 4963 Clemens
1737 4917 1898 4979 atque
1929 4910 2154 4967 Anacle-

561 5003 650 5050 tus
698 4995 1036 5061 ostendunt,
1099 4996 1402 5067 apostolica
1471 4997 1752 5052 traditione
1807 4997 1862 5051 in
1917 4999 2165 5055 Ecclesia

560 5083 833 5154 hodieque
879 5093 1162 5140 servantur
1217 5086 1271 5140 in
1301 5085 1568 5141 divisione
1630 5086 1933 5159 regionum,
1977 5096 2029 5143 et
2060 5105 2162 5160 pa-

563 5171 896 5237 rochiarum,
930 5179 984 5227 et
1024 5173 1326 5243 privilegiis
1381 5174 1610 5243 sedium,
1647 5183 1701 5230 et
1757 5175 2162 5248 episcoporum,

561 5276 626 5317 ac
651 5254 1214 5333 metr0politanorur'n,
1249 5272 1411 5335 atque
1441 5265 1752 5334 primatum.
1788 5264 1923 5334 Quae
1949 5275 2166 5337 aposto-

562 5350 668 5406 lica
697 5365 825 5406 vera
846 5349 1064 5406 traditio
1095 5351 1260 5407 etiam
1319 5352 1522 5410 ratione
1553 5361 1606 5409 et
1652 5353 1838 5425 prisca
1868 5363 2166 5410 consuetu-

563 5438 690 5495 dine
736 5437 1189 5496 suﬁcientissime
1242 5449 1325 5498 est
1385 5441 1728 5500 conﬁrmata.
1762 5444 1956 5511 Plane,
1995 5444 2167 5517 inquit

565 5528 898 5601 Augustinus
919 5528 1037 5601 (lib.
1064 5545 1121 5586 ιγ
1143 5530 1212 5588 dc
1229 5532 1380 5603 bapt.
1407 5537 1605 5591 contra
1624 5535 1904 5601 Donati“,
1928 5548 2053 5604 cap.
2084 5534 2162 5603 5,)

2263 4567 2384 4606 esse
2433 4550 2774 4606 constiterit?
2823 4552 3221 4624 Episcoporum
3269 4562 3446 4608 autem
3485 4554 3712 4624 litteras,
3747 4570 3870 4628 quae

2262 4648 2385 4710 post
2440 4638 2820 4694 confirmatum
2878 4655 3148 4696 canonem
3196 4643 3282 4698 vel
3338 4644 3553 4714 scriptae
3587 4652 3730 4712 sunt,
3782 4660 3876 4718 vel

2265 4728 2594 4794 scribuntur,
2628 4736 2678 4782 et
2707 4744 2806 4798 per
2837 4745 3143 4785 sermonem
3176 4730 3310 4786 forte
3341 4731 3729 4803 sapientiorem
3763 4748 3868 4789 cu-

2255 4815 2554 4886 juslibetin
2584 4833 2646 4871 ea
2677 4831 2736 4870 re
2765 4817 3056 4888 peritioris,
3090 4828 3143 4874 et
3170 4837 3268 4891 per
3313 4820 3542 4876 aliorum
3572 4821 3868 4894 episcopo-

2264 4921 2456 4975 porum
2491 4905 2800 4978 graviorem
2848 4907 3245 4976 auctoritatem,
3291 4909 3684 4982 doctorumque
3732 4927 3867 4982 pru-

2265 4993 2534 5060 dentiam,
2571 5001 2619 5048 et
2653 5010 2754 5064 per
2801 4996 3033 5052 concilia
3060 4997 3226 5053 licere
3276 4999 3624 5070 reprehendi,
3658 4998 3704 5054 si
3735 4998 3874 5070 quid

2265 5081 2320 5136 in
2351 5083 2430 5136 eis
2453 5081 2590 5136 forte
2620 5098 2650 5136 a
2670 5084 2893 5139 veritate
2923 5085 3195 5142 deviatum
3226 5095 3306 5142 est
3337 5105 3350 5142 :
3383 5096 3434 5144 et
3463 5088 3579 5160 ipsa
3608 5087 3870 5158 concilia,

2267 5187 2388 5242 quae
2436 5187 2536 5241 per
2585 5171 2828 5245 singulas
2876 5175 3132 5246 regiones
3190 5177 3277 5232 vel
3333 5177 3641 5248 provincias
3699 5176 3874 5250 {ﬁunt,

2266 5259 2633 5330 plenariorum
2681 5262 3034 5319 conciliorum
3080 5267 3406 5334 auctoritati,
3459 5284 3580 5339 quae
3627 5265 3762 5322 ﬁunt
3807 5282 3880 5323 ex

2268 5347 2524 5405 universo
2553 5351 2686 5406 orbe
2716 5351 3043 5419 Christiano,
3078 5353 3194 5410 sine
3239 5355 3362 5410 ullis
3401 5356 3724 5428 ambagibus
3776 5372 3883 5413 ce-

2268 5437 2434 5492 dere:
2471 5438 2703 5513 ipsaque
2759 5441 3002 5513 plenaria
3049 5459 3195 5514 sarpc
3234 5443 3417 5516 priora
3468 5444 3873 5518 posterioribus

2269 5537 2567 5605 emendari,
2600 5553 2724 5594 cum
2770 5539 2954 5612 aliquo
2985 5541 3352 5612 experimento
3403 5558 3587 5600 rerum
3617 5541 3870 5615 aperitur
