4164 6298
306 223 411 277 389

952 219 1192 277 OPUSC.
1251 219 1343 276 ΕΤ
1387 221 1605 278 EPIST.
1665 221 1738 275 IN
1811 220 2042 278 CAUSA.
2085 220 2426 278 HINCMARI
2472 223 2776 281 LAUDUN.

3506 231 3610 285 390

315 344 463 416 quod
495 343 746 400 clausum
775 351 912 413 erat,
935 351 989 399 et
1008 345 1361 418 cognoscitur
1380 346 1526 418 quod
1555 345 1774 414 latebat,
1801 344 1916 400 sine
1936 345 1994 406 A
2023 352 2354 411 sanctorum,
2379 346 2537 418 quasi
2564 363 2632 402 ex
2661 363 2853 402 eorum
2879 347 3224 422 imaginibus,
3258 351 3430 422 ipsos,
3455 351 3614 408 vide-

311 433 425 488 ullo
455 433 626 504 typho
655 433 943 504 sacrilega:
969 434 1260 504 superbia,
1295 435 1412 489 sine
1445 435 1554 489 ulla
1583 435 1772 490 inﬂata
1801 451 1916 490 cer-

309 522 429 577 vice
457 521 810 594 arrogantiae,
862 522 980 576 sine
1026 521 1138 577 ulla
1176 523 1522 578 contentione
1560 523 1742 578 lividae
1770 523 1913 577 invi-

309 611 434 676 diae,
468 627 596 666 cum
645 618 834 666 sancta
882 610 1201 678 humilitate,
1257 629 1383 668 cum
1430 629 1564 683 pace
1603 612 1909 678 catholica,

307 717 435 754 cum
463 699 728 756 charitate
759 699 1086 756 Christiana.
1127 723 1148 750 ν
1183 701 1252 755 Et
1281 701 1408 756 item
1440 703 1617 772 (ibicl.,
1651 718 1773 772 cap.
1808 701 1863 771 9)
1899 717 1910 756 :

317 813 336 838 ε
375 789 730 860 Quapropter
758 787 893 843 illud
922 805 1090 843 unum
1111 789 1198 844 isti
1229 790 1596 858 considerent,
1631 791 1775 862 quod
1799 806 1914 844 om-

309 873 472 928 nibus
523 881 692 944 patet.
747 871 804 928 Si
852 873 1148 928 auctoritas
1199 874 1457 946 Cypriani
1499 876 1778 946 sequenda
1809 883 1912 942 est,

309 961 491 1034 magis
540 977 663 1016 eam
708 961 1044 1032 sequendam
1090 980 1212 1017 esse
1261 963 1317 1016 in
1358 963 1561 1018 unitate
1607 963 1873 1018 servanda
1899 1005 1912 1029 ,

309 1065 478 1121 quam
525 1050 582 1103 in
628 1049 891 1106 Ecclesia:
939 1051 1330 1106 consuetudine
1396 1053 1796 1106 commutanda.
1861 1053 1915 1107 Si

310 1147 496 1194 autem
534 1138 826 1194 concilium
877 1139 992 1208 ejus
1041 1140 1412 1206 attendimus,
1461 1141 1583 1195 huic
1639 1158 1761 1196 esse
1791 1141 1916 1195 uni-

313 1243 490 1283 versae
519 1227 782 1283 Ecclesia:
825 1228 1100 1299 posterius
1131 1229 1422 1285 concilium
1464 1231 1912 1301 praeponendum,

311 1317 470 1385 cujus
501 1332 562 1371 se
591 1317 901 1372 membrum
930 1333 1052 1372 esse
1081 1318 1379 1389 gaudebat,
1415 1327 1465 1373 et
1495 1326 1550 1373 ut
1581 1336 1639 1372 se
1669 1319 1725 1372 in
1752 1317 1918 1374 totius

316 1404 570 1476 corporis
627 1420 892 1476 compage
949 1405 1237 1461 retinenda
1293 1406 1478 1462 cmteri
1534 1407 1913 1473 imitarentur,

311 1493 516 1564 saepius
547 1493 892 1549 admonebat.
926 1496 1067 1550 Nam
1097 1503 1148 1549 et
1169 1495 1402 1551 concilia
1431 1496 1734 1566 posteriora
1764 1497 1917 1566 prio-

311 1582 466 1636 ribus
526 1583 672 1654 apud
715 1590 964 1654 posteros
1011 1592 1440 1654 praeponuntur,
1508 1593 1559 1639 et
1609 1585 1918 1640 universum

2014 433 2140 490 licet
2169 435 2336 490 corda
2385 443 2439 490 et
2483 435 2952 508 promulgationes
3008 454 3216 506 eorum,
3279 456 3618 511 cognoscere

2013 539 2330 594 possumus,
2361 540 2482 595 quae
2511 524 2618 579 sint
2665 541 2785 596 quae
2814 525 3016 598 singuli
3044 527 3244 598 quique
3282 545 3382 598 pro
3409 545 3616 584 conso-

2013 611 2212 666 latione
2261 613 2347 668 vel
2392 613 2749 668 instructione
2801 616 3182 685 quorumdam,
3218 616 3371 684 juxta
3398 626 3617 689 tempo-

2016 716 2133 755 rum
2189 709 2241 755 et
2296 710 2516 757 actuum
2570 703 2912 774 qualitatem,
2971 711 3025 759 et
3085 721 3206 776 quae
3260 707 3619 762 communiter

2015 798 2174 860 atque
2204 790 2529 844 unanimiter
2575 790 2633 846 in
2662 791 2908 847 conciliis
2940 792 3114 848 sacris
3151 793 3221 847 ad
3249 795 3618 850 auctoritatem

2017 878 2347 948 generaliter
2375 879 2731 935 custodienda
2762 889 2814 935 et
2855 881 3174 951 recipienda
3222 891 3488 952 perpetuo
3516 882 3618 938 de-

2017 975 2304 1022 creverunt
2338 985 2350 1022 :
2385 976 2440 1022 tu
2465 969 2569 1023 hac
2601 969 2952 1035 discretione,
2986 977 3044 1024 ut
3073 970 3314 1040 praemisi
3343 986 3410 1026 ex
3439 971 3622 1026 verbis

2019 1054 2162 1110 beati
2194 1055 2418 1123 Gelasii,
2443 1056 2660 1127 suscipe
2683 1058 2752 1112 ad
2772 1057 3184 1114 instructionem
3204 1059 3325 1113 illas
3345 1059 3622 1130 epistolas,

2027 1159 2159 1216 quas
2188 1145 2486 1199 beatissimi
2532 1161 2685 1216 papae
2729 1146 2964 1201 diversis
3011 1147 3346 1217 temporibus
3392 1148 3462 1202 ab
3493 1148 3624 1204 urbe

2018 1233 2194 1289 Roma
2215 1250 2312 1304 pro
2333 1233 2677 1288 diversorum
2698 1235 2920 1290 Patrum
2937 1236 3310 1291 consolatione
3331 1237 3620 1301 dederunt,

2019 1321 2284 1394 legendas
2316 1323 2720 1392 venerabiliter,
2763 1332 2813 1378 et
2843 1339 3005 1379 serva
3033 1340 3190 1380 sacra
3220 1325 3470 1394 concilia,
3504 1341 3624 1396 quae

2023 1411 2184 1466 sedes
2215 1411 2513 1481 apostolica
2543 1420 2595 1466 et
2625 1411 2803 1466 omnis
2829 1411 3074 1483 sequitur
3103 1413 3372 1479 Ecclesia,
3404 1413 3630 1468 inviola-

2020 1497 2222 1553 biliter.
2255 1499 2324 1552 Et
2371 1507 2428 1554 ut
2470 1499 2736 1554 Dominus
2766 1483 2844 1555 ex
2876 1500 3000 1572 lege
3051 1500 3335 1556 confirmat
3363 1501 3420 1556 in
3446 1503 3627 1556 Evan-

2022 1587 2169 1658 gelio
2199 1603 2212 1640 :
2245 1588 2311 1642 In
2337 1604 2428 1643 ore
2447 1589 2688 1644 duorum
2709 1590 2796 1644 vel
2827 1591 3002 1644 trium
3023 1591 3255 1644 testium
3275 1591 3446 1646 stabit
3462 1607 3626 1646 omne

311 1671 561 1764 partibus
593 1687 812 1743 semper
841 1672 1045 1742 optimo
1068 1673 1189 1742 jure
1220 1673 1576 1744 praeponitur.
1613 1674 1921 1744 Cyprianus
1942 1703 1996 1764 B
2024 1676 2252 1731 verbum
2281 1675 2502 1747 (Matth.
2548 1680 2734 1747 xvm),
2787 1677 2914 1748 quia
2942 1678 3074 1732 mihi
3105 1693 3212 1733 non
3256 1678 3496 1749 pigrum,
3529 1678 3626 1732 tibi

313 1759 460 1815 enim
510 1768 712 1816 sanctae
758 1760 1024 1816 Ecclesiae
1089 1761 1369 1817 catholicae
1426 1762 1755 1818 universitas
1812 1779 1921 1818 non

314 1848 431 1914 fuit,
466 1849 564 1903 sed
593 1849 648 1903 in
679 1849 797 1918 ejus
845 1849 1198 1904 universitate
1245 1851 1548 1921 permansit
1581 1867 1592 1906 :
1628 1851 1781 1920 cujus
1825 1867 1921 1906 ra-

315 1937 492 1993 dicem
519 1954 800 2009 nunquam
849 1938 1110 2008 deseruit,
1169 1940 1269 1994 sed
1314 1939 1369 1994 in
1421 1941 1575 2009 cujus
1620 1941 1804 1996 radice
1835 1939 1920 1995 fe-

315 2027 549 2094 cundus,
581 2036 640 2082 ut
668 2035 812 2081 esset
841 2027 1144 2098 fecundior,
1180 2029 1248 2082 ab
1277 2029 1523 2098 agricola
1554 2030 1764 2086 caelesti
1793 2047 1924 2100 pur-

311 2125 475 2190 gatus
507 2124 609 2171 est.
663 2137 685 2165 »
720 2117 850 2172 Haec
897 2117 966 2171 de
1016 2116 1136 2172 aliis
1168 2118 1414 2173 conciliis
1446 2135 1477 2172 a
1508 2119 1668 2174 beato
1697 2122 1922 2191 Augus-

313 2206 427 2260 tino
454 2213 581 2260 sunt
611 2205 772 2261 dicta.
801 2205 1071 2261 Caeterum
1094 2207 1162 2261 de
1194 2223 1355 2262 sacra
1377 2217 1428 2263 et
1451 2207 1678 2278 mystica
1700 2208 1922 2264 Nicaena

314 2295 549 2365 synodo,
599 2294 737 2350 sicut
786 2311 950 2366 supra
997 2311 1063 2350 ex
1110 2296 1294 2351 verbis
1337 2298 1533 2352 Leonis
1585 2305 1637 2352 et
1689 2296 1922 2351 aliorum

314 2383 570 2449 ostendi,
604 2383 738 2437 nihil
785 2399 1026 2455 unquam
1073 2401 1104 2438 a
1145 2401 1438 2456 quoquam,
1491 2385 1577 2440 vel
1608 2385 1923 2456 apostolicae

315 2473 463 2527 sedis
492 2471 772 2542 pontifice,
819 2473 904 2528 vel
935 2489 968 2527 a
999 2473 1244 2544 plenario
1276 2474 1528 2543 concilio,
1563 2474 1786 2529 minime
1819 2491 1921 2529 au-

316 2569 424 2617 tem
455 2577 489 2615 a
520 2561 810 2632 regionali,
845 2569 926 2616 est
955 2561 1314 2627 immutatum,
1349 2563 1495 2634 quod
1527 2580 1634 2617 non
1667 2563 1732 2617 sit
1763 2563 1922 2634 peni-

311 2657 401 2704 tus
429 2649 668 2704 irritum.
705 2650 852 2705 Sicut
883 2658 936 2704 et
967 2658 1188 2707 sanctus
1207 2651 1462 2707 Gelasius
1480 2651 1534 2705 in
1551 2651 1787 2706 decretis
1810 2652 1922 2707 suis

313 2738 444 2795 dicit
477 2756 490 2792 :
521 2760 543 2788 α
577 2739 723 2805 Non,
756 2738 1008 2810 inquiens
1039 2740 1227 2812 (epist.
1265 2744 1324 2794 11
1361 2741 1432 2796 ad
1462 2741 1798 2811 Dardanos),
1822 2757 1923 2795 nos

315 2827 466 2894 latet,
499 2827 556 2880 in
598 2835 919 2898 tempestate
949 2829 1349 2899 persecutionis
1380 2828 1625 2897 Arianae,
1657 2829 1922 2900 plurimos

309 2914 601 2986 pontifices
652 2916 720 2970 de
770 2916 977 2970 exsiliis
1021 2933 1158 2988 pace
1190 2917 1402 2974 reddita
1434 2918 1786 2988 respirantes,
1819 2933 1924 2988 per

313 3013 496 3060 certas
518 3005 846 3076 provincias,
882 3005 1232 3078 congregatis
1282 3023 1469 3061 secum
1512 3007 1790 3072 fratribus,
1825 3023 1922 3063 ec-

313 3094 514 3150 clesias
563 3093 936 3165 composuisse
989 3095 1235 3150 turbatas
1270 3113 1283 3149 :
1317 3111 1428 3151 non
1478 3103 1661 3151 tamen
1693 3105 1750 3150 ut
1778 3095 1923 3150 illius

317 3181 515 3254 synodi
545 3183 770 3238 Nicaena
801 3183 1063 3254 quidquid
1093 3183 1161 3238 de
1192 3184 1298 3239 lide
1330 3192 1382 3239 et
1413 3183 1794 3240 communione
1825 3201 1922 3240 ca-

315 3271 522 3328 tholica
551 3270 876 3328 diﬂiniverat
898 3272 1262 3342 immutarent,
1295 3290 1397 3329 nec
1428 3289 1569 3328 nova
1593 3289 1925 3345 quemquam

315 3376 419 3430 pro
449 3361 606 3431 lapsu
636 3360 982 3416 damnatione
1011 3362 1372 3432 percellerent
1397 3377 1408 3416 :
1437 3363 1534 3416 sed
1562 3361 1706 3416 illius
1736 3370 1924 3417 tenore

317 3449 546 3516 decreti,
580 3448 684 3503 nisi
714 3449 1034 3520 rcsipuisset
1055 3491 1068 3518 ,
1095 3451 1343 3520 judicare
1381 3451 1716 3518 damnatum,
1747 3460 1924 3507 esset—

319 3554 424 3610 que
483 3554 831 3610 consequens
857 3581 870 3604 ,
930 3547 986 3593 ut
1043 3539 1147 3594 nisi
1201 3540 1534 3612 corrigeret,
1595 3539 1926 3595 damnationi

319 3627 512 3698 procul
543 3627 711 3682 dubio
742 3628 1071 3696 subjaceret.
1111 3649 1133 3677 ››
1169 3629 1395 3698 Suscipe
1424 3628 1592 3701 igitur
1622 3629 1744 3684 illas
1775 3629 1924 3700 epis-

321 3717 475 3786 tolas,
511 3717 582 3770 de
615 3716 810 3787 quibus
841 3725 935 3772 tua
964 3725 1273 3774 commenta
1315 3717 1640 3788 compilasti,
1690 3735 1924 3774 venera-

323 3804 524 3870 biliter,
559 3811 615 3860 ut
646 3804 777 3861 dicit
807 3804 1082 3872 Gelasius,
1116 3815 1170 3862 et
1191 3822 1351 3862 serva
1371 3806 1753 3862 inviolabiliter
1770 3823 1926 3863 sacra

322 3893 572 3960 concilia,
623 3902 682 3950 ut
727 3894 972 3951 decrevit
1019 3895 1291 3963 Gelasius,
1342 3903 1396 3950 et
1442 3897 1626 3952 caeteri
1675 3895 1927 3952 catholici

321 3983 576 4040 videlicet
622 3982 876 4056 doctique
923 3983 1283 4040 decreverunt
1327 3983 1631 4055 pontifices.
1683 3985 1832 4041 Sicut
1875 3994 1930 4040 et

323 4071 391 4127 de
434 4078 752 4128 sanctorum
801 4071 1132 4144 imaginibus
1189 4073 1586 4140 decreverunt,
1630 4073 1928 4143 reprehen-

325 4159 517 4216 dentes
549 4175 665 4226 eos,
718 4159 883 4215 veluti
930 4168 982 4216 et
1009 4161 1199 4216 beatus
1247 4159 1551 4231 Gregorius
1597 4161 1652 4216 in
1683 4161 1928 4231 epistolis

325 4249 392 4304 ad
441 4249 816 4306 Secundinum
865 4257 919 4304 et
964 4249 1032 4304 ad
1081 4250 1349 4305 Serenum
1389 4249 1782 4304 Massiliensem
1824 4250 1926 4304 de—

325 4346 595 4393 monstrat
643 4337 978 4410 episcopum,
1031 4338 1123 4410 qui
1154 4339 1256 4394 sub
1305 4339 1409 4395 hac
1438 4339 1593 4408 quasi
1641 4337 1926 4394 occasione

2024 1771 2206 1818 autem
2238 1772 2321 1818 est
2351 1764 2737 1830 necessarium,
2773 1774 3017 1836 repetam
3047 1765 3143 1820 tibi
3173 1767 3319 1837 quod
3347 1767 3416 1822 de
3453 1766 3628 1822 sacris

2022 1852 2270 1908 conciliis
2330 1853 2396 1907 ad
2451 1854 2768 1908 Januarium
2824 1854 2955 1908 dicit
3011 1854 3202 1909 beatus
3245 1855 3625 1926 Augustinus:

2029 1962 2050 1991 α
2087 1940 2282 1996 Omnia
2312 1941 2491 2012 itaque
2523 1942 2667 2009 talia,
2705 1959 2826 2014 quae
2853 1959 3034 2014 neque
3065 1959 3348 1999 sacrarum
3377 1944 3628 2014 Scriptu-

2024 2046 2202 2084 rarum
2254 2031 2668 2086 auctoritatibus
2717 2031 3084 2097 continentur,
3137 2048 3239 2088 nec
3283 2033 3338 2086 in
3385 2032 3629 2088 conciliis

2024 2119 2412 2190 episc0porum
2443 2127 2638 2174 statuta
2682 2121 3048 2188 inveniuntur,
3096 2137 3200 2176 nec
3237 2121 3630 2177 consuetudine

2023 2207 2353 2264 universalis
2383 2209 2647 2264 Ecclesiae
2676 2209 2928 2265 roborata
2975 2218 3118 2279 sunt,
3161 2210 3258 2265 sed
3288 2210 3628 2266 diversorum

2022 2295 2276 2352 locorum
2304 2297 2536 2352 diversis
2565 2298 2802 2353 motibus
2832 2297 3294 2353 innumerabiliter
3337 2298 3622 2364 variantur,

2022 2383 2094 2438 ita
2150 2392 2206 2439 ut
2263 2385 2348 2440 vix
2398 2394 2490 2440 aut
2539 2386 2761 2440 omnino
2819 2402 3093 2458 nunquam
3148 2386 3377 2441 inveniri
3447 2403 3628 2442 causas

2020 2473 2251 2543 possint,
2295 2489 2432 2545 quas
2479 2474 2536 2527 in
2579 2474 2661 2529 eis
2715 2475 3108 2529 constituendis
3151 2475 3402 2530 homines
3457 2475 3627 2530 secuti

2023 2561 2146 2626 sint,
2189 2562 2281 2616 ubi
2337 2561 2569 2618 facultas
2631 2563 2880 2616 tribuitur
2913 2603 2926 2630 ,
2977 2563 3095 2618 sine
3142 2563 3253 2618 ulla
3290 2563 3627 2618 dubitatione

2023 2650 2321 2705 resecanda
2369 2650 2636 2706 existimo.
2676 2672 2698 2701 »
2750 2651 2884 2720 Quae
2928 2653 3099 2706 verba
3143 2652 3288 2708 beati
3337 2651 3627 2724 Augustini

2023 2739 2295 2809 quomodo
2323 2738 2577 2808 placeant
2622 2739 2738 2808 tibi,
2788 2748 2845 2794 tu
2890 2740 3114 2808 videris,
3147 2740 3424 2811 exiguitati
3451 2748 3629 2795 autem

2021 2843 2158 2882 meae
2187 2827 2351 2882 tutius
2381 2836 2431 2884 et
2463 2827 2732 2882 salubrius
2762 2828 2976 2883 videtur
3005 2845 3128 2884 cum
3159 2829 3253 2884 illo
3283 2844 3444 2885 sacra
3473 2828 3631 2899 sequi

2022 2915 2273 2981 concilia,
2307 2924 2358 2971 et
2402 2916 2654 2971 omnibus
2685 2917 2778 2988 qui
2810 2933 2897 2972 me
2927 2917 3117 2972 audire
3155 2917 3427 2972 voluerint
3454 2917 3631 2972 incul—

2023 3019 2168 3073 care,
2202 3021 2312 3059 non
2344 3006 2499 3076 sequi
2532 3005 2735 3060 relictis
2768 3005 2939 3061 sacris
2973 3006 3218 3060 conciliis
3245 3006 3337 3060 illa
3365 3021 3484 3076 quae
3511 3006 3633 3076 ipse

2025 3092 2292 3147 existimat
2315 3093 2632 3162 resecanda,
2684 3110 2845 3164 quam
2887 3093 2978 3147 illa
3021 3111 3140 3164 qua:
3188 3101 3245 3148 tu
3286 3101 3533 3148 resecuta
3577 3101 3632 3148 et

2025 3181 2292 3236 dissecata
2323 3181 2587 3251 proponis
2631 3181 2907 3250 sectanda,
2957 3181 3212 3252 quoniam
3249 3181 3352 3236 sibi
3379 3181 3513 3252 ipsis
3541 3182 3632 3236 di-

2025 3285 2202 3334 versa,
2235 3270 2525 3324 ostendunt
2574 3286 2632 3324 se
2681 3287 2802 3324 esse
2850 3286 2960 3324 non
3001 3285 3165 3340 posse
3213 3269 3464 3325 omnibus
3493 3277 3547 3324 et
3573 3269 3633 3323 in

2025 3357 2276 3413 omnibus
2308 3358 2578 3413 servanda
2605 3367 2766 3430 atque
2798 3359 3094 3430 sequenda.
3137 3381 3158 3406 ιι
3186 3358 3414 3429 Oportet
3442 3357 3628 3431 igitur,

2025 3446 2200 3518 inquit
2231 3447 2578 3503 Innocentius
2609 3447 2679 3502 ad
2707 3447 3024 3502 Decentium
3043 3447 3396 3520 Eugubinum
3426 3447 3635 3518 episco-

2027 3553 2174 3606 pum,
2205 3552 2318 3600 eos,
2369 3536 2498 3607 quin
2545 3537 2765 3591 Domini
2797 3537 3134 3605 sacerdotes,
3169 3537 3275 3591 hoc
3303 3535 3455 3606 sequi
3485 3535 3630 3606 quod

2025 3625 2278 3681 Ecclesia
2325 3626 2572 3680 Romana
2621 3625 2886 3690 custodit,
2933 3641 2965 3678 a
3011 3641 3121 3696 qua
3166 3640 3262 3682 eos
3302 3623 3632 3695 principium

2026 3714 2304 3784 accepisse
2351 3730 2461 3768 non
2511 3713 2736 3768 dubium
2785 3721 2888 3780 est,
2940 3730 3009 3769 ne
3038 3714 3168 3768 dum
3195 3712 3508 3786 peregrinis
3536 3728 3632 3768 as-

2029 3803 2357 3858 sertionibus
2400 3803 2655 3870 student,
2709 3810 2872 3873 caput
2912 3802 3308 3858 institutionum
3351 3802 3635 3858 videantur

2029 3891 2295 3948 omittere.
2329 3913 2350 3941 »
2384 3890 2526 3960 Quid
2572 3893 2640 3946 sit
2686 3899 2864 3947 autem
2917 3892 3062 3963 quod
3112 3891 3358 3948 Ecclesia
3387 3893 3630 3947 Romana

2028 3981 2279 4048 custodit,
2313 3987 2366 4035 et
2412 3980 2630 4035 Domini
2673 3981 2989 4036 sacerdotes
3033 3987 3278 4050 oporteat
3319 3979 3494 4051 sequi,
3526 3979 3630 4034 de-

2027 4077 2294 4124 monstrat
2324 4069 2578 4124 Gclasius
2609 4069 2797 4140 (epist.
2832 4071 2890 4122 11
2927 4069 3001 4122 ad
3028 4067 3345 4123 Dardanosl
3377 4084 3390 4120 :
3427 4089 3449 4114 α
3483 4065 3630 4122 Con-

2029 4153 2264 4222 ﬁdimus,
2314 4154 2584 4225 inquiens,
2638 4155 2781 4224 quod
2829 4153 3010 4208 nullus
3033 4155 3144 4222 jam
3175 4153 3440 4208 veraciter
3468 4153 3628 4208 Chri-

2030 4244 2238 4298 stianus
2265 4242 2499 4315 ignoret,
2553 4241 2979 4312 uniuscujusque
3022 4241 3216 4312 synodi
3253 4240 3624 4309 constitutum,

2031 4331 2176 4404 quod
2204 4331 2528 4386 universalis
2557 4329 2816 4386 Ecclesiae
2837 4328 3089 4400 probavit
3115 4345 3393 4395 assensus,
3426 4327 3632 4383 nullam

323 4443 392 4482 ne
434 4426 659 4484 adorari
701 4427 1036 4497 debuissent,
1090 4427 1490 4500 confringenda
1537 4427 1760 4482 easdem
1790 4419 2000 4481 ima-D
2027 4421 2206 4493 magis
2255 4419 2481 4491 exsequi
2528 4419 2718 4474 sedem
2760 4435 2860 4490 per
2902 4419 3114 4474 caeteris
3162 4427 3416 4489 oportere
3465 4431 3629 4488 quam

324 4516 482 4590 gines
511 4515 787 4583 dixerunt,
821 4524 873 4571 et
899 4516 1187 4571 laudantes
1217 4532 1333 4585 eos,
1367 4515 1459 4587 qui
1503 4515 1628 4571 illas
1660 4532 1769 4571 non
1798 4517 1928 4570 ado-

325 4606 550 4675 randas,
566 4605 709 4660 sicut
737 4621 914 4676 neque
949 4604 1398 4676 confringendas,
1433 4605 1530 4660 sed
1561 4605 1630 4660 ad
1659 4605 1930 4660 instruen-

323 4693 424 4750 das
453 4694 802 4750 solummodo
829 4701 1040 4750 mentes
1070 4693 1237 4749 fuisse
1267 4695 1625 4749 nescientium
1655 4694 1932 4751 collocan-

323 4781 422 4838 das
437 4783 866 4840 constituerunt:
887 4783 1142 4854 quoniam
1163 4782 1218 4836 in
1239 4783 1554 4838 adoratione
1576 4784 1744 4838 solius
1765 4782 1934 4838 omni-

320 4872 558 4942 potentis
589 4879 792 4928 sanctae
819 4872 1096 4928 Trinitatis
1127 4871 1403 4927 humiliter
1434 4872 1703 4943 prosterni
1746 4873 1928 4940 debet,

320 4968 375 5016 et
403 4961 449 5016 si
469 4961 594 5034 quis
641 4960 910 5032 imagines
957 4961 1058 5017 Dei
1090 4969 1141 5016 et
1171 4969 1486 5018 sanctorum
1517 4962 1588 5016 ad
1621 4961 1934 5016 instructio-

326 5064 451 5105 nem
481 5049 669 5106 facere
699 5049 930 5105 voluerit
977 5058 1029 5105 et
1057 5049 1260 5106 habere
1291 5067 1400 5107 non
1431 5051 1592 5106 debet
1629 5050 1740 5105 ullo
1769 5049 1932 5104 modo

326 5137 631 5208 prohiberi.
665 5139 733 5193 Et
783 5138 929 5210 quia,
982 5145 1038 5193 ut
1082 5139 1343 5211 scriptum
1391 5148 1518 5195 est:
1566 5139 1840 5209 Quomodo
1869 5141 1933 5195 in

327 5229 490 5300 aquis
523 5228 895 5300 resplendent
924 5229 1118 5285 vultus
1136 5230 1630 5302 perspicientium,
1653 5230 1734 5284 sic
1765 5228 1934 5284 corda

331 5315 629 5376 hominum
657 5319 968 5389 manifesta
994 5322 1133 5376 sunt
1150 5316 1930 5390 prudentibus(Prov.xxvn);

330 5413 385 5462 et
415 5423 430 5462 :
469 5407 629 5480 Aqua
646 5406 936 5480 profunda
956 5407 1118 5466 verba
1144 5423 1217 5464 ea:
1246 5422 1342 5464 ore
1369 5407 1479 5463 viri
1507 5405 1694 5476 (Prov.
1728 5407 1926 5478 xvm);

328 5501 382 5554 et
413 5511 428 5550 :
461 5496 797 5556 Diriventur
815 5497 1113 5568 fontntui
1129 5499 1284 5567 foras
1315 5495 1494 5568 (Prov.
1523 5493 1618 5565 v);
1652 5511 1718 5550 ex
1750 5495 1931 5552 verbis

2030 4509 2265 4580 primam
2283 4549 2297 4578 ,
2325 4525 2447 4580 quae
2467 4524 2905 4580 unamquamque
2927 4509 3191 4580 synodum
3219 4515 3272 4562 et
3300 4522 3400 4562 sua
3437 4513 3632 4562 aucto-

2030 4599 2189 4655 ritate
2218 4596 2505 4654 conﬁrmat
2529 4641 2544 4668 ,
2593 4607 2647 4653 et
2692 4598 3006 4654 continuata
3035 4595 3408 4651 moderatione
3447 4601 3627 4650 custo-

2031 4687 2128 4755 dit,
2160 4703 2262 4758 pro
2294 4703 2392 4743 suo
2415 4687 2620 4742 scilicet
2651 4686 2977 4756 principatu,
3013 4701 3170 4756 quem
3219 4683 3412 4737 beatus
3441 4683 3632 4738 Petrus

2029 4777 2307 4848 apostolus
2356 4776 2573 4832 Domini
2620 4790 2755 4830 voce
2786 4781 3118 4844 perceptum,
3151 4771 3400 4827 Ecclesia
3427 4771 3629 4827 nihilo-

2030 4866 2208 4921 minus
2253 4865 2641 4936 subsequente,
2693 4871 2746 4918 et
2790 4862 2959 4917 tenuit
3005 4875 3220 4931 semper
3263 4867 3316 4916 et
3346 4860 3562 4916 retinet.
3603 4883 3627 4911 ν

2031 4955 2174 5012 Ecce
2203 4955 2378 5010 habes
2409 4955 2707 5010 secundum
2736 4951 2917 5022 legem
2948 4957 3000 5005 et
3029 4949 3416 5020 Evangelium,
3449 4950 3630 5021 pleni-

2031 5043 2276 5098 tudinem
2307 5043 2524 5098 testium
2570 5039 2969 5096 testitieantium
2998 5039 3067 5094 de
3111 5039 3406 5110 sequendis
3435 5039 3630 5094 incon-

2033 5131 2184 5188 vulse
2215 5131 2480 5196 conciliis,
2513 5138 2566 5184 et
2591 5130 2660 5183 de
2679 5143 2787 5182 non
2809 5127 3090 5184 studendis
3117 5127 3421 5200 peregrinis
3451 5143 3630 5182 assero

2032 5221 2289 5288 tionibus,
2324 5217 2586 5290 Apostolo
2617 5217 2776 5272 etiam
2807 5206 3185 5288 praecipiente,
3216 5216 3500 5274 Doetrinis
3528 5233 3629 5272 va-

2031 5313 2135 5367 rii:
2165 5313 2223 5366 et
2240 5308 2556 5382 peregrini:
2587 5307 2764 5362 nolite
2794 5306 2996 5364 abduci
3015 5306 3196 5378 (Hebr.
3224 5305 3366 5368 xm).
3389 5303 3636 5377 Peregri-

2030 5415 2128 5456 nas
2156 5405 2336 5454 autem
2367 5411 2460 5452 eas
2487 5394 2822 5452 assertiones
2839 5395 2965 5452 ideo
2985 5412 3112 5453 cum
3140 5393 3460 5453 Innocentio
3483 5393 3627 5458 dico,

2031 5495 2154 5568 quia
2184 5511 2251 5551 ex
2280 5509 2387 5567 quo
2401 5508 2568 5552 sacra
2596 5493 2829 5554 concilia
2849 5495 2904 5553 in
2929 5491 3180 5552 Ecclesia
3199 5491 3468 5554 catholica
3486 5490 3632 5546 cele-
