4164 6316
535 257 632 310 391

1453 246 1795 327 HINCMARI
1843 241 2244 302 RHEMENSIS
2280 256 2283 261 ‘
2313 243 2864 300 ARCHIEPISCOPI.

3726 220 3839 300 393'

542 375 684 431 brari
712 380 1009 445 coeperunt,
1044 371 1138 427 illa
1165 386 1289 443 quae
1312 386 1415 425 suo
1444 378 1689 440 tempore
1717 368 1911 441 partim
1939 369 2136 441 vigue-
2157 366 2213 425 A
2240 364 2367 423 licet
2396 383 2429 422 a
2460 368 2784 440 quibusdam
2812 384 2922 424 non
2967 368 3386 440 praevalentibus
3414 365 3571 423 fuerit
3600 374 3842 423 attenta-

544 471 685 531 runt,
717 462 821 517 nisi
852 468 1106 533 quantum
1153 475 1220 514 ex
1249 458 1327 514 eis
1375 475 1533 514 sacra
1562 458 1789 514 concilia
1815 456 2140 512 assumenda

540 550 809 618 viderunt,
845 550 914 604 ab
944 565 1047 604 usu
1077 546 1451 603 ecclesiastico
1480 544 1821 611 eiiluxerunt,
1856 559 2139 617 usquequo

540 655 716 709 nuper
756 655 789 693 a
837 646 907 706 te,
960 644 1220 709 quantum
1250 651 1316 691 ex
1344 643 1395 691 te
1425 643 1526 704 est,
1561 634 1949 691 recrudescere
1985 634 2139 688 ince-

539 736 754 800 perunt,
816 734 873 781 ut
922 726 990 780 ab
1037 742 1123 793 ea,
1169 741 1289 797 qua:
1334 724 1549 795 aspiras
1592 724 1846 789 libenter,
1905 722 2139 778 transire

539 816 721 888 possis
748 816 803 871 in
851 813 1108 871 affectum
1149 814 1334 870 cordis
1361 813 1588 869 licenter
1608 856 1620 877 ,
1656 820 1709 867 et
1738 828 1771 867 a
1799 811 1946 866 nullo
1977 826 2140 867 coer-

542 904 654 961 ceri
684 904 769 960 vel
795 902 1032 973 judicari
1077 902 1263 957 valeas
1310 901 1630 972 regulariter
1662 918 1675 954 :
1709 900 1808 955 sed
1855 915 1964 955 non
2007 913 2141 955 cen-

542 993 681 1048 tiunt
710 1000 908 1057 tecum,
940 1007 1116 1063 neque
1143 990 1240 1046 tibi
1269 989 1612 1046 consentiunt
1650 989 1906 1045 doctores
1936 995 1988 1044 et
2017 1003 2143 1043 ma-

544 1081 703 1154 gistri
730 1079 1012 1139 Ecclesiae.

1115 1185 1341 1241 CAPUT
1376 1185 1578 1241 XXVI.

607 1280 682 1334 De
741 1278 933 1333 eadem
976 1275 1297 1345 (ii/Terentia
1345 1276 1588 1341 iterum,
1644 1278 1700 1328 et
1743 1273 1809 1328 de
1855 1271 2111 1345 conciliis

679 1348 979 1421 plenariis,
1010 1344 1311 1417 synodique
1339 1345 1567 1400 Nicwna
1618 1344 2003 1416 praerogativa.

2239 463 2372 521 tum,
2433 456 2778 512 constituisse
2824 465 2881 513 ut
2928 473 3030 528 per
3083 455 3326 528 singulas
3363 455 3674 528 provincias
3726 455 3845 510 suis

2239 543 2525 615 privilegia
2569 553 2855 601 serventur
2889 544 3323 616 metropolitanis
3372 543 3636 610 ecclesiis,
3678 543 3755 598 ita
3783 550 3848 599 ut

2239 633 2435 688 horum
2465 634 2723 702 omnium,
2757 633 3010 690 videlicet
3038 633 3141 689 sibi
3170 633 3603 702 commissorum,
3639 641 3847 688 metro-

2240 722 2509 792 politanus
2538 723 2732 779 habeat
2769 731 3123 794 potestatem,
3167 722 3409 778 decrevit
3438 721 3624 777 dicens
3654 722 3842 792 (conc.

2240 811 2524 877 Antioch.,
2549 826 2671 866 can.
2697 810 2752 881 6)
2784 829 2797 865 :
2829 834 2850 860 α
2873 813 2976 867 Per
2997 810 3243 882 singulas
3263 811 3520 882 regiones
3550 811 3845 881 episcopos

2242 898 2495 954 convenit
2524 914 2706 969 nosse,
2730 899 3206 971 metropolitanum
3236 898 3553 970 episcopum
3582 898 3848 954 sollicitu-

2242 987 2426 1042 dinem
2455 987 2619 1043 totius
2646 983 2941 1058 provincim
2969 1004 3180 1061 gerere,
3211 995 3440 1059 propter
3467 987 3613 1059 quod
3643 986 3712 1042 ad
3731 1002 3849 1041 me-

2244 1075 2495 1147 tr0polim
2522 1091 2714 1132 omnes
2734 1076 2991 1148 undique,
3023 1076 3115 1148 qui
3131 1075 3348 1147 negotia
3368 1075 3622 1131 videntur
3636 1075 3846 1131 habere

2245 1173 2594 1221 concurrant.
2619 1188 2642 1213 η
2675 1165 2745 1220 Et
2773 1165 2897 1221 item
2929 1165 3080 1237 (can.
3116 1168 3206 1231 13)
3243 1183 3300 1219 :a
3327 1164 3519 1219 Nullus
3549 1163 3848 1234 episcopus

2245 1269 2310 1308 ex
2341 1253 2447 1308 alia
2475 1252 2756 1324 provincia
2785 1254 2983 1309 audeat
3018 1254 3089 1309 ad
3127 1253 3290 1309 aliam
3327 1252 3659 1325 transgredi,
3690 1259 3745 1308 et
3770 1252 3845 1306 ad

2245 1341 2641 1412 promotionem
2669 1341 2953 1398 ministerii
2982 1341 3192 1414 aliquos
3217 1342 3270 1396 in
3289 1341 3534 1397 ecclesiis
3564 1340 3845 1407 ordinare,

618 1437 774 1493 Unde
803 1434 957 1507 quasi
1004 1450 1069 1489 ex
1116 1433 1605 1503 supererogatione
1650 1431 2012 1501 superadjicio
2050 1428 2149 1484 tibi
2246 1429 2372 1485 licet
2420 1446 2752 1486 consensum
2799 1431 3088 1486 videantur
3130 1431 3375 1501 prabere
3425 1429 3690 1496 nonnulli,
3751 1429 3844 1483 nis

548 1526 692 1597 quod
745 1524 873 1579 item
915 1524 1105 1578 beatus
1163 1520 1499 1593 Augustinus
1556 1520 1624 1575 ad
1668 1520 1981 1574 Januarium
2019 1517 2154 1574 dicit
2249 1518 2441 1574 litteris
2472 1527 2581 1574 tam
2612 1520 3030 1591 metrOpolitani,
3057 1536 3216 1590 quam
3247 1527 3570 1575 caeterorum
3598 1518 3849 1590 quicum

546 1614 730 1686 (epist.
768 1615 889 1682 118)
927 1628 939 1666 :
969 1633 991 1662 α
1022 1611 1219 1676 Primo,
1253 1609 1523 1681 inquiens,
1556 1617 1744 1664 tenere
1775 1616 1828 1663 te
1857 1608 1981 1663 volo
2003 1607 2150 1679 quod
2248 1623 2315 1662 eo
2345 1616 2469 1663 sunt
2498 1608 2899 1680 episcoporum,
2934 1616 3158 1681 rogatus
3188 1608 3461 1673 adveniat,
3494 1616 3545 1664 et
3573 1607 3642 1662 ad
3671 1606 3848 1663 actio-

546 1709 626 1757 est
681 1702 841 1770 hujus
889 1698 1267 1771 disputationis
1311 1706 1508 1769 caput,
1567 1697 1860 1752 Dominum
1897 1704 2145 1752 nostrum

542 1790 726 1847 Jesum
758 1789 1049 1855 Christum,
1106 1787 1246 1843 sicut
1292 1787 1409 1856 ipse
1456 1786 1511 1840 in
1542 1784 1844 1859 Evangelio
1888 1784 2142 1856 loquitur,

543 1878 652 1934 leni
677 1878 809 1952 jugo
841 1893 939 1933 suo
987 1892 1088 1932 nos
1118 1874 1433 1930 subdidisse
1463 1882 1516 1930 et
1564 1874 1796 1930 sarcinae
1834 1873 1958 1929 levi.
1992 1873 2146 1929 Unde

545 1965 899 2022 sacramentis
928 1979 1155 2018 numero
1185 1961 1551 2033 paucissimis,
1586 1960 1965 2016 observatione
1996 1959 2147 2016 facil-

544 2055 706 2119 limis,
742 2052 1137 2125 signiﬁcatione
1161 2049 1648 2122 praestantissimis,
1676 2049 1988 2104 societatem
2020 2047 2149 2105 novi

546 2143 734 2214 populi
764 2141 1075 2215 colligavit,
1127 2140 1266 2195 sicut
1296 2148 1378 2195 est
1406 2139 1708 2209 baptismus
1737 2137 2014 2193 Trinitatis
2042 2153 2147 2193 no-

547 2231 693 2287 mine
721 2238 1094 2293 consecratus,
1125 2227 1545 2284 communicatio
1575 2227 1820 2299 corporis
1848 2234 1901 2281 et
1932 2226 2150 2297 sangui-

548 2319 634 2375 nis
661 2318 850 2390 ipsius,
897 2326 949 2373 et
992 2318 1036 2372 si
1077 2317 1207 2389 quid
1238 2316 1386 2372 aliud
1432 2316 1488 2370 in
1537 2314 1821 2386 scripturis
1874 2314 2149 2370 canonicis

547 2407 978 2472 commendatur,
1032 2405 1270 2476 exceptis
1320 2404 1406 2459 his
1453 2421 1575 2475 quae
1622 2404 1935 2459 servitutem
1965 2401 2150 2474 populi

548 2496 744 2551 veteris
773 2511 873 2567 pro
920 2493 1272 2568 congruentia
1315 2492 1496 2548 cordis
1522 2493 1736 2547 illorum
1768 2499 1821 2547 et
1849 2490 2150 2562 prophetici

547 2584 809 2656 temporis
839 2584 1157 2650 onerabant,
1192 2598 1311 2655 qua
1332 2589 1384 2637 et
1413 2581 1469 2635 in
1491 2581 1734 2653 quinque
1762 2578 1916 2635 libris
1948 2579 2150 2651 Moysis

548 2675 821 2747 leguntur.
856 2673 954 2727 Illa
983 2681 1163 2727 autem
1193 2686 1313 2743 quae
1328 2686 1437 2725 non
1458 2670 1660 2740 scripta
1689 2669 1787 2724 sed
1818 2668 2012 2724 tradita
2027 2684 2151 2725 cus-

550 2762 805 2828 todimus,
841 2777 963 2831 qua:
992 2759 1210 2832 quidem
1240 2767 1351 2815 toto
1374 2767 1646 2814 terrarum
1676 2758 1810 2813 orbe
1841 2765 2147 2823 servantur,

551 2850 707 2906 datur
734 2848 982 2920 intelligi,
1029 2847 1115 2904 vel
1163 2847 1229 2901 ab
1271 2846 1405 2918 ipsis
1434 2845 1711 2917 apostolis,
1757 2845 1846 2901 vel
1892 2845 2153 2916 plenariis

552 2938 813 3004 conciliis,
849 2953 1079 3010 quorum
1110 2944 1190 2992 est
1219 2936 1275 2990 in
1303 2934 1552 2991 Ecclesia
1582 2934 1939 2989 saluberrima
1965 2942 2152 2991 aucto-

553 3028 706 3095 ritas,
738 3025 1120 3085 commendata
1150 3032 1312 3096 atque
1334 3031 1535 3080 statuta
1555 3022 1795 3090 retineri,
1821 3022 1976 3078 sicuti
2006 3022 2153 3095 quod

553 3116 768 3173 Domini
799 3115 1002 3188 passio,
1037 3122 1091 3170 et
1120 3113 1468 3178 resurrectio,
1504 3120 1556 3167 et
1585 3112 1836 3168 ascensio
1865 3111 2150 3179 incoelum,

553 3214 607 3262 et
634 3206 898 3262 adventus
929 3204 998 3259 de
1028 3202 1168 3259 coelo
1191 3202 1424 3274 Spiritus
1444 3201 1633 3268 sancti,
1668 3200 2045 3256 anniversaria
2067 3216 2155 3255 so-

555 3295 831 3352 lemnitate
862 3293 1190 3358 celebratur,
1223 3300 1276 3346 et
1320 3290 1366 3346 si
1415 3290 1545 3362 quid
1573 3289 1717 3344 aliud
1763 3288 1868 3345 tale
1896 3289 2152 3358 occurrit,

557 3384 703 3456 quod
731 3390 980 3437 servatur
1009 3381 1080 3436 ab
1126 3380 1398 3435 universis
1442 3393 1764 3449 quacunque
1812 3394 1873 3433 se
1904 3376 2156 3432 diffundit

557 3470 825 3527 Ecclesia.
860 3491 882 3519 ι
916 3469 985 3524 Ει
1014 3468 1070 3523 in
1118 3467 1295 3524 edicto
1339 3466 1627 3522 Iustiniani
1675 3465 2040 3536 imperatoris,
2086 3466 2155 3521 de

557 3567 720 3616 rectae
748 3557 874 3614 ﬁdei
896 3556 1259 3623 confessione,
1288 3563 1342 3611 et
1372 3554 1697 3612 refutatione
1727 3553 2013 3609 hteresium
2035 3569 2157 3626 quae

558 3649 919 3703 adversantur
939 3645 1218 3702 catholicae
1234 3645 1336 3699 Dei
1352 3643 1631 3708 Ecclesiae,
1665 3659 1698 3698 a
1729 3642 1937 3713 synodo
1968 3641 2156 3715 quinta

559 3735 847 3804 dictato,et
867 3735 936 3790 ab
967 3735 1162 3790 eodem
1189 3733 1513 3804 imperatore
1542 3730 1879 3799 confirmato,
1894 3731 2155 3802 scriptum

561 3832 646 3880 est
676 3842 690 3878 :
726 3845 748 3874 α
784 3822 1031 3894 Oportet,
1064 3821 1254 3893 inquit,
1288 3820 1452 3876 etiam
1480 3819 1611 3875 illud
1632 3819 1908 3875 attendere
1941 3834 2037 3874 eos
2065 3818 2158 3891 qui

559 3912 845 3971 veritatem
891 3917 1319 3982 perscrutantur,
1363 3909 1509 3980 quod
1547 3907 1777 3963 forsitan
1820 3907 1876 3963 in
1912 3907 2157 3964 conciliis

561 4000 812 4074 quaedam
861 4014 894 4055 a
938 3998 1100 4056 certis
1142 3997 1216 4052 ibi
1259 3997 1705 4053 convenientibus
1744 3996 2035 4063 dicuntur,
2067 4004 2157 4052 aut

560 4105 660 4162 per
688 4088 954 4157 favorem,
988 4095 1079 4143 aut
1110 4103 1209 4158 per
1236 4087 1712 4155 contrarietatem,
1746 4094 1839 4143 aut
1866 4102 1966 4158 per
1993 4086 2155 4159 igno-

562 4178 791 4235 rantiam
823 4193 837 4233 :
870 4193 1030 4233 nemo
1058 4186 1242 4232 autem
1271 4176 1500 4233 attendit
1529 4192 1596 4232 ea
1625 4192 1746 4248 quae
1770 4192 1870 4248 per
1898 4183 2106 4247 partem
2126 4191 2159 4229 a

561 4267 884 4340 quibusdam
930 4266 1198 4335 dicuntur,
1246 4266 1343 4322 sed
1374 4266 1491 4321 sola
1538 4265 1631 4320 illa
1662 4281 1784 4336 quae
1809 4264 1876 4318 ab
1905 4264 2158 4320 omnibus

564 4356 839 4413 communi
874 4372 1041 4412 sensu
1071 4354 1428 4411 diffiniuntur.
1462 4354 1519 4409 Si
1562 4353 1706 4409 enim
1737 4352 1932 4425 aliquis
1962 4368 2162 4409 secun-

2173 1712 2374 1782 Bnem
2422 1696 2778 1752 ordinationis
2825 1697 3067 1753 accedat.
3104 1717 3126 1746 υ
3177 1695 3336 1765 Quod
3373 1695 3714 1751 manifestum
3763 1703 3854 1750 est

2247 1785 2315 1839 de
2346 1785 2587 1856 quolibet
2617 1785 3049 1857 metropolitano,
3081 1800 3152 1840 ne
3179 1785 3233 1839 in
3265 1783 3542 1854 provincia
3570 1792 3853 1854 metropo-

2250 1872 2399 1928 litani
2444 1873 2669 1929 alterius
2717 1875 2861 1945 quod
2906 1890 3017 1929 non
3054 1881 3137 1928 est
3176 1890 3332 1928 suum
3377 1889 3486 1928 non
3530 1872 3730 1943 petitus
3759 1870 3855 1926 vel

2245 1970 2469 2017 vocatus
2498 1970 2823 2033 praesumat,
2868 1970 2917 2017 et
2956 1977 3065 2017 non
3108 1962 3176 2017 de
3208 1969 3299 2016 tuo
3342 1960 3761 2031 metrOpolitano
3793 1960 3855 2014 in

2245 2057 2338 2105 tua
2368 2051 2630 2120 parochia
2658 2050 2735 2104 illi
2758 2051 2998 2120 subjecta
3018 2050 3220 2106 dicere.
3246 2050 3401 2107 Unde
3424 2058 3477 2104 et
3503 2048 3853 2104 Innocentius

2246 2138 2313 2194 ad
2343 2139 2712 2194 Alexandrum
2742 2139 3141 2195 Antiochenum
3171 2139 3487 2210 episcopum
3519 2139 3706 2210 (epist.
3732 2140 3850 2204 20):

2252 2249 2274 2277 α
2309 2227 2689 2293 Revolventes,
2724 2220 2916 2301 inquit,
2950 2228 3325 2284 auctoritatem
3363 2227 3598 2283 Nicaenae
3630 2225 3850 2298 synodi,

2248 2333 2369 2388 quae
2396 2332 2503 2371 una
2529 2317 2771 2372 omnium
2809 2334 2907 2388 per
2945 2317 3130 2373 orbem
3162 2326 3434 2372 terrarum
3476 2324 3716 2371 mentem
3748 2331 3855 2371 ex-

2248 2404 2408 2475 plicat
2440 2406 2806 2471 sacerdotum,
2841 2422 2963 2477 quae
2982 2404 3192 2461 censuit
3222 2406 3290 2460 de
3313 2404 3651 2460 Antiochena
3680 2402 3858 2460 eccle-

2249 2493 2351 2559 sia,
2384 2496 2595 2549 cunctis
2624 2492 2898 2561 ﬁdelibus,
2932 2511 3000 2550 ne
3040 2494 3269 2550 dixerim
3301 2493 3691 2562 sacerdotibus,
3727 2508 3856 2549 esse

2250 2582 2622 2637 necessarium
2665 2580 2958 2648 custodire,
3012 2582 3139 2655 quia
3176 2599 3343 2654 super
3384 2582 3667 2640 dioecesim
3696 2598 3855 2636 suam

2249 2670 2563 2741 pradictam
2586 2672 2896 2739 ecclesiam,
2912 2688 3020 2727 non
3044 2688 3208 2744 super
3227 2671 3462 2744 aliquam
3491 2670 3858 2743 provinciam,

2252 2761 2699 2833 recognoscimus
2720 2761 3084 2817 constitutam.
3125 2781 3147 2810 υ
3179 2761 3248 2816 Et
3275 2759 3586 2816 Bonifacius
3614 2774 3761 2831 papa
3781 2758 3858 2814 ad

2253 2846 2512 2903 Hilarium
2529 2849 2944 2904 Narbonensem
2966 2849 3283 2921 episcopum
3304 2849 3492 2922 (epist.
3514 2850 3569 2917 3)
3594 2866 3607 2902 :
3633 2870 3655 2897 α
3680 2847 3852 2914 Nulli,

2251 2935 2443 3008 inquit,
2476 2936 2688 2992 videtur
2717 2937 2999 3011 incognita
3028 2937 3223 3009 synodi
3251 2936 3559 2994 constitutio
3589 2936 3851 3005 Nicaeam,

2257 3040 2377 3095 quae
2404 3025 2478 3080 ita
2505 3025 2767 3096 praecipit,
2810 3035 2867 3080 ut
2889 3026 3083 3082 eadem
3101 3026 3322 3097 praprie
3352 3027 3519 3082 verba
3540 3040 3811 3096 ponamus
3837 3042 3852 3079 :

2256 3115 2363 3169 Per
2407 3129 2846 3187 unamquamque
2892 3115 3228 3185 provinciam
3265 3114 3355 3184 jus
3403 3113 3858 3184 metropolitanos

2255 3202 2503 3276 smgulos
2533 3203 2736 3258 habere
2758 3203 2981 3269 debere,
2999 3220 3103 3260 nec
3119 3203 3368 3275 cuiquam
3391 3203 3527 3259 duas
3548 3219 3671 3259 esse
3686 3218 3858 3274 posse

2254 3291 2526 3360 subjectas
2561 3309 2574 3345 :
2607 3292 2753 3363 quod
2782 3291 2879 3360 illi,
2913 3292 3041 3364 quia
3068 3292 3228 3348 aliter
3253 3292 3588 3348 credendum
3617 3307 3728 3347 non
3747 3299 3851 3360 est,
3932 3306 3937 3309 '

2254 3381 2583 3436 servandum
2614 3389 2804 3436 sancto
2853 3380 3055 3451 Spiritu
3099 3389 3430 3454 suggerente
3478 3381 3693 3436 sibimet
3724 3396 3858 3437 cen-

2255 3477 2501 3524 suerunt.
2538 3491 2560 3518 »
2595 3469 2664 3523 Et
2692 3469 2857 3541 paulo
2888 3477 3010 3540 post
3049 3487 3062 3523 :
3102 3491 3124 3520 α
3159 3468 3321 3539 Quod
3357 3469 3564 3526 idcirco
3591 3470 3852 3535 dicimus,

2255 3565 2313 3612 ut
2341 3557 2588 3613 advertat
2608 3558 2847 3614 cbaritas
2867 3565 2978 3625 tua,
2998 3557 3137 3614 adeo
3157 3574 3258 3614 nos
3274 3574 3542 3615 canonum
3578 3567 3859 3630 praecepta

2256 3662 2499 3712 servare,
2549 3655 2607 3701 ut
2653 3647 2727 3702 ita
2765 3647 3073 3703 constitutio
3110 3663 3326 3720 quoque
3375 3656 3562 3703 nostra
3599 3646 3853 3714 diﬂiniat,

2256 3744 2523 3807 quatenus
2553 3735 2953 3808 metrOpolitani
2985 3736 3068 3791 sui
3099 3752 3439 3809 unaquaeque
3485 3736 3771 3808 provincia
3798 3736 3856 3792 in

2255 3824 2508 3880 omnibus
2554 3824 2719 3880 rebus
2764 3824 3161 3881 ordinationem
3212 3841 3432 3896 semper
3487 3832 3786 3896 exspectet.
3828 3847 3853 3875 ι

2253 3913 2323 3967 Ει
2366 3913 2450 3968 his
2496 3928 2741 3970 consona
2784 3913 3108 3970 Cuelestinus
3154 3931 3169 3968 :
3218 3935 3240 3964 ι
3274 3915 3434 3969 Juxta
3480 3914 3724 3980 decreta,
3773 3914 3859 3970 in-

2258 4001 2372 4074 quit
2398 4003 2587 4074 (epist.
2622 4001 2696 4073 1),
2746 4018 3016 4058 canonum
3069 4018 3409 4075 unaquaeque
3437 4003 3725 4073 provincia
3753 4019 3855 4059 suo

2255 4090 2674 4161 metropolitano
2702 4099 2956 4147 contenta
2978 4091 3065 4158 sit,
3095 4099 3153 4146 ut
3180 4090 3490 4148 decessoris
3520 4091 3697 4146 nostri
3727 4093 3858 4148 data

2256 4180 2326 4234 ad
2354 4179 2770 4235 Narbonensem
2830 4180 3149 4250 episcopum
3174 4179 3450 4236 continent
3506 4181 3803 4236 constituta
3837 4198 3851 4235 :

2256 4284 2358 4324 nec
2402 4268 2740 4341 usurpationi
2783 4269 2933 4325 locus
2981 4268 3144 4325 alicui
3205 4269 3478 4324 sacerdoti
3519 4268 3575 4323 in
3633 4269 3855 4325 alterius

2257 4353 2587 4409 concedatur
2629 4353 2902 4421 injuriam.
2947 4352 3027 4408 Sit
3083 4352 3361 4409 concessis
3416 4353 3521 4408 sibi
3567 4361 3854 4410 contentus

561 4445 692 4501 dum
722 4445 845 4499 illos
874 4443 1107 4498 voluerit
1149 4443 1427 4498 attendere
1458 4440 1768 4510 hujusmodi
1806 4441 2162 4497 contrarieta-
2187 4435 2627 4514 Dunusquisque
2668 4440 2957 4508 limitibus,
3010 4441 3147 4497 alter
3186 4441 3242 4497 in
3288 4441 3514 4497 alterius
3568 4442 3856 4513 provincia

563 4542 664 4599 tes,
699 4547 1037 4604 unaquaeque
1067 4528 1305 4601 Synodus
1334 4529 1633 4585 invenietur
1678 4528 2026 4599 semetipsam
2055 4529 2155 4585 de-

567 4630 800 4677 struens.
836 4642 859 4671 ιο
896 4619 1018 4689 Qua
1059 4618 1389 4674 discretione
1418 4616 1739 4688 prudentius
1768 4625 1820 4672 te
1848 4616 2156 4690 intelligens

566 4711 902 4767 Antiochena
932 4707 1190 4780 synodus,
1224 4722 1385 4778 quam
1427 4714 1647 4762 sanctus
1694 4704 1948 4773 Hilarius,
1981 4704 2073 4759 illo
2101 4704 2156 4759 in

566 4813 729 4854 carne
758 4799 948 4855 vivens
973 4806 1217 4868 tempore
1247 4795 1462 4868 quando
1506 4794 1778 4851 celebrata
1808 4792 1925 4859 fuit,
1958 4793 2014 4847 in
2043 4793 2157 4864 epi-

568 4886 707 4941 stola
733 4887 805 4941 ad
849 4887 1235 4956 imperatorem
1283 4883 1675 4953 Constantium,
1720 4891 1772 4938 et
1817 4881 1875 4937 in
1922 4881 2059 4938 libro
2089 4882 2158 4938 de

569 4974 799 5046 Synodis
827 4982 1092 5029 monstrat
1123 4974 1288 5029 fuisse
1317 4972 1660 5037 catholicam,
1691 4987 1959 5042 quamque
1990 4970 2157 5027 Chal-

569 5062 893 5119 cedonensis
940 5064 1257 5133 comprobat
1308 5081 1321 5116 :
1372 5070 1423 5117 et
1465 5062 1682 5127 sciens,
1742 5068 1866 5131 post
1918 5067 2159 5132 tempora

570 5152 929 5225 quorumdam
976 5167 1164 5206 eorum
1189 5194 1203 5218 ,
1253 5151 1321 5207 de
1365 5166 1593 5223 quorum
1639 5147 1880 5219 epistolis
1909 5150 2158 5221 quadam

569 5240 836 5313 collegisti
857 5249 909 5298 et
930 5240 1179 5312 quedam
1200 5239 1325 5297 dolo
1346 5238 1593 5307 omisisti,
1615 5237 1857 5294 habitum
1876 5237 2160 5295 Nicaenum

569 5330 857 5388 concilium
885 5331 1036 5403 (can.
1067 5332 1147 5399 6),
1178 5328 1266 5386 cui
1292 5345 1324 5383 a
1353 5327 1705 5401 sequentibus
1736 5326 1939 5386 sanctis
1969 5327 2158 5385 conci-

569 5419 689 5484 liis,
750 5419 888 5476 sicut
928 5418 1061 5476 nihil
1088 5417 1420 5477 contrarium
1471 5424 1549 5474 est
1593 5416 1854 5484 additum,
1887 5416 1961 5474 ita
1987 5417 2059 5473 ab
2092 5431 2160 5473 eo

571 5507 702 5567 nihil
731 5516 814 5565 est
839 5507 1175 5581 abrogatum,
1207 5506 1340 5563 nihil
1364 5505 1664 5565 mutilatum
1685 5506 1771 5563 vel
1797 5506 2155 5576 immutatum,

2256 4530 2389 4584 nihil
2417 4538 2732 4601 praesumat.
2771 4551 2793 4580 υ
2823 4531 2977 4586 Unde
3006 4538 3059 4587 et
3101 4529 3415 4587 Africanum
3452 4531 3749 4587 concilium
3780 4530 3851 4586 ad

2257 4617 2605 4673 Caelestinum
2636 4633 2835 4689 papam
2865 4619 3052 4675 scribit
3079 4619 3267 4675 dicens
3296 4622 3460 4692 (post.
3512 4636 3670 4677 conc.
3703 4622 3856 4692 A/‘ri—

2256 4708 2387 4776 can)
2421 4723 2434 4760 :
2473 4727 2495 4757 α
2530 4707 2761 4762 Decreta
2778 4707 3142 4776 Nicaena,sive
3164 4706 3434 4763 inferioris
3455 4709 3663 4779 gradus
3694 4708 3859 4765 cleri-

2256 4809 2371 4860 cos,
2405 4794 2519 4851 sive
2559 4794 2708 4866 ipsos
2737 4795 3041 4867 episcopos,
3075 4795 3189 4851 suis
3218 4796 3650 4868 metropolitanis
3683 4813 3851 4868 aper-

2258 4883 2464 4939 tissime
2493 4883 2901 4941 commiserunt.
2923 4885 3345 4941 Prudentissime
3366 4886 3510 4942 enim
3525 4886 3854 4956 justissima-

2258 4988 2361 5045 que
2387 4973 2656 5038 viderunt,
2707 4990 3042 5046 quaecunque
3094 4975 3317 5046 nogotia
3363 4975 3418 5030 in
3457 4976 3568 5030 suis
3596 4975 3733 5032 locis
3762 4975 3853 5031 ubi

2256 5070 2377 5117 orta
2421 5069 2545 5117 sunt
2589 5060 2826 5117 finienda
2858 5080 2872 5116 :
2935 5079 3038 5119 nec
3078 5062 3366 5135 unicuique
3395 5064 3692 5134 provinciae
3730 5080 3853 5136 gra-

2256 5149 2387 5205 tiam
2407 5151 2579 5206 sancti
2602 5150 2830 5222 Spiritus
2850 5151 3173 5219 defuturam,
3200 5168 3308 5224 qua
3328 5153 3555 5225 aequitas
3577 5169 3610 5208 a
3652 5153 3853 5210 Christi

2259 5237 2634 5296 sacerdotibus
2655 5248 2708 5296 et
2726 5241 3022 5312 prudenter
3044 5240 3307 5308 videatur,
3327 5250 3380 5298 et
3412 5242 3851 5299 constantissime

2257 5335 2524 5385 teneatur.
2561 5350 2584 5379 ι
2618 5330 2685 5385 Et
2714 5330 2822 5386 Leo
2849 5330 2921 5386 ad
2956 5329 3266 5387 Anatolium
3294 5330 3482 5405 (epist.
3516 5333 3610 5403 56)
3643 5350 3659 5388 :
3694 5353 3717 5382 α
3753 5330 3853 5389 Illa.

2256 5416 2601 5474 Nicanorum
2643 5433 2915 5476 caninum
2957 5435 3061 5491 per
3104 5428 3355 5477 sanctum
3411 5436 3538 5478 vere
3587 5420 3850 5493 Spiritum

2257 5505 2510 5563 ordinata
2534 5506 2774 5565 conditio
2822 5506 2973 5564 nulla
3019 5523 3260 5583 unquam
3288 5516 3373 5566 est
3397 5517 3549 5582 parte
3578 5509 3845 5568 solubilis.
