4164 6330
251 209 361 260 393

977 213 1217 268 OPUSC.
1270 216 1358 270 ET
1408 217 1625 272 EPIST.
1684 217 1754 272 LN
1814 213 2040 270 CAUSA
2087 219 2428 278 HINCMARI
2475 226 2778 282 LAUDUN.

3460 240 3564 292 3M

265 328 428 384 Nulla
487 331 707 386 sibimet
766 334 835 388 de
914 334 1361 406 multiplicatione
1447 337 1886 412 congregationis
1920 336 2124 398 Amen
2154 354 2382 414 possunt
2411 347 2652 403 minuere
2682 348 3018 419 dignitatem.
3059 375 3081 404 ι
3127 354 3241 433 Sed
3264 373 3368 417 nec
3399 378 3563 421 sensu

263 417 554 488 synodalia
584 421 816 476 concilia
847 421 1216 491 blandiantur,
1250 443 1426 500 neque
1460 429 1716 483 trecentis
1765 428 1869 482 illis

256 507 450 562 decem
480 516 644 579 atque
687 519 809 564 octo
857 512 1130 583 episcOpis
1178 517 1568 586 quantumlibet
1618 517 1872 587 copiosor

256 612 517 652 numerus
551 598 915 664 sacerdotum,
949 602 1035 655 vel
1066 619 1390 673 comparare
1418 622 1477 659 se
1520 606 1732 672 audeat,
1782 608 1870 662 vel

252 683 518 752 praeferre
553 700 564 738 :
601 701 726 740 cum
756 695 906 741 tanto
944 689 1203 744 divinitus
1237 693 1524 763 privilegio
1555 695 1773 748 Nicarna
1803 693 1874 751 sit

256 772 502 842 synodus
535 783 876 840 consecrata,
910 785 966 831 ut
995 778 1108 832 sive
1137 796 1235 849 per
1265 782 1570 850 pauciores,
1605 783 1718 837 sive
1774 799 1870 852 per

250 859 438 929 plures
469 862 839 918 ecclesiastica
862 865 1065 932 judicia
1085 868 1452 934 celebrentur,
1477 870 1624 924 omni
1655 871 1869 940 penitus

252 948 576 1004 auctoritate
608 950 676 1004 sit
705 967 958 1019 vacuum,
993 955 1260 1027 quidquid
1305 957 1372 1011 ab
1431 958 1650 1013 illorum
1708 958 1870 1013 fuerit

252 1037 641 1092 constitutione
689 1039 983 1096 diversum.
1055 1063 1076 1092 ι
1158 1045 1236 1098 De
1294 1046 1446 1113 cujus
1495 1047 1780 1119 privilegio
1812 1055 1866 1101 et

249 1125 443 1180 beatus
474 1127 792 1183 Ambrosius
819 1130 949 1186 dicit
977 1130 1093 1200 (lib.
1121 1147 1137 1185 ι
1163 1132 1228 1186 de
1260 1135 1408 1197 Fide,
1433 1149 1554 1204 cap.
1581 1137 1635 1205 9)
1671 1153 1683 1188 :
1715 1136 1866 1190 «Non

249 1213 486 1268 humana
511 1215 795 1282 industria,
824 1235 933 1272 non
966 1221 1361 1289 compositione
1391 1223 1592 1292 aliqua,
1639 1214 1867 1277 trecenti

250 1301 443 1357 decem
477 1310 529 1356 et
551 1311 682 1359 'octo
713 1306 956 1376 cpisc0pi
1006 1309 1076 1362 ad
1125 1309 1413 1364 concilium
1471 1317 1860 1374 convenerunt,

249 1389 348 1444 sed
380 1398 436 1443 et
464 1391 518 1444 in
548 1408 778 1447 numero
809 1409 1015 1459 eorum,
1059 1413 1157 1465 per
1187 1397 1404 1469 signum
1432 1415 1544 1453 suae
1589 1398 1861 1468 passionis

247 1486 301 1532 et
330 1479 588 1544 nominis,
621 1482 885 1536 Dominus
914 1483 1073 1537 Jesus
1103 1500 1205 1538 suo
1252 1486 1505 1554 probaret
1562 1503 1623 1541 se
1668 1487 1861 1541 adesse

250 1566 504 1634 concilio,
539 1582 670 1623 crux
698 1570 1044 1637 intrecentis,
1074 1573 1202 1626 Jesu
1233 1589 1433 1628 nomen
1461 1575 1516 1627 in
1570 1575 1762 1629 decem
1807 1581 1861 1629 et

1976 435 2149 489 sacris
2179 435 2476 489 canonibus
2506 436 2873 492 concordante
2902 439 2951 492 in
2992 443 3216 500 metrica
3261 447 3567 508 titulatione

1973 524 2367 592 compilationis
2424 533 2527 579 tuae
2573 525 2772 580 domno
2827 527 2941 598 regi
3014 533 3360 604 porrigenda;
3425 542 3568 595 scri-

1970 611 2124 680 psisti
2157 629 2190 677 ε,

2293 737 2602 790 Responsum
2624 747 2651 781 a
2681 736 2849 782 vincto
2871 737 2967 784 rite
2987 750 3080 786 nec
3101 742 3324 800 exigier;

1972 875 2025 921 et
2054 867 2182 920 mihi
2214 884 2312 936 per
2357 853 2758 923 comministros
2802 886 2954 925 meos
2987 874 3055 928 ad
3103 882 3154 928 te
3192 877 3429 936 directos
3473 901 3564 940 re-

1969 955 2260 1019 mandasti,
2316 971 2384 1010 ne
2440 971 2698 1027 cogerem
2728 965 2777 1012 te
2835 961 3185 1028 respondere,
3242 969 3478 1036 quandiu
3511 972 3566 1028 in

1970 1043 2214 1097 custodia
2246 1051 2296 1096 et
2318 1043 2563 1097 absentia
2584 1044 2904 1100 clericorum
2938 1055 3155 1104 tuorum
3215 1068 3358 1109 eras.
3418 1059 3569 1116 Unde

1966 1130 2064 1183 tibi
2093 1139 2222 1185 tunc
2253 1131 2455 1200 scripto
2503 1132 2777 1201 respondi,
2839 1141 2891 1188 et
2945 1152 3089 1191 nunc
3122 1143 3351 1198 ostendo
3408 1153 3481 1212 tu,
3516 1157 3572 1203 ut

1967 1217 2096 1280 dixi,
2167 1234 2276 1272 non
2331 1226 2480 1272 recto
2535 1235 2698 1273 sensu
2743 1237 2947 1289 ponere
3007 1240 3071 1278 ex
3120 1229 3290 1284 sacris
3339 1235 3563 1305 regulis,

1967 1307 2111 1376 quod
2142 1307 2209 1360 de
2241 1323 2350 1361 non
2373 1308 2751 1375 respondendo
2783 1309 2836 1362 in
2863 1317 2950 1362 tua
2981 1316 3330 1372 excusatione
3360 1321 3563 1390 dixisti,

1963 1403 2243 1449 asserente
2274 1403 2457 1449 sancto
2487 1411 2627 1463 papa
2657 1395 2836 1450 Hilaro
2866 1399 2950 1466 (in
2981 1402 3184 1456 conc-il.
3213 1405 3362 1461 Rom.
3388 1451 3400 1472 ,
3425 1427 3472 1463 c.
3494 1413 3525 1466 4
3553 1431 3567 1466 :

1967 1503 1989 1532 ι
2015 1484 2146 1547 Nos,
2180 1482 2367 1553 inquit,
2402 1482 2454 1535 in
2489 1482 2634 1536 nullo
2665 1483 2912 1538 volumus
2944 1488 3282 1545 severitatem
3342 1496 3562 1554 ultionis

1961 1587 2216 1625 exercere
2260 1587 2272 1624 :
2309 1571 2406 1623 sed
2455 1571 2543 1640 qui
2593 1571 2649 1624 in
2697 1573 2874 1626 causis
2930 1575 3029 1628 Dei
3079 1583 3420 1637 contumacia
3476 1588 3564 1642 vel

251 1662 376 1708 octo
409 1663 494 1708 est
526 1657 923 1712 sacerdotibus.
957 1680 1086 1708 n—a
1121 1660 1189 1714 Et
1232 1662 1572 1732 mihi,inquit
1594 1663 1852 1729 Ililarius,
1873 1697 1929 1757 B
1961 1667 2272 1728 contemptu
2301 1658 2606 1755 deliquerit,
2639 1661 2885 1757 autipse
2908 1663 3049 1732 quod
3098 1681 3390 1736 perperam
3437 1672 3563 1730 fecit

246 1741 366 1812 ipse
397 1743 488 1798 ille
522 1761 780 1800 numerus
811 1747 897 1802 hic
927 1756 1146 1803 sanctus
1177 1758 1279 1818 est,
1313 1750 1368 1803 in
1419 1767 1525 1822 quo
1580 1752 1854 1805 Abraham

246 1830 419 1884 victor
453 1849 679 1904 regnum
711 1833 999 1904 impiorum
1031 1837 1100 1890 ab
1130 1853 1195 1892 eo
1217 1838 1306 1908 qui
1348 1840 1536 1893 aeterni
1563 1840 1854 1893 sacerdotii

245 1926 325 1972 est
355 1917 535 1974 forma
565 1921 921 1977 benedicitur.
962 1944 984 1973 ι»
1018 1926 1085 1979 Ει
1134 1925 1264 1979 item
1312 1926 1499 1980 beatus
1557 1928 1664 1981 Leo
1713 1943 1853 1998 papa

242 2006 437 2076 (epist.
472 2011 540 2062 36
566 2011 849 2080 Anatolio)
885 2028 897 2065 :
938 2033 958 2061 α
995 2013 1178 2067 Sancti
1198 2013 1273 2066 illi
1303 2022 1354 2068 et
1383 2015 1718 2069 venerabiles
1747 2031 1852 2086 pa-

248 2102 378 2158 tres,
416 2096 595 2167 quiin
626 2098 760 2153 urbe
802 2100 1022 2155 Nicaena
1079 2101 1349 2174 sacrilego
1404 2103 1530 2157 Ario
1586 2120 1704 2157 cum
1757 2120 1851 2157 sua

243 2183 522 2253 impietate
561 2186 840 2254 damnato,
880 2204 1171 2244 mansuras
1208 2207 1381 2260 usque
1401 2191 1457 2244 in
1476 2190 1644 2246 finem
1666 2192 1850 2246 mundi

242 2271 394 2344 leges
411 2273 914 2331 ecclesiasticarum
931 2293 1198 2332 canonum
1219 2279 1599 2346 condiderunt,
1626 2288 1677 2334 et
1703 2281 1849 2350 apud

241 2375 339 2414 nos
367 2360 427 2414 in
458 2369 573 2417 toto
603 2364 739 2418 orbe
781 2372 1049 2419 terrarum
1096 2367 1150 2420 in
1205 2367 1317 2421 suis
1375 2367 1849 2423 constitutionibus

240 2448 442 2516 vivunt,
468 2458 521 2504 et
546 2451 592 2505 si
643 2452 770 2522 quid
806 2469 1033 2524 usquam
1065 2455 1222 2510 aliter
1272 2472 1434 2525 quam
1482 2455 1560 2508 illi
1612 2465 1847 2511 statuere

234 2538 600 2606 praesumitur,
645 2540 763 2595 sine
821 2543 1165 2598 cunctatione
1219 2551 1482 2598 cessatur.
1551 2565 1572 2592 »
1607 2545 1674 2597 Et
1723 2545 1846 2600 hinc

237 2634 453 2680 sanctus
500 2628 611 2682 Leo
667 2629 737 2684 ad
798 2630 1134 2685 Pulcheriam
1185 2633 1482 2704 Angustam
1520 2649 1532 2685 :
1566 2655 1587 2681 ‹‹
1651 2632 1847 2686 Contra

237 2721 447 2782 statuta,
529 2715 702 2787 inquit
757 2718 944 2789 (epist.
997 2722 1107 2788 58),
1169 2735 1435 2774 canonum
1476 2729 1841 2789 paternorum,

237 2818 353 2872 quae
385 2811 515 2857 ante
546 2803 884 2876 longissimae
913 2807 1085 2861 aetatis
1115 2823 1288 2862 annos
1337 2808 1392 2861 in
1440 2809 1577 2862 urbe
1625 2809 1846 2863 Nicaena

236 2890 569 2959 spiritalibus
628 2903 754 2948 sunt
820 2894 1038 2949 fundata
1097 2896 1348 2964 decretis,
1410 2896 1542 2950 nihil
1593 2896 1846 2966 cuiquam

233 2979 432 3034 audere
465 2982 786 3037 conceditur
819 3001 831 3036 :
865 2983 937 3038 ita
958 2992 1015 3038 ut
1045 2984 1092 3038 si
1139 2985 1259 3054 quis
1317 2985 1590 3039 diversum
1640 2985 1846 3056 aliquid

1958 1747 2178 1800 abolere
2205 1746 2455 1810 noluerit,
2489 1746 2542 1798 in
2575 1762 2634 1800 se
2666 1747 2928 1818 quidquid
2957 1749 3013 1802 in
3040 1751 3203 1806 alium
3246 1771 3354 1811 non
3400 1775 3558 1817 rese-

1955 1834 2087 1888 carit
2136 1833 2390 1887 inveniet.
2450 1854 2470 1880 »
2503 1833 2627 1886 Non
2675 1833 2816 1887 enim
2867 1835 2983 1891 haec
3040 1855 3160 1908 quae
3214 1843 3374 1912 egisti
3416 1847 3558 1904 inter

1953 1921 2116 1975 dubia
2146 1921 2230 1975 vel
2263 1921 2497 1975 obscura
2529 1921 2828 1975 secundum
2871 1923 3067 1978 Leonis
3120 1927 3338 1984 decreta
3395 1943 3554 2003 pote-

1951 2018 2075 2064 rant
2104 2010 2189 2063 vel
2222 2018 2447 2079 possunt
2475 2009 2584 2062 ullo
2615 2009 2778 2063 modo
2835 2015 3154 2081 computari,
3205 2025 3262 2071 ut
3307 2019 3432 2076 inde
3475 2023 3556 2078 lo-

1951 2114 2072 2153 cum
2112 2097 2439 2151 defendendi
2467 2104 2518 2150 te
2550 2097 2802 2160 haberes,
2850 2106 2902 2152 et
2956 2100 3060 2154 tuis
3096 2103 3405 2175 redonatus,
3466 2126 3552 2166 re-

1950 2185 2211 2256 gulariter
2240 2194 2460 2240 vocatus
2501 2185 2566 2237 ad
2610 2186 2875 2256 synodum
2917 2191 3248 2258 respondere
3299 2195 3550 2266 deberes,

1951 2275 2089 2328 sicut
2141 2282 2193 2328 et
2251 2274 2302 2326 in
2360 2273 2796 2342 praecedentibus
2847 2282 2900 2327 et
2967 2276 3023 2330 in
3098 2279 3552 2352 subsequentibus

1949 2362 2104 2416 istius
2151 2361 2400 2431 opusculi
2445 2378 2509 2414 ex
2561 2361 2734 2415 sacris
2767 2363 2991 2433 regulis,
3053 2374 3105 2419 et
3159 2375 3212 2421 tu
3242 2378 3293 2422 et
3326 2373 3553 2442 quilibet

1949 2451 2086 2504 alius
2117 2450 2206 2520 qui
2263 2449 2457 2518 legerit
2502 2456 2678 2518 potest
2727 2465 3064 2520 cognoscere
3118 2471 3130 2506 :
3192 2463 3244 2509 et
3290 2457 3415 2514 ideo
3455 2457 3551 2515 tibi

1950 2539 2190 2593 scribere
2223 2537 2422 2601 studui,
2448 2544 2505 2590 ut
2563 2553 2682 2606 qua?
2729 2536 2785 2589 in
2841 2539 3021 2593 causis
3075 2542 3175 2596 Dei
3215 2548 3551 2605 contumacia

1949 2627 2034 2681 vel
2066 2634 2378 2694 contemptu
2402 2623 2696 2693 deliquisti,
2731 2631 2782 2678 et
2813 2641 2932 2696 quae
2961 2644 3190 2698 perpere
3211 2634 3550 2706 commisisti,

1949 2714 2173 2769 abolere
2204 2729 2440 2777 curares,
2476 2720 2528 2764 et
2560 2710 2760 2765 factum
2791 2719 2959 2778 tuum,
2993 2731 3098 2784 quo
3148 2718 3291 2774 male
3339 2724 3556 2779 exordi-

1951 2802 2112 2866 nasti,
2148 2801 2284 2855 sicut
2317 2800 2458 2854 idem
2492 2798 2879 2867 Hilarusjubet
2918 2801 2985 2855 de
3013 2819 3078 2857 eo
3109 2805 3199 2874 qui
3220 2808 3364 2862 male
3410 2811 3558 2866 ordi-

1948 2891 2112 2955 navit,
2149 2890 2264 2958 ipse
2293 2887 2660 2942 dissolveres:
2694 2895 2961 2956 quatenus
3001 2893 3348 2949 severitatem
3389 2898 3554 2953 ultio-

1949 2979 2033 3032 nis
2073 2978 2126 3030 in
2175 2985 2226 3030 te
2273 2975 2519 3030 exerceri
2595 2974 2663 3028 ab
2735 2976 2812 3028 eis
2879 2993 3110 3046 quorum
3169 2980 3393 3038 interest
3445 3002 3554 3041 non

233 3066 531 3124 decernere
559 3071 709 3136 velit,
767 3088 828 3126 se
875 3072 1054 3141 potius
1095 3073 1318 3132 minuat.
1377 3090 1536 3144 quam
1587 3073 1677 3127 illa
1708 3090 1836 3128 cor-
1879 3043 2218 3138 Cexigeres,
2262 3073 2311 3118 et
2341 3079 2447 3135 ego
2491 3063 2545 3115 in
2579 3078 2668 3115 me
2717 3078 2823 3116 non
2873 3063 3173 3121 invenirem
3229 3072 3372 3140 quod
3417 3073 3470 3126 in
3503 3083 3556 3131 te

233 3165 464 3226 rumpat.
499 3156 634 3226 Quae
664 3160 730 3214 sit
760 3169 816 3214 ut
845 3169 1060 3231 oportet
1089 3177 1122 3215 a
1142 3161 1350 3216 cunctis
1380 3161 1720 3231 pontificibus
1749 3161 1837 3215 in-

231 3260 497 3309 temerata
524 3265 828 3322 serventur,
854 3259 1250 3328 peruniversas
1270 3259 1532 3313 ecclesias
1547 3258 1840 3328 tranquilla

231 3347 329 3402 erit
391 3362 499 3417 pax
542 3353 597 3401 et
645 3346 801 3401 firma
857 3347 1168 3411 concordia,
1221 3347 1384 3402 nulla
1458 3348 1526 3401 de
1583 3362 1839 3400 mensura

227 3437 498 3493 honorum
527 3434 918 3499 dissensiones,
953 3435 1113 3488 nulla:
1145 3435 1212 3489 de
1233 3435 1663 3490 ordinationibus
1695 3434 1836 3502 lites,

227 3525 387 3582 nullm
441 3527 512 3580 de
550 3523 856 3596 privilegiis
914 3523 1320 3595 ambiguitates,
1370 3523 1514 3578 nulla
1573 3530 1732 3577 erunt
1771 3522 1839 3578 de

224 3615 387 3670 alieni
416 3612 772 3683 usurpatione
799 3611 1135 3677 certamina;
1170 3613 1266 3666 sed
1295 3627 1453 3681 aequo
1484 3611 1608 3678 jure
1655 3611 1836 3664 chari-

227 3703 368 3768 tatis,
429 3700 772 3757 rationabilis
818 3707 871 3754 et
927 3715 1138 3754 morum
1209 3698 1620 3770 officiorumque
1695 3699 1834 3754 ordo

224 3791 547 3856 servabitur,
583 3797 637 3844 et
667 3789 760 3843 ille
790 3804 917 3843 vere
947 3788 1048 3842 erit
1077 3803 1331 3859 magnus,
1365 3788 1456 3857 qui
1486 3787 1647 3842 fuerit
1679 3787 1838 3841 totius

225 3879 537 3935 ambitionis
566 3878 798 3932 alienus.
837 3897 861 3927 ι

792 4027 1014 4083 CAPUT
1039 4027 1264 4096 xxvn.

220 4139 297 4193 De
325 4138 636 4193 canonibus
669 4139 729 4189 et
753 4135 1054 4190 sententiis
1158 4150 1218 4188 eo
1233 4149 1405 4204 prave
1438 4133 1761 4187 intellectis
1781 4135 1838 4186 et

871 4222 1087 4259 usurna
1120 4222 1187 4259 ts.

871 4222 1187 4276 usurpans.

299 4314 460 4382 Quod
490 4328 626 4386 ergo
665 4312 734 4366 de
763 4319 850 4365 tua
898 4310 1175 4382 parochia,
1223 4311 1378 4382 quasi
1399 4325 1502 4381 ego
1533 4309 1602 4362 ad
1630 4305 1836 4376 aliquid

1945 3171 2054 3208 non
2087 3168 2335 3207 resecare
2389 3149 2701 3205 curaverim
2729 3167 2741 3202 :
2773 3150 2916 3220 quia,
2979 3161 3035 3206 ut
3079 3154 3251 3209 isdem
3307 3159 3436 3214 dicit
3467 3164 3554 3232 (in

1940 3243 2129 3297 eodem
2157 3258 2313 3296 conc.
2339 3282 2354 3304 ,
2391 3253 2438 3292 c.
2479 3239 2532 3306 l)
2571 3255 2583 3290 :
2633 3257 2655 3286 ι
2689 3237 2836 3291 Nulli
2866 3238 2945 3292 fas
2969 3248 3048 3294 est
3089 3242 3206 3298 sine
3254 3253 3426 3302 status
3471 3251 3553 3305 sui

1939 3329 2202 3401 periculo",
2236 3327 2320 3382 vel
2350 3325 2562 3381 divinas
2601 3326 3029 3396 constitutiones,
3103 3331 3188 3385 vel
3235 3336 3548 3403 apostolica

1941 3419 2088 3473 sedis
2134 3419 2351 3472 decreta
2409 3422 2677 3468 temerare
2721 3431 2732 3464 :
2789 3415 2909 3484 quia
2968 3431 3086 3480 nos,
3135 3419 3224 3489 qui
3280 3423 3548 3490 potissimi

1940 3505 2240 3562 sacerdotis
2271 3503 2710 3557 administramus
2751 3500 2944 3565 officia,
2993 3505 3182 3560 talium
3231 3516 3541 3581 transgres-

1940 3595 2151 3650 sionum
2209 3593 2369 3661 culpa
2417 3589 2689 3658 respiciet,
2745 3589 2790 3642 si
2837 3589 2890 3643 in
2938 3593 3118 3647 causis
3167 3594 3265 3649 Dei
3321 3597 3541 3655 desides

1939 3683 2198 3738 fuerimus
2253 3679 2501 3734 inventi:
2555 3675 2682 3745 quia
2731 3678 3096 3746 meminimus,
3155 3684 3300 3754 quod
3351 3686 3542 3743 timere

1939 3771 2219 3833 debemus,
2255 3767 2482 3840 qualiter
2511 3764 2868 3820 committetur
2895 3768 3159 3824 Dominus
3190 3773 3540 3846 negligentia

1940 3855 2284 3910 sacerdotum
2319 3871 2329 3905 :
2365 3852 2630 3924 siquidem
2661 3860 2812 3907 reatu
2860 3853 3064 3920 majore
3113 3854 3396 3927 delinquit,-
3447 3860 3539 3932 qui

1937 3944 2148 4014 potiore
2180 3944 2383 3996 honore
2455 3942 2760 4011 perfruitur,
2822 3949 2875 3994 et
2930 3941 3189 4012 graviora
3228 3944 3352 3999 facit
3412 3947 3540 4003 vitia

1938 4041 2288 4103 peccatorum
2332 4030 2633 4085 sublimitas
2685 4029 3026 4101 dignitatum.
3066 4050 3088 4079 ι
3150 4030 3357 4102 Scripsi
3404 4049 3536 4107 ergo

1937 4121 2029 4174 tibi
2061 4119 2358 4174 secundum
2389 4119 2604 4171 decreta
2633 4117 2847 4180 Leonis,
2881 4124 2935 4168 ut
2969 4116 3219 4172 salubres
3258 4120 3538 4190 suscipere

1937 4224 2161 4262 curares
2192 4209 2452 4265 hortatus,
2478 4212 2528 4257 et
2559 4203 2692 4257 nihil
2721 4219 2818 4272 per
2853 4203 3252 4258 contentionem
3283 4216 3532 4278 agentes,

1937 4297 2034 4349 sed
2063 4295 2127 4348 ad
2158 4309 2319 4347 omne
2349 4291 2585 4344 studium
2607 4289 2910 4344 devotionis
2932 4290 3236 4357 unanimes,
3261 4292 3457 4348 divinis
3480 4303 3535 4350 et

220 4402 275 4457 in
307 4379 375 4457 ea
403 4379 778 4456 diﬂiniendum
805 4399 954 4453 illam
973 4399 1125 4453 adire
1143 4414 1249 4453 non
1277 4398 1502 4468 possim,
1545 4413 1611 4450 ex
1651 4393 1832 4449 verbis

1946 4381 2246 4452 apostolicis
2277 4379 2743 4433 constitutionibus
2789 4393 3127 4448 pararemus,
3185 4387 3239 4434 et
3281 4380 3337 4435 in
3382 4382 3535 4440 nullo

222 4491 430 4546 Callisti
494 4498 547 4545 et
596 4489 737 4556 aliis,
796 4488 898 4541 tuis
944 4487 1412 4558 compilationibus
1485 4495 1666 4539 tecum
1720 4498 1830 4537 non

218 4576 562 4644 facientibus,
589 4576 860 4632 afﬁrmare
898 4576 1133 4644 conaris,
1166 4592 1331 4646 prave
1363 4574 1649 4644 intelligis.
1720 4571 1828 4627 Sed

220 4667 306 4722 his
347 4677 400 4721 et
428 4667 548 4720 aliis
579 4665 900 4738 regularum
929 4664 1400 4720 constitutionibus
1422 4663 1666 4717 invenies
1724 4662 1828 4715 hoc

216 4755 516 4810 observare
546 4755 750 4809 debere
782 4769 1226 4825 unumquemque
1256 4751 1733 4821 metropolitanum
1771 4748 1826 4802 in

217 4844 497 4914 provincia
527 4843 756 4899 alterius
785 4842 1212 4913 metr0politani,
1249 4841 1392 4913 quod
1451 4849 1511 4926 tu.
1555 4840 1648 4893 tibi
1697 4853 1827 4926 per:-

217 4947 377 4987 verse
406 4947 636 5003 arrogas
666 4931 734 4986 de
789 4939 876 4985 tua
921 4930 1181 5001 parochia
1221 4922 1653 4999 metropolitanaa
1709 4922 1827 4980 sedi

216 5021 546 5075 Rhemorum
579 5021 846 5088 subjecta.
880 5019 1034 5075 Unde
1066 5035 1127 5073 ea
1157 5035 1278 5090 quae
1311 5034 1478 5088 supra
1521 5016 1678 5087 posui
1718 5028 1828 5067 non

210 5125 351 5163 meae
381 5124 634 5179 personae
663 5123 881 5180 arrogo,
918 5107 1015 5162 sed
1061 5107 1496 5177 metropolitanae
1548 5105 1695 5159 sedis
1747 5102 1828 5156 di-

215 5198 411 5268 gnitati
437 5197 652 5254 ascribo
687 5215 699 5250 :
734 5197 857 5267 quia
886 5197 1024 5251 sicut
1054 5196 1245 5250 beatus
1279 5196 1386 5250 Leo
1415 5195 1544 5249 dicit
1582 5211 1594 5248 :
1643 5217 1664 5240 u
1710 5193 1833 5255 Etsi

212 5302 607 5360 nonnunquam
656 5286 872 5342 diversa
914 5293 1038 5340 sunt
1084 5285 1277 5340 merita
1334 5283 1644 5355 praesulum,
1703 5282 1828 5350 jura

211 5384 396 5431 tamen
449 5383 772 5448 permanent
819 5374 1055 5441 sedium,
1123 5373 1316 5446 quibus
1363 5379 1591 5442 possunt
1647 5368 1828 5425 aemuli

213 5464 654 5534 pertubationem
704 5463 942 5537 aliquam
999 5462 1247 5520 fortassis
1303 5459 1527 5525 inferre,
1586 5473 1693 5514 non
1751 5466 1829 5512 ta-

552 5572 796 5627 ΡΑτιιοι.
831 5569 1074 5626 CXXVI.

1931 4479 2246 4541 pateremur
2299 4467 2777 4538 providentissime
2835 4481 3106 4522 canonum
3155 4468 3370 4525 decreta
3418 4472 3532 4526 vio-

1930 4559 2047 4613 lari.
2082 4559 2159 4611 Tu
2191 4564 2372 4611 autem
2413 4556 2661 4626 cogitans
2706 4555 2933 4610 consilia
2992 4572 3111 4626 quas
3164 4572 3274 4611 non
3322 4560 3536 4629 poteris

1930 4647 2187 4714 stabilire,
2265 4645 2684 4700 inobedientiam
2756 4653 2924 4709 tuam,
2993 4660 3062 4698 ne
3118 4645 3367 4717 corrigas
3407 4662 3531 4717 qua

1928 4752 2160 4807 perpere
2192 4733 2474 4798 admisisti,
2508 4743 2560 4787 et
2589 4731 2990 4788 eﬂ‘renationem
3021 4731 3336 4786 desiderata:
3369 4732 3529 4789 liber-

1929 4825 2070 4892 tatis,
2103 4823 2362 4889 indebite,
2405 4830 2460 4875 ut
2488 4839 2596 4876 non
2640 4822 2712 4874 sis
2769 4818 3180 4888 metropolitano
3230 4820 3527 4893 subjectus,

1929 4914 1996 4968 de
2037 4912 2422 4982 appellatione,
2469 4918 2520 4964 et
2575 4926 2682 4964 non
2730 4907 3009 4962 reddenda
3055 4908 3410 4978 compellatus
3460 4914 3529 4970 de

1928 5001 2139 5068 injustis
2164 4999 2381 5068 judieiis
2411 4998 2514 5051 tuis
2544 4995 2913 5066 responsione,
2961 4996 3258 5051 secundum
3309 5016 3530 5055 sensum

1929 5097 2098 5150 tuum,
2153 5089 2248 5142 sed
2299 5103 2406 5141 non
2455 5094 2680 5147 rectum,
2731 5083 3083 5152 interpretata
3132 5085 3211 5139 vis
3251 5087 3525 5156 palliare:

1930 5193 2050 5232 cum
2074 5177 2207 5231 sicut
2240 5175 2435 5228 Africae
2463 5171 2755 5242 provinciae
2797 5186 3036 5226 canones
3088 5173 3370 5230 manifeste
3427 5175 3524 5231 de-

1929 5273 2231 5321 monstrent
2262 5279 2293 5318 a
2323 5262 2518 5332 quibus
2549 5275 2654 5314 non
2685 5259 2810 5315 licet
2840 5261 3146 5330 provocari,
3209 5262 3282 5316 ita
3341 5263 3528 5318 Sardi-

1928 5369 2122 5410 censes
2196 5365 2434 5407 canones
2520 5356 2770 5420 patenter
2843 5350 3152 5416 ostendant,
3237 5350 3526 5422 appellatio

1929 5448 2167 5521 episcopi
2196 5448 2265 5502 ad
2295 5446 2480 5525 sedem
2502 5446 2854 5516 apostolicam
2885 5448 3120 5520 quando,
3167 5446 3279 5512 ubi,
3332 5455 3384 5503 et
3425 5462 3526 5518 pro

3027 5564 3092 5615 13
