4164 6324
587 299 692 352 395

1393 282 1737 338 amonem
1766 276 2168 336 RHEMENSIS
2196 257 2732 332 ARCHIEPISCOPI

3813 263 3920 317 396

601 419 799 492 quibus
827 413 948 472 ﬁeri
977 421 1034 469 et
1060 410 1294 485 qualiter
1317 407 1544 480 exsequi
1575 405 1792 470 debeat,
1824 403 1922 459 sed
1953 411 2004 458 et
2047 403 2207 456 lnno-
2228 389 2285 462 Α
2315 402 2796 492 eumpostponere
2825 392 2879 446 in
2910 391 3093 462 aliquo
3140 388 3502 492 praesumatis,
3533 393 3796 492 ‘exce‘pto
3853 383 3922 450 si,

599 505 832 574 centius,
861 517 929 560 ac
957 499 1293 566 Bonifacius,
1347 505 1509 569 atque
1560 495 1671 551 Leo
1716 494 1955 564 idipsum
2012 492 2211 546 decer-

599 601 734 651 nant
764 610 780 649 :
812 591 908 664 qui
936 589 1098 646 etiam
1123 596 1178 644 et
1203 601 1306 658 pro
1338 585 1532 658 quibus
1573 582 1853 654 appellans
1909 579 2212 650 constringi

595 664 708 738 non
735 679 954 748 debeat,
984 677 1138 750 leges
1183 674 1582 732 concordantes
1631 669 1837 742 regulis
1865 669 2209 739 eloquuntur.

595 769 829 828 Attende
857 767 1026 840 igitur
1051 762 1441 822 convenienter
1471 760 1616 831 quod
1644 760 1771 814 item
1827 757 1974 813 idem
2019 755 2213 810 beatus

595 859 710 916 Leo
761 854 1015 914 Anatolio
1057 848 1658 920 Constantinopolitano
1717 846 1976 917 episcopo
2035 842 2212 899 extol-

595 945 734 1004 lenti
797 945 860 1002 se
935 957 1105 1015 supra
1183 952 1496 997 mensuram
1541 951 1694 990 suam
1752 933 1969 1004 scripsit
2023 931 2214 986 dicens

603 1035 798 1107 (epist.
831 1032 926 1102 56)
957 1047 972 1086 :
1007 1053 1031 1079 «ι
1067 1028 1258 1085 Virum
1286 1024 1632 1089 catholicum,
1683 1031 1736 1078 et
1783 1021 2059 1092 praecipue
2103 1020 2213 1075 Do-

606 1121 742 1180 mini
789 1119 1149 1184 sacerdotem,
1197 1115 1335 1172 sicut
1374 1112 1526 1169 nullo
1568 1127 1760 1168 errore
1805 1109 2094 1181 implicari,
2138 1107 2216 1164 ita

604 1209 754 1268 nulla
795 1213 1008 1281 oportet
1049 1203 1346 1276 cupiditate
1401 1199 1692 1270 corrumpi.
1743 1197 1972 1254 Dicente
2014 1195 2214 1268 quippe

614 1305 809 1356 sancta
852 1295 1136 1365 Scriptura
1186 1309 1200 1345 :
1244 1292 1378 1348 Post
1402 1289 1892 1361 concupiscentias
1933 1290 2061 1340 tuas
2099 1301 2214 1341 non

611 1403 725 1454 eas,
752 1389 808 1442 et
833 1401 872 1441 α
897 1383 1194 1440 voluntate
1225 1383 1324 1435 tua
1352 1381 1542 1434 vetare
1571 1376 1767 1446 (Eccli.
1799 1373 1986 1445 xvm),
2033 1371 2216 1428 multis

609 1471 801 1531 mundi
825 1470 988 1541 hujus
1015 1465 1308 1535 illecebris,
1357 1465 1542 1522 multis
1575 1463 1904 1520 vanitatibus
1947 1461 2216 1517 resisten-

613 1563 742 1619 dum
771 1567 876 1626 est,
907 1567 972 1615 ut
993 1572 1142 1615 verae
1169 1554 1515 1613 continentiae
1543 1551 1854 1609 obtineatur
1907 1549 2214 1624 integritas,

609 1651 765 1720 cujus
791 1647 970 1721 prima
996 1652 1083 1704 est
1109 1644 1266 1702 labes
1293 1641 1573 1715 superbia,
1631 1640 1846 1697 initium
1901 1647 2216 1710 transgres—

612 1737 785 1796 sionis
813 1743 870 1792 et
925 1733 1084 1806 origo
1131 1731 1363 1804 peccati.
1421 1728 1695 1798 Quoniam
1747 1743 1906 1784 mens
1958 1726 2214 1798 potentia
2235 1749 2289 1811 Β

611 1825 790 1896 avida,
819 1838 928 1880 nec
963 1821 1200 1878 abstinet
1239 1818 1442 1885 vetitis,
1498 1833 1604 1874 nec
1655 1816 1862 1891 gaudet
1916 1815 2212 1884 concessis,

615 1915 748 1972 dum
760 1912 817 1969 in
826 1911 1076 1968 ordinato
1087 1922 1366 1980 pravoque
1379 1920 1676 1979 progressu
1689 1910 2013 1960 excrescunt
2027 1901 2219 1974 culpae,

619 2017 744 2076 quia
769 1999 1016 2057 tolerata;
1045 2003 1171 2053 sunt
1197 1994 1376 2052 studio
1404 1993 1726 2065 reparandae
1753 1991 1881 2048 ﬁdei
1925 1998 1980 2048 et
2035 2005 2220 2048 amore

619 2083 949 2149 concordia.
987 2109 1010 2136 ιι
1044 2084 1386 2156 Quapropter
1409 2097 1614 2140 revoca
1639 2081 1825 2138 oculos
1863 2080 2064 2136 mentis
2117 2087 2222 2136 tute

621 2195 658 2236 a
709 2176 896 2250 pravis
961 2170 1463 2246 pragressionibus,
1526 2178 1582 2226 et
1625 2177 1809 2228 rectos
1854 2184 2079 2242 gressus
2136 2167 2224 2225 fac

621 2265 855 2340 pedibus
881 2261 1196 2320 intentionis
1223 2269 1331 2316 tua;
1360 2269 1413 2315 et
1441 2259 1715 2316 actionum
1743 2266 1977 2324 tuarum,
2027 2264 2086 2312 ut
2131 2260 2226 2327 qui

616 2368 764 2412 nunc
789 2352 861 2410 de
888 2359 943 2408 te
969 2350 1263 2425 gemimus,
1296 2350 1367 2405 de
1403 2356 1455 2403 te
1495 2348 1552 2403 in
1589 2346 1822 2403 Domino
1867 2345 2220 2420 gaudeamus.

617 2443 688 2501 Et
713 2441 932 2498 attende
960 2438 1106 2512 quod
1133 2437 1324 2494 beatus
1353 2435 1658 2507 Gregorius
1699 2434 1771 2491 ad
1818 2433 2056 2491 Felicem
2103 2434 2223 2506 epi-

617 2545 848 2603 scopum
905 2528 964 2584 in
1009 2526 1238 2583 Serdica
1292 2523 1512 2596 scripsit
1557 2525 1676 2595 (lib.
1725 2539 1799 2588 IV,
1852 2523 2015 2595 epist.
2068 2523 2157 2592 1ο)
2205 2539 2219 2576 :

621 2639 646 2671 ι
681 2617 948 2688 Qualiter,
992 2613 1270 2688 inquiens,
1317 2612 1625 2669 obedientia
1672 2609 1760 2667 vcl
1807 2610 1876 2666 sit
1917 2609 2224 2667 reverentia

616 2704 926 2778 praepositis
951 2701 1280 2768 exhidenda,
1310 2716 1379 2758 ex
1404 2700 1513 2756 tuis
1540 2713 1759 2772 quoque
1805 2698 2064 2768 subjectis
2105 2699 2223 2770 ipse

617 2807 732 2852 non
756 2791 1011 2864 ambigis.
1044 2791 1108 2846 In
1133 2803 1242 2862 qua
1266 2804 1330 2847 re
1357 2787 1520 2846 valde
1549 2794 1636 2843 est
1659 2786 1812 2853 utile,
1856 2787 1924 2842 si“
1958 2787 2016 2842 id
2077 2785 2224 2856 quod

620 2879 926 2953 disciplina
965 2878 1128 2949 vigor
1172 2877 1419 2948 imponit,
1482 2875 1632 2931 nullo
1673 2881 1909 2946 cogente
1953 2873 2224 2931 humilitas

619 2969 896 3034 laudanda
929 2965 1257 3024 servaverit.
1297 2963 1553 3021 Pervenit
1595 2963 1668 3019 ad
1705 2979 1808 3020 nos
1847 2963 2036 3036 itaque
2077 2962 2222 3033 quod

617 3055 934 3114 fraternitas
975 3063 1069 3111 tua
1121 3053 1318 3110 Joanni
1360 3051 1520 3108 fratri
1563 3059 1768 3118 nostro,
1810 3051 2004 3122 prima
2049 3049 2222 3105 Justi-

615 3146 796 3204 uiane
853 3145 1113 3216 episcOpo
1127 3185 1142 3210 ,
1207 3141 1508 3198 secundum
1582 3155 1796 3197 morem
1869 3139 2218 3197 constitutum

613 3249 812 3308 parere
833 3231 1119 3304 despiciat,
1149 3237 1205 3287 et
1233 3245 1338 3286 nec
1378 3230 1600 3286 decreto
1639 3229 1775 3298 ejus,
1826 3242 1929 3285 nec
1968 3227 2222 3294 relationi

608 3322 774 3392 juxta
797 3318 1251 3378 consuetudinem
1276 3316 1540 3374 voluisset
1573 3317 1938 3374 subscribere.
1983 3315 2145 3386 Quod
2173 3315 2221 3372 si

616 3409 700 3468 ita
742 3416 846 3475 est,
893 3405 1298 3472 contristamur,
1348 3405 1479 3477 quia
1519 3405 1788 3476 superbia;
1833 3405 1902 3460 de
1946 3413 1998 3460 te
2040 3402 2220 3458 mani-

615 3497 769 3555 {eam
796 3495 1014 3570 praebes
1041 3493 1323 3560 indicium,
1353 3495 1502 3565 quod
1539 3509 1698 3566 quam
1730 3493 1800 3548 sit
1840 3492 2115 3564 praecipue
2165 3491 2223 3548 in

625 3585 913 3644 sacerdote
940 3581 1226 3655 culpabile,
1260 3582 1460 3638 divinae
1505 3581 1791 3637 clementia
1835 3580 2221 3638 admonitionis

615 3674 909 3745 eloquitur.
968 3672 1266 3742 Propterea
1310 3670 1610 3737 hortamur,
1663 3678 1719 3724 ut
1767 3669 1964 3724 mentis
2005 3677 2219 3726 tumore

617 3759 890 3833 deposito,
921 3759 1194 3815 antedicto
1221 3757 1372 3814 fratri
1411 3764 1464 3814 et
1510 3757 1836 3828 coepiscopo
1882 3765 2068 3813 nostro
2115 3758 2223 3812 hu-

615 3848 806 3906 milem
830 3855 887 3904 te
913 3846 1173 3904 exhibere
1201 3853 1255 3900 et
1281 3859 1482 3916 parere
1513 3861 1625 3900 non
1665 3845 1905 3911 desinas,
1953 3853 2224 3916 quatenus

611 3943 670 3996 at
711 3937 860 3992 Dens
912 3933 1149 4008 gaudeat
1187 3933 1245 3990 in
1287 3932 1643 3989 fraternitatis
1686 3941 1883 3989 vestrae
1910 3933 2222 4004 concordia,

612 4033 670 4082 et
722 4022 814 4080 alii
858 4023 928 4080 de
969 4031 1024 4079 te
1051 4029 1267 4078 sumant
1295 4021 1552 4078 bonitatis
1579 4021 1909 4093 exemplum.
1967 4022 2109 4078 Nam
2155 4022 2223 4089 si,

617 4113 770 4186 quod
798 4125 912 4169 non
945 4110 1244 4181 credimus,
1287 4118 1343 4166 te
1370 4109 1428 4166 in
1455 4110 1712 4182 superbia
1737 4125 2064 4182 permanere
2093 4125 2225 4166 con-

613 4201 822 4276 ἠρῶ,
862 4200 1166 4258 districtam
1213 4199 1642 4272 canonicumque
1689 4199 1992 4271 disciplinae
2033 4215 2225 4256 corre—

617 4289 856 4349 etionem
882 4287 1238 4345 contumacia
1264 4294 1374 4344 tua;
1401 4287 1538 4344 scito
1581 4303 1770 4344 sacros
1800 4303 2036 4344 canones
2083 4286 2225 4344 ulci-

617 4386 837 4435 scenter
879 4376 1187 4448 inponere.
1210 4376 1355 4432 Bene
1382 4391 1518 4448 ergo
1547 4375 1705 4442 facis,
1734 4374 1898 4431 talem
1939 4384 1992 4430 te
2039 4383 2230 4447 sponte

2251 3101 2300 3165 C

2314 485 2461 558 quod
2491 499 2600 538 non
2629 489 2898 554 optamus,
2931 487 3119 535 contra
3149 476 3402 532 eumdem
3439 473 3926 546 metropolitanum

2315 581 2558 630 vestrum
2585 587 2686 626 vos
2713 570 2919 624 habere
2947 567 3154 640 aliquid
3173 581 3350 622 causae
3397 564 3692 636 contingat,
3745 569 3806 616 ut
3854 561 3926 616 ob

2313 663 2418 717 hoc
2463 660 2609 714 sedis
2657 656 2973 729 apostolicae
3009 655 3272 726 judicium
3315 651 3618 724 requiratis.
3664 651 3810 706 Nam
3859 649 3929 705 iis

2315 749 2406 822 qui
2436 755 2624 820 petere
2653 746 2910 802 festinant
2939 745 3237 810 licentiam,
3269 742 3418 814 quod
3465 740 3635 806 scitis,
3680 755 3780 810 per
3823 754 3926 794 ca-

2315 853 2486 892 nones
2535 836 2698 892 etiam
2747 835 3094 906 antiquorum
3137 833 3358 888 Patrum
3412 828 3748 884 institutione
3790 842 3927 898 per-

2315 925 2562 982 missum.
2603 946 2624 974 ι
2657 922 3001 978 Manifestum
3031 930 3113 976 est
3143 920 3307 990 enim,
3355 918 3446 990 qui
3488 932 3726 974 canones
3779 916 3930 972 hanc

2315 1013 2592 1069 licentiam
2651 1028 2685 1067 a
2737 1009 3164 1083 metropolitanis
3205 1007 3492 1080 petendam
3541 1005 3610 1060 ab
3652 1004 3933 1076 episcOpis

2317 1101 2694 1158 decreverunt.
2732 1099 2874 1168 Quin
2905 1097 3306 1155 Antiochenum
3329 1093 3642 1160 concilium,
3661 1107 3696 1149 a
3717 1091 3931 1164 synodo

2318 1188 2748 1244 Chalcedonensi
2812 1185 3182 1244 favorabiliter
3237 1183 3673 1254 comprobatum.
3725 1180 3839 1238 Sed
3877 1187 3932 1236 et

2319 1277 2673 1334 Sardicenses
2719 1291 2962 1332 canones
2988 1275 3172 1330 dicunt
3201 1272 3354 1346 (can.
3385 1273 3440 1342 9)
3475 1288 3490 1326 :
3524 1293 3547 1322 α
3581 1271 3651 1334 Ut
3668 1269 3740 1326 de
3757 1267 3930 1342 quali-

2318 1365 2410 1421 bet
2438 1364 2720 1437 provincia
2749 1363 2994 1435 episcopi
3023 1363 3094 1418 ad
3125 1378 3248 1417 eum
3277 1360 3499 1415 fratrem
3537 1347 3600 1415 et.
3637 1357 3930 1430 coepisco-

2318 1471 2451 1526 pum
2500 1461 2750 1510 nostrum
2809 1467 3004 1524 preces
3059 1451 3293 1517 mittant,
3363 1449 3453 1520 qui
3511 1447 3566 1504 in
3631 1445 3932 1518 metropoli

2320 1541 2592 1608 consistit,
2623 1549 2683 1596 ut
2710 1539 2802 1595 ille
2831 1549 2882 1596 et
2938 1539 3228 1596 diaconum
3285 1538 3421 1607 ejus,
3477 1545 3532 1592 et
3570 1535 3941 1608 supplicatio-

2321 1647 2422 1686 nes
2469 1629 2723 1696 destinet,
2771 1629 3014 1683 tribuens
3051 1625 3522 1684 commendatitias
3559 1623 3843 1696 epistolas,
3877 1631 3933 1679 et

2322 1719 2550 1790 reliqua.
2601 1740 2622 1768 »
2656 1719 2736 1773 De
2769 1717 2966 1785 iudicio
2994 1717 3156 1772 etiam
3201 1713 3510 1788 apostolicae
3557 1713 3704 1769 sedis
3762 1727 3932 1784 expe-

2321 1808 2484 1864 tendo
2541 1808 2804 1862 adversus
2862 1805 3356 1876 metropolitanum,
3420 1803 3467 1858 si
3519 1801 3783 1874 episcopo
3832 1816 3930 1856 ne-

2321 1920 2476 1960 cesse
2503 1903 2685 1972 fuerit,
2718 1901 2880 1959 iidem
2911 1903 3266 1958 Sardicenses
3281 1915 3522 1956 canones
3537 1900 3929 1968 decreverunt,

2322 1993 2462 2050 sicut
2500 2001 2554 2048 et
2599 1991 2948 2048 Innocentius
2985 1991 3054 2047 ad
3107 1989 3391 2046 Vitricium
3431 1987 3934 2060 Bothomagensem

2323 2081 2639 2153 episcopum
2667 2088 2911 2151 patenter
2953 2078 3213 2148 ostendit,
3260 2085 3314 2134 et
3354 2077 3570 2133 Hilarus
3615 2093 3760 2148 papa
3805 2077 3942 2135 dicit

2323 2171 2512 2242 (epist.
2547 2173 2577 2223 8
2611 2170 2683 2226 ad
2721 2168 3006 2238 Metropol.
3062 2168 3280 2238 Gallice)
3311 2185 3325 2220 :
3363 2187 3386 2218 ι
3418 2166 3561 2222 Illud
3605 2165 3771 2222 etiam
3819 2181 3934 2222 non

2322 2258 2599 2330 potuimus
2659 2256 2939 2328 praeterire
2987 2254 3134 2327 quod
3177 2253 3538 2312 sollicitudine
3582 2252 3936 2327 diligentiore

2323 2346 2623 2402 curandum
2651 2353 2752 2411 est,
2785 2360 2855 2400 ne
2883 2351 3084 2416 praeter
3111 2343 3654 2414 metropolitanorum
3702 2359 3933 2399 suorum

2324 2435 2535 2490 litteras
2585 2433 2750 2504 aliqui
2824 2432 3066 2505 episcopi
3122 2433 3190 2486 ad
3249 2431 3544 2504 quamlibet
3587 2431 3932 2502 provinciam

2324 2525 2554 2578 audeant
2581 2520 2876 2595 proﬁcisci,
2912 2521 3059 2593 quod
3088 2520 3251 2577 etiam
3275 2520 3332 2575 in
3359 2520 3510 2577 omni
3527 2535 3732 2592 genere
3761 2519 3930 2576 ofﬁcii

2323 2610 2593 2668 clericalis
2621 2627 2721 2683 per
2766 2610 3014 2684 singulas
3057 2610 3226 2666 debet
3267 2607 3533 2668 ecclesias
3577 2608 3876 2674 custodiri,
3905 2629 3928 2659 ι

2323 2699 2392 2755 Et
2420 2707 2636 2755 sanctus
2674 2699 2784 2754 Leo
2832 2697 2903 2754 ad
2943 2697 3290 2754 Theodorum
3333 2695 3762 2767 Forojuliensem
3807 2696 3932 2769 epi-

2324 2802 2552 2858 scopum
2611 2786 2745 2843 dicit
2789 2787 2977 2857 (epist.
3028 2784 3120 2857 59)
3161 2803 3174 2840 :
3226 2805 3252 2838 ι
3303 2784 3691 2842 Sollicitudinis
3729 2793 3838 2844 tua
3886 2783 3934 2839 is

2323 2876 2460 2932 ordo
2491 2890 2614 2932 esse
2645 2875 2928 2942 debuerat,
2963 2881 3024 2931 ut
3051 2890 3174 2932 cum
3202 2873 3619 2947 metmpolitano
3647 2881 3738 2932 tuo
3763 2873 3839 2930 de
3868 2888 3936 2931 eo

2324 2963 2472 3036 quod
2501 2963 2855 3036 quaerendum
2885 2963 3166 3020 videbatur
3195 2979 3319 3020 esse
3351 2961 3656 3034 conferres,
3687 2977 3754 3020 ac
3782 2963 3832 3019 si
3878 2961 3937 3020 id

2324 3053 2474 3124 quod
2523 3051 2814 3125 ignorabat
2881 3051 3100 3109 dilectio
3155 3059 3247 3108 tua
3303 3051 3469 3108 etiam
3521 3049 3642 3124 ipse
3692 3051 3937 3110 nesciret

2318 3141 2512 3198 instrui
2548 3155 2648 3198 vos
2677 3141 2881 3214 pariter
2908 3140 3210 3212 posceretis
3243 3157 3257 3194 :
3289 3139 3418 3214 quia
3445 3139 3502 3196 in
3539 3139 3742 3208 causis,
3803 3155 3932 3212 qua

2319 3229 2389 3286 ad
2479 3227 2790 3303 generalem
2865 3229 3268 3286 observantiam
3341 3228 3618 3300 pertinent
3683 3228 3933 3286 omium

2319 3317 2537 3373 Domini
2583 3316 2946 3384 sacerdotum,
2991 3317 3124 3373 nihil
3170 3317 3288 3374 sine
3329 3316 3653 3388 primatibus
3715 3325 3936 3388 oportet

2319 3405 2518 3477 inquiri
2551 3427 2574 3458 ι
2607 3407 2675 3462 Et
2708 3407 3067 3476 Symmachus
3094 3405 3161 3460 ad
3192 3403 3492 3462 Caesarium
3521 3405 3932 3462 Aerelatensem

2321 3495 2642 3566 episcopum
2670 3497 2860 3567 (epist.
2879 3495 2935 3565 ὅ)
2968 3512 2982 3549 :
3019 3516 3042 3545 α
3077 3493 3135 3552 Si
3165 3493 3412 3566 quilibet,
3464 3493 3657 3567 inquit,
3707 3493 3930 3566 episco-

2321 3599 2425 3655 pus
2453 3583 2869 3656 metropolitano
2897 3580 3157 3655 pontifici,
3199 3582 3355 3652 juxta
3406 3597 3682 3640 canonum
3725 3581 3932 3640 diﬁini-

2321 3672 2524 3728 tionem
2598 3680 2847 3743 vocatus,
2923 3671 3307 3744 obtemperare
3381 3671 3646 3741 noluerit,
3718 3672 3936 3730 noverit

2324 3759 2713 3817 succidendum
2753 3775 2832 3831 se,
2890 3759 3036 3832 quod
3080 3775 3191 3818 non
3221 3768 3496 3832 Optamus,
3543 3759 3936 3818 ecclesiastica

2324 3848 2646 3920 disciplinae.
2683 3869 2706 3897 ι
2758 3850 2828 3904 Et
2872 3847 3074 3906 Africae
3115 3849 3412 3920 provincia
3453 3864 3692 3906 canones
3741 3849 3934 3908 dicunt

2325 3937 2476 4006 (can.
2511 3939 2602 4007 43)
2635 3955 2648 3990 :
2689 3957 2710 3990 ι
2762 3936 2830 3993 Ut
2875 3937 3165 4010 episcopus
3213 3954 3247 3993 a
3286 3937 3518 4008 primate
3565 3953 3666 3994 suo
3705 3947 3933 3996 vocatus

2326 4025 2396 4080 ad
2469 4024 2738 4096 synodum
2801 4034 3172 4096 competenter
3217 4033 3488 4082 occurrat.
3529 4025 3691 4096 Quod
3739 4028 3787 4084 si
3825 4044 3936 4085 non

2325 4113 2560 4184 potuerit
2633 4127 2941 4180 occurrere,
2969 4113 3076 4170 nisi
3101 4114 3373 4172 rationem
3401 4114 3785 4187 impedimenti
3851 4121 3933 4175 sui

2329 4201 2474 4272 apud
2505 4216 2662 4256 suum
2683 4201 2968 4273 primatem
2995 4201 3318 4272 reddiderit,
3341 4203 3606 4261 Ecclesiae
3635 4219 3752 4262 suae
3779 4217 3935 4260 com-

2328 4288 2586 4346 munione
2615 4289 2817 4346 debere
2847 4305 2972 4347 esse
3005 4298 3342 4348 contentum.
3395 4312 3417 4342 ν
3470 4292 3540 4348 Et
3583 4292 3738 4364 (can.
3789 4292 3884 4364 20)
3917 4313 3936 4350 :

2333 4398 2356 4427 κ
2433 4375 2538 4446 Qui
2591 4393 2700 4434 non
2756 4376 2916 4434 fuerit
2972 4393 3205 4435 concors
3263 4379 3411 4436 circa
3458 4379 3936 4452 metropolitanam

617 4463 826 4522 salubri
852 4462 1294 4520 consideratione
1321 4463 1589 4534 praebere,
1623 4462 1796 4534 qualis
1827 4479 1950 4518 esse
1971 4456 2299 4520 canonicaD
2331 4466 2638 4534 ecclesiam,
2715 4474 2770 4523 et
2813 4466 2959 4522 circa
3015 4469 3354 4524 sacerdotale
3412 4468 3775 4537 consortium,
3833 4469 3935 4527 sed

617 4551 950 4612 coercitione
980 4551 1232 4623 exigente
1258 4550 1618 4622 compelleris.
1650 4551 1793 4606 Nam
1809 4565 1911 4607 nec
1931 4551 2026 4606 tibi
2041 4552 2221 4609 denuo

617 4627 756 4715 post.
797 4640 946 4697 hanc
1005 4647 1250 4696 nostram
1291 4637 1714 4695 admonitionem
1769 4637 1950 4693 licebit
2003 4639 2073 4694 ad
2117 4647 2224 4695 tua:

619 4729 910 4787 voluntatis
938 4727 1229 4785 arbitrium
1275 4735 1464 4784 contra
1505 4741 1714 4783 morem
1767 4726 2060 4795 majoribus
2118 4728 2224 4783 tuis

624 4816 1031 4873 inobedientem
1061 4815 1316 4881 existere,
1347 4830 1450 4872 nec
1493 4829 1594 4870 nos
1633 4821 1796 4868 tantae
1844 4813 2225 4885 indisciplina-

625 4902 760 4959 tioni
789 4903 1228 4961 ecclesiasticam
1255 4918 1559 4976 cognoscas
1587 4900 1934 4958 dissimulare
1981 4903 2068 4959 vel
2115 4903 2225 4960 dif-

626 4989 771 5046 ferre
800 4991 1114 5048 vindictam.
1168 5011 1190 5041 ιι
1242 4991 1310 5047 Et
1351 4991 1480 5047 item
1524 4989 1670 5045 idem
1713 4989 1770 5045 S.
1818 4988 2118 5063 Gregorius
2159 4994 2226 5049 ad

628 5077 990 5146 Vincentium,
1022 5086 1078 5134 et
1105 5086 1334 5135 ceteros
1362 5079 1650 5149 episcopos
1677 5077 1796 5149 (lib.
1838 5093 1936 5145 vn,
1970 5081 2090 5136 ind.
2137 5085 2230 5158 ti,

621 5167 792 5240 aptat.
853 5166 910 5238 8)
966 5181 982 5224 :
1018 5187 1042 5218 α
1075 5167 1387 5237 Hortamur,
1417 5165 1610 5237 inquit,
1685 5165 2075 5224 fraternitatem
2127 5186 2227 5227 ve-

615 5261 821 5322 stram,
855 5261 914 5311 ut
939 5253 988 5309 si
1015 5269 1346 5325 quemquam
1373 5262 1616 5310 vestrum
1643 5269 1744 5325 pro
1773 5256 1951 5312 causis
1991 5258 2228 5329 propriis

618 5341 938 5419 ubicunque
965 5341 1184 5414 longius
1221 5341 1542 5414 compulerit
1584 5342 1864 5399 ambulare
1908 5346 2224 5414 necessitas,

627 5447 671 5492 ι
689 5431 1105 5504 metropolitano
1127 5437 1330 5500 vestro,
1361 5431 1657 5490 secundum
1684 5431 1943 5491 indictum
1972 5451 2005 5491 a
2025 5435 2228 5492 sanctis

629 5519 880 5579 Patribus
938 5519 1207 5592 regulam,
1254 5526 1443 5604 petere
1485 5519 1757 5582 licentiam
1804 5524 2068 5594 debeatis,
2126 5541 2228 5582 nec

2321 4543 2562 4620 inﬂatus,
2595 4554 2748 4608 etab
2778 4555 2882 4611 hoc
2926 4556 3200 4613 consortio
3245 4566 3554 4628 separatus,
3595 4566 3752 4630 putat
3792 4574 3932 4630 pro-

2320 4641 2453 4712 priae
2479 4641 2627 4712 plebi
2653 4641 3039 4714 incubandum,
3084 4654 3138 4702 et
3193 4661 3580 4718 nonnunquam
3620 4656 3935 4704 conventus

2322 4728 2392 4783 ad
2455 4729 2744 4786 concilium
2815 4733 3006 4790 venire
3057 4732 3344 4801 detrectat,
3413 4735 3559 4792 circa
3613 4735 3764 4792 hunc
3821 4751 3934 4793 non

2325 4824 2532 4873 tantum
2559 4817 2842 4875 dioecesim
2869 4835 2980 4876 non
3009 4837 3132 4878 esse
3177 4822 3524 4890 servandam,
3567 4839 3759 4880 verum
3789 4833 3844 4880 et
3866 4823 3936 4882 de

2325 4906 2548 4978 propria
2574 4907 2828 4976 ecclesia,
2879 4926 3000 4982 quae
3039 4910 3117 4966 illi
3159 4911 3301 4967 male
3340 4910 3558 4978 faverit,
3608 4912 3931 4970 omnimodo

2327 4994 2679 5050 adnitendum
2709 4997 2958 5054 utetiam
2997 4999 3314 5056 auctoritate
3357 5000 3575 5073 publica
3622 5001 3930 5070 rejiciatur,

2327 5091 2491 5154 atque
2517 5083 2586 5139 ab
2613 5082 2734 5156 ipsa
2759 5085 3046 5158 principali
3081 5089 3343 5144 cathedra
3388 5097 3760 5146 removeatur.
3807 5112 3830 5140 ι
3865 5091 3937 5146 Et

2326 5173 2480 5242 (can.
2539 5175 2640 5228 190
2693 5174 2976 5248 Carthag.)
3021 5194 3088 5230 τι
3135 5177 3194 5232 Si
3221 5185 3500 5235 accusatus
3559 5178 3630 5234 ad
3659 5178 3935 5236 rationem

2328 5260 2664 5318 reddendam
2717 5262 2908 5320 venire
2959 5262 3239 5335 refugerit,
3304 5274 3358 5321 et
3427 5267 3934 5324 excommunicatus

2329 5363 2363 5404 a
2435 5349 2666 5420 primate
2739 5367 2843 5410 suo
2924 5353 3226 5422 exstiterit,
3290 5361 3534 5428 tempore
3615 5372 3726 5429 quo
3820 5373 3934 5414 non

2329 5440 2720 5506 communicat,
2780 5458 2885 5498 nec
2960 5442 3016 5498 in
3069 5459 3166 5502 sua
3221 5443 3466 5502 Ecclesia
3523 5436 3612 5502 vel
3663 5446 3929 5519 parochia

2331 5529 2712 5586 communicet.
2747 5551 2768 5582 υ
2799 5531 2869 5586 Et
2897 5539 3117 5589 sanctus
3171 5531 3386 5590 Hilarus
3445 5549 3582 5606 papa
3630 5536 3704 5592 ad
3753 5536 3934 5594 Leon-
