  <div class='ocr_page' id='page_1' title='image "/cluster/home/n/w/nwhite01/storage/ocr_20150623/126/umn.31951002477419r/232.png"; bbox 0 0 4164 6302; ppageno 0'>
   <div class='ocr_carea' id='block_1_1' title="bbox 981 218 2788 279">
    <p class='ocr_par' dir='ltr' id='par_1_1' title="bbox 981 218 2788 279">
     <span class='ocr_line' id='line_1_1' title="bbox 981 218 2788 279; baseline 0.003 -5"><span class='ocrx_word' id='word_1_1' title='bbox 981 218 1224 276; x_wconf 84' lang='lat' dir='ltr'><strong>OPUSC.</strong></span> <span class='ocrx_word' id='word_1_2' title='bbox 1267 220 1358 275; x_wconf 80' lang='grc' dir='ltr'><strong>ΕΤ</strong></span> <span class='ocrx_word' id='word_1_3' title='bbox 1415 219 1628 276; x_wconf 75' lang='lat' dir='ltr'><strong>EPIST.</strong></span> <span class='ocrx_word' id='word_1_4' title='bbox 1679 219 1752 274; x_wconf 80' lang='lat' dir='ltr'><strong>1N</strong></span> <span class='ocrx_word' id='word_1_5' title='bbox 1807 218 2035 275; x_wconf 70' lang='lat' dir='ltr'><strong>CAUSA</strong></span> <span class='ocrx_word' id='word_1_6' title='bbox 2089 219 2432 276; x_wconf 76' lang='lat' dir='ltr'><strong>HINCMARI</strong></span> <span class='ocrx_word' id='word_1_7' title='bbox 2487 222 2788 279; x_wconf 75' lang='lat' dir='ltr'><strong>LAUDUN.</strong></span> 
     </span>
    </p>
   </div>
   <div class='ocr_carea' id='block_1_2' title="bbox 3493 237 3601 292">
    <p class='ocr_par' dir='ltr' id='par_1_2' title="bbox 3493 237 3601 292">
     <span class='ocr_line' id='line_1_2' title="bbox 3493 237 3601 292; baseline 0.028 -3"><span class='ocrx_word' id='word_1_8' title='bbox 3493 237 3601 292; x_wconf 66' lang='grc' dir='ltr'><strong>εκ</strong></span> 
     </span>
    </p>
   </div>
   <div class='ocr_carea' id='block_1_3' title="bbox 304 341 3598 426">
    <p class='ocr_par' dir='ltr' id='par_1_3' title="bbox 304 341 3598 426">
     <span class='ocr_line' id='line_1_3' title="bbox 304 341 3598 426; baseline 0.005 -27"><span class='ocrx_word' id='word_1_9' title='bbox 304 343 464 408; x_wconf 70' lang='lat' dir='ltr'><strong>tium,</strong></span> <span class='ocrx_word' id='word_1_10' title='bbox 519 351 579 398; x_wconf 70' lang='lat' dir='ltr'><strong>ct</strong></span> <span class='ocrx_word' id='word_1_11' title='bbox 629 349 862 400; x_wconf 61' lang='lat' dir='ltr'><strong>autem</strong></span> <span class='ocrx_word' id='word_1_12' title='bbox 919 343 1208 414; x_wconf 74' lang='lat' dir='ltr'><strong>episcopos</strong></span> <span class='ocrx_word' id='word_1_13' title='bbox 1279 343 1470 401; x_wconf 85' lang='lat' dir='ltr'><strong>scribit</strong></span> <span class='ocrx_word' id='word_1_14' title='bbox 1523 344 1710 416; x_wconf 82' lang='lat' dir='ltr'><strong>(epist.</strong></span> <span class='ocrx_word' id='word_1_15' title='bbox 1770 343 1828 404; x_wconf 72' lang='grc'><strong>2)</strong></span> <span class='ocrx_word' id='word_1_16' title='bbox 1888 341 2358 414; x_wconf 70' lang='lat' dir='ltr'><strong>:AAugustinus,</strong></span> <span class='ocrx_word' id='word_1_17' title='bbox 2381 344 2573 400; x_wconf 91' lang='lat' dir='ltr'><strong>doctor</strong></span> <span class='ocrx_word' id='word_1_18' title='bbox 2614 345 3025 418; x_wconf 81' lang='lat' dir='ltr'><strong>famosissimus,</strong></span> <span class='ocrx_word' id='word_1_19' title='bbox 3074 357 3235 423; x_wconf 81' lang='lat' dir='ltr'><strong>atque</strong></span> <span class='ocrx_word' id='word_1_20' title='bbox 3277 352 3345 408; x_wconf 88' lang='lat' dir='ltr'><strong>ab</strong></span> <span class='ocrx_word' id='word_1_21' title='bbox 3374 364 3598 426; x_wconf 85' lang='lat' dir='ltr'><strong>aposto-</strong></span> 
     </span>
    </p>
   </div>
   <div class='ocr_carea' id='block_1_4' title="bbox 307 429 3595 514">
    <p class='ocr_par' dir='ltr' id='par_1_4' title="bbox 307 429 3595 514">
     <span class='ocr_line' id='line_1_4' title="bbox 307 429 3595 514; baseline 0.005 -27"><span class='ocrx_word' id='word_1_22' title='bbox 307 446 338 480; x_wconf 70' lang='lat' dir='ltr'><strong>s</strong></span> <span class='ocrx_word' id='word_1_23' title='bbox 367 429 518 500; x_wconf 74' lang='lat' dir='ltr'><strong>Quia</strong></span> <span class='ocrx_word' id='word_1_24' title='bbox 541 445 654 488; x_wconf 78' lang='lat' dir='ltr'><strong>nou</strong></span> <span class='ocrx_word' id='word_1_25' title='bbox 681 431 862 486; x_wconf 86' lang='lat' dir='ltr'><strong>minus</strong></span> <span class='ocrx_word' id='word_1_26' title='bbox 902 431 960 487; x_wconf 90' lang='lat' dir='ltr'><strong>in</strong></span> <span class='ocrx_word' id='word_1_27' title='bbox 1005 439 1317 489; x_wconf 80' lang='lat' dir='ltr'><strong>sanctarum</strong></span> <span class='ocrx_word' id='word_1_28' title='bbox 1347 432 1695 488; x_wconf 86' lang='lat' dir='ltr'><strong>traditionum</strong></span> <span class='ocrx_word' id='word_1_29' title='bbox 1725 431 1905 489; x_wconf 90' lang='lat' dir='ltr'><strong>delin-</strong></span> <span class='ocrx_word' id='word_1_30' title='bbox 2003 429 2108 486; x_wconf 89' lang='lat' dir='ltr'><strong>lica</strong></span> <span class='ocrx_word' id='word_1_31' title='bbox 2135 431 2266 488; x_wconf 85' lang='lat' dir='ltr'><strong>sede</strong></span> <span class='ocrx_word' id='word_1_32' title='bbox 2295 433 2722 504; x_wconf 88' lang='lat' dir='ltr'><strong>receptissimus,</strong></span> <span class='ocrx_word' id='word_1_33' title='bbox 2773 440 2864 506; x_wconf 89' lang='lat' dir='ltr'><strong>qui</strong></span> <span class='ocrx_word' id='word_1_34' title='bbox 2902 437 3314 512; x_wconf 82' lang='lat' dir='ltr'><strong>Carthaginensi</strong></span> <span class='ocrx_word' id='word_1_35' title='bbox 3341 443 3595 514; x_wconf 73' lang='lat' dir='ltr'><strong>concilio,</strong></span> 
     </span>
    </p>
   </div>
   <div class='ocr_carea' id='block_1_5' title="bbox 309 517 1907 592">
    <p class='ocr_par' dir='ltr' id='par_1_5' title="bbox 309 517 1907 592">
     <span class='ocr_line' id='line_1_5' title="bbox 309 517 1907 592; baseline -0.001 -15"><span class='ocrx_word' id='word_1_36' title='bbox 309 520 492 592; x_wconf 73' lang='lat' dir='ltr'><strong>quitur</strong></span> <span class='ocrx_word' id='word_1_37' title='bbox 520 519 850 585; x_wconf 75' lang='lat' dir='ltr'><strong>sanctiones,</strong></span> <span class='ocrx_word' id='word_1_38' title='bbox 902 535 1066 592; x_wconf 83' lang='lat' dir='ltr'><strong>quam</strong></span> <span class='ocrx_word' id='word_1_39' title='bbox 1113 521 1169 576; x_wconf 90' lang='lat' dir='ltr'><strong>in</strong></span> <span class='ocrx_word' id='word_1_40' title='bbox 1209 520 1465 590; x_wconf 89' lang='lat' dir='ltr'><strong>injuriam</strong></span> <span class='ocrx_word' id='word_1_41' title='bbox 1489 521 1660 592; x_wconf 83' lang='lat' dir='ltr'><strong>ipsius</strong></span> <span class='ocrx_word' id='word_1_42' title='bbox 1691 517 1907 576; x_wconf 83' lang='lat' dir='ltr'><strong>Domini</strong></span> 
     </span>
    </p>
   </div>
   <div class='ocr_carea' id='block_1_6' title="bbox 308 607 1903 682">
    <p class='ocr_par' dir='ltr' id='par_1_6' title="bbox 308 607 1903 682">
     <span class='ocr_line' id='line_1_6' title="bbox 308 607 1903 682; baseline -0.001 -18"><span class='ocrx_word' id='word_1_43' title='bbox 308 607 612 680; x_wconf 57' lang='lat' dir='ltr'><strong>prosilit“.</strong></span> <span class='ocrx_word' id='word_1_44' title='bbox 649 627 673 659; x_wconf 65' lang='grc' dir='ltr'><strong><em>ι</em></strong></span> <span class='ocrx_word' id='word_1_45' title='bbox 704 610 776 664; x_wconf 84' lang='grc' dir='ltr'><strong>Ει</strong></span> <span class='ocrx_word' id='word_1_46' title='bbox 802 608 1100 665; x_wconf 78' lang='lat' dir='ltr'><strong>Dioscorus</strong></span> <span class='ocrx_word' id='word_1_47' title='bbox 1126 609 1183 664; x_wconf 91' lang='lat' dir='ltr'><strong>in</strong></span> <span class='ocrx_word' id='word_1_48' title='bbox 1211 610 1423 682; x_wconf 88' lang='lat' dir='ltr'><strong>synodo</strong></span> <span class='ocrx_word' id='word_1_49' title='bbox 1453 607 1903 678; x_wconf 86' lang='lat' dir='ltr'><strong>Chalcedonensi,</strong></span> 
     </span>
    </p>
   </div>
   <div class='ocr_carea' id='block_1_7' title="bbox 301 696 1907 771">
    <p class='ocr_par' dir='ltr' id='par_1_7' title="bbox 301 696 1907 771">
     <span class='ocr_line' id='line_1_7' title="bbox 301 696 1907 771; baseline -0.001 -18"><span class='ocrx_word' id='word_1_50' title='bbox 301 697 448 753; x_wconf 79' lang='lat' dir='ltr'><strong>sicut</strong></span> <span class='ocrx_word' id='word_1_51' title='bbox 473 697 532 752; x_wconf 88' lang='lat' dir='ltr'><strong>in</strong></span> <span class='ocrx_word' id='word_1_52' title='bbox 559 696 728 771; x_wconf 72' lang='lat' dir='ltr'><strong>gestis</strong></span> <span class='ocrx_word' id='word_1_53' title='bbox 757 697 1004 767; x_wconf 79' lang='lat' dir='ltr'><strong>ejusdem</strong></span> <span class='ocrx_word' id='word_1_54' title='bbox 1033 697 1270 766; x_wconf 84' lang='lat' dir='ltr'><strong>concilii,</strong></span> <span class='ocrx_word' id='word_1_55' title='bbox 1301 699 1400 754; x_wconf 86' lang='lat' dir='ltr'><strong>sed</strong></span> <span class='ocrx_word' id='word_1_56' title='bbox 1431 705 1483 754; x_wconf 86' lang='lat' dir='ltr'><strong>et</strong></span> <span class='ocrx_word' id='word_1_57' title='bbox 1511 698 1567 753; x_wconf 89' lang='lat' dir='ltr'><strong>in</strong></span> <span class='ocrx_word' id='word_1_58' title='bbox 1596 697 1777 754; x_wconf 88' lang='lat' dir='ltr'><strong>edicto</strong></span> <span class='ocrx_word' id='word_1_59' title='bbox 1806 698 1907 752; x_wconf 83' lang='lat' dir='ltr'><strong>Ju—</strong></span> 
     </span>
    </p>
   </div>
   <div class='ocr_carea' id='block_1_8' title="bbox 300 785 1908 857">
    <p class='ocr_par' dir='ltr' id='par_1_8' title="bbox 300 785 1908 857">
     <span class='ocr_line' id='line_1_8' title="bbox 300 785 1908 857; baseline -0.001 -16"><span class='ocrx_word' id='word_1_60' title='bbox 300 785 527 841; x_wconf 71' lang='lat' dir='ltr'><strong>stiniani</strong></span> <span class='ocrx_word' id='word_1_61' title='bbox 555 800 720 857; x_wconf 87' lang='lat' dir='ltr'><strong>super</strong></span> <span class='ocrx_word' id='word_1_62' title='bbox 749 785 988 857; x_wconf 80' lang='lat' dir='ltr'><strong>quintam</strong></span> <span class='ocrx_word' id='word_1_63' title='bbox 1017 786 1290 857; x_wconf 85' lang='lat' dir='ltr'><strong>synodum</strong></span> <span class='ocrx_word' id='word_1_64' title='bbox 1337 787 1765 852; x_wconf 72' lang='lat' dir='ltr'><strong>demonstratur,</strong></span> <span class='ocrx_word' id='word_1_65' title='bbox 1797 799 1908 840; x_wconf 89' lang='lat' dir='ltr'><strong>non</strong></span> 
     </span>
    </p>
   </div>
   <div class='ocr_carea' id='block_1_9' title="bbox 307 867 1906 942">
    <p class='ocr_par' dir='ltr' id='par_1_9' title="bbox 307 867 1906 942">
     <span class='ocr_line' id='line_1_9' title="bbox 307 867 1906 942; baseline 0 -18"><span class='ocrx_word' id='word_1_66' title='bbox 307 869 434 941; x_wconf 73' lang='lat' dir='ltr'><strong>quia</strong></span> <span class='ocrx_word' id='word_1_67' title='bbox 459 869 516 924; x_wconf 88' lang='lat' dir='ltr'><strong>in</strong></span> <span class='ocrx_word' id='word_1_68' title='bbox 545 867 710 926; x_wconf 86' lang='lat' dir='ltr'><strong>ﬁdem</strong></span> <span class='ocrx_word' id='word_1_69' title='bbox 731 871 1062 941; x_wconf 76' lang='lat' dir='ltr'><strong>peccaverit,</strong></span> <span class='ocrx_word' id='word_1_70' title='bbox 1108 871 1206 926; x_wconf 90' lang='lat' dir='ltr'><strong>sed</strong></span> <span class='ocrx_word' id='word_1_71' title='bbox 1249 877 1472 942; x_wconf 78' lang='lat' dir='ltr'><strong>propter</strong></span> <span class='ocrx_word' id='word_1_72' title='bbox 1517 869 1694 926; x_wconf 90' lang='lat' dir='ltr'><strong>solum</strong></span> <span class='ocrx_word' id='word_1_73' title='bbox 1724 869 1906 926; x_wconf 89' lang='lat' dir='ltr'><strong>eccle-</strong></span> 
     </span>
    </p>
   </div>
   <div class='ocr_carea' id='block_1_10' title="bbox 306 957 1906 1030">
    <p class='ocr_par' dir='ltr' id='par_1_10' title="bbox 306 957 1906 1030">
     <span class='ocr_line' id='line_1_10' title="bbox 306 957 1906 1030; baseline -0.001 -16"><span class='ocrx_word' id='word_1_74' title='bbox 306 957 594 1014; x_wconf 78' lang='lat' dir='ltr'><strong>siasticum</strong></span> <span class='ocrx_word' id='word_1_75' title='bbox 623 957 889 1026; x_wconf 69' lang='lat' dir='ltr'><strong>ordinem,</strong></span> <span class='ocrx_word' id='word_1_76' title='bbox 939 966 994 1013; x_wconf 88' lang='lat' dir='ltr'><strong>et</strong></span> <span class='ocrx_word' id='word_1_77' title='bbox 1040 957 1170 1030; x_wconf 85' lang='lat' dir='ltr'><strong>quia</strong></span> <span class='ocrx_word' id='word_1_78' title='bbox 1210 965 1403 1016; x_wconf 87' lang='lat' dir='ltr'><strong>contra</strong></span> <span class='ocrx_word' id='word_1_79' title='bbox 1447 975 1606 1014; x_wconf 87' lang='lat' dir='ltr'><strong>suum</strong></span> <span class='ocrx_word' id='word_1_80' title='bbox 1634 957 1906 1029; x_wconf 87' lang='lat' dir='ltr'><strong>archiepi-</strong></span> 
     </span>
    </p>
   </div>
   <div class='ocr_carea' id='block_1_11' title="bbox 307 1046 1910 1118">
    <p class='ocr_par' dir='ltr' id='par_1_11' title="bbox 307 1046 1910 1118">
     <span class='ocr_line' id='line_1_11' title="bbox 307 1046 1910 1118; baseline -0.002 -15"><span class='ocrx_word' id='word_1_81' title='bbox 307 1062 540 1118; x_wconf 82' lang='lat' dir='ltr'><strong>scopum</strong></span> <span class='ocrx_word' id='word_1_82' title='bbox 567 1047 742 1103; x_wconf 85' lang='lat' dir='ltr'><strong>sacris</strong></span> <span class='ocrx_word' id='word_1_83' title='bbox 787 1046 1090 1102; x_wconf 78' lang='lat' dir='ltr'><strong>cauonibus</strong></span> <span class='ocrx_word' id='word_1_84' title='bbox 1139 1046 1367 1103; x_wconf 88' lang='lat' dir='ltr'><strong>obvians</strong></span> <span class='ocrx_word' id='word_1_85' title='bbox 1414 1047 1794 1113; x_wconf 84' lang='lat' dir='ltr'><strong>rebellaverat,</strong></span> <span class='ocrx_word' id='word_1_86' title='bbox 1825 1054 1910 1101; x_wconf 90' lang='lat' dir='ltr'><strong>est</strong></span> 
     </span>
    </p>
   </div>
   <div class='ocr_carea' id='block_1_12' title="bbox 307 1124 1907 1206">
    <p class='ocr_par' dir='ltr' id='par_1_12' title="bbox 307 1124 1907 1206">
     <span class='ocr_line' id='line_1_12' title="bbox 307 1124 1907 1206; baseline -0.002 -14"><span class='ocrx_word' id='word_1_87' title='bbox 307 1133 621 1192; x_wconf 77' lang='lat' dir='ltr'><strong>damnatus.</strong></span> <span class='ocrx_word' id='word_1_88' title='bbox 653 1135 722 1191; x_wconf 90' lang='lat' dir='ltr'><strong>Et</strong></span> <span class='ocrx_word' id='word_1_89' title='bbox 750 1134 979 1191; x_wconf 78' lang='lat' dir='ltr'><strong>Aeacius</strong></span> <span class='ocrx_word' id='word_1_90' title='bbox 1027 1124 1656 1206; x_wconf 76' lang='lat' dir='ltr'><strong>Constantinopolitanus</strong></span> <span class='ocrx_word' id='word_1_91' title='bbox 1695 1134 1907 1206; x_wconf 90' lang='lat' dir='ltr'><strong>episco-</strong></span> 
     </span>
    </p>
   </div>
   <div class='ocr_carea' id='block_1_13' title="bbox 302 1221 1907 1295">
    <p class='ocr_par' dir='ltr' id='par_1_13' title="bbox 302 1221 1907 1295">
     <span class='ocr_line' id='line_1_13' title="bbox 302 1221 1907 1295; baseline -0.001 -17"><span class='ocrx_word' id='word_1_92' title='bbox 302 1237 410 1295; x_wconf 77' lang='lat' dir='ltr'><strong>pus</strong></span> <span class='ocrx_word' id='word_1_93' title='bbox 437 1229 667 1294; x_wconf 86' lang='lat' dir='ltr'><strong>propter</strong></span> <span class='ocrx_word' id='word_1_94' title='bbox 694 1222 1194 1294; x_wconf 65' lang='lat' dir='ltr'><strong>praevaricationem</strong></span> <span class='ocrx_word' id='word_1_95' title='bbox 1210 1223 1416 1279; x_wconf 71' lang='lat' dir='ltr'><strong>Nicaani</strong></span> <span class='ocrx_word' id='word_1_96' title='bbox 1435 1223 1700 1280; x_wconf 90' lang='lat' dir='ltr'><strong>conciliia</strong></span> <span class='ocrx_word' id='word_1_97' title='bbox 1729 1221 1907 1278; x_wconf 89' lang='lat' dir='ltr'><strong>Felice</strong></span> 
     </span>
    </p>
   </div>
   <div class='ocr_carea' id='block_1_14' title="bbox 309 1310 1906 1383">
    <p class='ocr_par' dir='ltr' id='par_1_14' title="bbox 309 1310 1906 1383">
     <span class='ocr_line' id='line_1_14' title="bbox 309 1310 1906 1383; baseline -0.001 -18"><span class='ocrx_word' id='word_1_98' title='bbox 309 1325 450 1383; x_wconf 79' lang='lat' dir='ltr'><strong>papa</strong></span> <span class='ocrx_word' id='word_1_99' title='bbox 480 1319 564 1366; x_wconf 85' lang='lat' dir='ltr'><strong>est</strong></span> <span class='ocrx_word' id='word_1_100' title='bbox 619 1311 1026 1376; x_wconf 70' lang='lat' dir='ltr'><strong>condemnatus,</strong></span> <span class='ocrx_word' id='word_1_101' title='bbox 1047 1310 1213 1376; x_wconf 87' lang='lat' dir='ltr'><strong>_sicut</strong></span> <span class='ocrx_word' id='word_1_102' title='bbox 1265 1310 1411 1366; x_wconf 86' lang='lat' dir='ltr'><strong>idem</strong></span> <span class='ocrx_word' id='word_1_103' title='bbox 1467 1310 1618 1366; x_wconf 79' lang='lat' dir='ltr'><strong>Felix</strong></span> <span class='ocrx_word' id='word_1_104' title='bbox 1665 1312 1736 1365; x_wconf 90' lang='lat' dir='ltr'><strong>ad</strong></span> <span class='ocrx_word' id='word_1_105' title='bbox 1783 1325 1906 1365; x_wconf 91' lang='lat' dir='ltr'><strong>eum</strong></span> 
     </span>
    </p>
   </div>
   <div class='ocr_carea' id='block_1_15' title="bbox 309 1398 1908 1472">
    <p class='ocr_par' dir='ltr' id='par_1_15' title="bbox 309 1398 1908 1472">
     <span class='ocr_line' id='line_1_15' title="bbox 309 1398 1908 1472; baseline -0.002 -15"><span class='ocrx_word' id='word_1_106' title='bbox 309 1399 528 1472; x_wconf 75' lang='lat' dir='ltr'><strong>scripsit</strong></span> <span class='ocrx_word' id='word_1_107' title='bbox 552 1399 743 1454; x_wconf 82' lang='lat' dir='ltr'><strong>dicens</strong></span> <span class='ocrx_word' id='word_1_108' title='bbox 774 1401 959 1471; x_wconf 77' lang='lat' dir='ltr'><strong>(epist.</strong></span> <span class='ocrx_word' id='word_1_109' title='bbox 995 1400 1048 1469; x_wconf 74' lang='grc'>4)</span> <span class='ocrx_word' id='word_1_110' title='bbox 1081 1417 1093 1452; x_wconf 95' lang='lat'>:</span> <span class='ocrx_word' id='word_1_111' title='bbox 1131 1420 1154 1450; x_wconf 80' lang='grc' dir='ltr'><strong><em>α</em></strong></span> <span class='ocrx_word' id='word_1_112' title='bbox 1189 1398 1476 1455; x_wconf 85' lang='lat' dir='ltr'><strong>Multarum</strong></span> <span class='ocrx_word' id='word_1_113' title='bbox 1513 1399 1908 1472; x_wconf 82' lang='lat' dir='ltr'><strong>transgressio-</strong></span> 
     </span>
    </p>
   </div>
   <div class='ocr_carea' id='block_1_16' title="bbox 309 1486 1908 1559">
    <p class='ocr_par' dir='ltr' id='par_1_16' title="bbox 309 1486 1908 1559">
     <span class='ocr_line' id='line_1_16' title="bbox 309 1486 1908 1559; baseline -0.001 -16"><span class='ocrx_word' id='word_1_114' title='bbox 309 1498 442 1543; x_wconf 67' lang='grc' dir='ltr'><strong>ιω</strong></span> <span class='ocrx_word' id='word_1_115' title='bbox 495 1486 754 1559; x_wconf 81' lang='lat' dir='ltr'><strong>reperiris</strong></span> <span class='ocrx_word' id='word_1_116' title='bbox 809 1487 1096 1553; x_wconf 81' lang='lat' dir='ltr'><strong>obnoxius,</strong></span> <span class='ocrx_word' id='word_1_117' title='bbox 1143 1495 1196 1542; x_wconf 88' lang='lat' dir='ltr'><strong>et</strong></span> <span class='ocrx_word' id='word_1_118' title='bbox 1239 1487 1293 1542; x_wconf 91' lang='lat' dir='ltr'><strong>in</strong></span> <span class='ocrx_word' id='word_1_119' title='bbox 1340 1487 1670 1543; x_wconf 82' lang='lat' dir='ltr'><strong>venerabilis</strong></span> <span class='ocrx_word' id='word_1_120' title='bbox 1698 1486 1908 1542; x_wconf 66' lang='lat' dir='ltr'><strong>Nicmni</strong></span> 
     </span>
    </p>
   </div>
   <div class='ocr_carea' id='block_1_17' title="bbox 297 1574 1909 1647">
    <p class='ocr_par' dir='ltr' id='par_1_17' title="bbox 297 1574 1909 1647">
     <span class='ocr_line' id='line_1_17' title="bbox 297 1574 1909 1647; baseline -0.002 -14"><span class='ocrx_word' id='word_1_121' title='bbox 553 1574 887 1632; x_wconf 80' lang='lat' dir='ltr'><strong>contumelia</strong></span> <span class='ocrx_word' id='word_1_122' title='bbox 913 1591 974 1630; x_wconf 87' lang='lat' dir='ltr'><strong>es</strong></span> <span class='ocrx_word' id='word_1_123' title='bbox 1003 1591 1150 1647; x_wconf 76' lang='lat' dir='ltr'><strong>saepe</strong></span> <span class='ocrx_word' id='word_1_124' title='bbox 1187 1583 1458 1631; x_wconf 88' lang='lat' dir='ltr'><strong>versatus.</strong></span> <span class='ocrx_word' id='word_1_125' title='bbox 1495 1597 1518 1626; x_wconf 75' lang='grc' dir='ltr'><strong><em>ι</em></strong></span> <span class='ocrx_word' id='word_1_126' title='bbox 1555 1576 1684 1632; x_wconf 68' lang='lat' dir='ltr'><strong>Haec</strong></span> <span class='ocrx_word' id='word_1_127' title='bbox 1711 1574 1909 1630; x_wconf 82' lang='lat' dir='ltr'><strong>mentis</strong></span> 
     </span>
    </p>
   </div>
   <div class='ocr_carea' id='block_1_18' title="bbox 2006 518 3599 596">
    <p class='ocr_par' dir='ltr' id='par_1_18' title="bbox 2006 518 3599 596">
     <span class='ocr_line' id='line_1_18' title="bbox 2006 518 3599 596; baseline 0.011 -24"><span class='ocrx_word' id='word_1_128' title='bbox 2006 518 2063 573; x_wconf 92' lang='lat' dir='ltr'><strong>in</strong></span> <span class='ocrx_word' id='word_1_129' title='bbox 2091 535 2200 590; x_wconf 91' lang='lat' dir='ltr'><strong>quo</strong></span> <span class='ocrx_word' id='word_1_130' title='bbox 2228 520 2344 575; x_wconf 73' lang='lat' dir='ltr'><strong>haec</strong></span> <span class='ocrx_word' id='word_1_131' title='bbox 2375 537 2498 592; x_wconf 63' lang='lat' dir='ltr'><strong>qum</strong></span> <span class='ocrx_word' id='word_1_132' title='bbox 2525 537 2590 576; x_wconf 90' lang='lat' dir='ltr'><strong>eo</strong></span> <span class='ocrx_word' id='word_1_133' title='bbox 2618 523 3001 593; x_wconf 69' lang='lat' dir='ltr'><strong>praemisimus,</strong></span> <span class='ocrx_word' id='word_1_134' title='bbox 3031 527 3324 596; x_wconf 88' lang='lat' dir='ltr'><strong>apostolica</strong></span> <span class='ocrx_word' id='word_1_135' title='bbox 3361 533 3599 589; x_wconf 88' lang='lat' dir='ltr'><strong>auctori-</strong></span> 
     </span>
    </p>
   </div>
   <div class='ocr_carea' id='block_1_19' title="bbox 2007 606 3594 688">
    <p class='ocr_par' dir='ltr' id='par_1_19' title="bbox 2007 606 3594 688">
     <span class='ocr_line' id='line_1_19' title="bbox 2007 606 3594 688; baseline 0.011 -28"><span class='ocrx_word' id='word_1_136' title='bbox 2007 614 2112 661; x_wconf 84' lang='lat' dir='ltr'><strong>tate</strong></span> <span class='ocrx_word' id='word_1_137' title='bbox 2142 606 2354 662; x_wconf 78' lang='lat' dir='ltr'><strong>firmato</strong></span> <span class='ocrx_word' id='word_1_138' title='bbox 2392 608 2650 680; x_wconf 80' lang='lat' dir='ltr'><strong>interfuit,</strong></span> <span class='ocrx_word' id='word_1_139' title='bbox 2701 611 3114 682; x_wconf 77' lang='lat' dir='ltr'><strong>etplenissime</strong></span> <span class='ocrx_word' id='word_1_140' title='bbox 3155 631 3377 672; x_wconf 89' lang='lat' dir='ltr'><strong>sensum</strong></span> <span class='ocrx_word' id='word_1_141' title='bbox 3423 621 3594 688; x_wconf 87' lang='lat' dir='ltr'><strong>novit,</strong></span> 
     </span>
    </p>
   </div>
   <div class='ocr_carea' id='block_1_20' title="bbox 2007 695 3598 771">
    <p class='ocr_par' dir='ltr' id='par_1_20' title="bbox 2007 695 3598 771">
     <span class='ocr_line' id='line_1_20' title="bbox 2007 695 3598 771; baseline 0.01 -22"><span class='ocrx_word' id='word_1_142' title='bbox 2007 711 2116 766; x_wconf 88' lang='lat' dir='ltr'><strong>quo</strong></span> <span class='ocrx_word' id='word_1_143' title='bbox 2144 695 2338 752; x_wconf 90' lang='lat' dir='ltr'><strong>eadem</strong></span> <span class='ocrx_word' id='word_1_144' title='bbox 2393 698 2635 768; x_wconf 86' lang='lat' dir='ltr'><strong>synodus</strong></span> <span class='ocrx_word' id='word_1_145' title='bbox 2691 699 2982 771; x_wconf 86' lang='lat' dir='ltr'><strong>capitulum</strong></span> <span class='ocrx_word' id='word_1_146' title='bbox 3029 700 3160 756; x_wconf 91' lang='lat' dir='ltr'><strong>illud</strong></span> <span class='ocrx_word' id='word_1_147' title='bbox 3206 704 3480 763; x_wconf 83' lang='lat' dir='ltr'><strong>constituit</strong></span> <span class='ocrx_word' id='word_1_148' title='bbox 3527 709 3598 765; x_wconf 91' lang='lat' dir='ltr'><strong>de</strong></span> 
     </span>
    </p>
   </div>
   <div class='ocr_carea' id='block_1_21' title="bbox 2006 783 3599 862">
    <p class='ocr_par' dir='ltr' id='par_1_21' title="bbox 2006 783 3599 862">
     <span class='ocr_line' id='line_1_21' title="bbox 2006 783 3599 862; baseline 0.01 -25"><span class='ocrx_word' id='word_1_149' title='bbox 2006 799 2114 854; x_wconf 90' lang='lat' dir='ltr'><strong>quo</strong></span> <span class='ocrx_word' id='word_1_150' title='bbox 2142 783 2198 838; x_wconf 91' lang='lat' dir='ltr'><strong>in</strong></span> <span class='ocrx_word' id='word_1_151' title='bbox 2229 784 2458 856; x_wconf 89' lang='lat' dir='ltr'><strong>epistola</strong></span> <span class='ocrx_word' id='word_1_152' title='bbox 2486 786 2558 841; x_wconf 90' lang='lat' dir='ltr'><strong>ad</strong></span> <span class='ocrx_word' id='word_1_153' title='bbox 2586 787 2794 843; x_wconf 91' lang='lat' dir='ltr'><strong>clerum</strong></span> <span class='ocrx_word' id='word_1_154' title='bbox 2823 797 2876 844; x_wconf 88' lang='lat' dir='ltr'><strong>et</strong></span> <span class='ocrx_word' id='word_1_155' title='bbox 2902 787 3123 858; x_wconf 88' lang='lat' dir='ltr'><strong>plebem</strong></span> <span class='ocrx_word' id='word_1_156' title='bbox 3147 790 3599 862; x_wconf 84' lang='lat' dir='ltr'><strong>Hipponiensium</strong></span> 
     </span>
    </p>
   </div>
   <div class='ocr_carea' id='block_1_22' title="bbox 2006 871 3600 954">
    <p class='ocr_par' dir='ltr' id='par_1_22' title="bbox 2006 871 3600 954">
     <span class='ocr_line' id='line_1_22' title="bbox 2006 871 3600 954; baseline 0.01 -30"><span class='ocrx_word' id='word_1_157' title='bbox 2006 871 2148 926; x_wconf 90' lang='lat' dir='ltr'><strong>inter</strong></span> <span class='ocrx_word' id='word_1_158' title='bbox 2173 872 2276 926; x_wconf 89' lang='lat' dir='ltr'><strong>alia</strong></span> <span class='ocrx_word' id='word_1_159' title='bbox 2303 873 2434 928; x_wconf 86' lang='lat' dir='ltr'><strong>dicit</strong></span> <span class='ocrx_word' id='word_1_160' title='bbox 2461 875 2647 946; x_wconf 82' lang='lat' dir='ltr'><strong>(epist.</strong></span> <span class='ocrx_word' id='word_1_161' title='bbox 2674 875 2798 946; x_wconf 87' lang='grc'><strong>137)</strong></span> <span class='ocrx_word' id='word_1_162' title='bbox 2831 894 2844 930; x_wconf 80' lang='lat'><strong>2</strong></span> <span class='ocrx_word' id='word_1_163' title='bbox 2875 897 2897 926; x_wconf 77' lang='grc' dir='ltr'><strong><em>α</em></strong></span> <span class='ocrx_word' id='word_1_164' title='bbox 2927 877 3116 948; x_wconf 86' lang='lat' dir='ltr'><strong>Nuper</strong></span> <span class='ocrx_word' id='word_1_165' title='bbox 3140 877 3198 932; x_wconf 89' lang='lat' dir='ltr'><strong>in</strong></span> <span class='ocrx_word' id='word_1_166' title='bbox 3226 881 3454 937; x_wconf 88' lang='lat' dir='ltr'><strong>concilio</strong></span> <span class='ocrx_word' id='word_1_167' title='bbox 3485 883 3600 954; x_wconf 88' lang='lat' dir='ltr'><strong>epi-</strong></span> 
     </span>
    </p>
   </div>
   <div class='ocr_carea' id='block_1_23' title="bbox 2007 962 3659 1045">
    <p class='ocr_par' dir='ltr' id='par_1_23' title="bbox 2007 962 3659 1045">
     <span class='ocr_line' id='line_1_23' title="bbox 2007 962 3659 1045; baseline 0.008 -32"><span class='ocrx_word' id='word_1_168' title='bbox 2007 975 2298 1030; x_wconf 86' lang='lat' dir='ltr'><strong>sc0porum</strong></span> <span class='ocrx_word' id='word_1_169' title='bbox 2357 962 2706 1018; x_wconf 87' lang='lat' dir='ltr'><strong>constitutum</strong></span> <span class='ocrx_word' id='word_1_170' title='bbox 2762 971 2862 1030; x_wconf 90' lang='lat' dir='ltr'><strong>est,</strong></span> <span class='ocrx_word' id='word_1_171' title='bbox 2919 965 3125 1020; x_wconf 89' lang='lat' dir='ltr'><strong>nullum</strong></span> <span class='ocrx_word' id='word_1_172' title='bbox 3173 967 3450 1040; x_wconf 87' lang='lat' dir='ltr'><strong>clericum,</strong></span> <span class='ocrx_word' id='word_1_173' title='bbox 3508 969 3600 1043; x_wconf 88' lang='lat' dir='ltr'><strong>qui</strong></span> <span class='ocrx_word' id='word_1_174' title='bbox 3652 1031 3659 1045; x_wconf 39' lang='grc' dir='ltr'><strong><em>ι</em></strong></span> 
     </span>
    </p>
   </div>
   <div class='ocr_carea' id='block_1_24' title="bbox 2006 1049 3604 1123">
    <p class='ocr_par' dir='ltr' id='par_1_24' title="bbox 2006 1049 3604 1123">
     <span class='ocr_line' id='line_1_24' title="bbox 2006 1049 3604 1123; baseline 0.009 -22"><span class='ocrx_word' id='word_1_175' title='bbox 2006 1049 2248 1104; x_wconf 89' lang='lat' dir='ltr'><strong>nondum</strong></span> <span class='ocrx_word' id='word_1_176' title='bbox 2275 1049 2552 1106; x_wconf 88' lang='lat' dir='ltr'><strong>convictus</strong></span> <span class='ocrx_word' id='word_1_177' title='bbox 2580 1059 2680 1118; x_wconf 88' lang='lat' dir='ltr'><strong>est,</strong></span> <span class='ocrx_word' id='word_1_178' title='bbox 2714 1053 2975 1123; x_wconf 88' lang='lat' dir='ltr'><strong>suspendi</strong></span> <span class='ocrx_word' id='word_1_179' title='bbox 3022 1071 3053 1108; x_wconf 90' lang='lat' dir='ltr'><strong>a</strong></span> <span class='ocrx_word' id='word_1_180' title='bbox 3100 1057 3479 1114; x_wconf 86' lang='lat' dir='ltr'><strong>communione</strong></span> <span class='ocrx_word' id='word_1_181' title='bbox 3507 1059 3604 1116; x_wconf 84' lang='lat' dir='ltr'><strong>de-</strong></span> 
     </span>
    </p>
   </div>
   <div class='ocr_carea' id='block_1_25' title="bbox 2007 1135 3602 1205">
    <p class='ocr_par' dir='ltr' id='par_1_25' title="bbox 2007 1135 3602 1205">
     <span class='ocr_line' id='line_1_25' title="bbox 2007 1135 3602 1205; baseline 0.008 -15"><span class='ocrx_word' id='word_1_182' title='bbox 2007 1135 2155 1205; x_wconf 87' lang='lat' dir='ltr'><strong>bere,</strong></span> <span class='ocrx_word' id='word_1_183' title='bbox 2187 1137 2292 1191; x_wconf 89' lang='lat' dir='ltr'><strong>nisi</strong></span> <span class='ocrx_word' id='word_1_184' title='bbox 2323 1139 2392 1192; x_wconf 90' lang='lat' dir='ltr'><strong>ad</strong></span> <span class='ocrx_word' id='word_1_185' title='bbox 2448 1153 2668 1194; x_wconf 85' lang='lat' dir='ltr'><strong>causam</strong></span> <span class='ocrx_word' id='word_1_186' title='bbox 2725 1157 2875 1194; x_wconf 89' lang='lat' dir='ltr'><strong>suam</strong></span> <span class='ocrx_word' id='word_1_187' title='bbox 2933 1143 3352 1200; x_wconf 74' lang='lat' dir='ltr'><strong>examinandum</strong></span> <span class='ocrx_word' id='word_1_188' title='bbox 3388 1163 3446 1201; x_wconf 88' lang='lat' dir='ltr'><strong>se</strong></span> <span class='ocrx_word' id='word_1_189' title='bbox 3489 1163 3602 1205; x_wconf 89' lang='lat' dir='ltr'><strong>non</strong></span> 
     </span>
    </p>
   </div>
   <div class='ocr_carea' id='block_1_26' title="bbox 2007 1226 3600 1300">
    <p class='ocr_par' dir='ltr' id='par_1_26' title="bbox 2007 1226 3600 1300">
     <span class='ocr_line' id='line_1_26' title="bbox 2007 1226 3600 1300; baseline 0.009 -22"><span class='ocrx_word' id='word_1_190' title='bbox 2007 1226 2436 1296; x_wconf 86' lang='lat' dir='ltr'><strong>praesentaverit.</strong></span> <span class='ocrx_word' id='word_1_191' title='bbox 2474 1247 2496 1276; x_wconf 82' lang='grc'><strong>››</strong></span> <span class='ocrx_word' id='word_1_192' title='bbox 2529 1229 2705 1297; x_wconf 86' lang='lat' dir='ltr'><strong>Ipsam</strong></span> <span class='ocrx_word' id='word_1_193' title='bbox 2738 1237 2918 1284; x_wconf 89' lang='lat' dir='ltr'><strong>autem</strong></span> <span class='ocrx_word' id='word_1_194' title='bbox 2945 1232 3423 1300; x_wconf 68' lang='lat' dir='ltr'><strong>praesentationem</strong></span> <span class='ocrx_word' id='word_1_195' title='bbox 3449 1234 3600 1292; x_wconf 84' lang='lat' dir='ltr'><strong>idem</strong></span> 
     </span>
    </p>
   </div>
   <div class='ocr_carea' id='block_1_27' title="bbox 2007 1313 3599 1395">
    <p class='ocr_par' dir='ltr' id='par_1_27' title="bbox 2007 1313 3599 1395">
     <span class='ocr_line' id='line_1_27' title="bbox 2007 1313 3599 1395; baseline 0.008 -27"><span class='ocrx_word' id='word_1_196' title='bbox 2007 1313 2338 1369; x_wconf 89' lang='lat' dir='ltr'><strong>demonstrat</strong></span> <span class='ocrx_word' id='word_1_197' title='bbox 2371 1314 2660 1371; x_wconf 85' lang='lat' dir='ltr'><strong>concilium</strong></span> <span class='ocrx_word' id='word_1_198' title='bbox 2688 1316 2867 1388; x_wconf 78' lang='lat' dir='ltr'><strong>(conc.</strong></span> <span class='ocrx_word' id='word_1_199' title='bbox 2907 1319 3190 1392; x_wconf 79' lang='lat' dir='ltr'><strong>Carthag.,</strong></span> <span class='ocrx_word' id='word_1_200' title='bbox 3216 1337 3344 1378; x_wconf 83' lang='lat' dir='ltr'><strong>can.</strong></span> <span class='ocrx_word' id='word_1_201' title='bbox 3372 1324 3482 1395; x_wconf 86' lang='grc'><strong>19),</strong></span> <span class='ocrx_word' id='word_1_202' title='bbox 3513 1323 3599 1380; x_wconf 86' lang='lat' dir='ltr'><strong>vi-</strong></span> 
     </span>
    </p>
   </div>
   <div class='ocr_carea' id='block_1_28' title="bbox 2007 1401 3603 1475">
    <p class='ocr_par' dir='ltr' id='par_1_28' title="bbox 2007 1401 3603 1475">
     <span class='ocr_line' id='line_1_28' title="bbox 2007 1401 3603 1475; baseline 0.008 -19"><span class='ocrx_word' id='word_1_203' title='bbox 2007 1401 2220 1468; x_wconf 89' lang='lat' dir='ltr'><strong>delicet,</strong></span> <span class='ocrx_word' id='word_1_204' title='bbox 2260 1423 2282 1452; x_wconf 74' lang='grc' dir='ltr'><strong><em>α</em></strong></span> <span class='ocrx_word' id='word_1_205' title='bbox 2313 1410 2371 1456; x_wconf 86' lang='grc' dir='ltr'><strong>ιιι</strong></span> <span class='ocrx_word' id='word_1_206' title='bbox 2401 1411 2493 1458; x_wconf 89' lang='lat' dir='ltr'><strong>aut</strong></span> <span class='ocrx_word' id='word_1_207' title='bbox 2548 1403 2666 1475; x_wconf 90' lang='lat' dir='ltr'><strong>ipse</strong></span> <span class='ocrx_word' id='word_1_208' title='bbox 2719 1414 3026 1474; x_wconf 83' lang='lat' dir='ltr'><strong>accusatus,</strong></span> <span class='ocrx_word' id='word_1_209' title='bbox 3067 1407 3137 1462; x_wconf 90' lang='lat' dir='ltr'><strong>ad</strong></span> <span class='ocrx_word' id='word_1_210' title='bbox 3183 1423 3404 1466; x_wconf 81' lang='lat' dir='ltr'><strong>causam</strong></span> <span class='ocrx_word' id='word_1_211' title='bbox 3447 1427 3603 1468; x_wconf 84' lang='lat' dir='ltr'><strong>suam</strong></span> 
     </span>
    </p>
   </div>
   <div class='ocr_carea' id='block_1_29' title="bbox 2007 1489 3602 1562">
    <p class='ocr_par' dir='ltr' id='par_1_29' title="bbox 2007 1489 3602 1562">
     <span class='ocr_line' id='line_1_29' title="bbox 2007 1489 3602 1562; baseline 0.007 -17"><span class='ocrx_word' id='word_1_212' title='bbox 2007 1489 2297 1546; x_wconf 87' lang='lat' dir='ltr'><strong>dicendam</strong></span> <span class='ocrx_word' id='word_1_213' title='bbox 2326 1489 2622 1547; x_wconf 87' lang='lat' dir='ltr'><strong>electorum</strong></span> <span class='ocrx_word' id='word_1_214' title='bbox 2645 1492 2889 1562; x_wconf 88' lang='lat' dir='ltr'><strong>judicum</strong></span> <span class='ocrx_word' id='word_1_215' title='bbox 2909 1494 2998 1550; x_wconf 89' lang='lat' dir='ltr'><strong>die</strong></span> <span class='ocrx_word' id='word_1_216' title='bbox 3027 1502 3225 1551; x_wconf 82' lang='lat' dir='ltr'><strong>statuta</strong></span> <span class='ocrx_word' id='word_1_217' title='bbox 3249 1495 3442 1554; x_wconf 87' lang='lat' dir='ltr'><strong>litteris</strong></span> <span class='ocrx_word' id='word_1_218' title='bbox 3475 1515 3602 1556; x_wconf 89' lang='lat' dir='ltr'><strong>evo-</strong></span> 
     </span>
    </p>
   </div>
   <div class='ocr_carea' id='block_1_30' title="bbox 2007 1579 3602 1652">
    <p class='ocr_par' dir='ltr' id='par_1_30' title="bbox 2007 1579 3602 1652">
     <span class='ocr_line' id='line_1_30' title="bbox 2007 1579 3602 1652; baseline 0.006 -19"><span class='ocrx_word' id='word_1_219' title='bbox 2007 1586 2161 1633; x_wconf 88' lang='lat' dir='ltr'><strong>catus</strong></span> <span class='ocrx_word' id='word_1_220' title='bbox 2189 1587 2456 1644; x_wconf 86' lang='lat' dir='ltr'><strong>occurrat,</strong></span> <span class='ocrx_word' id='word_1_221' title='bbox 2491 1587 2584 1634; x_wconf 90' lang='lat' dir='ltr'><strong>aut</strong></span> <span class='ocrx_word' id='word_1_222' title='bbox 2612 1579 2818 1652; x_wconf 89' lang='lat' dir='ltr'><strong>aliquas</strong></span> <span class='ocrx_word' id='word_1_223' title='bbox 2849 1598 3007 1638; x_wconf 90' lang='lat' dir='ltr'><strong>veras</strong></span> <span class='ocrx_word' id='word_1_224' title='bbox 3035 1583 3376 1641; x_wconf 83' lang='lat' dir='ltr'><strong>necessitatis</strong></span> <span class='ocrx_word' id='word_1_225' title='bbox 3407 1601 3602 1644; x_wconf 81' lang='lat' dir='ltr'><strong>causas</strong></span> 
     </span>
    </p>
   </div>
   <div class='ocr_carea' id='block_1_31' title="bbox 307 1663 3600 1757">
    <p class='ocr_par' dir='ltr' id='par_1_31' title="bbox 307 1663 3600 1757">
     <span class='ocr_line' id='line_1_31' title="bbox 307 1663 3600 1757; baseline 0.003 -35"><span class='ocrx_word' id='word_1_226' title='bbox 307 1663 470 1722; x_wconf 73' lang='lat' dir='ltr'><strong>oculo</strong></span> <span class='ocrx_word' id='word_1_227' title='bbox 499 1663 770 1736; x_wconf 81' lang='lat' dir='ltr'><strong>perspice,</strong></span> <span class='ocrx_word' id='word_1_228' title='bbox 801 1671 951 1721; x_wconf 90' lang='lat' dir='ltr'><strong>etne</strong></span> <span class='ocrx_word' id='word_1_229' title='bbox 987 1663 1097 1732; x_wconf 86' lang='lat' dir='ltr'><strong>illa,</strong></span> <span class='ocrx_word' id='word_1_230' title='bbox 1148 1663 1296 1734; x_wconf 90' lang='lat' dir='ltr'><strong>quod</strong></span> <span class='ocrx_word' id='word_1_231' title='bbox 1333 1663 1494 1730; x_wconf 82' lang='lat' dir='ltr'><strong>absit,</strong></span> <span class='ocrx_word' id='word_1_232' title='bbox 1535 1663 1783 1720; x_wconf 86' lang='lat' dir='ltr'><strong>incurras</strong></span> <span class='ocrx_word' id='word_1_233' title='bbox 1812 1679 1907 1719; x_wconf 89' lang='lat' dir='ltr'><strong>so-</strong></span> <span class='ocrx_word' id='word_1_234' title='bbox 1927 1665 2216 1757; x_wconf 79' lang='lat' dir='ltr'><strong>Bprobet,</strong></span> <span class='ocrx_word' id='word_1_235' title='bbox 2268 1665 2466 1738; x_wconf 90' lang='lat' dir='ltr'><strong>quibus</strong></span> <span class='ocrx_word' id='word_1_236' title='bbox 2507 1684 2794 1725; x_wconf 89' lang='lat' dir='ltr'><strong>occurrere</strong></span> <span class='ocrx_word' id='word_1_237' title='bbox 2842 1685 2952 1725; x_wconf 90' lang='lat' dir='ltr'><strong>non</strong></span> <span class='ocrx_word' id='word_1_238' title='bbox 2978 1671 3221 1742; x_wconf 88' lang='lat' dir='ltr'><strong>potuisse</strong></span> <span class='ocrx_word' id='word_1_239' title='bbox 3251 1672 3600 1733; x_wconf 84' lang='lat' dir='ltr'><strong>manifestum</strong></span> 
     </span>
    </p>
   </div>
   <div class='ocr_carea' id='block_1_32' title="bbox 311 1752 781 1809">
    <p class='ocr_par' dir='ltr' id='par_1_32' title="bbox 311 1752 781 1809">
     <span class='ocr_line' id='line_1_32' title="bbox 311 1752 781 1809; baseline 0 -1"><span class='ocrx_word' id='word_1_240' title='bbox 311 1752 602 1809; x_wconf 74' lang='lat' dir='ltr'><strong>lui-tissime</strong></span> <span class='ocrx_word' id='word_1_241' title='bbox 627 1767 781 1808; x_wconf 85' lang='lat' dir='ltr'><strong>cave.</strong></span> 
     </span>
    </p>
   </div>
   <div class='ocr_carea' id='block_1_33' title="bbox 851 1853 1374 1910">
    <p class='ocr_par' dir='ltr' id='par_1_33' title="bbox 851 1853 1374 1910">
     <span class='ocr_line' id='line_1_33' title="bbox 851 1853 1374 1910; baseline 0 -2"><span class='ocrx_word' id='word_1_242' title='bbox 851 1854 1076 1910; x_wconf 76' lang='lat' dir='ltr'><strong>CAPUT</strong></span> <span class='ocrx_word' id='word_1_243' title='bbox 1123 1853 1374 1909; x_wconf 82' lang='lat' dir='ltr'><strong>XXVIII.</strong></span> 
     </span>
    </p>
   </div>
   <div class='ocr_carea' id='block_1_34' title="bbox 309 1953 1908 2024">
    <p class='ocr_par' dir='ltr' id='par_1_34' title="bbox 309 1953 1908 2024">
     <span class='ocr_line' id='line_1_34' title="bbox 309 1953 1908 2024; baseline -0.003 -14"><span class='ocrx_word' id='word_1_244' title='bbox 309 1953 384 2010; x_wconf 75' lang='lat' dir='ltr'><strong>De</strong></span> <span class='ocrx_word' id='word_1_245' title='bbox 403 1953 556 2010; x_wconf 72' lang='lat' dir='ltr'><strong>male</strong></span> <span class='ocrx_word' id='word_1_246' title='bbox 585 1953 652 2008; x_wconf 84' lang='lat' dir='ltr'><strong>ab</strong></span> <span class='ocrx_word' id='word_1_247' title='bbox 681 1967 742 2008; x_wconf 83' lang='lat' dir='ltr'><strong>eo</strong></span> <span class='ocrx_word' id='word_1_248' title='bbox 764 1954 1278 2009; x_wconf 74' lang='lat' dir='ltr'><strong>excommunicatis</strong></span> <span class='ocrx_word' id='word_1_249' title='bbox 1300 1972 1319 2008; x_wconf 93' lang='lat'><strong><em>:</em></strong></span> <span class='ocrx_word' id='word_1_250' title='bbox 1341 1954 1514 2024; x_wconf 80' lang='lat' dir='ltr'><strong>quiet</strong></span> <span class='ocrx_word' id='word_1_251' title='bbox 1540 1954 1797 2024; x_wconf 68' lang='lat' dir='ltr'><strong>qualiter</strong></span> <span class='ocrx_word' id='word_1_252' title='bbox 1815 1968 1908 2024; x_wconf 56' lang='lat' dir='ltr'><strong>ea.»</strong></span> 
     </span>
    </p>
   </div>
   <div class='ocr_carea' id='block_1_35' title="bbox 380 2022 1909 2096">
    <p class='ocr_par' dir='ltr' id='par_1_35' title="bbox 380 2022 1909 2096">
     <span class='ocr_line' id='line_1_35' title="bbox 380 2022 1909 2096; baseline -0.003 -15"><span class='ocrx_word' id='word_1_253' title='bbox 845 2024 1113 2096; x_wconf 72' lang='lat' dir='ltr'><strong>debeant,</strong></span> <span class='ocrx_word' id='word_1_254' title='bbox 1157 2028 1215 2079; x_wconf 87' lang='lat' dir='ltr'><strong>et</strong></span> <span class='ocrx_word' id='word_1_255' title='bbox 1267 2024 1364 2096; x_wconf 79' lang='lat' dir='ltr'><strong>qui</strong></span> <span class='ocrx_word' id='word_1_256' title='bbox 1410 2022 1559 2080; x_wconf 83' lang='lat' dir='ltr'><strong>ordo</strong></span> <span class='ocrx_word' id='word_1_257' title='bbox 1588 2024 1652 2078; x_wconf 79' lang='lat' dir='ltr'><strong>in</strong></span> <span class='ocrx_word' id='word_1_258' title='bbox 1669 2022 1909 2094; x_wconf 77' lang='lat' dir='ltr'><strong>judiciis</strong></span> 
     </span>
    </p>
   </div>
   <div class='ocr_carea' id='block_1_36' title="bbox 379 2095 1492 2152">
    <p class='ocr_par' dir='ltr' id='par_1_36' title="bbox 379 2095 1492 2152">
     <span class='ocr_line' id='line_1_36' title="bbox 379 2095 1492 2152; baseline -0.004 0"><span class='ocrx_word' id='word_1_259' title='bbox 379 2095 784 2152; x_wconf 68' lang='lat' dir='ltr'><strong>ecclesiasticis</strong></span> <span class='ocrx_word' id='word_1_260' title='bbox 808 2095 1204 2151; x_wconf 79' lang='lat' dir='ltr'><strong>observandas.</strong></span> <span class='ocrx_word' id='word_1_261' title='bbox 1278 2095 1283 2096; x_wconf 54' lang='grc'><strong>“</strong></span> <span class='ocrx_word' id='word_1_262' title='bbox 1481 2097 1492 2100; x_wconf 82' lang='grc'><strong><em>“</em></strong></span> 
     </span>
    </p>
   </div>
   <div class='ocr_carea' id='block_1_37' title="bbox 377 2189 1910 2262">
    <p class='ocr_par' dir='ltr' id='par_1_37' title="bbox 377 2189 1910 2262">
     <span class='ocr_line' id='line_1_37' title="bbox 377 2189 1910 2262; baseline -0.003 -14"><span class='ocrx_word' id='word_1_263' title='bbox 377 2192 522 2248; x_wconf 73' lang='lat' dir='ltr'><strong>Nam</strong></span> <span class='ocrx_word' id='word_1_264' title='bbox 547 2204 674 2248; x_wconf 88' lang='lat' dir='ltr'><strong>cum</strong></span> <span class='ocrx_word' id='word_1_265' title='bbox 702 2191 846 2250; x_wconf 78' lang='lat' dir='ltr'><strong>dicat</strong></span> <span class='ocrx_word' id='word_1_266' title='bbox 873 2189 1067 2247; x_wconf 86' lang='lat' dir='ltr'><strong>beatus</strong></span> <span class='ocrx_word' id='word_1_267' title='bbox 1116 2192 1304 2246; x_wconf 83' lang='lat' dir='ltr'><strong>Petrus</strong></span> <span class='ocrx_word' id='word_1_268' title='bbox 1332 2189 1610 2262; x_wconf 85' lang='lat' dir='ltr'><strong>apostolus</strong></span> <span class='ocrx_word' id='word_1_269' title='bbox 1643 2204 1657 2244; x_wconf 89' lang='lat'>:</span> <span class='ocrx_word' id='word_1_270' title='bbox 1687 2190 1746 2244; x_wconf 87' lang='lat' dir='ltr'><strong>Si</strong></span> <span class='ocrx_word' id='word_1_271' title='bbox 1775 2190 1910 2245; x_wconf 78' lang='lat' dir='ltr'><strong>bene</strong></span> 
     </span>
    </p>
   </div>
   <div class='ocr_carea' id='block_1_38' title="bbox 309 2278 1910 2353">
    <p class='ocr_par' dir='ltr' id='par_1_38' title="bbox 309 2278 1910 2353">
     <span class='ocr_line' id='line_1_38' title="bbox 309 2278 1910 2353; baseline -0.002 -16"><span class='ocrx_word' id='word_1_272' title='bbox 309 2281 589 2352; x_wconf 62' lang='lat' dir='ltr'><strong>facientes</strong></span> <span class='ocrx_word' id='word_1_273' title='bbox 621 2283 915 2353; x_wconf 72' lang='lat' dir='ltr'><strong>patienter</strong></span> <span class='ocrx_word' id='word_1_274' title='bbox 931 2281 1253 2346; x_wconf 74' lang='lat' dir='ltr'><strong>sustinetis,</strong></span> <span class='ocrx_word' id='word_1_275' title='bbox 1294 2280 1409 2334; x_wconf 72' lang='grc' dir='ltr'><strong>Ιιωσ</strong></span> <span class='ocrx_word' id='word_1_276' title='bbox 1439 2282 1525 2335; x_wconf 82' lang='lat' dir='ltr'><strong>est</strong></span> <span class='ocrx_word' id='word_1_277' title='bbox 1551 2281 1737 2350; x_wconf 84' lang='lat' dir='ltr'><strong>gratia</strong></span> <span class='ocrx_word' id='word_1_278' title='bbox 1757 2278 1910 2350; x_wconf 82' lang='lat' dir='ltr'><strong>apud</strong></span> 
     </span>
    </p>
   </div>
   <div class='ocr_carea' id='block_1_39' title="bbox 313 2367 1910 2440">
    <p class='ocr_par' dir='ltr' id='par_1_39' title="bbox 313 2367 1910 2440">
     <span class='ocr_line' id='line_1_39' title="bbox 313 2367 1910 2440; baseline -0.003 -13"><span class='ocrx_word' id='word_1_279' title='bbox 313 2369 486 2427; x_wconf 73' lang='lat' dir='ltr'><strong>Deum</strong></span> <span class='ocrx_word' id='word_1_280' title='bbox 515 2371 569 2440; x_wconf 88' lang='grc' dir='ltr'><em>(Ι</em></span> <span class='ocrx_word' id='word_1_281' title='bbox 593 2371 747 2424; x_wconf 79' lang='lat' dir='ltr'><strong>Patr.</strong></span> <span class='ocrx_word' id='word_1_282' title='bbox 781 2369 866 2439; x_wconf 80' lang='grc' dir='ltr'><strong>ιι),</strong></span> <span class='ocrx_word' id='word_1_283' title='bbox 897 2383 1066 2424; x_wconf 82' lang='lat' dir='ltr'><strong>causa</strong></span> <span class='ocrx_word' id='word_1_284' title='bbox 1093 2367 1406 2437; x_wconf 87' lang='lat' dir='ltr'><strong>injuriarum</strong></span> <span class='ocrx_word' id='word_1_285' title='bbox 1429 2374 1660 2434; x_wconf 86' lang='lat' dir='ltr'><strong>tuarum,</strong></span> <span class='ocrx_word' id='word_1_286' title='bbox 1685 2367 1826 2422; x_wconf 86' lang='lat' dir='ltr'><strong>sicut</strong></span> <span class='ocrx_word' id='word_1_287' title='bbox 1853 2367 1910 2422; x_wconf 89' lang='lat' dir='ltr'><strong>in</strong></span> 
     </span>
    </p>
   </div>
   <div class='ocr_carea' id='block_1_40' title="bbox 309 2455 1908 2530">
    <p class='ocr_par' dir='ltr' id='par_1_40' title="bbox 309 2455 1908 2530">
     <span class='ocr_line' id='line_1_40' title="bbox 309 2455 1908 2530; baseline -0.003 -16"><span class='ocrx_word' id='word_1_288' title='bbox 309 2457 570 2530; x_wconf 80' lang='lat' dir='ltr'><strong>petitione</strong></span> <span class='ocrx_word' id='word_1_289' title='bbox 593 2456 725 2512; x_wconf 88' lang='lat' dir='ltr'><strong>mihi</strong></span> <span class='ocrx_word' id='word_1_290' title='bbox 755 2457 828 2512; x_wconf 86' lang='lat' dir='ltr'><strong>ab</strong></span> <span class='ocrx_word' id='word_1_291' title='bbox 855 2457 1088 2514; x_wconf 82' lang='lat' dir='ltr'><strong>ecclesia</strong></span> <span class='ocrx_word' id='word_1_292' title='bbox 1125 2455 1473 2512; x_wconf 87' lang='lat' dir='ltr'><strong>Laudunensi</strong></span> <span class='ocrx_word' id='word_1_293' title='bbox 1501 2456 1629 2511; x_wconf 86' lang='lat' dir='ltr'><strong>data</strong></span> <span class='ocrx_word' id='word_1_294' title='bbox 1658 2455 1908 2512; x_wconf 88' lang='lat' dir='ltr'><strong>contine-</strong></span> 
     </span>
    </p>
   </div>
   <div class='ocr_carea' id='block_1_41' title="bbox 309 2543 1909 2617">
    <p class='ocr_par' dir='ltr' id='par_1_41' title="bbox 309 2543 1909 2617">
     <span class='ocr_line' id='line_1_41' title="bbox 309 2543 1909 2617; baseline -0.002 -16"><span class='ocrx_word' id='word_1_295' title='bbox 309 2553 412 2613; x_wconf 80' lang='lat' dir='ltr'><strong>tur,</strong></span> <span class='ocrx_word' id='word_1_296' title='bbox 443 2545 801 2617; x_wconf 70' lang='lat' dir='ltr'><strong>presbyteros</strong></span> <span class='ocrx_word' id='word_1_297' title='bbox 821 2551 876 2600; x_wconf 90' lang='lat' dir='ltr'><strong>et</strong></span> <span class='ocrx_word' id='word_1_298' title='bbox 893 2543 1180 2610; x_wconf 73' lang='lat' dir='ltr'><strong>diaconos,</strong></span> <span class='ocrx_word' id='word_1_299' title='bbox 1200 2558 1268 2601; x_wconf 87' lang='lat' dir='ltr'><strong>ac</strong></span> <span class='ocrx_word' id='word_1_300' title='bbox 1287 2543 1530 2615; x_wconf 88' lang='lat' dir='ltr'><strong>reliquos</strong></span> <span class='ocrx_word' id='word_1_301' title='bbox 1550 2543 1783 2599; x_wconf 90' lang='lat' dir='ltr'><strong>clericos</strong></span> <span class='ocrx_word' id='word_1_302' title='bbox 1799 2559 1909 2599; x_wconf 92' lang='lat' dir='ltr'><strong>non</strong></span> 
     </span>
    </p>
   </div>
   <div class='ocr_carea' id='block_1_42' title="bbox 309 2631 1910 2703">
    <p class='ocr_par' dir='ltr' id='par_1_42' title="bbox 309 2631 1910 2703">
     <span class='ocr_line' id='line_1_42' title="bbox 309 2631 1910 2703; baseline -0.003 -12"><span class='ocrx_word' id='word_1_303' title='bbox 309 2640 617 2702; x_wconf 64' lang='lat' dir='ltr'><strong>accinctos,</strong></span> <span class='ocrx_word' id='word_1_304' title='bbox 650 2647 754 2690; x_wconf 83' lang='lat' dir='ltr'><strong>nec</strong></span> <span class='ocrx_word' id='word_1_305' title='bbox 781 2632 1084 2700; x_wconf 81' lang='lat' dir='ltr'><strong>confessos,</strong></span> <span class='ocrx_word' id='word_1_306' title='bbox 1115 2647 1294 2703; x_wconf 91' lang='lat' dir='ltr'><strong>neque</strong></span> <span class='ocrx_word' id='word_1_307' title='bbox 1333 2631 1630 2698; x_wconf 89' lang='lat' dir='ltr'><strong>convictos,</strong></span> <span class='ocrx_word' id='word_1_308' title='bbox 1663 2631 1730 2686; x_wconf 90' lang='lat' dir='ltr'><strong>ab</strong></span> <span class='ocrx_word' id='word_1_309' title='bbox 1761 2631 1910 2687; x_wconf 90' lang='lat' dir='ltr'><strong>omni</strong></span> 
     </span>
    </p>
   </div>
   <div class='ocr_carea' id='block_1_43' title="bbox 309 2719 1944 2788">
    <p class='ocr_par' dir='ltr' id='par_1_43' title="bbox 309 2719 1944 2788">
     <span class='ocr_line' id='line_1_43' title="bbox 309 2719 1944 2788; baseline -0.003 -9"><span class='ocrx_word' id='word_1_310' title='bbox 309 2721 681 2779; x_wconf 76' lang='lat' dir='ltr'><strong>ecclesiastico</strong></span> <span class='ocrx_word' id='word_1_311' title='bbox 735 2720 914 2778; x_wconf 78' lang='lat' dir='ltr'><strong>oﬁicio</strong></span> <span class='ocrx_word' id='word_1_312' title='bbox 971 2719 1468 2787; x_wconf 80' lang='lat' dir='ltr'><strong>excommunicasti,</strong></span> <span class='ocrx_word' id='word_1_313' title='bbox 1531 2727 1584 2776; x_wconf 91' lang='lat' dir='ltr'><strong>et</strong></span> <span class='ocrx_word' id='word_1_314' title='bbox 1645 2727 1704 2774; x_wconf 93' lang='lat' dir='ltr'><strong>ut</strong></span> <span class='ocrx_word' id='word_1_315' title='bbox 1746 2735 1944 2788; x_wconf 89' lang='lat' dir='ltr'><strong>nemo_</strong></span> 
     </span>
    </p>
   </div>
   <div class='ocr_carea' id='block_1_44' title="bbox 305 2807 1902 2880">
    <p class='ocr_par' dir='ltr' id='par_1_44' title="bbox 305 2807 1902 2880">
     <span class='ocr_line' id='line_1_44' title="bbox 305 2807 1902 2880; baseline -0.003 -13"><span class='ocrx_word' id='word_1_316' title='bbox 305 2826 465 2867; x_wconf 74' lang='lat' dir='ltr'><strong>sacra</strong></span> <span class='ocrx_word' id='word_1_317' title='bbox 519 2809 812 2865; x_wconf 83' lang='lat' dir='ltr'><strong>missarum</strong></span> <span class='ocrx_word' id='word_1_318' title='bbox 865 2807 1044 2866; x_wconf 79' lang='lat' dir='ltr'><strong>oﬁicia</strong></span> <span class='ocrx_word' id='word_1_319' title='bbox 1088 2807 1142 2862; x_wconf 91' lang='lat' dir='ltr'><strong>in</strong></span> <span class='ocrx_word' id='word_1_320' title='bbox 1173 2815 1267 2863; x_wconf 88' lang='lat' dir='ltr'><strong>tua</strong></span> <span class='ocrx_word' id='word_1_321' title='bbox 1293 2807 1552 2880; x_wconf 84' lang='lat' dir='ltr'><strong>parochia</strong></span> <span class='ocrx_word' id='word_1_322' title='bbox 1578 2807 1902 2876; x_wconf 85' lang='lat' dir='ltr'><strong>celebraret,</strong></span> 
     </span>
    </p>
   </div>
   <div class='ocr_carea' id='block_1_45' title="bbox 307 2895 1908 2956">
    <p class='ocr_par' dir='ltr' id='par_1_45' title="bbox 307 2895 1908 2956">
     <span class='ocr_line' id='line_1_45' title="bbox 307 2895 1908 2956; baseline -0.002 0"><span class='ocrx_word' id='word_1_323' title='bbox 307 2897 632 2956; x_wconf 63' lang='lat' dir='ltr'><strong>iter-dixisti</strong></span> <span class='ocrx_word' id='word_1_324' title='bbox 665 2913 679 2954; x_wconf 91' lang='lat'>:</span> <span class='ocrx_word' id='word_1_325' title='bbox 715 2912 839 2954; x_wconf 90' lang='lat' dir='ltr'><strong>cum</strong></span> <span class='ocrx_word' id='word_1_326' title='bbox 867 2897 1009 2953; x_wconf 86' lang='lat' dir='ltr'><strong>sacri</strong></span> <span class='ocrx_word' id='word_1_327' title='bbox 1055 2909 1295 2952; x_wconf 87' lang='lat' dir='ltr'><strong>canones</strong></span> <span class='ocrx_word' id='word_1_328' title='bbox 1323 2896 1598 2952; x_wconf 87' lang='lat' dir='ltr'><strong>neminem</strong></span> <span class='ocrx_word' id='word_1_329' title='bbox 1627 2895 1696 2951; x_wconf 89' lang='lat' dir='ltr'><strong>ab</strong></span> <span class='ocrx_word' id='word_1_330' title='bbox 1728 2896 1908 2953; x_wconf 74' lang='lat' dir='ltr'><strong>ofﬁcio</strong></span> 
     </span>
    </p>
   </div>
   <div class='ocr_carea' id='block_1_46' title="bbox 2007 1753 3601 1834">
    <p class='ocr_par' dir='ltr' id='par_1_46' title="bbox 2007 1753 3601 1834">
     <span class='ocr_line' id='line_1_46' title="bbox 2007 1753 3601 1834; baseline 0.006 -26"><span class='ocrx_word' id='word_1_331' title='bbox 2007 1753 2094 1809; x_wconf 87' lang='lat' dir='ltr'><strong>sit.</strong></span> <span class='ocrx_word' id='word_1_332' title='bbox 2135 1775 2158 1804; x_wconf 81' lang='grc'>»</span> <span class='ocrx_word' id='word_1_333' title='bbox 2189 1755 2258 1808; x_wconf 84' lang='lat' dir='ltr'><strong>Et</strong></span> <span class='ocrx_word' id='word_1_334' title='bbox 2287 1755 2696 1822; x_wconf 89' lang='lat' dir='ltr'><strong>attendendum,</strong></span> <span class='ocrx_word' id='word_1_335' title='bbox 2749 1757 2875 1828; x_wconf 87' lang='lat' dir='ltr'><strong>quia</strong></span> <span class='ocrx_word' id='word_1_336' title='bbox 2922 1758 3053 1814; x_wconf 86' lang='lat' dir='ltr'><strong>dicit</strong></span> <span class='ocrx_word' id='word_1_337' title='bbox 3094 1777 3211 1816; x_wconf 77' lang='lat' dir='ltr'><strong>non</strong></span> <span class='ocrx_word' id='word_1_338' title='bbox 3250 1763 3521 1834; x_wconf 76' lang='lat' dir='ltr'><strong>potuisse,</strong></span> <span class='ocrx_word' id='word_1_339' title='bbox 3545 1770 3601 1821; x_wconf 85' lang='lat' dir='ltr'><strong>et</strong></span> 
     </span>
    </p>
   </div>
   <div class='ocr_carea' id='block_1_47' title="bbox 2007 1841 3598 1907">
    <p class='ocr_par' dir='ltr' id='par_1_47' title="bbox 2007 1841 3598 1907">
     <span class='ocr_line' id='line_1_47' title="bbox 2007 1841 3598 1907; baseline 0.006 -11"><span class='ocrx_word' id='word_1_340' title='bbox 2007 1858 2120 1897; x_wconf 92' lang='lat' dir='ltr'><strong>non</strong></span> <span class='ocrx_word' id='word_1_341' title='bbox 2149 1841 2279 1899; x_wconf 84' lang='lat' dir='ltr'><strong>dicit</strong></span> <span class='ocrx_word' id='word_1_342' title='bbox 2305 1860 2421 1900; x_wconf 82' lang='lat' dir='ltr'><strong>non</strong></span> <span class='ocrx_word' id='word_1_343' title='bbox 2450 1845 2708 1900; x_wconf 81' lang='lat' dir='ltr'><strong>voluisse.</strong></span> <span class='ocrx_word' id='word_1_344' title='bbox 2758 1843 2850 1901; x_wconf 90' lang='lat' dir='ltr'><strong>Sic</strong></span> <span class='ocrx_word' id='word_1_345' title='bbox 2897 1853 2950 1900; x_wconf 89' lang='lat' dir='ltr'><strong>et</strong></span> <span class='ocrx_word' id='word_1_346' title='bbox 2977 1847 3046 1901; x_wconf 92' lang='lat' dir='ltr'><strong>de</strong></span> <span class='ocrx_word' id='word_1_347' title='bbox 3076 1849 3554 1907; x_wconf 82' lang='lat' dir='ltr'><strong>accusatore&#39;dicit</strong></span> <span class='ocrx_word' id='word_1_348' title='bbox 3581 1867 3598 1906; x_wconf 90' lang='lat'><strong>:</strong></span> 
     </span>
    </p>
   </div>
   <div class='ocr_carea' id='block_1_48' title="bbox 2010 1931 3598 2012">
    <p class='ocr_par' dir='ltr' id='par_1_48' title="bbox 2010 1931 3598 2012">
     <span class='ocr_line' id='line_1_48' title="bbox 2010 1931 3598 2012; baseline 0.006 -26"><span class='ocrx_word' id='word_1_349' title='bbox 2010 1953 2032 1977; x_wconf 75' lang='grc' dir='ltr'>α</span> <span class='ocrx_word' id='word_1_350' title='bbox 2063 1931 2133 1986; x_wconf 92' lang='lat' dir='ltr'><strong>Ut</strong></span> <span class='ocrx_word' id='word_1_351' title='bbox 2159 1947 2262 1986; x_wconf 90' lang='lat' dir='ltr'><strong>nec</strong></span> <span class='ocrx_word' id='word_1_352' title='bbox 2287 1931 2390 2002; x_wconf 90' lang='lat' dir='ltr'><strong>ipsi</strong></span> <span class='ocrx_word' id='word_1_353' title='bbox 2417 1932 2684 1988; x_wconf 88' lang='lat' dir='ltr'><strong>adimatur</strong></span> <span class='ocrx_word' id='word_1_354' title='bbox 2712 1931 2941 1989; x_wconf 83' lang='lat' dir='ltr'><strong>facultas</strong></span> <span class='ocrx_word' id='word_1_355' title='bbox 2969 1949 3149 1990; x_wconf 71' lang='lat' dir='ltr'><strong>causae</strong></span> <span class='ocrx_word' id='word_1_356' title='bbox 3178 1953 3292 1994; x_wconf 64' lang='lat' dir='ltr'><strong>suae</strong></span> <span class='ocrx_word' id='word_1_357' title='bbox 3315 1953 3598 2012; x_wconf 68' lang='lat' dir='ltr'><strong>peragen-</strong></span> 
     </span>
    </p>
   </div>
   <div class='ocr_carea' id='block_1_49' title="bbox 2006 2017 3600 2097">
    <p class='ocr_par' dir='ltr' id='par_1_49' title="bbox 2006 2017 3600 2097">
     <span class='ocr_line' id='line_1_49' title="bbox 2006 2017 3600 2097; baseline 0.006 -25"><span class='ocrx_word' id='word_1_358' title='bbox 2006 2017 2111 2088; x_wconf 66' lang='lat' dir='ltr'><strong>dae,</strong></span> <span class='ocrx_word' id='word_1_359' title='bbox 2144 2019 2190 2073; x_wconf 90' lang='lat' dir='ltr'><strong>si</strong></span> <span class='ocrx_word' id='word_1_360' title='bbox 2220 2035 2280 2074; x_wconf 89' lang='lat' dir='ltr'><strong>se</strong></span> <span class='ocrx_word' id='word_1_361' title='bbox 2311 2020 2383 2074; x_wconf 93' lang='lat' dir='ltr'><strong>ad</strong></span> <span class='ocrx_word' id='word_1_362' title='bbox 2411 2020 2556 2075; x_wconf 90' lang='lat' dir='ltr'><strong>diem</strong></span> <span class='ocrx_word' id='word_1_363' title='bbox 2583 2035 2875 2077; x_wconf 86' lang='lat' dir='ltr'><strong>occurrere</strong></span> <span class='ocrx_word' id='word_1_364' title='bbox 2917 2037 3028 2077; x_wconf 92' lang='lat' dir='ltr'><strong>non</strong></span> <span class='ocrx_word' id='word_1_365' title='bbox 3057 2022 3295 2080; x_wconf 86' lang='lat' dir='ltr'><strong>valuisse</strong></span> <span class='ocrx_word' id='word_1_366' title='bbox 3323 2027 3600 2097; x_wconf 87' lang='lat' dir='ltr'><strong>probave-</strong></span> 
     </span>
    </p>
   </div>
   <div class='ocr_carea' id='block_1_50' title="bbox 2007 2107 3601 2177">
    <p class='ocr_par' dir='ltr' id='par_1_50' title="bbox 2007 2107 3601 2177">
     <span class='ocr_line' id='line_1_50' title="bbox 2007 2107 3601 2177; baseline 0.006 -17"><span class='ocrx_word' id='word_1_367' title='bbox 2007 2107 2092 2162; x_wconf 85' lang='lat' dir='ltr'><strong>rit.</strong></span> <span class='ocrx_word' id='word_1_368' title='bbox 2131 2126 2154 2158; x_wconf 80' lang='grc'><strong>»</strong></span> <span class='ocrx_word' id='word_1_369' title='bbox 2189 2108 2279 2164; x_wconf 89' lang='lat' dir='ltr'><strong>Sic</strong></span> <span class='ocrx_word' id='word_1_370' title='bbox 2307 2117 2356 2164; x_wconf 91' lang='lat' dir='ltr'><strong>et</strong></span> <span class='ocrx_word' id='word_1_371' title='bbox 2414 2109 2611 2164; x_wconf 89' lang='lat' dir='ltr'><strong>iterum</strong></span> <span class='ocrx_word' id='word_1_372' title='bbox 2670 2111 2738 2164; x_wconf 89' lang='lat' dir='ltr'><strong>de</strong></span> <span class='ocrx_word' id='word_1_373' title='bbox 2796 2119 3070 2177; x_wconf 82' lang='lat' dir='ltr'><strong>accusata,</strong></span> <span class='ocrx_word' id='word_1_374' title='bbox 3121 2111 3167 2165; x_wconf 89' lang='lat' dir='ltr'><strong>si</strong></span> <span class='ocrx_word' id='word_1_375' title='bbox 3214 2111 3286 2167; x_wconf 92' lang='lat' dir='ltr'><strong>ad</strong></span> <span class='ocrx_word' id='word_1_376' title='bbox 3314 2113 3601 2170; x_wconf 87' lang='lat' dir='ltr'><strong>concilium</strong></span> 
     </span>
    </p>
   </div>
   <div class='ocr_carea' id='block_1_51' title="bbox 2006 2195 3604 2267">
    <p class='ocr_par' dir='ltr' id='par_1_51' title="bbox 2006 2195 3604 2267">
     <span class='ocr_line' id='line_1_51' title="bbox 2006 2195 3604 2267; baseline 0.005 -17"><span class='ocrx_word' id='word_1_377' title='bbox 2006 2195 2318 2252; x_wconf 88' lang='lat' dir='ltr'><strong>universale</strong></span> <span class='ocrx_word' id='word_1_378' title='bbox 2347 2197 2779 2252; x_wconf 85' lang='lat' dir='ltr'><strong>anniversarium</strong></span> <span class='ocrx_word' id='word_1_379' title='bbox 2815 2213 3110 2254; x_wconf 88' lang='lat' dir='ltr'><strong>occurrere</strong></span> <span class='ocrx_word' id='word_1_380' title='bbox 3137 2199 3390 2267; x_wconf 89' lang='lat' dir='ltr'><strong>noluerit,</strong></span> <span class='ocrx_word' id='word_1_381' title='bbox 3425 2202 3554 2258; x_wconf 90' lang='lat' dir='ltr'><strong>dicit</strong></span> <span class='ocrx_word' id='word_1_382' title='bbox 3587 2220 3604 2258; x_wconf 87' lang='lat'><strong>:</strong></span> 
     </span>
    </p>
   </div>
   <div class='ocr_carea' id='block_1_52' title="bbox 2012 2283 3606 2353">
    <p class='ocr_par' dir='ltr' id='par_1_52' title="bbox 2012 2283 3606 2353">
     <span class='ocr_line' id='line_1_52' title="bbox 2012 2283 3606 2353; baseline 0.008 -20"><span class='ocrx_word' id='word_1_383' title='bbox 2012 2305 2034 2333; x_wconf 74' lang='grc' dir='ltr'><strong>α</strong></span> <span class='ocrx_word' id='word_1_384' title='bbox 2063 2283 2224 2353; x_wconf 86' lang='lat' dir='ltr'><strong>Quod</strong></span> <span class='ocrx_word' id='word_1_385' title='bbox 2253 2283 2300 2339; x_wconf 94' lang='lat' dir='ltr'><strong>si</strong></span> <span class='ocrx_word' id='word_1_386' title='bbox 2329 2293 2610 2342; x_wconf 87' lang='lat' dir='ltr'><strong>accusatus</strong></span> <span class='ocrx_word' id='word_1_387' title='bbox 2626 2287 2713 2342; x_wconf 91' lang='lat' dir='ltr'><strong>vel</strong></span> <span class='ocrx_word' id='word_1_388' title='bbox 2729 2293 3016 2342; x_wconf 88' lang='lat' dir='ltr'><strong>accusator</strong></span> <span class='ocrx_word' id='word_1_389' title='bbox 3034 2302 3323 2344; x_wconf 87' lang='lat' dir='ltr'><strong>occurrere</strong></span> <span class='ocrx_word' id='word_1_390' title='bbox 3352 2289 3522 2346; x_wconf 85' lang='lat' dir='ltr'><strong>voluit</strong></span> <span class='ocrx_word' id='word_1_391' title='bbox 3551 2297 3606 2346; x_wconf 89' lang='lat' dir='ltr'><strong>et</strong></span> 
     </span>
    </p>
   </div>
   <div class='ocr_carea' id='block_1_53' title="bbox 2006 2373 3604 2449">
    <p class='ocr_par' dir='ltr' id='par_1_53' title="bbox 2006 2373 3604 2449">
     <span class='ocr_line' id='line_1_53' title="bbox 2006 2373 3604 2449; baseline 0.004 -21"><span class='ocrx_word' id='word_1_392' title='bbox 2006 2386 2117 2428; x_wconf 88' lang='lat' dir='ltr'><strong>non</strong></span> <span class='ocrx_word' id='word_1_393' title='bbox 2148 2373 2328 2439; x_wconf 87' lang='lat' dir='ltr'><strong>valuit,</strong></span> <span class='ocrx_word' id='word_1_394' title='bbox 2382 2373 2747 2430; x_wconf 85' lang='lat' dir='ltr'><strong>excusabilem</strong></span> <span class='ocrx_word' id='word_1_395' title='bbox 2789 2373 3088 2447; x_wconf 87' lang='lat' dir='ltr'><strong>quemlibet</strong></span> <span class='ocrx_word' id='word_1_396' title='bbox 3129 2392 3319 2431; x_wconf 89' lang='lat' dir='ltr'><strong>eorum</strong></span> <span class='ocrx_word' id='word_1_397' title='bbox 3363 2377 3604 2449; x_wconf 81' lang='lat' dir='ltr'><strong>synodus</strong></span> 
     </span>
    </p>
   </div>
   <div class='ocr_carea' id='block_1_54' title="bbox 2008 2461 3602 2537">
    <p class='ocr_par' dir='ltr' id='par_1_54' title="bbox 2008 2461 3602 2537">
     <span class='ocr_line' id='line_1_54' title="bbox 2008 2461 3602 2537; baseline 0.004 -21"><span class='ocrx_word' id='word_1_398' title='bbox 2008 2475 2130 2516; x_wconf 83' lang='lat' dir='ltr'><strong>esse</strong></span> <span class='ocrx_word' id='word_1_399' title='bbox 2160 2461 2348 2516; x_wconf 89' lang='lat' dir='ltr'><strong>voluit.</strong></span> <span class='ocrx_word' id='word_1_400' title='bbox 2377 2483 2400 2511; x_wconf 81' lang='grc'><strong>»</strong></span> <span class='ocrx_word' id='word_1_401' title='bbox 2435 2463 2551 2517; x_wconf 89' lang='lat' dir='ltr'><strong>Hoc</strong></span> <span class='ocrx_word' id='word_1_402' title='bbox 2581 2462 2781 2533; x_wconf 89' lang='lat' dir='ltr'><strong>quippe</strong></span> <span class='ocrx_word' id='word_1_403' title='bbox 2809 2462 3064 2519; x_wconf 79' lang='lat' dir='ltr'><strong>Africana</strong></span> <span class='ocrx_word' id='word_1_404' title='bbox 3091 2464 3330 2534; x_wconf 85' lang='lat' dir='ltr'><strong>synodus</strong></span> <span class='ocrx_word' id='word_1_405' title='bbox 3352 2473 3602 2537; x_wconf 86' lang='lat' dir='ltr'><strong>patenter</strong></span> 
     </span>
    </p>
   </div>
   <div class='ocr_carea' id='block_1_55' title="bbox 2006 2547 3606 2621">
    <p class='ocr_par' dir='ltr' id='par_1_55' title="bbox 2006 2547 3606 2621">
     <span class='ocr_line' id='line_1_55' title="bbox 2006 2547 3606 2621; baseline 0.004 -17"><span class='ocrx_word' id='word_1_406' title='bbox 2006 2547 2262 2614; x_wconf 87' lang='lat' dir='ltr'><strong>ostendit,</strong></span> <span class='ocrx_word' id='word_1_407' title='bbox 2294 2549 2482 2604; x_wconf 91' lang='lat' dir='ltr'><strong>dicens</strong></span> <span class='ocrx_word' id='word_1_408' title='bbox 2511 2550 2662 2621; x_wconf 77' lang='lat' dir='ltr'><strong>(can.</strong></span> <span class='ocrx_word' id='word_1_409' title='bbox 2699 2550 2786 2618; x_wconf 78' lang='grc'><strong>46)</strong></span> <span class='ocrx_word' id='word_1_410' title='bbox 2821 2566 2832 2605; x_wconf 95' lang='lat'><strong>:</strong></span> <span class='ocrx_word' id='word_1_411' title='bbox 2871 2572 2894 2601; x_wconf 76' lang='grc' dir='ltr'><strong>α</strong></span> <span class='ocrx_word' id='word_1_412' title='bbox 2931 2552 3000 2606; x_wconf 87' lang='lat' dir='ltr'><strong>Ut</strong></span> <span class='ocrx_word' id='word_1_413' title='bbox 3028 2551 3073 2606; x_wconf 91' lang='lat' dir='ltr'><strong>si</strong></span> <span class='ocrx_word' id='word_1_414' title='bbox 3102 2551 3245 2606; x_wconf 90' lang='lat' dir='ltr'><strong>intra</strong></span> <span class='ocrx_word' id='word_1_415' title='bbox 3275 2567 3476 2608; x_wconf 88' lang='lat' dir='ltr'><strong>annum</strong></span> <span class='ocrx_word' id='word_1_416' title='bbox 3505 2569 3606 2610; x_wconf 81' lang='lat' dir='ltr'><strong>ex-</strong></span> 
     </span>
    </p>
   </div>
   <div class='ocr_carea' id='block_1_56' title="bbox 2005 2637 3604 2712">
    <p class='ocr_par' dir='ltr' id='par_1_56' title="bbox 2005 2637 3604 2712">
     <span class='ocr_line' id='line_1_56' title="bbox 2005 2637 3604 2712; baseline 0.003 -19"><span class='ocrx_word' id='word_1_417' title='bbox 2005 2637 2509 2693; x_wconf 88' lang='lat' dir='ltr'><strong>communicationis</strong></span> <span class='ocrx_word' id='word_1_418' title='bbox 2537 2652 2764 2693; x_wconf 85' lang='lat' dir='ltr'><strong>causam</strong></span> <span class='ocrx_word' id='word_1_419' title='bbox 2793 2653 2947 2693; x_wconf 90' lang='lat' dir='ltr'><strong>suam</strong></span> <span class='ocrx_word' id='word_1_420' title='bbox 2987 2653 3226 2710; x_wconf 85' lang='lat' dir='ltr'><strong>purgare</strong></span> <span class='ocrx_word' id='word_1_421' title='bbox 3254 2648 3604 2712; x_wconf 82' lang='lat' dir='ltr'><strong>contempse-</strong></span> 
     </span>
    </p>
   </div>
   <div class='ocr_carea' id='block_1_57' title="bbox 2006 2724 3600 2801">
    <p class='ocr_par' dir='ltr' id='par_1_57' title="bbox 2006 2724 3600 2801">
     <span class='ocr_line' id='line_1_57' title="bbox 2006 2724 3600 2801; baseline 0.005 -23"><span class='ocrx_word' id='word_1_422' title='bbox 2006 2724 2095 2778; x_wconf 85' lang='lat' dir='ltr'><strong>rit.</strong></span> <span class='ocrx_word' id='word_1_423' title='bbox 2134 2743 2157 2774; x_wconf 81' lang='grc'><strong>»</strong></span> <span class='ocrx_word' id='word_1_424' title='bbox 2189 2724 2344 2780; x_wconf 89' lang='lat' dir='ltr'><strong>Unde</strong></span> <span class='ocrx_word' id='word_1_425' title='bbox 2391 2733 2444 2779; x_wconf 91' lang='lat' dir='ltr'><strong>et</strong></span> <span class='ocrx_word' id='word_1_426' title='bbox 2492 2725 2923 2796; x_wconf 76' lang='lat' dir='ltr'><strong>Carthaginense</strong></span> <span class='ocrx_word' id='word_1_427' title='bbox 2967 2726 3260 2782; x_wconf 90' lang='lat' dir='ltr'><strong>concilium</strong></span> <span class='ocrx_word' id='word_1_428' title='bbox 3287 2726 3419 2785; x_wconf 88' lang='lat' dir='ltr'><strong>dicit</strong></span> <span class='ocrx_word' id='word_1_429' title='bbox 3447 2728 3600 2801; x_wconf 71' lang='lat' dir='ltr'><strong>(can.</strong></span> 
     </span>
    </p>
   </div>
   <div class='ocr_carea' id='block_1_58' title="bbox 2009 2813 3608 2887">
    <p class='ocr_par' dir='ltr' id='par_1_58' title="bbox 2009 2813 3608 2887">
     <span class='ocr_line' id='line_1_58' title="bbox 2009 2813 3608 2887; baseline 0.005 -21"><span class='ocrx_word' id='word_1_430' title='bbox 2009 2815 2125 2882; x_wconf 79' lang='lat' dir='ltr'><strong>l9):</strong></span> <span class='ocrx_word' id='word_1_431' title='bbox 2152 2833 2174 2864; x_wconf 79' lang='grc' dir='ltr'>ι</span> <span class='ocrx_word' id='word_1_432' title='bbox 2199 2813 2460 2884; x_wconf 84' lang='lat' dir='ltr'><strong>Quisquis</strong></span> <span class='ocrx_word' id='word_1_433' title='bbox 2479 2813 2859 2884; x_wconf 89' lang='lat' dir='ltr'><strong>episcoporum</strong></span> <span class='ocrx_word' id='word_1_434' title='bbox 2888 2819 3193 2882; x_wconf 85' lang='lat' dir='ltr'><strong>accusatur,</strong></span> <span class='ocrx_word' id='word_1_435' title='bbox 3223 2817 3294 2871; x_wconf 88' lang='lat' dir='ltr'><strong>ad</strong></span> <span class='ocrx_word' id='word_1_436' title='bbox 3321 2815 3608 2887; x_wconf 88' lang='lat' dir='ltr'><strong>primatem</strong></span> 
     </span>
    </p>
   </div>
   <div class='ocr_carea' id='block_1_59' title="bbox 2007 2899 3607 2972">
    <p class='ocr_par' dir='ltr' id='par_1_59' title="bbox 2007 2899 3607 2972">
     <span class='ocr_line' id='line_1_59' title="bbox 2007 2899 3607 2972; baseline 0.005 -18"><span class='ocrx_word' id='word_1_437' title='bbox 2007 2899 2302 2972; x_wconf 68' lang='lat' dir='ltr'><strong>provinciae</strong></span> <span class='ocrx_word' id='word_1_438' title='bbox 2355 2901 2527 2971; x_wconf 89' lang='lat' dir='ltr'><strong>ipsius</strong></span> <span class='ocrx_word' id='word_1_439' title='bbox 2583 2917 2801 2956; x_wconf 86' lang='lat' dir='ltr'><strong>causam</strong></span> <span class='ocrx_word' id='word_1_440' title='bbox 2845 2901 3057 2957; x_wconf 85' lang='lat' dir='ltr'><strong>deferat</strong></span> <span class='ocrx_word' id='word_1_441' title='bbox 3105 2912 3406 2970; x_wconf 86' lang='lat' dir='ltr'><strong>accusator,</strong></span> <span class='ocrx_word' id='word_1_442' title='bbox 3439 2920 3544 2962; x_wconf 91' lang='lat' dir='ltr'><strong>nec</strong></span> <span class='ocrx_word' id='word_1_443' title='bbox 3571 2919 3607 2961; x_wconf 89' lang='lat' dir='ltr'><strong>a</strong></span> 
     </span>
    </p>
   </div>
   <div class='ocr_carea' id='block_1_60' title="bbox 305 2983 3608 3061">
    <p class='ocr_par' dir='ltr' id='par_1_60' title="bbox 305 2983 3608 3061">
     <span class='ocr_line' id='line_1_60' title="bbox 305 2983 3608 3061; baseline 0.002 -18"><span class='ocrx_word' id='word_1_444' title='bbox 305 2987 578 3043; x_wconf 71' lang='lat' dir='ltr'><strong>removeri</strong></span> <span class='ocrx_word' id='word_1_445' title='bbox 607 2985 948 3058; x_wconf 82' lang='lat' dir='ltr'><strong>permittant,</strong></span> <span class='ocrx_word' id='word_1_446' title='bbox 972 2983 1090 3040; x_wconf 89' lang='lat' dir='ltr'><strong>nise</strong></span> <span class='ocrx_word' id='word_1_447' title='bbox 1120 2993 1213 3041; x_wconf 89' lang='lat' dir='ltr'><strong>aut</strong></span> <span class='ocrx_word' id='word_1_448' title='bbox 1239 2992 1432 3056; x_wconf 89' lang='lat' dir='ltr'><strong>sponte</strong></span> <span class='ocrx_word' id='word_1_449' title='bbox 1462 2983 1794 3054; x_wconf 86' lang='lat' dir='ltr'><strong>confessum,</strong></span> <span class='ocrx_word' id='word_1_450' title='bbox 1819 2992 1912 3043; x_wconf 86' lang='lat' dir='ltr'><strong>aut</strong></span> <span class='ocrx_word' id='word_1_451' title='bbox 1943 3047 1986 3061; x_wconf 49' lang='grc' dir='ltr'><strong>Α</strong></span> <span class='ocrx_word' id='word_1_452' title='bbox 2007 2990 2386 3045; x_wconf 89' lang='lat' dir='ltr'><strong>communione</strong></span> <span class='ocrx_word' id='word_1_453' title='bbox 2417 2989 2784 3061; x_wconf 89' lang='lat' dir='ltr'><strong>suspendatur</strong></span> <span class='ocrx_word' id='word_1_454' title='bbox 2811 2989 2894 3046; x_wconf 90' lang='lat' dir='ltr'><strong>cui</strong></span> <span class='ocrx_word' id='word_1_455' title='bbox 2927 2990 3133 3046; x_wconf 90' lang='lat' dir='ltr'><strong>crimen</strong></span> <span class='ocrx_word' id='word_1_456' title='bbox 3163 2989 3479 3060; x_wconf 87' lang='lat' dir='ltr'><strong>intenditur,</strong></span> <span class='ocrx_word' id='word_1_457' title='bbox 3495 2992 3608 3048; x_wconf 87' lang='lat' dir='ltr'><strong>nisi</strong></span> 
     </span>
    </p>
   </div>
   <div class='ocr_carea' id='block_1_61' title="bbox 307 3047 1988 3148">
    <p class='ocr_par' dir='ltr' id='par_1_61' title="bbox 307 3047 1988 3148">
     <span class='ocr_line' id='line_1_61' title="bbox 307 3047 1988 3148; baseline -0.002 -16"><span class='ocrx_word' id='word_1_458' title='bbox 307 3047 639 3148; x_wconf 69' lang='lat' dir='ltr'><strong>regulariter</strong></span> <span class='ocrx_word' id='word_1_459' title='bbox 663 3047 990 3142; x_wconf 79' lang='lat' dir='ltr'><strong>convictum,</strong></span> <span class='ocrx_word' id='word_1_460' title='bbox 1041 3081 1136 3128; x_wconf 87' lang='lat' dir='ltr'><strong>aut</strong></span> <span class='ocrx_word' id='word_1_461' title='bbox 1178 3047 1306 3128; x_wconf 77' lang='lat' dir='ltr'><strong>eum</strong></span> <span class='ocrx_word' id='word_1_462' title='bbox 1335 3072 1427 3144; x_wconf 89' lang='lat' dir='ltr'><strong>qui</strong></span> <span class='ocrx_word' id='word_1_463' title='bbox 1456 3047 1789 3146; x_wconf 81' lang='lat' dir='ltr'><strong>regulariter</strong></span> <span class='ocrx_word' id='word_1_464' title='bbox 1813 3089 1910 3128; x_wconf 89' lang='lat' dir='ltr'><strong>vo-</strong></span> <span class='ocrx_word' id='word_1_465' title='bbox 1937 3047 1988 3111; x_wconf 75' lang='lat' dir='ltr'>C</span> 
     </span>
    </p>
   </div>
   <div class='ocr_carea' id='block_1_62' title="bbox 303 3160 3609 3235">
    <p class='ocr_par' dir='ltr' id='par_1_62' title="bbox 303 3160 3609 3235">
     <span class='ocr_line' id='line_1_62' title="bbox 303 3160 3609 3235; baseline 0.001 -15"><span class='ocrx_word' id='word_1_466' title='bbox 303 3167 463 3220; x_wconf 54' lang='lat' dir='ltr'><strong>utne</strong></span> <span class='ocrx_word' id='word_1_467' title='bbox 491 3163 564 3218; x_wconf 85' lang='lat' dir='ltr'><strong>ad</strong></span> <span class='ocrx_word' id='word_1_468' title='bbox 593 3161 887 3218; x_wconf 58' lang='lat' dir='ltr'><strong>reddenda}</strong></span> <span class='ocrx_word' id='word_1_469' title='bbox 916 3160 1417 3230; x_wconf 88' lang='lat' dir='ltr'><strong>rationisjudicium</strong></span> <span class='ocrx_word' id='word_1_470' title='bbox 1433 3160 1620 3216; x_wconf 87' lang='lat' dir='ltr'><strong>venire</strong></span> <span class='ocrx_word' id='word_1_471' title='bbox 1650 3161 1905 3232; x_wconf 88' lang='lat' dir='ltr'><strong>noluerit,</strong></span> <span class='ocrx_word' id='word_1_472' title='bbox 2009 3172 2207 3219; x_wconf 88' lang='lat' dir='ltr'><strong>statuta</strong></span> <span class='ocrx_word' id='word_1_473' title='bbox 2237 3165 2428 3219; x_wconf 90' lang='lat' dir='ltr'><strong>litteris</strong></span> <span class='ocrx_word' id='word_1_474' title='bbox 2447 3173 2702 3220; x_wconf 87' lang='lat' dir='ltr'><strong>evocatus</strong></span> <span class='ocrx_word' id='word_1_475' title='bbox 2722 3164 2943 3220; x_wconf 90' lang='lat' dir='ltr'><strong>minime</strong></span> <span class='ocrx_word' id='word_1_476' title='bbox 2963 3166 3326 3222; x_wconf 84' lang='lat' dir='ltr'><strong>occurrerit.»</strong></span> <span class='ocrx_word' id='word_1_477' title='bbox 3347 3166 3471 3235; x_wconf 84' lang='lat' dir='ltr'><strong>Qua</strong></span> <span class='ocrx_word' id='word_1_478' title='bbox 3489 3183 3609 3224; x_wconf 88' lang='lat' dir='ltr'><strong>sen-</strong></span> 
     </span>
    </p>
   </div>
   <div class='ocr_carea' id='block_1_63' title="bbox 307 3239 1907 3322">
    <p class='ocr_par' dir='ltr' id='par_1_63' title="bbox 307 3239 1907 3322">
     <span class='ocr_line' id='line_1_63' title="bbox 307 3239 1907 3322; baseline -0.004 -14"><span class='ocrx_word' id='word_1_479' title='bbox 307 3251 447 3308; x_wconf 73' lang='lat' dir='ltr'><strong>sisut</strong></span> <span class='ocrx_word' id='word_1_480' title='bbox 475 3251 737 3322; x_wconf 75' lang='lat' dir='ltr'><strong>scriptum</strong></span> <span class='ocrx_word' id='word_1_481' title='bbox 767 3258 850 3306; x_wconf 86' lang='lat' dir='ltr'><strong>est</strong></span> <span class='ocrx_word' id='word_1_482' title='bbox 875 3249 931 3306; x_wconf 90' lang='lat' dir='ltr'><strong>in</strong></span> <span class='ocrx_word' id='word_1_483' title='bbox 960 3248 1194 3321; x_wconf 89' lang='lat' dir='ltr'><strong>capitulo</strong></span> <span class='ocrx_word' id='word_1_484' title='bbox 1225 3239 1290 3303; x_wconf 75' lang='grc'><strong>19</strong></span> <span class='ocrx_word' id='word_1_485' title='bbox 1315 3249 1758 3322; x_wconf 74' lang='lat' dir='ltr'><strong>Carthaginensis</strong></span> <span class='ocrx_word' id='word_1_486' title='bbox 1785 3263 1907 3304; x_wconf 90' lang='lat' dir='ltr'><strong>con-</strong></span> 
     </span>
    </p>
   </div>
   <div class='ocr_carea' id='block_1_64' title="bbox 307 3335 1909 3410">
    <p class='ocr_par' dir='ltr' id='par_1_64' title="bbox 307 3335 1909 3410">
     <span class='ocr_line' id='line_1_64' title="bbox 307 3335 1909 3410; baseline -0.004 -14"><span class='ocrx_word' id='word_1_487' title='bbox 443 3339 517 3395; x_wconf 77' lang='lat' dir='ltr'><strong>de</strong></span> <span class='ocrx_word' id='word_1_488' title='bbox 545 3339 839 3410; x_wconf 79' lang='lat' dir='ltr'><strong>episcopis,</strong></span> <span class='ocrx_word' id='word_1_489' title='bbox 874 3346 928 3394; x_wconf 89' lang='lat' dir='ltr'><strong>et</strong></span> <span class='ocrx_word' id='word_1_490' title='bbox 954 3339 1011 3394; x_wconf 90' lang='lat' dir='ltr'><strong>in</strong></span> <span class='ocrx_word' id='word_1_491' title='bbox 1039 3340 1106 3396; x_wconf 74' lang='lat'><strong>20</strong></span> <span class='ocrx_word' id='word_1_492' title='bbox 1135 3336 1205 3393; x_wconf 90' lang='lat' dir='ltr'><strong>de</strong></span> <span class='ocrx_word' id='word_1_493' title='bbox 1225 3337 1558 3408; x_wconf 85' lang='lat' dir='ltr'><strong>presbyteris</strong></span> <span class='ocrx_word' id='word_1_494' title='bbox 1588 3344 1642 3392; x_wconf 90' lang='lat' dir='ltr'><strong>et</strong></span> <span class='ocrx_word' id='word_1_495' title='bbox 1668 3335 1909 3392; x_wconf 89' lang='lat' dir='ltr'><strong>diaconi-</strong></span> 
     </span>
    </p>
   </div>
   <div class='ocr_carea' id='block_1_65' title="bbox 306 3424 1905 3498">
    <p class='ocr_par' dir='ltr' id='par_1_65' title="bbox 306 3424 1905 3498">
     <span class='ocr_line' id='line_1_65' title="bbox 306 3424 1905 3498; baseline -0.004 -14"><span class='ocrx_word' id='word_1_496' title='bbox 306 3426 430 3495; x_wconf 59' lang='grc' dir='ltr'><strong>Νι,</strong></span> <span class='ocrx_word' id='word_1_497' title='bbox 455 3441 527 3483; x_wconf 74' lang='lat' dir='ltr'><strong>ac</strong></span> <span class='ocrx_word' id='word_1_498' title='bbox 584 3425 813 3498; x_wconf 84' lang='lat' dir='ltr'><strong>reliquis</strong></span> <span class='ocrx_word' id='word_1_499' title='bbox 857 3426 1089 3482; x_wconf 90' lang='lat' dir='ltr'><strong>clericis.</strong></span> <span class='ocrx_word' id='word_1_500' title='bbox 1146 3447 1168 3475; x_wconf 72' lang='grc' dir='ltr'>α</span> <span class='ocrx_word' id='word_1_501' title='bbox 1222 3425 1299 3491; x_wconf 87' lang='lat' dir='ltr'><strong>Si,</strong></span> <span class='ocrx_word' id='word_1_502' title='bbox 1332 3425 1585 3497; x_wconf 88' lang='lat' dir='ltr'><strong>inquiunt</strong></span> <span class='ocrx_word' id='word_1_503' title='bbox 1613 3424 1765 3497; x_wconf 79' lang='lat' dir='ltr'><strong>(can.</strong></span> <span class='ocrx_word' id='word_1_504' title='bbox 1791 3424 1905 3494; x_wconf 72' lang='lat'><strong>29),</strong></span> 
     </span>
    </p>
   </div>
   <div class='ocr_carea' id='block_1_66' title="bbox 307 3511 1911 3588">
    <p class='ocr_par' dir='ltr' id='par_1_66' title="bbox 307 3511 1911 3588">
     <span class='ocr_line' id='line_1_66' title="bbox 307 3511 1911 3588; baseline -0.004 -15"><span class='ocrx_word' id='word_1_505' title='bbox 307 3515 618 3588; x_wconf 71' lang='lat' dir='ltr'><strong>presbyteri</strong></span> <span class='ocrx_word' id='word_1_506' title='bbox 645 3514 736 3570; x_wconf 85' lang='lat' dir='ltr'><strong>vel</strong></span> <span class='ocrx_word' id='word_1_507' title='bbox 765 3513 978 3570; x_wconf 86' lang='lat' dir='ltr'><strong>diaconi</strong></span> <span class='ocrx_word' id='word_1_508' title='bbox 1009 3512 1208 3570; x_wconf 88' lang='lat' dir='ltr'><strong>fuerint</strong></span> <span class='ocrx_word' id='word_1_509' title='bbox 1235 3513 1497 3579; x_wconf 85' lang='lat' dir='ltr'><strong>accusati,</strong></span> <span class='ocrx_word' id='word_1_510' title='bbox 1523 3511 1778 3581; x_wconf 87' lang='lat' dir='ltr'><strong>adjuncto</strong></span> <span class='ocrx_word' id='word_1_511' title='bbox 1805 3511 1911 3567; x_wconf 88' lang='lat' dir='ltr'><strong>sibi</strong></span> 
     </span>
    </p>
   </div>
   <div class='ocr_carea' id='block_1_67' title="bbox 299 3601 1907 3674">
    <p class='ocr_par' dir='ltr' id='par_1_67' title="bbox 299 3601 1907 3674">
     <span class='ocr_line' id='line_1_67' title="bbox 299 3601 1907 3674; baseline -0.003 -14"><span class='ocrx_word' id='word_1_512' title='bbox 299 3615 374 3660; x_wconf 62' lang='lat' dir='ltr'><strong>ut</strong></span> <span class='ocrx_word' id='word_1_513' title='bbox 399 3602 603 3660; x_wconf 71' lang='lat' dir='ltr'><strong>vicinis</strong></span> <span class='ocrx_word' id='word_1_514' title='bbox 629 3602 767 3659; x_wconf 86' lang='lat' dir='ltr'><strong>locis</strong></span> <span class='ocrx_word' id='word_1_515' title='bbox 797 3601 1056 3674; x_wconf 87' lang='lat' dir='ltr'><strong>proprius</strong></span> <span class='ocrx_word' id='word_1_516' title='bbox 1085 3601 1376 3672; x_wconf 86' lang='lat' dir='ltr'><strong>episcOpus</strong></span> <span class='ocrx_word' id='word_1_517' title='bbox 1406 3601 1652 3674; x_wconf 83' lang='lat' dir='ltr'><strong>legitimo</strong></span> <span class='ocrx_word' id='word_1_518' title='bbox 1681 3615 1907 3656; x_wconf 87' lang='lat' dir='ltr'><strong>numero</strong></span> 
     </span>
    </p>
   </div>
   <div class='ocr_carea' id='block_1_68' title="bbox 308 3687 1912 3763">
    <p class='ocr_par' dir='ltr' id='par_1_68' title="bbox 308 3687 1912 3763">
     <span class='ocr_line' id='line_1_68' title="bbox 308 3687 1912 3763; baseline -0.004 -14"><span class='ocrx_word' id='word_1_519' title='bbox 308 3691 669 3763; x_wconf 67' lang='lat' dir='ltr'><strong>collegarum,</strong></span> <span class='ocrx_word' id='word_1_520' title='bbox 702 3701 840 3763; x_wconf 81' lang='lat' dir='ltr'><strong>quos</strong></span> <span class='ocrx_word' id='word_1_521' title='bbox 867 3691 940 3746; x_wconf 87' lang='lat' dir='ltr'><strong>ab</strong></span> <span class='ocrx_word' id='word_1_522' title='bbox 968 3689 1165 3746; x_wconf 87' lang='lat' dir='ltr'><strong>eodem</strong></span> <span class='ocrx_word' id='word_1_523' title='bbox 1191 3689 1432 3746; x_wconf 87' lang='lat' dir='ltr'><strong>accusati</strong></span> <span class='ocrx_word' id='word_1_524' title='bbox 1460 3689 1728 3760; x_wconf 87' lang='lat' dir='ltr'><strong>petierint,</strong></span> <span class='ocrx_word' id='word_1_525' title='bbox 1753 3687 1809 3744; x_wconf 91' lang='lat' dir='ltr'><strong>id</strong></span> <span class='ocrx_word' id='word_1_526' title='bbox 1830 3697 1912 3744; x_wconf 84' lang='lat' dir='ltr'><strong>est</strong></span> 
     </span>
    </p>
   </div>
   <div class='ocr_carea' id='block_1_69' title="bbox 309 3775 1908 3850">
    <p class='ocr_par' dir='ltr' id='par_1_69' title="bbox 309 3775 1908 3850">
     <span class='ocr_line' id='line_1_69' title="bbox 309 3775 1908 3850; baseline -0.003 -14"><span class='ocrx_word' id='word_1_527' title='bbox 309 3789 412 3836; x_wconf 77' lang='lat' dir='ltr'><strong>una</strong></span> <span class='ocrx_word' id='word_1_528' title='bbox 437 3789 634 3837; x_wconf 71' lang='lat' dir='ltr'><strong>susum</strong></span> <span class='ocrx_word' id='word_1_529' title='bbox 661 3779 719 3834; x_wconf 87' lang='lat' dir='ltr'><strong>in</strong></span> <span class='ocrx_word' id='word_1_530' title='bbox 741 3778 1048 3850; x_wconf 81' lang='lat' dir='ltr'><strong>presbyteri</strong></span> <span class='ocrx_word' id='word_1_531' title='bbox 1078 3777 1298 3834; x_wconf 88' lang='lat' dir='ltr'><strong>nomine</strong></span> <span class='ocrx_word' id='word_1_532' title='bbox 1325 3793 1440 3844; x_wconf 82' lang='lat' dir='ltr'><strong>sex,</strong></span> <span class='ocrx_word' id='word_1_533' title='bbox 1465 3776 1522 3832; x_wconf 88' lang='lat' dir='ltr'><strong>in</strong></span> <span class='ocrx_word' id='word_1_534' title='bbox 1537 3775 1753 3832; x_wconf 89' lang='lat' dir='ltr'><strong>diaconi</strong></span> <span class='ocrx_word' id='word_1_535' title='bbox 1773 3785 1908 3844; x_wconf 89' lang='lat' dir='ltr'><strong>tres,</strong></span> 
     </span>
    </p>
   </div>
   <div class='ocr_carea' id='block_1_70' title="bbox 309 3855 1910 3940">
    <p class='ocr_par' dir='ltr' id='par_1_70' title="bbox 309 3855 1910 3940">
     <span class='ocr_line' id='line_1_70' title="bbox 309 3855 1910 3940; baseline -0.004 -15"><span class='ocrx_word' id='word_1_536' title='bbox 309 3870 550 3940; x_wconf 64' lang='lat' dir='ltr'><strong>ipsum</strong></span> <span class='ocrx_word' id='word_1_537' title='bbox 593 3879 791 3924; x_wconf 84' lang='lat' dir='ltr'><strong>causas</strong></span> <span class='ocrx_word' id='word_1_538' title='bbox 837 3867 1148 3932; x_wconf 86' lang='lat' dir='ltr'><strong>discutiant,</strong></span> <span class='ocrx_word' id='word_1_539' title='bbox 1170 3879 1183 3931; x_wconf 68' lang='grc' dir='ltr'><strong>ί</strong></span> <span class='ocrx_word' id='word_1_540' title='bbox 1205 3865 1401 3921; x_wconf 88' lang='lat' dir='ltr'><strong>eadem</strong></span> <span class='ocrx_word' id='word_1_541' title='bbox 1443 3855 1657 3922; x_wconf 87' lang='lat' dir='ltr'><strong>dierum</strong></span> <span class='ocrx_word' id='word_1_542' title='bbox 1685 3873 1738 3920; x_wconf 88' lang='lat' dir='ltr'><strong>et</strong></span> <span class='ocrx_word' id='word_1_543' title='bbox 1765 3865 1910 3920; x_wconf 80' lang='lat' dir='ltr'><strong>dila—</strong></span> 
     </span>
    </p>
   </div>
   <div class='ocr_carea' id='block_1_71' title="bbox 294 3953 1913 4022">
    <p class='ocr_par' dir='ltr' id='par_1_71' title="bbox 294 3953 1913 4022">
     <span class='ocr_line' id='line_1_71' title="bbox 294 3953 1913 4022; baseline -0.004 -9"><span class='ocrx_word' id='word_1_544' title='bbox 294 3956 538 4022; x_wconf 68' lang='lat' dir='ltr'><strong>‘ﬁcuum,</strong></span> <span class='ocrx_word' id='word_1_545' title='bbox 567 3963 625 4012; x_wconf 75' lang='lat' dir='ltr'><strong>et</strong></span> <span class='ocrx_word' id='word_1_546' title='bbox 647 3971 686 4010; x_wconf 84' lang='lat' dir='ltr'><strong>a</strong></span> <span class='ocrx_word' id='word_1_547' title='bbox 709 3955 1094 4011; x_wconf 83' lang='lat' dir='ltr'><strong>communione</strong></span> <span class='ocrx_word' id='word_1_548' title='bbox 1123 3954 1506 4019; x_wconf 89' lang='lat' dir='ltr'><strong>remotionum,</strong></span> <span class='ocrx_word' id='word_1_549' title='bbox 1541 3960 1594 4009; x_wconf 89' lang='lat' dir='ltr'><strong>et</strong></span> <span class='ocrx_word' id='word_1_550' title='bbox 1621 3953 1913 4008; x_wconf 88' lang='lat' dir='ltr'><strong>discussio-</strong></span> 
     </span>
    </p>
   </div>
   <div class='ocr_carea' id='block_1_72' title="bbox 297 4040 1910 4117">
    <p class='ocr_par' dir='ltr' id='par_1_72' title="bbox 297 4040 1910 4117">
     <span class='ocr_line' id='line_1_72' title="bbox 297 4040 1910 4117; baseline -0.005 -15"><span class='ocrx_word' id='word_1_551' title='bbox 297 4054 378 4102; x_wconf 61' lang='grc' dir='ltr'><strong>-κ</strong></span> <span class='ocrx_word' id='word_1_552' title='bbox 393 4053 771 4117; x_wconf 63' lang='lat' dir='ltr'><strong>personarum</strong></span> <span class='ocrx_word' id='word_1_553' title='bbox 797 4041 939 4098; x_wconf 80' lang='lat' dir='ltr'><strong>inter</strong></span> <span class='ocrx_word' id='word_1_554' title='bbox 965 4049 1310 4098; x_wconf 87' lang='lat' dir='ltr'><strong>accusatores</strong></span> <span class='ocrx_word' id='word_1_555' title='bbox 1327 4049 1382 4096; x_wconf 89' lang='lat' dir='ltr'><strong>et</strong></span> <span class='ocrx_word' id='word_1_556' title='bbox 1411 4055 1508 4097; x_wconf 89' lang='lat' dir='ltr'><strong>eos</strong></span> <span class='ocrx_word' id='word_1_557' title='bbox 1537 4040 1629 4112; x_wconf 91' lang='lat' dir='ltr'><strong>qui</strong></span> <span class='ocrx_word' id='word_1_558' title='bbox 1650 4055 1910 4096; x_wconf 84' lang='lat' dir='ltr'><strong>accusan-</strong></span> 
     </span>
    </p>
   </div>
   <div class='ocr_carea' id='block_1_73' title="bbox 293 4126 1911 4199">
    <p class='ocr_par' dir='ltr' id='par_1_73' title="bbox 293 4126 1911 4199">
     <span class='ocr_line' id='line_1_73' title="bbox 293 4126 1911 4199; baseline -0.005 -10"><span class='ocrx_word' id='word_1_559' title='bbox 293 4138 390 4188; x_wconf 64' lang='grc' dir='ltr'><strong>ω’</strong></span> <span class='ocrx_word' id='word_1_560' title='bbox 418 4131 598 4188; x_wconf 64' lang='lat' dir='ltr'><strong>hunc</strong></span> <span class='ocrx_word' id='word_1_561' title='bbox 625 4138 862 4188; x_wconf 73' lang='lat' dir='ltr'><strong>servata.</strong></span> <span class='ocrx_word' id='word_1_562' title='bbox 899 4149 922 4180; x_wconf 68' lang='grc' dir='ltr'><strong>ν</strong></span> <span class='ocrx_word' id='word_1_563' title='bbox 973 4129 1191 4187; x_wconf 87' lang='lat' dir='ltr'><strong>Scilicet</strong></span> <span class='ocrx_word' id='word_1_564' title='bbox 1245 4129 1382 4185; x_wconf 86' lang='lat' dir='ltr'><strong>sicut</strong></span> <span class='ocrx_word' id='word_1_565' title='bbox 1439 4129 1508 4183; x_wconf 92' lang='lat' dir='ltr'><strong>de</strong></span> <span class='ocrx_word' id='word_1_566' title='bbox 1554 4128 1826 4199; x_wconf 88' lang='lat' dir='ltr'><strong>episcopis</strong></span> <span class='ocrx_word' id='word_1_567' title='bbox 1855 4126 1911 4182; x_wconf 90' lang='lat' dir='ltr'><strong>in</strong></span> 
     </span>
    </p>
   </div>
   <div class='ocr_carea' id='block_1_74' title="bbox 309 4215 1910 4293">
    <p class='ocr_par' dir='ltr' id='par_1_74' title="bbox 309 4215 1910 4293">
     <span class='ocr_line' id='line_1_74' title="bbox 309 4215 1910 4293; baseline -0.006 -15"><span class='ocrx_word' id='word_1_568' title='bbox 309 4219 642 4293; x_wconf 60' lang='lat' dir='ltr'><strong>Mi</strong></span> <span class='ocrx_word' id='word_1_569' title='bbox 669 4217 901 4291; x_wconf 76' lang='lat' dir='ltr'><strong>capin</strong></span> <span class='ocrx_word' id='word_1_570' title='bbox 930 4225 1012 4273; x_wconf 90' lang='lat' dir='ltr'><strong>est</strong></span> <span class='ocrx_word' id='word_1_571' title='bbox 1027 4215 1312 4273; x_wconf 80' lang='lat' dir='ltr'><strong>diﬂinitum</strong></span> <span class='ocrx_word' id='word_1_572' title='bbox 1336 4233 1349 4270; x_wconf 92' lang='lat'><strong>:</strong></span> <span class='ocrx_word' id='word_1_573' title='bbox 1373 4216 1708 4287; x_wconf 90' lang='lat' dir='ltr'><strong>reliquorum</strong></span> <span class='ocrx_word' id='word_1_574' title='bbox 1729 4223 1910 4270; x_wconf 89' lang='lat' dir='ltr'><strong>autem</strong></span> 
     </span>
    </p>
   </div>
   <div class='ocr_carea' id='block_1_75' title="bbox 2007 3077 3612 3148">
    <p class='ocr_par' dir='ltr' id='par_1_75' title="bbox 2007 3077 3612 3148">
     <span class='ocr_line' id='line_1_75' title="bbox 2007 3077 3612 3148; baseline 0.005 -18"><span class='ocrx_word' id='word_1_575' title='bbox 2007 3077 2072 3131; x_wconf 87' lang='lat' dir='ltr'><strong>ad</strong></span> <span class='ocrx_word' id='word_1_576' title='bbox 2103 3091 2322 3132; x_wconf 89' lang='lat' dir='ltr'><strong>causam</strong></span> <span class='ocrx_word' id='word_1_577' title='bbox 2368 3092 2522 3132; x_wconf 88' lang='lat' dir='ltr'><strong>suam</strong></span> <span class='ocrx_word' id='word_1_578' title='bbox 2569 3077 2858 3132; x_wconf 90' lang='lat' dir='ltr'><strong>dicendam</strong></span> <span class='ocrx_word' id='word_1_579' title='bbox 2905 3077 3202 3134; x_wconf 90' lang='lat' dir='ltr'><strong>electorum</strong></span> <span class='ocrx_word' id='word_1_580' title='bbox 3237 3078 3482 3148; x_wconf 86' lang='lat' dir='ltr'><strong>judicum</strong></span> <span class='ocrx_word' id='word_1_581' title='bbox 3521 3079 3612 3138; x_wconf 85' lang='lat' dir='ltr'><strong>die</strong></span> 
     </span>
    </p>
   </div>
   <div class='ocr_carea' id='block_1_76' title="bbox 2008 3251 3610 3324">
    <p class='ocr_par' dir='ltr' id='par_1_76' title="bbox 2008 3251 3610 3324">
     <span class='ocr_line' id='line_1_76' title="bbox 2008 3251 3610 3324; baseline 0.003 -17"><span class='ocrx_word' id='word_1_582' title='bbox 2008 3252 2176 3307; x_wconf 88' lang='lat' dir='ltr'><strong>tentia</strong></span> <span class='ocrx_word' id='word_1_583' title='bbox 2205 3251 2483 3308; x_wconf 88' lang='lat' dir='ltr'><strong>evidenter</strong></span> <span class='ocrx_word' id='word_1_584' title='bbox 2509 3251 2829 3320; x_wconf 88' lang='lat' dir='ltr'><strong>ostenditur,</strong></span> <span class='ocrx_word' id='word_1_585' title='bbox 2883 3253 3008 3324; x_wconf 89' lang='lat' dir='ltr'><strong>quia</strong></span> <span class='ocrx_word' id='word_1_586' title='bbox 3035 3261 3322 3312; x_wconf 88' lang='lat' dir='ltr'><strong>accusator</strong></span> <span class='ocrx_word' id='word_1_587' title='bbox 3349 3269 3610 3313; x_wconf 86' lang='lat' dir='ltr'><strong>accusare</strong></span> 
     </span>
    </p>
   </div>
   <div class='ocr_carea' id='block_1_77' title="bbox 2009 3340 3609 3416">
    <p class='ocr_par' dir='ltr' id='par_1_77' title="bbox 2009 3340 3609 3416">
     <span class='ocr_line' id='line_1_77' title="bbox 2009 3340 3609 3416; baseline 0.004 -22"><span class='ocrx_word' id='word_1_588' title='bbox 2009 3356 2121 3396; x_wconf 91' lang='lat' dir='ltr'><strong>non</strong></span> <span class='ocrx_word' id='word_1_589' title='bbox 2147 3348 2348 3411; x_wconf 89' lang='lat' dir='ltr'><strong>potest,</strong></span> <span class='ocrx_word' id='word_1_590' title='bbox 2379 3340 2486 3395; x_wconf 89' lang='lat' dir='ltr'><strong>nisi</strong></span> <span class='ocrx_word' id='word_1_591' title='bbox 2501 3340 2556 3394; x_wconf 90' lang='lat' dir='ltr'><strong>in</strong></span> <span class='ocrx_word' id='word_1_592' title='bbox 2576 3341 2919 3397; x_wconf 86' lang='lat' dir='ltr'><strong>accusatione</strong></span> <span class='ocrx_word' id='word_1_593' title='bbox 2938 3357 3184 3412; x_wconf 71' lang='lat' dir='ltr'><strong>praesens</strong></span> <span class='ocrx_word' id='word_1_594' title='bbox 3212 3341 3400 3411; x_wconf 85' lang='lat' dir='ltr'><strong>fuerit;</strong></span> <span class='ocrx_word' id='word_1_595' title='bbox 3429 3352 3609 3416; x_wconf 86' lang='lat' dir='ltr'><strong>potest</strong></span> 
     </span>
    </p>
   </div>
   <div class='ocr_carea' id='block_1_78' title="bbox 2008 3425 3609 3502">
    <p class='ocr_par' dir='ltr' id='par_1_78' title="bbox 2008 3425 3609 3502">
     <span class='ocr_line' id='line_1_78' title="bbox 2008 3425 3609 3502; baseline 0.004 -19"><span class='ocrx_word' id='word_1_596' title='bbox 2008 3436 2189 3483; x_wconf 86' lang='lat' dir='ltr'><strong>autem</strong></span> <span class='ocrx_word' id='word_1_597' title='bbox 2219 3425 2482 3484; x_wconf 79' lang='lat' dir='ltr'><strong>accusare</strong></span> <span class='ocrx_word' id='word_1_598' title='bbox 2513 3429 2824 3484; x_wconf 86' lang='lat' dir='ltr'><strong>absentem:</strong></span> <span class='ocrx_word' id='word_1_599' title='bbox 2849 3439 2902 3484; x_wconf 88' lang='lat' dir='ltr'><strong>et</strong></span> <span class='ocrx_word' id='word_1_600' title='bbox 2922 3429 3014 3501; x_wconf 91' lang='lat' dir='ltr'><strong>qui</strong></span> <span class='ocrx_word' id='word_1_601' title='bbox 3033 3445 3143 3485; x_wconf 91' lang='lat' dir='ltr'><strong>non</strong></span> <span class='ocrx_word' id='word_1_602' title='bbox 3160 3439 3339 3502; x_wconf 89' lang='lat' dir='ltr'><strong>potest</strong></span> <span class='ocrx_word' id='word_1_603' title='bbox 3358 3432 3609 3488; x_wconf 88' lang='lat' dir='ltr'><strong>accusari</strong></span> 
     </span>
    </p>
   </div>
   <div class='ocr_carea' id='block_1_79' title="bbox 2008 3515 3608 3589">
    <p class='ocr_par' dir='ltr' id='par_1_79' title="bbox 2008 3515 3608 3589">
     <span class='ocr_line' id='line_1_79' title="bbox 2008 3515 3608 3589; baseline 0.004 -19"><span class='ocrx_word' id='word_1_604' title='bbox 2008 3515 2113 3570; x_wconf 88' lang='lat' dir='ltr'><strong>nisi</strong></span> <span class='ocrx_word' id='word_1_605' title='bbox 2142 3531 2240 3586; x_wconf 90' lang='lat' dir='ltr'><strong>per</strong></span> <span class='ocrx_word' id='word_1_606' title='bbox 2269 3516 2618 3587; x_wconf 61' lang='lat' dir='ltr'><strong>prasentiam</strong></span> <span class='ocrx_word' id='word_1_607' title='bbox 2646 3517 3004 3582; x_wconf 86' lang='lat' dir='ltr'><strong>accusatoris,</strong></span> <span class='ocrx_word' id='word_1_608' title='bbox 3035 3525 3214 3588; x_wconf 90' lang='lat' dir='ltr'><strong>potest</strong></span> <span class='ocrx_word' id='word_1_609' title='bbox 3240 3519 3440 3574; x_wconf 88' lang='lat' dir='ltr'><strong>absens</strong></span> <span class='ocrx_word' id='word_1_610' title='bbox 3463 3519 3608 3589; x_wconf 81' lang='lat' dir='ltr'><strong>judi-</strong></span> 
     </span>
    </p>
   </div>
   <div class='ocr_carea' id='block_1_80' title="bbox 2009 3603 3608 3676">
    <p class='ocr_par' dir='ltr' id='par_1_80' title="bbox 2009 3603 3608 3676">
     <span class='ocr_line' id='line_1_80' title="bbox 2009 3603 3608 3676; baseline 0.002 -16"><span class='ocrx_word' id='word_1_611' title='bbox 2009 3603 2140 3673; x_wconf 84' lang='lat' dir='ltr'><strong>cari,</strong></span> <span class='ocrx_word' id='word_1_612' title='bbox 2170 3603 2282 3660; x_wconf 89' lang='lat' dir='ltr'><strong>imo</strong></span> <span class='ocrx_word' id='word_1_613' title='bbox 2311 3604 2468 3660; x_wconf 89' lang='lat' dir='ltr'><strong>etiam</strong></span> <span class='ocrx_word' id='word_1_614' title='bbox 2497 3603 2567 3659; x_wconf 88' lang='lat' dir='ltr'><strong>ab</strong></span> <span class='ocrx_word' id='word_1_615' title='bbox 2597 3604 2681 3659; x_wconf 89' lang='lat' dir='ltr'><strong>his</strong></span> <span class='ocrx_word' id='word_1_616' title='bbox 2709 3604 2800 3676; x_wconf 88' lang='lat' dir='ltr'><strong>qui</strong></span> <span class='ocrx_word' id='word_1_617' title='bbox 2815 3606 2920 3660; x_wconf 90' lang='lat' dir='ltr'><strong>hoc</strong></span> <span class='ocrx_word' id='word_1_618' title='bbox 2935 3605 3301 3662; x_wconf 85' lang='lat' dir='ltr'><strong>decreverunt</strong></span> <span class='ocrx_word' id='word_1_619' title='bbox 3325 3607 3441 3676; x_wconf 78' lang='lat' dir='ltr'><strong>jam</strong></span> <span class='ocrx_word' id='word_1_620' title='bbox 3462 3607 3608 3676; x_wconf 89' lang='lat' dir='ltr'><strong>judi-</strong></span> 
     </span>
    </p>
   </div>
   <div class='ocr_carea' id='block_1_81' title="bbox 2010 3691 3606 3760">
    <p class='ocr_par' dir='ltr' id='par_1_81' title="bbox 2010 3691 3606 3760">
     <span class='ocr_line' id='line_1_81' title="bbox 2010 3691 3606 3760; baseline 0.003 -13"><span class='ocrx_word' id='word_1_621' title='bbox 2010 3700 2162 3747; x_wconf 89' lang='lat' dir='ltr'><strong>catus</strong></span> <span class='ocrx_word' id='word_1_622' title='bbox 2193 3701 2293 3758; x_wconf 86' lang='lat' dir='ltr'><strong>est,</strong></span> <span class='ocrx_word' id='word_1_623' title='bbox 2329 3692 2375 3746; x_wconf 83' lang='lat' dir='ltr'><strong>si</strong></span> <span class='ocrx_word' id='word_1_624' title='bbox 2403 3692 2470 3746; x_wconf 89' lang='lat' dir='ltr'><strong>ad</strong></span> <span class='ocrx_word' id='word_1_625' title='bbox 2495 3691 2758 3760; x_wconf 90' lang='lat' dir='ltr'><strong>judicium</strong></span> <span class='ocrx_word' id='word_1_626' title='bbox 2797 3691 2989 3748; x_wconf 86' lang='lat' dir='ltr'><strong>litteris</strong></span> <span class='ocrx_word' id='word_1_627' title='bbox 3020 3699 3278 3749; x_wconf 83' lang='lat' dir='ltr'><strong>evocatus</strong></span> <span class='ocrx_word' id='word_1_628' title='bbox 3308 3694 3606 3751; x_wconf 87' lang='lat' dir='ltr'><strong>secundum</strong></span> 
     </span>
    </p>
   </div>
   <div class='ocr_carea' id='block_1_82' title="bbox 2011 3779 3608 3854">
    <p class='ocr_par' dir='ltr' id='par_1_82' title="bbox 2011 3779 3608 3854">
     <span class='ocr_line' id='line_1_82' title="bbox 2011 3779 3608 3854; baseline 0.003 -20"><span class='ocrx_word' id='word_1_629' title='bbox 2011 3780 2157 3850; x_wconf 90' lang='lat' dir='ltr'><strong>quod</strong></span> <span class='ocrx_word' id='word_1_630' title='bbox 2187 3779 2463 3836; x_wconf 90' lang='lat' dir='ltr'><strong>decretum</strong></span> <span class='ocrx_word' id='word_1_631' title='bbox 2489 3789 2572 3835; x_wconf 88' lang='lat' dir='ltr'><strong>est</strong></span> <span class='ocrx_word' id='word_1_632' title='bbox 2599 3795 2712 3835; x_wconf 90' lang='lat' dir='ltr'><strong>non</strong></span> <span class='ocrx_word' id='word_1_633' title='bbox 2739 3780 3054 3847; x_wconf 88' lang='lat' dir='ltr'><strong>occurrerit,</strong></span> <span class='ocrx_word' id='word_1_634' title='bbox 3094 3780 3186 3848; x_wconf 80' lang='lat' dir='ltr'><strong>vel</strong></span> <span class='ocrx_word' id='word_1_635' title='bbox 3213 3779 3420 3854; x_wconf 86' lang='lat' dir='ltr'><strong>aliquas</strong></span> <span class='ocrx_word' id='word_1_636' title='bbox 3448 3799 3608 3840; x_wconf 85' lang='lat' dir='ltr'><strong>veras</strong></span> 
     </span>
    </p>
   </div>
   <div class='ocr_carea' id='block_1_83' title="bbox 2010 3867 3608 3942">
    <p class='ocr_par' dir='ltr' id='par_1_83' title="bbox 2010 3867 3608 3942">
     <span class='ocr_line' id='line_1_83' title="bbox 2010 3867 3608 3942; baseline 0.003 -20"><span class='ocrx_word' id='word_1_637' title='bbox 2010 3867 2352 3924; x_wconf 87' lang='lat' dir='ltr'><strong>necessitatis</strong></span> <span class='ocrx_word' id='word_1_638' title='bbox 2380 3883 2592 3934; x_wconf 89' lang='lat' dir='ltr'><strong>causas,</strong></span> <span class='ocrx_word' id='word_1_639' title='bbox 2641 3867 2838 3939; x_wconf 89' lang='lat' dir='ltr'><strong>quibus</strong></span> <span class='ocrx_word' id='word_1_640' title='bbox 2887 3884 3015 3924; x_wconf 91' lang='lat' dir='ltr'><strong>eum</strong></span> <span class='ocrx_word' id='word_1_641' title='bbox 3043 3883 3336 3925; x_wconf 87' lang='lat' dir='ltr'><strong>occurrere</strong></span> <span class='ocrx_word' id='word_1_642' title='bbox 3363 3884 3472 3926; x_wconf 88' lang='lat' dir='ltr'><strong>non</strong></span> <span class='ocrx_word' id='word_1_643' title='bbox 3499 3885 3608 3942; x_wconf 85' lang='lat' dir='ltr'><strong>po-</strong></span> 
     </span>
    </p>
   </div>
   <div class='ocr_carea' id='block_1_84' title="bbox 2011 3955 3611 4027">
    <p class='ocr_par' dir='ltr' id='par_1_84' title="bbox 2011 3955 3611 4027">
     <span class='ocr_line' id='line_1_84' title="bbox 2011 3955 3611 4027; baseline 0.001 -17"><span class='ocrx_word' id='word_1_644' title='bbox 2011 3955 2180 4010; x_wconf 90' lang='lat' dir='ltr'><strong>tuisse</strong></span> <span class='ocrx_word' id='word_1_645' title='bbox 2209 3955 2560 4010; x_wconf 84' lang='lat' dir='ltr'><strong>manifestum</strong></span> <span class='ocrx_word' id='word_1_646' title='bbox 2608 3955 2698 4022; x_wconf 89' lang='lat' dir='ltr'><strong>sit,</strong></span> <span class='ocrx_word' id='word_1_647' title='bbox 2741 3971 2851 4010; x_wconf 88' lang='lat' dir='ltr'><strong>non</strong></span> <span class='ocrx_word' id='word_1_648' title='bbox 2895 3955 3230 4027; x_wconf 88' lang='lat' dir='ltr'><strong>probaverit.</strong></span> <span class='ocrx_word' id='word_1_649' title='bbox 3265 3956 3526 4014; x_wconf 87' lang='lat' dir='ltr'><strong>Similiter</strong></span> <span class='ocrx_word' id='word_1_650' title='bbox 3552 3965 3611 4013; x_wconf 90' lang='lat' dir='ltr'><strong>ut</strong></span> 
     </span>
    </p>
   </div>
   <div class='ocr_carea' id='block_1_85' title="bbox 2009 4043 3610 4114">
    <p class='ocr_par' dir='ltr' id='par_1_85' title="bbox 2009 4043 3610 4114">
     <span class='ocr_line' id='line_1_85' title="bbox 2009 4043 3610 4114; baseline 0.002 -17"><span class='ocrx_word' id='word_1_651' title='bbox 2009 4043 2079 4098; x_wconf 90' lang='lat' dir='ltr'><strong>de</strong></span> <span class='ocrx_word' id='word_1_652' title='bbox 2107 4043 2382 4114; x_wconf 88' lang='lat' dir='ltr'><strong>episcopo,</strong></span> <span class='ocrx_word' id='word_1_653' title='bbox 2403 4044 2478 4098; x_wconf 88' lang='lat' dir='ltr'><strong>ita</strong></span> <span class='ocrx_word' id='word_1_654' title='bbox 2507 4051 2560 4098; x_wconf 91' lang='lat' dir='ltr'><strong>et</strong></span> <span class='ocrx_word' id='word_1_655' title='bbox 2589 4043 2657 4098; x_wconf 90' lang='lat' dir='ltr'><strong>de</strong></span> <span class='ocrx_word' id='word_1_656' title='bbox 2686 4043 3028 4114; x_wconf 83' lang='lat' dir='ltr'><strong>presbytero,</strong></span> <span class='ocrx_word' id='word_1_657' title='bbox 3047 4044 3134 4100; x_wconf 81' lang='lat' dir='ltr'><strong>vel</strong></span> <span class='ocrx_word' id='word_1_658' title='bbox 3151 4043 3390 4100; x_wconf 80' lang='lat' dir='ltr'><strong>diacono</strong></span> <span class='ocrx_word' id='word_1_659' title='bbox 3419 4045 3610 4101; x_wconf 87' lang='lat' dir='ltr'><strong>subse-</strong></span> 
     </span>
    </p>
   </div>
   <div class='ocr_carea' id='block_1_86' title="bbox 2011 4131 3604 4200">
    <p class='ocr_par' dir='ltr' id='par_1_86' title="bbox 2011 4131 3604 4200">
     <span class='ocr_line' id='line_1_86' title="bbox 2011 4131 3604 4200; baseline 0.002 -16"><span class='ocrx_word' id='word_1_660' title='bbox 2011 4131 2196 4200; x_wconf 90' lang='lat' dir='ltr'><strong>quenti</strong></span> <span class='ocrx_word' id='word_1_661' title='bbox 2251 4131 2484 4200; x_wconf 86' lang='lat' dir='ltr'><strong>capitulo</strong></span> <span class='ocrx_word' id='word_1_662' title='bbox 2537 4131 2963 4184; x_wconf 88' lang='lat' dir='ltr'><strong>demonstratur.</strong></span> <span class='ocrx_word' id='word_1_663' title='bbox 3015 4131 3154 4186; x_wconf 87' lang='lat' dir='ltr'><strong>Hinc</strong></span> <span class='ocrx_word' id='word_1_664' title='bbox 3203 4131 3508 4187; x_wconf 79' lang='lat' dir='ltr'><strong>Bonifacius</strong></span> <span class='ocrx_word' id='word_1_665' title='bbox 3536 4133 3604 4188; x_wconf 87' lang='lat' dir='ltr'><strong>ad</strong></span> 
     </span>
    </p>
   </div>
   <div class='ocr_carea' id='block_1_87' title="bbox 2011 4215 3605 4289">
    <p class='ocr_par' dir='ltr' id='par_1_87' title="bbox 2011 4215 3605 4289">
     <span class='ocr_line' id='line_1_87' title="bbox 2011 4215 3605 4289; baseline 0 -17"><span class='ocrx_word' id='word_1_666' title='bbox 2011 4226 2218 4287; x_wconf 89' lang='lat' dir='ltr'><strong>septem</strong></span> <span class='ocrx_word' id='word_1_667' title='bbox 2247 4216 2554 4286; x_wconf 88' lang='lat' dir='ltr'><strong>provincias</strong></span> <span class='ocrx_word' id='word_1_668' title='bbox 2575 4215 2808 4286; x_wconf 86' lang='lat' dir='ltr'><strong>scripsit,</strong></span> <span class='ocrx_word' id='word_1_669' title='bbox 2841 4215 3031 4270; x_wconf 90' lang='lat' dir='ltr'><strong>dicens</strong></span> <span class='ocrx_word' id='word_1_670' title='bbox 3061 4217 3129 4271; x_wconf 91' lang='lat' dir='ltr'><strong>de</strong></span> <span class='ocrx_word' id='word_1_671' title='bbox 3158 4217 3390 4272; x_wconf 75' lang='lat' dir='ltr'><strong>Maximo</strong></span> <span class='ocrx_word' id='word_1_672' title='bbox 3419 4217 3605 4289; x_wconf 80' lang='lat' dir='ltr'><strong>(epist.</strong></span> 
     </span>
    </p>
   </div>
   <div class='ocr_carea' id='block_1_88' title="bbox 304 4301 3605 4375">
    <p class='ocr_par' dir='ltr' id='par_1_88' title="bbox 304 4301 3605 4375">
     <span class='ocr_line' id='line_1_88' title="bbox 304 4301 3605 4375; baseline -0.002 -8"><span class='ocrx_word' id='word_1_673' title='bbox 304 4308 636 4367; x_wconf 65' lang='lat' dir='ltr'><strong>delicatum</strong></span> <span class='ocrx_word' id='word_1_674' title='bbox 663 4318 860 4364; x_wconf 75' lang='lat' dir='ltr'><strong>causas</strong></span> <span class='ocrx_word' id='word_1_675' title='bbox 890 4306 1053 4362; x_wconf 81' lang='lat' dir='ltr'><strong>etiam</strong></span> <span class='ocrx_word' id='word_1_676' title='bbox 1081 4305 1232 4360; x_wconf 87' lang='lat' dir='ltr'><strong>solus</strong></span> <span class='ocrx_word' id='word_1_677' title='bbox 1261 4303 1552 4375; x_wconf 89' lang='lat' dir='ltr'><strong>episcopus</strong></span> <span class='ocrx_word' id='word_1_678' title='bbox 1584 4302 1690 4358; x_wconf 91' lang='lat' dir='ltr'><strong>loci</strong></span> <span class='ocrx_word' id='word_1_679' title='bbox 1729 4317 1910 4374; x_wconf 76' lang='lat' dir='ltr'><strong>agno-</strong></span> <span class='ocrx_word' id='word_1_680' title='bbox 2009 4306 2066 4374; x_wconf 73' lang='lat'><strong>2)</strong></span> <span class='ocrx_word' id='word_1_681' title='bbox 2100 4323 2112 4358; x_wconf 92' lang='lat'>:</span> <span class='ocrx_word' id='word_1_682' title='bbox 2151 4326 2174 4356; x_wconf 72' lang='grc' dir='ltr'><strong><em>α</em></strong></span> <span class='ocrx_word' id='word_1_683' title='bbox 2211 4304 2267 4359; x_wconf 92' lang='lat' dir='ltr'><strong>Si</strong></span> <span class='ocrx_word' id='word_1_684' title='bbox 2297 4304 2492 4359; x_wconf 90' lang='lat' dir='ltr'><strong>adesse</strong></span> <span class='ocrx_word' id='word_1_685' title='bbox 2519 4303 2764 4370; x_wconf 89' lang='lat' dir='ltr'><strong>voluerit,</strong></span> <span class='ocrx_word' id='word_1_686' title='bbox 2815 4318 3062 4374; x_wconf 70' lang='lat' dir='ltr'><strong>praesens</strong></span> <span class='ocrx_word' id='word_1_687' title='bbox 3091 4301 3140 4358; x_wconf 75' lang='lat' dir='ltr'><strong>si</strong></span> <span class='ocrx_word' id='word_1_688' title='bbox 3159 4301 3382 4359; x_wconf 82' lang='lat' dir='ltr'><strong>confidit</strong></span> <span class='ocrx_word' id='word_1_689' title='bbox 3399 4303 3472 4358; x_wconf 89' lang='lat' dir='ltr'><strong>ad</strong></span> <span class='ocrx_word' id='word_1_690' title='bbox 3499 4305 3605 4360; x_wconf 86' lang='lat' dir='ltr'><strong>ob-</strong></span> 
     </span>
    </p>
   </div>
   <div class='ocr_carea' id='block_1_89' title="bbox 297 4389 3607 4464">
    <p class='ocr_par' dir='ltr' id='par_1_89' title="bbox 297 4389 3607 4464">
     <span class='ocr_line' id='line_1_89' title="bbox 297 4389 3607 4464; baseline -0.002 -10"><span class='ocrx_word' id='word_1_691' title='bbox 297 4403 512 4454; x_wconf 64' lang='grc' dir='ltr'>αιτι</span> <span class='ocrx_word' id='word_1_692' title='bbox 537 4394 710 4451; x_wconf 73' lang='lat' dir='ltr'><strong>ﬁniat.</strong></span> <span class='ocrx_word' id='word_1_693' title='bbox 736 4395 808 4450; x_wconf 82' lang='lat' dir='ltr'><strong>Et</strong></span> <span class='ocrx_word' id='word_1_694' title='bbox 830 4394 959 4450; x_wconf 85' lang='lat' dir='ltr'><strong>item</strong></span> <span class='ocrx_word' id='word_1_695' title='bbox 1004 4395 1156 4462; x_wconf 82' lang='lat' dir='ltr'><strong>(can.</strong></span> <span class='ocrx_word' id='word_1_696' title='bbox 1189 4394 1281 4462; x_wconf 69' lang='lat'><strong>28)</strong></span> <span class='ocrx_word' id='word_1_697' title='bbox 1314 4410 1327 4446; x_wconf 95' lang='lat'>:</span> <span class='ocrx_word' id='word_1_698' title='bbox 1365 4413 1388 4443; x_wconf 70' lang='grc' dir='ltr'><strong>α</strong></span> <span class='ocrx_word' id='word_1_699' title='bbox 1427 4390 1752 4462; x_wconf 88' lang='lat' dir='ltr'><strong>Presbyteri,</strong></span> <span class='ocrx_word' id='word_1_700' title='bbox 1787 4389 1907 4444; x_wconf 89' lang='lat' dir='ltr'><strong>dia-</strong></span> <span class='ocrx_word' id='word_1_701' title='bbox 1927 4391 1980 4452; x_wconf 96' lang='lat' dir='ltr'>D</span> <span class='ocrx_word' id='word_1_702' title='bbox 2003 4392 2150 4462; x_wconf 85' lang='lat' dir='ltr'><strong>jecta</strong></span> <span class='ocrx_word' id='word_1_703' title='bbox 2190 4392 2522 4464; x_wconf 89' lang='lat' dir='ltr'><strong>respondeat</strong></span> <span class='ocrx_word' id='word_1_704' title='bbox 2552 4409 2565 4446; x_wconf 92' lang='lat'><strong>:</strong></span> <span class='ocrx_word' id='word_1_705' title='bbox 2601 4391 2648 4446; x_wconf 90' lang='lat' dir='ltr'><strong>si</strong></span> <span class='ocrx_word' id='word_1_706' title='bbox 2689 4391 2883 4447; x_wconf 87' lang='lat' dir='ltr'><strong>adesse</strong></span> <span class='ocrx_word' id='word_1_707' title='bbox 2929 4389 3250 4464; x_wconf 80' lang='lat' dir='ltr'><strong>neglexerit,</strong></span> <span class='ocrx_word' id='word_1_708' title='bbox 3293 4390 3607 4448; x_wconf 81' lang='lat' dir='ltr'><strong>dilationem</strong></span> 
     </span>
    </p>
   </div>
   <div class='ocr_carea' id='block_1_90' title="bbox 295 4479 1906 4553">
    <p class='ocr_par' dir='ltr' id='par_1_90' title="bbox 295 4479 1906 4553">
     <span class='ocr_line' id='line_1_90' title="bbox 295 4479 1906 4553; baseline -0.006 -11"><span class='ocrx_word' id='word_1_709' title='bbox 295 4485 454 4553; x_wconf 57' lang='grc' dir='ltr'><strong>καί,</strong></span> <span class='ocrx_word' id='word_1_710' title='bbox 503 4483 598 4540; x_wconf 73' lang='grc' dir='ltr'><strong>νει</strong></span> <span class='ocrx_word' id='word_1_711' title='bbox 649 4483 832 4540; x_wconf 66' lang='lat' dir='ltr'><strong>ceteri</strong></span> <span class='ocrx_word' id='word_1_712' title='bbox 887 4481 1173 4538; x_wconf 85' lang='lat' dir='ltr'><strong>inferiores</strong></span> <span class='ocrx_word' id='word_1_713' title='bbox 1213 4479 1418 4548; x_wconf 89' lang='lat' dir='ltr'><strong>clerici,</strong></span> <span class='ocrx_word' id='word_1_714' title='bbox 1467 4479 1522 4534; x_wconf 91' lang='lat' dir='ltr'><strong>in</strong></span> <span class='ocrx_word' id='word_1_715' title='bbox 1551 4479 1730 4534; x_wconf 90' lang='lat' dir='ltr'><strong>causis</strong></span> <span class='ocrx_word' id='word_1_716' title='bbox 1769 4492 1906 4550; x_wconf 86' lang='lat' dir='ltr'><strong>quas</strong></span> 
     </span>
    </p>
   </div>
   <div class='ocr_carea' id='block_1_91' title="bbox 306 4566 1908 4641">
    <p class='ocr_par' dir='ltr' id='par_1_91' title="bbox 306 4566 1908 4641">
     <span class='ocr_line' id='line_1_91' title="bbox 306 4566 1908 4641; baseline -0.007 -10"><span class='ocrx_word' id='word_1_717' title='bbox 306 4572 618 4639; x_wconf 65' lang='lat' dir='ltr'><strong>ham-int,</strong></span> <span class='ocrx_word' id='word_1_718' title='bbox 649 4571 698 4627; x_wconf 88' lang='lat' dir='ltr'><strong>si</strong></span> <span class='ocrx_word' id='word_1_719' title='bbox 727 4571 796 4628; x_wconf 86' lang='lat' dir='ltr'><strong>de</strong></span> <span class='ocrx_word' id='word_1_720' title='bbox 819 4571 1039 4641; x_wconf 85' lang='lat' dir='ltr'><strong>judiciis</strong></span> <span class='ocrx_word' id='word_1_721' title='bbox 1069 4569 1455 4641; x_wconf 86' lang='lat' dir='ltr'><strong>episcoporum</strong></span> <span class='ocrx_word' id='word_1_722' title='bbox 1479 4583 1700 4624; x_wconf 88' lang='lat' dir='ltr'><strong>suorum</strong></span> <span class='ocrx_word' id='word_1_723' title='bbox 1730 4566 1908 4638; x_wconf 87' lang='lat' dir='ltr'><strong>questi</strong></span> 
     </span>
    </p>
   </div>
   <div class='ocr_carea' id='block_1_92' title="bbox 309 4654 1906 4732">
    <p class='ocr_par' dir='ltr' id='par_1_92' title="bbox 309 4654 1906 4732">
     <span class='ocr_line' id='line_1_92' title="bbox 309 4654 1906 4732; baseline -0.005 -14"><span class='ocrx_word' id='word_1_724' title='bbox 309 4661 530 4727; x_wconf 55' lang='lat' dir='ltr'><strong>his“,</strong></span> <span class='ocrx_word' id='word_1_725' title='bbox 562 4659 728 4718; x_wconf 71' lang='lat' dir='ltr'><strong>vicini</strong></span> <span class='ocrx_word' id='word_1_726' title='bbox 757 4659 998 4732; x_wconf 82' lang='lat' dir='ltr'><strong>episcopi</strong></span> <span class='ocrx_word' id='word_1_727' title='bbox 1053 4675 1149 4714; x_wconf 89' lang='lat' dir='ltr'><strong>eos</strong></span> <span class='ocrx_word' id='word_1_728' title='bbox 1196 4673 1322 4713; x_wconf 90' lang='lat' dir='ltr'><strong>cum</strong></span> <span class='ocrx_word' id='word_1_729' title='bbox 1370 4671 1644 4713; x_wconf 89' lang='lat' dir='ltr'><strong>consensu</strong></span> <span class='ocrx_word' id='word_1_730' title='bbox 1673 4655 1757 4726; x_wconf 86' lang='lat' dir='ltr'><strong>sui</strong></span> <span class='ocrx_word' id='word_1_731' title='bbox 1785 4654 1906 4726; x_wconf 89' lang='lat' dir='ltr'><strong>epi-</strong></span> 
     </span>
    </p>
   </div>
   <div class='ocr_carea' id='block_1_93' title="bbox 305 4743 1908 4822">
    <p class='ocr_par' dir='ltr' id='par_1_93' title="bbox 305 4743 1908 4822">
     <span class='ocr_line' id='line_1_93' title="bbox 305 4743 1908 4822; baseline -0.007 -15"><span class='ocrx_word' id='word_1_732' title='bbox 305 4750 462 4822; x_wconf 62' lang='lat' dir='ltr'><strong>dapi</strong></span> <span class='ocrx_word' id='word_1_733' title='bbox 489 4747 732 4815; x_wconf 72' lang='lat' dir='ltr'><strong>audiant,</strong></span> <span class='ocrx_word' id='word_1_734' title='bbox 763 4755 818 4804; x_wconf 84' lang='lat' dir='ltr'><strong>et</strong></span> <span class='ocrx_word' id='word_1_735' title='bbox 843 4747 984 4802; x_wconf 89' lang='lat' dir='ltr'><strong>inter</strong></span> <span class='ocrx_word' id='word_1_736' title='bbox 1000 4760 1095 4802; x_wconf 87' lang='lat' dir='ltr'><strong>eos</strong></span> <span class='ocrx_word' id='word_1_737' title='bbox 1113 4743 1380 4801; x_wconf 80' lang='lat' dir='ltr'><strong>diﬁiniant</strong></span> <span class='ocrx_word' id='word_1_738' title='bbox 1401 4761 1414 4798; x_wconf 89' lang='lat'><strong>:</strong></span> <span class='ocrx_word' id='word_1_739' title='bbox 1437 4743 1528 4798; x_wconf 88' lang='lat' dir='ltr'><strong>vel</strong></span> <span class='ocrx_word' id='word_1_740' title='bbox 1551 4744 1622 4799; x_wconf 90' lang='lat' dir='ltr'><strong>ad</strong></span> <span class='ocrx_word' id='word_1_741' title='bbox 1649 4743 1908 4814; x_wconf 87' lang='lat' dir='ltr'><strong>primates</strong></span> 
     </span>
    </p>
   </div>
   <div class='ocr_carea' id='block_1_94' title="bbox 303 4831 1906 4908">
    <p class='ocr_par' dir='ltr' id='par_1_94' title="bbox 303 4831 1906 4908">
     <span class='ocr_line' id='line_1_94' title="bbox 303 4831 1906 4908; baseline -0.005 -14"><span class='ocrx_word' id='word_1_742' title='bbox 303 4851 536 4894; x_wconf 67' lang='lat' dir='ltr'><strong>suarum</strong></span> <span class='ocrx_word' id='word_1_743' title='bbox 562 4835 964 4908; x_wconf 73' lang='lat' dir='ltr'><strong>provinciarum</strong></span> <span class='ocrx_word' id='word_1_744' title='bbox 991 4840 1307 4906; x_wconf 87' lang='lat' dir='ltr'><strong>provocent,</strong></span> <span class='ocrx_word' id='word_1_745' title='bbox 1339 4832 1479 4888; x_wconf 89' lang='lat' dir='ltr'><strong>sicut</strong></span> <span class='ocrx_word' id='word_1_746' title='bbox 1509 4839 1561 4886; x_wconf 89' lang='lat' dir='ltr'><strong>et</strong></span> <span class='ocrx_word' id='word_1_747' title='bbox 1592 4831 1662 4886; x_wconf 89' lang='lat' dir='ltr'><strong>de</strong></span> <span class='ocrx_word' id='word_1_748' title='bbox 1687 4831 1906 4901; x_wconf 90' lang='lat' dir='ltr'><strong>episco-</strong></span> 
     </span>
    </p>
   </div>
   <div class='ocr_carea' id='block_1_95' title="bbox 311 4919 1908 4998">
    <p class='ocr_par' dir='ltr' id='par_1_95' title="bbox 311 4919 1908 4998">
     <span class='ocr_line' id='line_1_95' title="bbox 311 4919 1908 4998; baseline -0.007 -13"><span class='ocrx_word' id='word_1_749' title='bbox 311 4925 398 4998; x_wconf 58' lang='grc' dir='ltr'><strong>ᾖ·</strong></span> <span class='ocrx_word' id='word_1_750' title='bbox 420 4941 577 4997; x_wconf 63' lang='lat' dir='ltr'><strong>cape</strong></span> <span class='ocrx_word' id='word_1_751' title='bbox 605 4924 956 4982; x_wconf 65' lang='lat' dir='ltr'><strong>Constitutum</strong></span> <span class='ocrx_word' id='word_1_752' title='bbox 985 4929 1088 4978; x_wconf 83' lang='lat' dir='ltr'><strong>est.</strong></span> <span class='ocrx_word' id='word_1_753' title='bbox 1128 4943 1150 4972; x_wconf 69' lang='grc' dir='ltr'><strong><em>ι</em></strong></span> <span class='ocrx_word' id='word_1_754' title='bbox 1194 4921 1264 4977; x_wconf 84' lang='lat' dir='ltr'><strong>Et</strong></span> <span class='ocrx_word' id='word_1_755' title='bbox 1288 4920 1588 4976; x_wconf 88' lang='lat' dir='ltr'><strong>secundum</strong></span> <span class='ocrx_word' id='word_1_756' title='bbox 1615 4919 1908 4974; x_wconf 83' lang='lat' dir='ltr'><strong>Antioche-</strong></span> 
     </span>
    </p>
   </div>
   <div class='ocr_carea' id='block_1_96' title="bbox 293 5006 1909 5082">
    <p class='ocr_par' dir='ltr' id='par_1_96' title="bbox 293 5006 1909 5082">
     <span class='ocr_line' id='line_1_96' title="bbox 293 5006 1909 5082; baseline -0.007 -10"><span class='ocrx_word' id='word_1_757' title='bbox 293 5024 675 5072; x_wconf 59' lang='lat' dir='ltr'><strong>‘Usmones</strong></span> <span class='ocrx_word' id='word_1_758' title='bbox 702 5015 854 5082; x_wconf 81' lang='lat' dir='ltr'><strong>(can.</strong></span> <span class='ocrx_word' id='word_1_759' title='bbox 885 5012 981 5081; x_wconf 88' lang='lat'><strong>9):</strong></span> <span class='ocrx_word' id='word_1_760' title='bbox 1009 5031 1031 5062; x_wconf 76' lang='grc' dir='ltr'><strong>α</strong></span> <span class='ocrx_word' id='word_1_761' title='bbox 1057 5009 1141 5066; x_wconf 77' lang='lat' dir='ltr'><strong>Ad</strong></span> <span class='ocrx_word' id='word_1_762' title='bbox 1162 5008 1507 5080; x_wconf 88' lang='lat' dir='ltr'><strong>metropolim</strong></span> <span class='ocrx_word' id='word_1_763' title='bbox 1536 5022 1726 5064; x_wconf 88' lang='lat' dir='ltr'><strong>omnes</strong></span> <span class='ocrx_word' id='word_1_764' title='bbox 1751 5006 1909 5062; x_wconf 91' lang='lat' dir='ltr'><strong>undi-</strong></span> 
     </span>
    </p>
   </div>
   <div class='ocr_carea' id='block_1_97' title="bbox 311 5095 1909 5175">
    <p class='ocr_par' dir='ltr' id='par_1_97' title="bbox 311 5095 1909 5175">
     <span class='ocr_line' id='line_1_97' title="bbox 311 5095 1909 5175; baseline -0.008 -16"><span class='ocrx_word' id='word_1_765' title='bbox 311 5119 416 5175; x_wconf 87' lang='lat' dir='ltr'><strong>que</strong></span> <span class='ocrx_word' id='word_1_766' title='bbox 462 5102 557 5174; x_wconf 84' lang='lat' dir='ltr'><strong>qui</strong></span> <span class='ocrx_word' id='word_1_767' title='bbox 600 5100 823 5174; x_wconf 68' lang='lat' dir='ltr'><strong>negotia</strong></span> <span class='ocrx_word' id='word_1_768' title='bbox 861 5098 1114 5156; x_wconf 87' lang='lat' dir='ltr'><strong>videntur</strong></span> <span class='ocrx_word' id='word_1_769' title='bbox 1156 5097 1361 5153; x_wconf 87' lang='lat' dir='ltr'><strong>habere</strong></span> <span class='ocrx_word' id='word_1_770' title='bbox 1399 5101 1746 5152; x_wconf 86' lang='lat' dir='ltr'><strong>concurrant.</strong></span> <span class='ocrx_word' id='word_1_771' title='bbox 1785 5113 1808 5144; x_wconf 69' lang='grc' dir='ltr'><strong><em>υ</em></strong></span> <span class='ocrx_word' id='word_1_772' title='bbox 1843 5095 1909 5148; x_wconf 89' lang='lat' dir='ltr'><strong>Et</strong></span> 
     </span>
    </p>
   </div>
   <div class='ocr_carea' id='block_1_98' title="bbox 291 5180 1904 5262">
    <p class='ocr_par' dir='ltr' id='par_1_98' title="bbox 291 5180 1904 5262">
     <span class='ocr_line' id='line_1_98' title="bbox 291 5180 1904 5262; baseline -0.008 -15"><span class='ocrx_word' id='word_1_773' title='bbox 291 5191 468 5262; x_wconf 59' lang='lat' dir='ltr'><strong>2W.</strong></span> <span class='ocrx_word' id='word_1_774' title='bbox 487 5188 583 5260; x_wconf 57' lang='grc' dir='ltr'><strong>κο)</strong></span> <span class='ocrx_word' id='word_1_775' title='bbox 615 5205 632 5244; x_wconf 92' lang='lat'><strong>:</strong></span> <span class='ocrx_word' id='word_1_776' title='bbox 665 5205 690 5240; x_wconf 74' lang='grc' dir='ltr'>ι</span> <span class='ocrx_word' id='word_1_777' title='bbox 723 5188 786 5244; x_wconf 76' lang='lat' dir='ltr'><strong>In</strong></span> <span class='ocrx_word' id='word_1_778' title='bbox 809 5185 1090 5244; x_wconf 72' lang='lat' dir='ltr'><strong>canonicis</strong></span> <span class='ocrx_word' id='word_1_779' title='bbox 1117 5184 1364 5242; x_wconf 85' lang='lat' dir='ltr'><strong>conciliis</strong></span> <span class='ocrx_word' id='word_1_780' title='bbox 1391 5183 1565 5238; x_wconf 89' lang='lat' dir='ltr'><strong>adsint</strong></span> <span class='ocrx_word' id='word_1_781' title='bbox 1583 5180 1904 5254; x_wconf 82' lang='lat' dir='ltr'><strong>presbyteri,</strong></span> 
     </span>
    </p>
   </div>
   <div class='ocr_carea' id='block_1_99' title="bbox 296 5269 1908 5346">
    <p class='ocr_par' dir='ltr' id='par_1_99' title="bbox 296 5269 1908 5346">
     <span class='ocr_line' id='line_1_99' title="bbox 296 5269 1908 5346; baseline -0.007 -11"><span class='ocrx_word' id='word_1_782' title='bbox 296 5287 368 5335; x_wconf 63' lang='grc' dir='ltr'><strong>τι</strong></span> <span class='ocrx_word' id='word_1_783' title='bbox 393 5277 630 5344; x_wconf 61' lang='lat' dir='ltr'><strong>dilecti,</strong></span> <span class='ocrx_word' id='word_1_784' title='bbox 691 5285 746 5332; x_wconf 80' lang='lat' dir='ltr'><strong>et</strong></span> <span class='ocrx_word' id='word_1_785' title='bbox 795 5291 988 5333; x_wconf 71' lang='lat' dir='ltr'><strong>clunes</strong></span> <span class='ocrx_word' id='word_1_786' title='bbox 1042 5273 1134 5346; x_wconf 91' lang='lat' dir='ltr'><strong>qui</strong></span> <span class='ocrx_word' id='word_1_787' title='bbox 1191 5289 1252 5330; x_wconf 90' lang='lat' dir='ltr'><strong>se</strong></span> <span class='ocrx_word' id='word_1_788' title='bbox 1307 5273 1468 5327; x_wconf 69' lang='lat' dir='ltr'><strong>laesos</strong></span> <span class='ocrx_word' id='word_1_789' title='bbox 1497 5269 1822 5335; x_wconf 80' lang='lat' dir='ltr'><strong>existimant,</strong></span> <span class='ocrx_word' id='word_1_790' title='bbox 1855 5276 1908 5324; x_wconf 89' lang='lat' dir='ltr'><strong>et</strong></span> 
     </span>
    </p>
   </div>
   <div class='ocr_carea' id='block_1_100' title="bbox 293 5357 1908 5438">
    <p class='ocr_par' dir='ltr' id='par_1_100' title="bbox 293 5357 1908 5438">
     <span class='ocr_line' id='line_1_100' title="bbox 293 5357 1908 5438; baseline -0.009 -13"><span class='ocrx_word' id='word_1_791' title='bbox 293 5364 1160 5438; x_wconf 59' lang='lat' dir='ltr'><strong>qued&#39;aaperisnturuameu.</strong></span> <span class='ocrx_word' id='word_1_792' title='bbox 1207 5359 1387 5418; x_wconf 77' lang='lat' dir='ltr'><strong>Nullis</strong></span> <span class='ocrx_word' id='word_1_793' title='bbox 1414 5373 1548 5415; x_wconf 91' lang='lat' dir='ltr'><strong>vero</strong></span> <span class='ocrx_word' id='word_1_794' title='bbox 1573 5357 1736 5414; x_wconf 87' lang='lat' dir='ltr'><strong>liceat</strong></span> <span class='ocrx_word' id='word_1_795' title='bbox 1763 5357 1908 5427; x_wconf 85' lang='lat' dir='ltr'><strong>apud</strong></span> 
     </span>
    </p>
   </div>
   <div class='ocr_carea' id='block_1_101' title="bbox 295 5443 1906 5523">
    <p class='ocr_par' dir='ltr' id='par_1_101' title="bbox 295 5443 1906 5523">
     <span class='ocr_line' id='line_1_101' title="bbox 295 5443 1906 5523; baseline -0.01 -9"><span class='ocrx_word' id='word_1_796' title='bbox 295 5451 970 5518; x_wconf 52' lang='lat' dir='ltr'><strong>summm,</strong></span> <span class='ocrx_word' id='word_1_797' title='bbox 993 5458 1195 5523; x_wconf 68' lang='lat' dir='ltr'><strong>prater</strong></span> <span class='ocrx_word' id='word_1_798' title='bbox 1224 5463 1334 5506; x_wconf 76' lang='lat' dir='ltr'><strong>eos</strong></span> <span class='ocrx_word' id='word_1_799' title='bbox 1361 5443 1906 5518; x_wconf 75' lang='lat' dir='ltr'><strong>quibusmetropoli—</strong></span> 
     </span>
    </p>
   </div>
   <div class='ocr_carea' id='block_1_102' title="bbox 313 5531 1907 5612">
    <p class='ocr_par' dir='ltr' id='par_1_102' title="bbox 313 5531 1907 5612">
     <span class='ocr_line' id='line_1_102' title="bbox 313 5531 1907 5612; baseline -0.01 -11"><span class='ocrx_word' id='word_1_800' title='bbox 313 5551 438 5600; x_wconf 74' lang='lat' dir='ltr'><strong>tam</strong></span> <span class='ocrx_word' id='word_1_801' title='bbox 460 5543 586 5612; x_wconf 82' lang='lat' dir='ltr'><strong>jura</strong></span> <span class='ocrx_word' id='word_1_802' title='bbox 613 5541 867 5599; x_wconf 81' lang='lat' dir='ltr'><strong>videntur</strong></span> <span class='ocrx_word' id='word_1_803' title='bbox 894 5555 1017 5597; x_wconf 86' lang='lat' dir='ltr'><strong>esse</strong></span> <span class='ocrx_word' id='word_1_804' title='bbox 1037 5537 1346 5596; x_wconf 88' lang='lat' dir='ltr'><strong>commissa.</strong></span> <span class='ocrx_word' id='word_1_805' title='bbox 1381 5554 1404 5588; x_wconf 67' lang='grc' dir='ltr'>υ</span> <span class='ocrx_word' id='word_1_806' title='bbox 1436 5535 1505 5590; x_wconf 87' lang='lat' dir='ltr'><strong>Et</strong></span> <span class='ocrx_word' id='word_1_807' title='bbox 1533 5531 1662 5589; x_wconf 86' lang='lat' dir='ltr'><strong>hinc</strong></span> <span class='ocrx_word' id='word_1_808' title='bbox 1690 5538 1907 5588; x_wconf 84' lang='lat' dir='ltr'><strong>sanctus</strong></span> 
     </span>
    </p>
   </div>
   <div class='ocr_carea' id='block_1_103' title="bbox 2007 4478 3606 4536">
    <p class='ocr_par' dir='ltr' id='par_1_103' title="bbox 2007 4478 3606 4536">
     <span class='ocr_line' id='line_1_103' title="bbox 2007 4478 3606 4536; baseline -0.001 0"><span class='ocrx_word' id='word_1_809' title='bbox 2007 4481 2290 4536; x_wconf 76' lang='lat' dir='ltr'><strong>sententiae</strong></span> <span class='ocrx_word' id='word_1_810' title='bbox 2336 4480 2405 4535; x_wconf 91' lang='lat' dir='ltr'><strong>de</strong></span> <span class='ocrx_word' id='word_1_811' title='bbox 2465 4479 2708 4536; x_wconf 88' lang='lat' dir='ltr'><strong>absentia</strong></span> <span class='ocrx_word' id='word_1_812' title='bbox 2750 4495 2860 4536; x_wconf 90' lang='lat' dir='ltr'><strong>non</strong></span> <span class='ocrx_word' id='word_1_813' title='bbox 2904 4478 3164 4536; x_wconf 88' lang='lat' dir='ltr'><strong>lucretur.</strong></span> <span class='ocrx_word' id='word_1_814' title='bbox 3204 4479 3346 4535; x_wconf 90' lang='lat' dir='ltr'><strong>Nam</strong></span> <span class='ocrx_word' id='word_1_815' title='bbox 3373 4478 3606 4535; x_wconf 85' lang='lat' dir='ltr'><strong>manife-</strong></span> 
     </span>
    </p>
   </div>
   <div class='ocr_carea' id='block_1_104' title="bbox 2006 4567 3608 4643">
    <p class='ocr_par' dir='ltr' id='par_1_104' title="bbox 2006 4567 3608 4643">
     <span class='ocr_line' id='line_1_104' title="bbox 2006 4567 3608 4643; baseline -0.001 -19"><span class='ocrx_word' id='word_1_816' title='bbox 2006 4577 2150 4624; x_wconf 86' lang='lat' dir='ltr'><strong>stum</strong></span> <span class='ocrx_word' id='word_1_817' title='bbox 2179 4576 2259 4624; x_wconf 91' lang='lat' dir='ltr'><strong>est</strong></span> <span class='ocrx_word' id='word_1_818' title='bbox 2290 4568 2538 4625; x_wconf 77' lang='lat' dir='ltr'><strong>confiteri</strong></span> <span class='ocrx_word' id='word_1_819' title='bbox 2591 4583 2718 4624; x_wconf 89' lang='lat' dir='ltr'><strong>eum</strong></span> <span class='ocrx_word' id='word_1_820' title='bbox 2776 4569 2845 4623; x_wconf 91' lang='lat' dir='ltr'><strong>de</strong></span> <span class='ocrx_word' id='word_1_821' title='bbox 2895 4567 3142 4634; x_wconf 88' lang='lat' dir='ltr'><strong>crimine,</strong></span> <span class='ocrx_word' id='word_1_822' title='bbox 3178 4567 3286 4643; x_wconf 35' lang='lat' dir='ltr'><strong>.qui</strong></span> <span class='ocrx_word' id='word_1_823' title='bbox 3314 4567 3522 4622; x_wconf 91' lang='lat' dir='ltr'><strong>indulto</strong></span> <span class='ocrx_word' id='word_1_824' title='bbox 3553 4576 3608 4623; x_wconf 89' lang='lat' dir='ltr'><strong>et</strong></span> 
     </span>
    </p>
   </div>
   <div class='ocr_carea' id='block_1_105' title="bbox 2005 4654 3607 4730">
    <p class='ocr_par' dir='ltr' id='par_1_105' title="bbox 2005 4654 3607 4730">
     <span class='ocr_line' id='line_1_105' title="bbox 2005 4654 3607 4730; baseline -0.002 -17"><span class='ocrx_word' id='word_1_825' title='bbox 2005 4657 2164 4714; x_wconf 88' lang='lat' dir='ltr'><strong>toties</strong></span> <span class='ocrx_word' id='word_1_826' title='bbox 2193 4657 2446 4730; x_wconf 78' lang='lat' dir='ltr'><strong>delegato</strong></span> <span class='ocrx_word' id='word_1_827' title='bbox 2487 4657 2708 4726; x_wconf 90' lang='lat' dir='ltr'><strong>judicio,</strong></span> <span class='ocrx_word' id='word_1_828' title='bbox 2772 4655 3040 4728; x_wconf 78' lang='lat' dir='ltr'><strong>purgandi</strong></span> <span class='ocrx_word' id='word_1_829' title='bbox 3082 4671 3143 4711; x_wconf 90' lang='lat' dir='ltr'><strong>se</strong></span> <span class='ocrx_word' id='word_1_830' title='bbox 3183 4654 3468 4710; x_wconf 86' lang='lat' dir='ltr'><strong>occasione</strong></span> <span class='ocrx_word' id='word_1_831' title='bbox 3498 4669 3607 4712; x_wconf 90' lang='lat' dir='ltr'><strong>non</strong></span> 
     </span>
    </p>
   </div>
   <div class='ocr_carea' id='block_1_106' title="bbox 2007 4746 2254 4802">
    <p class='ocr_par' dir='ltr' id='par_1_106' title="bbox 2007 4746 2254 4802">
     <span class='ocr_line' id='line_1_106' title="bbox 2007 4746 2254 4802; baseline -0.032 0"><span class='ocrx_word' id='word_1_832' title='bbox 2007 4746 2192 4802; x_wconf 85' lang='lat' dir='ltr'><strong>utitur.</strong></span> <span class='ocrx_word' id='word_1_833' title='bbox 2232 4765 2254 4794; x_wconf 70' lang='grc' dir='ltr'><strong><em>ι</em></strong></span> 
     </span>
    </p>
   </div>
   <div class='ocr_carea' id='block_1_107' title="bbox 2079 4830 3600 4903">
    <p class='ocr_par' dir='ltr' id='par_1_107' title="bbox 2079 4830 3600 4903">
     <span class='ocr_line' id='line_1_107' title="bbox 2079 4830 3600 4903; baseline 0 -15"><span class='ocrx_word' id='word_1_834' title='bbox 2079 4833 2185 4902; x_wconf 82' lang='lat' dir='ltr'><strong>Qui</strong></span> <span class='ocrx_word' id='word_1_835' title='bbox 2213 4841 2398 4889; x_wconf 89' lang='lat' dir='ltr'><strong>autem</strong></span> <span class='ocrx_word' id='word_1_836' title='bbox 2427 4833 2500 4888; x_wconf 89' lang='lat' dir='ltr'><strong>ad</strong></span> <span class='ocrx_word' id='word_1_837' title='bbox 2529 4831 2931 4889; x_wconf 89' lang='lat' dir='ltr'><strong>accusationem</strong></span> <span class='ocrx_word' id='word_1_838' title='bbox 2965 4830 3175 4885; x_wconf 86' lang='lat' dir='ltr'><strong>admitti</strong></span> <span class='ocrx_word' id='word_1_839' title='bbox 3207 4845 3318 4886; x_wconf 90' lang='lat' dir='ltr'><strong>non</strong></span> <span class='ocrx_word' id='word_1_840' title='bbox 3345 4831 3600 4903; x_wconf 84' lang='lat' dir='ltr'><strong>debeant,</strong></span> 
     </span>
    </p>
   </div>
   <div class='ocr_carea' id='block_1_108' title="bbox 2007 4917 3603 4994">
    <p class='ocr_par' dir='ltr' id='par_1_108' title="bbox 2007 4917 3603 4994">
     <span class='ocr_line' id='line_1_108' title="bbox 2007 4917 3603 4994; baseline 0.001 -18"><span class='ocrx_word' id='word_1_841' title='bbox 2007 4920 2164 4994; x_wconf 80' lang='lat' dir='ltr'><strong>leges</strong></span> <span class='ocrx_word' id='word_1_842' title='bbox 2190 4920 2402 4977; x_wconf 90' lang='lat' dir='ltr'><strong>dicunt:</strong></span> <span class='ocrx_word' id='word_1_843' title='bbox 2427 4941 2448 4969; x_wconf 73' lang='grc' dir='ltr'>α</span> <span class='ocrx_word' id='word_1_844' title='bbox 2473 4921 2614 4976; x_wconf 90' lang='lat' dir='ltr'><strong>Sane</strong></span> <span class='ocrx_word' id='word_1_845' title='bbox 2634 4921 2688 4974; x_wconf 87' lang='lat' dir='ltr'><strong>hi</strong></span> <span class='ocrx_word' id='word_1_846' title='bbox 2708 4920 2802 4990; x_wconf 90' lang='lat' dir='ltr'><strong>qui</strong></span> <span class='ocrx_word' id='word_1_847' title='bbox 2831 4917 3062 4974; x_wconf 90' lang='lat' dir='ltr'><strong>crimina</strong></span> <span class='ocrx_word' id='word_1_848' title='bbox 3089 4933 3191 4973; x_wconf 90' lang='lat' dir='ltr'><strong>sua</strong></span> <span class='ocrx_word' id='word_1_849' title='bbox 3218 4917 3275 4972; x_wconf 90' lang='lat' dir='ltr'><strong>in</strong></span> <span class='ocrx_word' id='word_1_850' title='bbox 3295 4920 3603 4992; x_wconf 81' lang='lat' dir='ltr'><strong>quaestione</strong></span> 
     </span>
    </p>
   </div>
   <div class='ocr_carea' id='block_1_109' title="bbox 2007 5004 3604 5076">
    <p class='ocr_par' dir='ltr' id='par_1_109' title="bbox 2007 5004 3604 5076">
     <span class='ocr_line' id='line_1_109' title="bbox 2007 5004 3604 5076; baseline -0.001 -12"><span class='ocrx_word' id='word_1_851' title='bbox 2007 5008 2244 5064; x_wconf 87' lang='lat' dir='ltr'><strong>confessi</strong></span> <span class='ocrx_word' id='word_1_852' title='bbox 2274 5015 2416 5073; x_wconf 89' lang='lat' dir='ltr'><strong>sunt,</strong></span> <span class='ocrx_word' id='word_1_853' title='bbox 2467 5008 2536 5062; x_wconf 89' lang='lat' dir='ltr'><strong>de</strong></span> <span class='ocrx_word' id='word_1_854' title='bbox 2580 5007 2700 5061; x_wconf 90' lang='lat' dir='ltr'><strong>aliis</strong></span> <span class='ocrx_word' id='word_1_855' title='bbox 2745 5007 2792 5060; x_wconf 89' lang='lat' dir='ltr'><strong>si</strong></span> <span class='ocrx_word' id='word_1_856' title='bbox 2833 5005 3016 5061; x_wconf 89' lang='lat' dir='ltr'><strong>dicere</strong></span> <span class='ocrx_word' id='word_1_857' title='bbox 3045 5004 3334 5076; x_wconf 84' lang='lat' dir='ltr'><strong>voluerint,</strong></span> <span class='ocrx_word' id='word_1_858' title='bbox 3369 5023 3401 5062; x_wconf 90' lang='lat' dir='ltr'><strong>a</strong></span> <span class='ocrx_word' id='word_1_859' title='bbox 3421 5005 3604 5076; x_wconf 83' lang='lat' dir='ltr'><strong>judice</strong></span> 
     </span>
    </p>
   </div>
   <div class='ocr_carea' id='block_1_110' title="bbox 2007 5092 3600 5166">
    <p class='ocr_par' dir='ltr' id='par_1_110' title="bbox 2007 5092 3600 5166">
     <span class='ocr_line' id='line_1_110' title="bbox 2007 5092 3600 5166; baseline -0.001 -16"><span class='ocrx_word' id='word_1_860' title='bbox 2007 5110 2117 5152; x_wconf 88' lang='lat' dir='ltr'><strong>non</strong></span> <span class='ocrx_word' id='word_1_861' title='bbox 2147 5095 2440 5152; x_wconf 87' lang='lat' dir='ltr'><strong>credantur</strong></span> <span class='ocrx_word' id='word_1_862' title='bbox 2472 5113 2486 5148; x_wconf 90' lang='lat'>:</span> <span class='ocrx_word' id='word_1_863' title='bbox 2517 5094 2641 5166; x_wconf 90' lang='lat' dir='ltr'><strong>quia</strong></span> <span class='ocrx_word' id='word_1_864' title='bbox 2665 5095 2787 5162; x_wconf 87' lang='lat' dir='ltr'><strong>jure</strong></span> <span class='ocrx_word' id='word_1_865' title='bbox 2808 5101 2860 5150; x_wconf 91' lang='lat' dir='ltr'><strong>et</strong></span> <span class='ocrx_word' id='word_1_866' title='bbox 2879 5092 3094 5165; x_wconf 80' lang='lat' dir='ltr'><strong>legibus</strong></span> <span class='ocrx_word' id='word_1_867' title='bbox 3116 5094 3468 5150; x_wconf 86' lang='lat' dir='ltr'><strong>constitutum</strong></span> <span class='ocrx_word' id='word_1_868' title='bbox 3497 5101 3600 5162; x_wconf 88' lang='lat' dir='ltr'><strong>est,</strong></span> 
     </span>
    </p>
   </div>
   <div class='ocr_carea' id='block_1_111' title="bbox 2007 5181 3602 5256">
    <p class='ocr_par' dir='ltr' id='par_1_111' title="bbox 2007 5181 3602 5256">
     <span class='ocr_line' id='line_1_111' title="bbox 2007 5181 3602 5256; baseline 0 -18"><span class='ocrx_word' id='word_1_869' title='bbox 2007 5192 2066 5239; x_wconf 88' lang='lat' dir='ltr'><strong>ut</strong></span> <span class='ocrx_word' id='word_1_870' title='bbox 2094 5193 2391 5256; x_wconf 77' lang='lat' dir='ltr'><strong>spontanee</strong></span> <span class='ocrx_word' id='word_1_871' title='bbox 2418 5181 2760 5252; x_wconf 86' lang='lat' dir='ltr'><strong>professione</strong></span> <span class='ocrx_word' id='word_1_872' title='bbox 2789 5197 2916 5236; x_wconf 91' lang='lat' dir='ltr'><strong>reus</strong></span> <span class='ocrx_word' id='word_1_873' title='bbox 2947 5197 3100 5237; x_wconf 90' lang='lat' dir='ltr'><strong>reum</strong></span> <span class='ocrx_word' id='word_1_874' title='bbox 3149 5197 3261 5236; x_wconf 90' lang='lat' dir='ltr'><strong>non</strong></span> <span class='ocrx_word' id='word_1_875' title='bbox 3287 5181 3467 5248; x_wconf 87' lang='lat' dir='ltr'><strong>faciat,</strong></span> <span class='ocrx_word' id='word_1_876' title='bbox 3495 5197 3602 5238; x_wconf 85' lang='lat' dir='ltr'><strong>ne-</strong></span> 
     </span>
    </p>
   </div>
   <div class='ocr_carea' id='block_1_112' title="bbox 2009 5269 3598 5344">
    <p class='ocr_par' dir='ltr' id='par_1_112' title="bbox 2009 5269 3598 5344">
     <span class='ocr_line' id='line_1_112' title="bbox 2009 5269 3598 5344; baseline -0.001 -17"><span class='ocrx_word' id='word_1_877' title='bbox 2009 5285 2115 5344; x_wconf 84' lang='lat' dir='ltr'><strong>que</strong></span> <span class='ocrx_word' id='word_1_878' title='bbox 2134 5271 2211 5326; x_wconf 87' lang='lat' dir='ltr'><strong>illi</strong></span> <span class='ocrx_word' id='word_1_879' title='bbox 2236 5272 2306 5325; x_wconf 89' lang='lat' dir='ltr'><strong>de</strong></span> <span class='ocrx_word' id='word_1_880' title='bbox 2337 5270 2510 5324; x_wconf 91' lang='lat' dir='ltr'><strong>altero</strong></span> <span class='ocrx_word' id='word_1_881' title='bbox 2539 5269 2812 5339; x_wconf 88' lang='lat' dir='ltr'><strong>credatur,</strong></span> <span class='ocrx_word' id='word_1_882' title='bbox 2867 5270 2960 5342; x_wconf 90' lang='lat' dir='ltr'><strong>qui</strong></span> <span class='ocrx_word' id='word_1_883' title='bbox 3007 5285 3067 5326; x_wconf 87' lang='lat' dir='ltr'><strong>se</strong></span> <span class='ocrx_word' id='word_1_884' title='bbox 3093 5269 3445 5326; x_wconf 88' lang='lat' dir='ltr'><strong>criminosum</strong></span> <span class='ocrx_word' id='word_1_885' title='bbox 3473 5284 3598 5325; x_wconf 86' lang='lat' dir='ltr'><strong>esse</strong></span> 
     </span>
    </p>
   </div>
   <div class='ocr_carea' id='block_1_113' title="bbox 2007 5355 3602 5415">
    <p class='ocr_par' dir='ltr' id='par_1_113' title="bbox 2007 5355 3602 5415">
     <span class='ocr_line' id='line_1_113' title="bbox 2007 5355 3602 5415; baseline -0.001 0"><span class='ocrx_word' id='word_1_886' title='bbox 2007 5358 2290 5415; x_wconf 82' lang='lat' dir='ltr'><strong>confessus</strong></span> <span class='ocrx_word' id='word_1_887' title='bbox 2321 5363 2420 5411; x_wconf 86' lang='lat' dir='ltr'><strong>est.</strong></span> <span class='ocrx_word' id='word_1_888' title='bbox 2443 5381 2466 5402; x_wconf 76' lang='grc' dir='ltr'><em>η</em></span> <span class='ocrx_word' id='word_1_889' title='bbox 2497 5357 2566 5411; x_wconf 83' lang='lat' dir='ltr'><strong>Et</strong></span> <span class='ocrx_word' id='word_1_890' title='bbox 2594 5355 2762 5411; x_wconf 87' lang='lat' dir='ltr'><strong>item:</strong></span> <span class='ocrx_word' id='word_1_891' title='bbox 2796 5377 2818 5405; x_wconf 87' lang='lat'><strong>«</strong></span> <span class='ocrx_word' id='word_1_892' title='bbox 2849 5358 2974 5414; x_wconf 88' lang='lat' dir='ltr'><strong>Non</strong></span> <span class='ocrx_word' id='word_1_893' title='bbox 3002 5357 3338 5414; x_wconf 85' lang='lat' dir='ltr'><strong>credendum</strong></span> <span class='ocrx_word' id='word_1_894' title='bbox 3359 5363 3602 5414; x_wconf 75' lang='lat' dir='ltr'><strong>estcon-</strong></span> 
     </span>
    </p>
   </div>
   <div class='ocr_carea' id='block_1_114' title="bbox 2007 5443 3598 5518">
    <p class='ocr_par' dir='ltr' id='par_1_114' title="bbox 2007 5443 3598 5518">
     <span class='ocr_line' id='line_1_114' title="bbox 2007 5443 3598 5518; baseline 0.001 -18"><span class='ocrx_word' id='word_1_895' title='bbox 2007 5454 2088 5501; x_wconf 79' lang='lat' dir='ltr'><strong>tra</strong></span> <span class='ocrx_word' id='word_1_896' title='bbox 2115 5444 2253 5501; x_wconf 83' lang='lat' dir='ltr'><strong>alios</strong></span> <span class='ocrx_word' id='word_1_897' title='bbox 2283 5459 2470 5500; x_wconf 87' lang='lat' dir='ltr'><strong>eorum</strong></span> <span class='ocrx_word' id='word_1_898' title='bbox 2501 5443 2851 5512; x_wconf 76' lang='lat' dir='ltr'><strong>confessioni,</strong></span> <span class='ocrx_word' id='word_1_899' title='bbox 2883 5443 3057 5518; x_wconf 76' lang='lat' dir='ltr'><strong>quiin</strong></span> <span class='ocrx_word' id='word_1_900' title='bbox 3087 5444 3598 5502; x_wconf 70' lang='lat' dir='ltr'><strong>criminibnsacw-</strong></span> 
     </span>
    </p>
   </div>
   <div class='ocr_carea' id='block_1_115' title="bbox 2009 5530 3604 5606">
    <p class='ocr_par' dir='ltr' id='par_1_115' title="bbox 2009 5530 3604 5606">
     <span class='ocr_line' id='line_1_115' title="bbox 2009 5530 3604 5606; baseline -0.001 -18"><span class='ocrx_word' id='word_1_901' title='bbox 2009 5541 2209 5597; x_wconf 84' lang='lat' dir='ltr'><strong>santur,</strong></span> <span class='ocrx_word' id='word_1_902' title='bbox 2263 5531 2370 5586; x_wconf 89' lang='lat' dir='ltr'><strong>nisi</strong></span> <span class='ocrx_word' id='word_1_903' title='bbox 2417 5548 2478 5588; x_wconf 90' lang='lat' dir='ltr'><strong>se</strong></span> <span class='ocrx_word' id='word_1_904' title='bbox 2533 5530 2685 5604; x_wconf 89' lang='lat' dir='ltr'><strong>prius</strong></span> <span class='ocrx_word' id='word_1_905' title='bbox 2727 5533 3080 5606; x_wconf 82' lang='lat' dir='ltr'><strong>probaverim</strong></span> <span class='ocrx_word' id='word_1_906' title='bbox 3106 5533 3443 5601; x_wconf 86' lang='lat' dir='ltr'><strong>innocentes,</strong></span> <span class='ocrx_word' id='word_1_907' title='bbox 3476 5531 3604 5603; x_wconf 80' lang='lat' dir='ltr'><strong>quis.</strong></span> 
     </span>
    </p>
   </div>
  </div>
