4164 6362
566 298 670 352 399

1593 288 1942 344 HINCMARI
1979 284 2378 342 RHEMENSIS
2415 286 2961 342 ARCHIEPISCOPI.

3759 287 3866 340 £00

550 418 861 491 periculosa
887 423 990 482 est,
1023 423 1078 472 et
1106 414 1317 470 admitti
1375 429 1485 469 non
1538 412 1700 468 debet
1743 413 1823 468 rei
1863 411 2157 466 adversum
2187 409 2542 469 Aaccusatos
2569 425 2735 466 causa
2765 411 2961 466 debeat
3005 409 3223 482 agitari,
3277 409 3703 482 Carthaginense
3728 423 3862 464 con-

555 521 932 580 quemcunque
985 503 1271 576 professio.
1312 527 1332 550 n
1378 503 1448 557 Et
1491 501 1782 558 concilium
1839 499 2156 556 Africanum

553 595 894 651 demonstrat
926 611 940 648 :
981 616 1003 640 α
1042 591 1149 660 Qui
1194 598 1406 662 postea,
1439 590 1696 660 inquiens
1725 591 1876 660 (can.
1919 591 2006 655 96,
2040 587 2152 655 97),

549 697 717 754 quam
774 680 1277 738 excommunicatus
1329 677 1513 744 fuerit,
1571 677 1626 731 in
1687 677 1806 748 ipsa
1847 677 2025 730 adhuc
2053 691 2154 728 ex-

549 769 1044 826 communicatione
1089 767 1430 830 constitutus,
1478 765 1596 820 sive
1643 764 1711 818 sit
1751 763 2002 830 clericus,
2039 761 2154 816 sive

549 859 622 914 sit
647 857 836 924 laicus,
895 872 1150 913 accusare
1208 854 1468 919 voluerit;
1529 868 1824 923 omnesque
1869 851 2034 916 servi,
2066 849 2154 905 vel

547 946 758 1018 proprii
786 944 984 1011 liberti,
1033 944 1104 998 ad
1163 941 1565 999 accusationem
1621 956 1729 994 non
1777 939 2150 1002 admittantur,

553 1035 641 1090 vel
667 1050 856 1090 omnes
887 1048 1024 1106 quos
1054 1031 1125 1086 ad
1154 1029 1455 1086 accusanda
1497 1027 1713 1098 publica
1743 1026 1969 1082 crimina
1999 1025 2154 1098 leges

552 1121 787 1191 publica
809 1138 918 1177 non
945 1119 1258 1182 admittunt;
1311 1133 1502 1173 omnes
1545 1117 1706 1172 etiam
1748 1114 1984 1170 infamiae
2030 1129 2152 1168 ma-

555 1211 692 1268 culis
721 1209 952 1280 aspersi,
1004 1209 1061 1263 id
1105 1215 1190 1262 est
1238 1205 1554 1270 histriones,
1609 1212 1700 1258 aut
1728 1201 2154 1273 turpitudinibus

553 1299 812 1368 subjecta
864 1311 1150 1368 personae;
1203 1293 1443 1350 haeretici
1501 1293 1696 1357 etiam,
1756 1291 1872 1346 sive
1927 1289 2149 1360 pagani,

555 1403 654 1443 seu
698 1385 871 1442 Judai
903 1402 916 1438 :
949 1383 1048 1438 sed
1105 1391 1286 1437 tamen
1337 1381 1610 1448 omnibus,
1651 1379 1846 1451 quibus
1877 1378 2154 1433 accusatio

555 1477 888 1547 denegatur,
946 1471 1001 1526 in
1054 1470 1236 1526 causis
1293 1469 1532 1539 propriis
1585 1466 1882 1522 accusandi
1936 1465 2155 1521 licentia

552 1577 662 1618 non
707 1568 789 1617 est
846 1559 1120 1632 neganda.
1177 1579 1198 1607 »
1247 1557 1410 1626 (Can.
1459 1558 1573 1624 98.)
1629 1577 1648 1603 α
1701 1555 1769 1608 Et
1798 1555 2152 1625 quotiescun-

555 1667 661 1722 que
700 1648 913 1705 clericis
960 1647 1030 1701 ab
1075 1644 1485 1702 accusatoribus
1529 1643 1694 1697 multa
1733 1643 1964 1698 crimina
2010 1641 2153 1710 obji-

2254 499 2436 554 cilium
2469 499 2650 554 statuit
2693 499 2882 554 dicens
2929 499 3083 570 (can.
3119 498 3210 568 30)
3243 515 3256 552 :
3295 519 3316 548 α
3353 497 3422 553 Ut
3454 505 3743 554 accusatus
3771 497 3865 552 vel

2253 596 2542 643 accusator
2578 589 2632 642 in
2665 604 2730 642 eo
2760 588 2883 643 loco
2911 588 3054 642 unde
3085 595 3168 642 est
3205 587 3297 658 qui
3344 595 3649 652 accusatur,
3682 587 3865 641 locum

2255 676 2358 729 sibi
2391 676 2556 748 eligat
2584 675 2910 746 proximum,
2933 691 3042 746 quo
3063 690 3171 730 non
3194 675 3262 730 sit
3290 673 3506 730 diﬁicile
3535 682 3702 729 testes
3731 689 3862 744 pro-

2255 765 2456 818 ducere
2486 763 2576 818 ubi
2607 779 2774 819 causa
2817 763 3064 829 ﬁniatur;
3106 788 3126 810 n
3175 772 3228 818 et
3267 763 3396 819 hinc
3441 763 3594 834 leges
3623 763 3812 818 dicunt
3843 780 3858 815 :

2260 873 2282 901 ι(
2319 851 2614 906 Criminum
2645 851 2916 907 discussio
2967 851 3041 905 ibi
3089 851 3348 924 agitanda
3393 858 3492 913 est,
3527 850 3619 904 ubi
3649 850 3858 906 crimen

2253 939 2553 994 admissum
2583 947 2666 994 est
2698 957 2709 994 :
2742 955 2868 994 nam
2899 939 3028 994 alibi
3075 939 3362 994 criminum
3391 953 3516 994 reus
3545 939 3862 1008 prohibetur

2253 1028 2447 1082 audiri.
2489 1049 2510 1076 ι
2547 1029 2613 1082 Ει
2639 1027 2770 1082 item
2803 1045 2816 1080 :
2852 1052 2872 1075 «ι
2911 1027 2967 1083 Si
2998 1027 3120 1098 quis
3151 1027 3521 1082 adversarium
3569 1035 3660 1081 aut
3689 1042 3857 1096 repe-

2255 1115 2460 1182 titione,
2495 1125 2586 1170 aut
2607 1115 2850 1171 criminis
2881 1116 3185 1184 objectione
3207 1115 3522 1186 pulsaverit,
3545 1114 3598 1168 in
3630 1115 3858 1184 provin-

2253 1203 2333 1258 cia
2363 1203 2418 1258 in
2449 1219 2557 1274 qua
2586 1203 2831 1258 consistit
2878 1203 2968 1258 ille
3016 1203 3108 1274 qui
3166 1203 3428 1274 pulsatur,
3481 1219 3607 1257 suas
3665 1210 3860 1256 exerat

2252 1291 2512 1360 actiones,
2545 1307 2648 1347 nec
2692 1291 2924 1347 aestimet
2966 1291 3342 1346 adversarium
3388 1306 3548 1344 suum
3601 1290 3734 1345 alibi
3764 1297 3860 1345 aut

2253 1378 2471 1451 longius
2500 1380 2568 1434 ad
2600 1380 2858 1448 judicium
2917 1380 3363 1449 pertrahendum.
3423 1379 3520 1434 Ille
3575 1395 3710 1434 vero
3763 1378 3859 1450 qui

2253 1467 2501 1536 pulsatus
2529 1467 2689 1522 fuerit
2719 1467 2766 1521 si
2807 1467 3049 1537 judicem
3107 1475 3419 1538 suspectum
3477 1467 3750 1533 habuerit,
3785 1466 3857 1520 li-

2253 1563 2374 1610 ceat
2401 1555 2701 1626 appellare.
2744 1579 2764 1602 »
2813 1557 2881 1610 Et
2927 1556 3358 1628 Carthaginense
3405 1555 3537 1611 dicit
3563 1555 3858 1612 concilium

2253 1643 2403 1712 (can.
2441 1646 2528 1713 15)
2555 1659 2567 1696 :
2601 1667 2623 1690 α
2645 1645 2708 1698 Ut
2745 1659 2778 1698 a
2810 1643 3223 1715 quibuscunque
3246 1644 3524 1712 judicibus
3555 1643 3859 1699 ecclesias-

555 1738 788 1802 ciuntur,
821 1743 872 1791 et
901 1750 1067 1789 unum
1099 1750 1163 1788 ex
1190 1732 1344 1804 ipsis,
1386 1733 1453 1786 de
1501 1747 1610 1802 quo
1656 1730 1808 1801 prius
1851 1729 2026 1802 egerit
2055 1744 2152 1784 ac-
2181 1765 2235 1824 B
2257 1731 2380 1786 ticis
2410 1731 2480 1785 ad
2511 1731 2650 1786 alios
2679 1731 2894 1800 judices
2948 1732 3368 1796 ecclesiasticos,
3415 1731 3508 1786 ubi
3556 1739 3634 1787 est
3679 1731 3858 1801 major

555 1833 794 1893 cusator,
853 1822 1089 1894 probare
1135 1837 1244 1876 non
1294 1818 1538 1884 valuerit,
1585 1818 1653 1872 ad
1684 1825 1880 1873 caetera
1903 1819 2015 1886 jam
2044 1832 2154 1871 non

556 1913 886 1970 admittatur.
967 1911 1156 1965 Testes
1223 1915 1406 1963 autem
1483 1907 1551 1961 ad
1621 1905 1989 1961 testimonium
2045 1919 2156 1958 non

557 1998 919 2056 admittendos
953 2041 966 2060 ,
1044 1997 1137 2068 qui
1211 2011 1314 2050 nec
1367 1995 1435 2048 ad
1491 1993 1891 2050 accusationem
1949 1991 2157 2046 admitti

559 2087 820 2160 praecepti
878 2093 1020 2148 sunt,
1079 2083 1166 2140 vel
1219 2083 1383 2139 etiam
1435 2098 1569 2154 quos
1617 2082 1733 2152 ipse
1775 2088 2058 2137 accusator
2087 2080 2155 2133 de

565 2191 660 2230 sua
713 2174 877 2230 domo
927 2171 1239 2244 produxerit
1273 2189 1286 2224 :
1320 2171 1388 2225 ad
1448 2169 1818 2225 testimonium
1859 2177 2038 2223 autem
2067 2167 2154 2220 in-

560 2272 646 2319 tra
675 2278 849 2318 annos
877 2259 1284 2333 quatuordecim
1329 2258 1498 2314 aetatis
1547 2274 1660 2314 suae
1708 2273 1815 2312 non
1865 2257 2156 2311 admittan-

562 2360 670 2408 tur.
710 2375 733 2400 η
763 2351 831 2406 Et
860 2357 1077 2405 sanctus
1107 2346 1442 2419 Augustinus
1489 2346 1656 2401 dicit:
1691 2369 1711 2393 «
1747 2345 2034 2414 Quamvis,
2067 2345 2156 2398 in-

564 2439 774 2512 quiens,
828 2453 958 2494 vera
1002 2436 1110 2492 sint
1157 2435 1422 2507 quaedam,
1455 2451 1564 2490 non
1595 2443 1776 2488 tamen
1798 2433 1968 2502 judici
1998 2433 2156 2488 facile

568 2525 845 2585 credenda
874 2533 1020 2590 sunt,
1053 2524 1156 2579 nisi
1184 2523 1351 2580 certis
1389 2522 1606 2578 indiciis
1636 2522 2094 2577 demonstrantur.
2131 2545 2153 2569 ››

567 2614 690 2685 Qui
727 2613 854 2671 fecit
909 2613 1055 2685 quod
1109 2611 1311 2678 docuit,
1363 2628 1485 2666 cum
1526 2611 1582 2664 in
1611 2609 1823 2665 reddita
1854 2609 2059 2664 ratione
2087 2609 2157 2663 ad

562 2703 848 2775 primatem
879 2717 992 2756 sua)
1018 2699 1311 2772 provinciae
1331 2697 1664 2769 Xantippum
1685 2697 1952 2762 scribens,
1977 2713 2160 2768 quem-

567 2792 695 2846 dam
737 2789 1113 2860 presbyterum
1160 2802 1318 2842 suum
1358 2785 1764 2840 Abundantium
1802 2802 1833 2838 a
1862 2801 1921 2839 se
1945 2785 2156 2853 judica-

566 2888 682 2934 tum
709 2892 832 2933 esse
861 2877 1216 2941 demonstrat,
1279 2875 1348 2928 de
1404 2888 1470 2929 eo
1515 2874 1704 2928 dicens
1747 2873 1942 2944 (epist.
1981 2873 2108 2942 236)
2141 2890 2155 2926 :

567 2987 588 3013 ιι
626 2965 848 3048 Insinuq
874 2963 1177 3035 prudentiae
1205 2970 1329 3028 tuae,
1362 2961 1759 3016 Abundantium
1784 2961 2074 3030 quemdam
2103 2959 2160 3014 in

538 3051 733 3108 -fundo
762 3049 1198 3108 Strabonianensi
1244 3049 1546 3120 pertinente
1590 3049 1659 3102 ad
1704 3063 1890 3103 curam
1920 3055 2158 3102 nostram

2256 1819 2569 1885 auctoritas,
2605 1819 2765 1874 fuerit
2793 1829 3171 1890 provocatum,
3203 1835 3311 1875 non
3341 1821 3426 1874 eis
3451 1820 3592 1874 obsit
3621 1835 3859 1891 quorum

2255 1905 2420 1960 fuerit
2477 1907 2651 1962 soluta
2700 1909 2989 1978 sententia,
3043 1909 3089 1962 si
3139 1909 3389 1964 convinci
3416 1923 3527 1963 non
3553 1909 3856 1980 potuerint,

2256 1994 2343 2049 vel
2371 1995 2590 2051 inimico
2621 1995 2802 2050 animo
2851 1996 3148 2065 judicasse,
3205 1995 3294 2051 vel
3335 1996 3520 2068 aliqua
3561 1996 3857 2066 cupiditate

2255 2091 2344 2136 aut
2375 2083 2547 2155 gratia
2595 2084 2900 2154 depravari.
2953 2084 3092 2140 Sane
3137 2085 3183 2138 si
3227 2101 3293 2139 ex
3322 2101 3591 2140 consensu
3619 2085 3857 2154 partium

2257 2169 2413 2225 electi
2445 2169 2644 2226 fuerint
2666 2172 3077 2240 judices,etiam
3097 2172 3390 2243 apauciori
3425 2159 3655 2227 numero
3692 2188 3860 2244 quam

2256 2258 2601 2313 constitutum
2657 2268 2760 2328 est,
2821 2276 2930 2315 non
2984 2260 3144 2316 liceat
3198 2261 3503 2331 provocari.
3541 2281 3564 2310 ι
3609 2259 3858 2329 Qualiter

2256 2354 2433 2401 autem
2463 2347 2728 2402 sententia
2755 2347 2899 2402 finiri
2925 2349 3134 2412 debeat,
3171 2349 3326 2422 leges
3355 2358 3413 2404 et
3440 2349 3576 2404 sacri
3605 2365 3854 2405 canones

2257 2443 2577 2502 monstrant,
2609 2436 2854 2492 dicentes
2884 2445 2940 2491 ut
2970 2437 3054 2492 vel
3083 2437 3137 2491 in
3167 2438 3394 2509 synodo,
3427 2438 3513 2492 vel
3557 2453 3658 2508 per
3696 2437 3855 2507 judi-

2257 2539 2369 2590 ces,
2403 2523 2517 2578 sive
2547 2540 2682 2595 quos
2711 2525 3092 2596 conquirentes
3138 2525 3398 2596 primates
3428 2525 3697 2592 dederint,
3731 2526 3855 2581 sive

2258 2627 2396 2682 quos
2426 2611 2529 2682 ipsi
2558 2612 2766 2667 vicinos
2796 2629 2861 2667 ex
2893 2628 3166 2668 consensu
3195 2613 3516 2686 delegerint.
3545 2638 3566 2662 »ι
3601 2612 3861 2684 Deputati

2257 2707 2436 2754 autem
2483 2700 2696 2769 judices
2739 2701 3002 2771 episc0pi,
3052 2710 3108 2755 ut
3157 2701 3471 2757 Africanum
3501 2702 3630 2757 dicit
3659 2702 3856 2758 conci-

2255 2787 2386 2842 lium
2417 2789 2567 2857 (can.
2603 2790 2712 2858 88),
2747 2789 2815 2842 ab
2857 2789 2950 2843 illo
2981 2789 3212 2859 primate
3243 2798 3370 2844 sunt
3397 2789 3577 2854 dandi,
3611 2790 3664 2844 in
3700 2791 3858 2859 cujus

2257 2875 2536 2946 provincia
2590 2893 2754 2931 causa
2809 2886 3104 2932 versatur:
3137 2878 3182 2931 si
3237 2886 3416 2932 autem
3459 2895 3524 2934 ex
3569 2879 3852 2934 communi

2257 2962 2454 3031 placito
2485 2963 2868 3034 conquirentes
2910 2964 3117 3020 vicinos
3156 2965 3370 3034 judices
3417 2965 3701 3038 elegerint,
3756 2974 3855 3020 aut

2260 3065 2396 3103 unus
2453 3050 2703 3121 eligatur,
2763 3059 2854 3106 aut
2913 3059 3042 3116 tres,
3099 3061 3152 3107 et
3207 3052 3252 3106 si
3298 3061 3408 3108 tres
3437 3053 3722 3126 elegerint,
3755 3061 3854 3109 aut

560 3141 869 3197 ordinatum
897 3138 1064 3194 fuisse
1085 3138 1488 3209 presbyterum.
1523 3136 1626 3205 Qui
1665 3152 1789 3192 cum
1818 3151 1924 3190 non
1955 3135 2154 3188 ambu-
2187 3111 2490 3191 Comnium
2548 3139 2869 3193 sententiam
2925 3147 3238 3212 sequantur,
3287 3149 3378 3194 aut
3415 3111 3664 3196 duorum.
3703 3162 3726 3190 ι
3777 3141 3854 3196 Ει

561 3229 693 3286 laret
713 3229 828 3284 vias
855 3243 1135 3283 servorum
1180 3226 1298 3290 Dei,
1343 3241 1454 3280 non
1497 3225 1691 3280 bonam
1723 3224 1920 3278 famam
1953 3223 2153 3279 habere

564 3325 828 3388 cmperat,
863 3333 966 3387 qua
1023 3330 1128 3386 ego
1183 3313 1531 3378 conterritus,
1587 3328 1698 3367 non
1739 3320 1921 3366 tamen
1947 3321 2152 3367 temere

559 3403 762 3476 aliquid
791 3403 1012 3458 credere
1040 3401 1249 3466 volens,
1282 3402 1379 3456 sed
1417 3401 1580 3471 plane
1626 3399 1910 3454 sollicitior
1957 3397 2147 3468 factus,

509 3505 518 3513 ‘
560 3507 783 3562 operam
833 3490 980 3556 dedi,
1028 3488 1075 3542 si
1121 3489 1394 3561 quomodo
1437 3504 1657 3560 possem
1685 3487 1753 3542 ad
1783 3487 1963 3558 aliqua
1993 3487 2152 3541 malae

557 3577 988 3635 conversationis
1055 3577 1171 3647 ejus
1236 3585 1384 3633 certa
1447 3576 1642 3630 indicia
1707 3575 2012 3646 pervenire.
2071 3576 2150 3629 Ac

555 3667 734 3738 primo
762 3665 1025 3737 comperi,
1079 3681 1198 3720 eum
1246 3664 1533 3736 pecuniam
1577 3664 1862 3732 cujusdam
1891 3661 2150 3718 rusticani

555 3754 625 3810 de
657 3754 784 3810 vino
812 3754 956 3824 apud
1009 3769 1069 3808 se
1114 3753 1490 3808 commendato
1547 3751 1941 3816 intervertisse,
1990 3751 2065 3805 ita
2091 3758 2148 3804 ut

550 3841 758 3896 nullam
813 3840 938 3894 inde
981 3848 1167 3909 posset
1208 3839 1547 3911 probabilem
1595 3839 1826 3894 reddere
1856 3838 2143 3892 rationem.

553 3929 766 3985 Deinde
795 3928 1076 3983 convictus
1105 3935 1265 3999 atque
1290 3927 1575 3983 confessus
1597 3935 1697 3991 est,
1718 3927 1805 3980 die
1829 3926 2018 3994 jejunii
2049 3941 2146 3980 na-

553 4017 678 4072 talis
707 4014 944 4083 Domini,
987 4031 1096 4086 quo
1143 4016 1304 4070 etiam
1345 4015 1632 4085 Gippitana
1662 4013 1894 4070 ecclesia
1925 4013 2063 4069 sicut
2093 4022 2145 4068 et

550 4113 758 4160 caetera:
783 4103 1080 4173 jejunabat,
1123 4119 1244 4158 cum
1289 4111 1542 4174 tanquam
1573 4110 1918 4173 perrecturus
1949 4102 2014 4156 ad
2046 4117 2143 4157 ec-

547 4191 769 4248 clesiam
799 4208 953 4246 suam
1001 4190 1342 4247 valefecisset
1395 4191 1622 4264 collegas
1669 4207 1768 4246 suo
1824 4190 2142 4260 presbytero

547 4280 840 4352 Gippitano
869 4281 1002 4336 hora
1030 4279 1144 4334 fere
1194 4279 1400 4350 quinta,
1459 4287 1510 4334 et
1557 4295 1681 4335 cum
1721 4295 1903 4334 secum
1933 4278 2142 4332 nullum

546 4369 806 4424 clericum
836 4369 1078 4433 haberet,
1111 4367 1166 4421 in
1187 4367 1379 4422 eodem
1411 4366 1576 4422 fundo
1598 4367 1880 4431 restitisse,
1913 4374 1966 4421 et
1995 4366 2139 4437 apud

2253 3224 2695 3280 Chalcedonense
2751 3226 3037 3282 concilium
3081 3227 3214 3283 dicit
3258 3229 3409 3297 (can.
3442 3229 3536 3300 9):
3574 3253 3595 3276 ει
3634 3229 3691 3285 Si
3720 3230 3848 3301 quis

2252 3313 2480 3368 clericus
2536 3315 2796 3370 adversus
2853 3315 3109 3371 clericum
3166 3317 3332 3371 habet
3387 3317 3685 3388 negotium.
3733 3332 3848 3372 non

2251 3401 2467 3456 deserat
2495 3402 2810 3472 episcopum
2858 3403 3158 3474 prOprium,
3203 3411 3256 3460 et
3301 3399 3372 3459 ad
3403 3405 3682 3460 secularia
3711 3421 3847 3476 per-

2251 3497 2430 3543 currat
2455 3489 2694 3557 judicia;
2729 3490 2826 3544 sed
2855 3491 3003 3560 prius
3045 3491 3184 3547 actio
3232 3493 3520 3548 ventiletur
3549 3493 3690 3564 apud
3723 3493 3848 3564 epi-

2251 3593 2478 3646 scopum
2524 3577 2824 3648 proprium,
2869 3579 2958 3634 vel
3004 3588 3152 3635 certe
3196 3580 3425 3636 consilio
3455 3581 3698 3651 ejusdem
3731 3580 3848 3652 epi-

2249 3665 2421 3733 scopi,
2453 3667 2596 3734 apud
2627 3681 2764 3736 quos
2794 3675 3036 3738 utraeque
3064 3675 3244 3738 partes
3273 3668 3560 3735 voluerint,
3577 3670 3846 3739 judicium

2249 3751 2620 3807 continebant.
2653 3753 2709 3808 Si
2743 3753 2862 3824 quis
2893 3763 3076 3809 autem
3119 3763 3320 3826 praeter
3363 3757 3494 3812 haec.
3510 3756 3720 3824 fecerit,
3753 3773 3845 3814 ca-

2247 3839 2458 3894 nonicis
2500 3841 2932 3910 correptionibus
2969 3843 3290 3912 subjacebit.
3339 3868 3360 3892 ι»
3408 3846 3475 3900 Et
3505 3854 3724 3900 sanctus
3755 3847 3846 3900 In-

2247 3927 2532 3982 nocentius
2557 3929 2627 3982 ad
2669 3929 2980 3984 Victricium
3025 3931 3342 4002 episcOpum
3377 3950 3390 3986 :
3429 3954 3452 3983 ι
3487 3933 3544 3988 Si
3575 3949 3719 4004 quae,
3753 3934 3845 3988 in-

2246 4014 2358 4084 quit
2389 4016 2574 4086 (epz'st.
2598 4017 2670 4086 1),
2703 4033 2899 4086 causae,
2923 4018 3008 4072 vel
3034 4020 3408 4076 contentiones
3439 4020 3580 4076 inter
3607 4022 3844 4078 clericos

2246 4109 2355 4156 tam
2385 4103 2682 4173 superioris
2713 4105 2920 4159 ordinis
2952 4122 3114 4178 quam
3146 4107 3302 4162 etiam
3342 4107 3616 4164 inferioris
3645 4109 3844 4165 fuerint

2245 4199 2464 4255 exortae,
2500 4199 2556 4245 ut
2586 4193 2883 4247 secundum
2905 4195 3169 4266 synodum
3185 4195 3464 4252 Nicaanam
3485 4198 3842 4271 congregatis

2243 4278 2482 4346 ejusdem
2535 4281 2833 4350 provinciae
2881 4282 3154 4354 episcopis
3195 4285 3436 4356 jurgium
3466 4287 3836 4342 terminatur:

2241 4383 2343 4422 nec
2399 4367 2558 4423 alicui
2613 4367 2772 4424 liceat
2830 4370 2970 4440 (sine
3017 4372 3327 4441 praejudicio
3365 4381 3547 4430 tamen
3575 4375 3839 4432 Romana:

547 4455 844 4528 quamdam
900 4455 1054 4510 malae
1108 4454 1266 4510 famae
1321 4454 1624 4520 mulierem,
1677 4462 1728 4508 et.
1769 4454 2058 4524 prandisse
2089 4457 2209 4516 etD
2239 4455 2519 4524 Ecclesiae,
2551 4457 2729 4512 cui‘in
2777 4458 3025 4512 omnibus
3081 4461 3260 4515 causis
3315 4461 3476 4517 debet
3531 4464 3840 4519 reverentia

547 4559 818 4611 coenasse,
853 4551 905 4596 et
933 4543 989 4597 in
1017 4557 1125 4596 una
1153 4544 1318 4598 domo
1371 4543 1656 4606 mansisse,
1707 4550 1758 4595 et
1790 4542 1894 4596 hoc
1935 4557 2142 4612 negare

545 4646 654 4687 non
684 4630 875 4702 potuit.
907 4630 1048 4684 Nam
1079 4645 1201 4701 quae
1247 4629 1465 4702 negavit
1511 4629 1627 4682 Deo
1656 4628 1856 4692 dimisi,
1899 4645 2020 4698 quae
2048 4643 2142 4684 oc-

545 4719 744 4774 cultare
777 4718 1080 4790 permissus
1122 4733 1232 4772 non
1278 4725 1380 4782 est,
1406 4715 1668 4784 judicavi.
1702 4715 1875 4769 Timui
1905 4715 1956 4768 ei
1985 4731 2140 4770 com-

547 4806 760 4862 mittere
818 4806 1145 4872 ecclesiam,
1212 4805 1512 4875 praesertim
1569 4803 1710 4858 inter
1762 4801 2141 4856 haereticorum

549 4890 1064 4948 circumlatrantium
1118 4892 1328 4948 rabiem
1373 4891 1738 4948 constitutam.
1797 4891 1923 4944 Haec
1964 4899 2142 4944 autem

546 4993 636 5034 me
661 4981 961 5049 prudentia:
1009 4990 1113 5035 tuae
1152 4979 1421 5050 praecipue
1450 4979 1699 5033 intimare
1731 4977 2036 5048 oportebat,
2070 4994 2139 5034 ne

549 5066 730 5137 aliqua
782 5067 876 5120 tibi
933 5065 1140 5122 fallacia
1186 5067 1528 5136 subreperet.
1569 5091 1590 5114 »
1627 5065 1840 5122 Sciebat
1868 5065 2011 5120 enim
2040 5065 2140 5122 iste

545 5152 628 5210 vir
657 5154 870 5208 Domini
899 5171 1154 5219 canones,
1201 5163 1252 5210 et
1295 5169 1404 5209 non
1435 5155 1813 5209 contemnebat
1843 5153 2140 5208 secundum

546 5241 770 5298 eosdem
801 5258 986 5298 sacros
1016 5257 1273 5308 canones,
1305 5241 1520 5312 primati
1563 5259 1682 5308 suo,
1733 5243 1926 5297 minori
1956 5242 2139 5297 scien-

545 5328 618 5386 tia
651 5338 704 5385 et
730 5329 871 5386 forte
891 5330 1104 5398 merito,
1138 5330 1235 5386 sed
1256 5329 1453 5400 potiori
1480 5328 1600 5386 loco
1629 5330 1805 5399 subdi,
1840 5329 2140 5386 obaudiens

548 5415 816 5474 dicentem
846 5417 1162 5490 Apostolum
1197 5433 1210 5470 :
1245 5415 1466 5473 Obedite
1499 5421 1814 5491 prapositis
1843 5419 2046 5474 vestri:
2075 5421 2139 5472 in

550 5515 784 5573 Domino
811 5515 993 5586 (Hebr.
1021 5517 1167 5582 xm).
1203 5513 1303 5571 Ubi
1333 5520 1507 5571 autem
1536 5515 1678 5572 inter
1707 5522 2054 5572 accusatores
2085 5521 2140 5568 et

2243 4543 2548 4614 custodiri),
2599 4545 2802 4600 relictis
2847 4547 2932 4600 his
2979 4549 3375 4616 sacerdotibus,
3425 4551 3518 4622 qui
3554 4551 3612 4605 in
3640 4553 3835 4608 eadem

2241 4631 2522 4698 provincia
2551 4632 2652 4686 Dei
2679 4633 2984 4689 Ecclesium
3030 4644 3163 4690 nutu
3193 4637 3376 4694 divino
3405 4639 3732 4710 gubernant,
3765 4639 3835 4695 ad

2241 4716 2372 4770 alias
2402 4719 2692 4774 convolare
2721 4723 3052 4792 provincias.
3089 4724 3246 4792 Quod
3276 4725 3322 4780 si
3369 4727 3492 4798 quis
3519 4726 3660 4784 forte
3691 4745 3834 4800 pra-

2242 4807 2550 4876 sumpserit,
2583 4816 2636 4863 et
2662 4809 2730 4862 ab
2761 4809 2938 4866 oﬂicio
2989 4811 3122 4868 cleri
3171 4815 3470 4885 submotus,
3523 4824 3575 4870 et
3604 4816 3832 4886 injuria-

2241 4909 2361 4948 rum
2394 4911 2520 4950 reus
2550 4896 2618 4950 ab
2648 4898 2900 4952 omnibus
2936 4900 3229 4968 judicetur.
3281 4903 3339 4958 Si
3386 4911 3566 4960 autem
3595 4907 3835 4975 majores

2239 4997 2417 5038 causae
2447 4983 2502 5036 in
2533 4984 2713 5040 medio
2750 4986 2945 5041 fuerint
2972 4989 3258 5060 devoluta,
3291 4992 3357 5046 ad
3389 4992 3575 5048 sedem
3607 5003 3835 5064 aposto-

2239 5071 2420 5137 licam,
2455 5071 2593 5126 sicut
2624 5074 2864 5143 synodus
2922 5077 3123 5141 statuit,
3186 5087 3240 5133 et
3295 5087 3452 5134 vetus
3496 5082 3840 5137 consuetudo

2239 5159 2424 5230 exigit,
2458 5169 2579 5230 post
2603 5160 2864 5228 judicium
2895 5165 3204 5236 episcopale
3232 5166 3552 5224 referantur.
3592 5193 3614 5217 η

2309 5247 2376 5300 Ει
2405 5247 2531 5318 quia
2561 5247 2695 5304 sicut
2747 5250 2855 5305 duo
2911 5261 3035 5306 sunt
3093 5263 3339 5325 peccata,
3389 5264 3442 5312 et
3487 5257 3598 5312 duo
3629 5275 3842 5332 genera

2238 5343 2587 5403 peccatorum
2617 5337 2730 5407 (aut
2761 5338 2907 5394 enim
2945 5339 3000 5394 in
3046 5341 3223 5398 Deum
3277 5352 3470 5416 peccat
3516 5346 3703 5416 homo,
3743 5357 3842 5405 aut

2238 5421 2293 5474 in
2321 5421 2638 5493 hominem),
2697 5434 2748 5481 et
2803 5427 2910 5482 duo
2965 5437 3090 5484 sunt
3142 5431 3404 5488 adventus
3450 5433 3692 5505 Domini,
3737 5435 3844 5510 qui

2239 5517 2382 5573 venit
2409 5528 2727 5590 peccatores
2755 5521 2934 5581 salvos
2959 5524 3170 5584 facere.
3223 5529 3426 5588 Omne:
3455 5533 3613 5588 enim
3638 5549 3841 5605 pecca-
