  <div class='ocr_page' id='page_1' title='image "/cluster/home/n/w/nwhite01/storage/ocr_20150623/126/umn.31951002477419r/234.png"; bbox 0 0 4164 6304; ppageno 0'>
   <div class='ocr_carea' id='block_1_1' title="bbox 302 295 394 346">
    <p class='ocr_par' dir='ltr' id='par_1_1' title="bbox 302 295 394 346">
     <span class='ocr_line' id='line_1_1' title="bbox 302 295 394 346; baseline 0 0"><span class='ocrx_word' id='word_1_1' title='bbox 302 295 394 346; x_wconf 67' lang='lat' dir='ltr'><em>L01</em></span> 
     </span>
    </p>
   </div>
   <div class='ocr_carea' id='block_1_2' title="bbox 1012 285 2826 346">
    <p class='ocr_par' dir='ltr' id='par_1_2' title="bbox 1012 285 2826 346">
     <span class='ocr_line' id='line_1_2' title="bbox 1012 285 2826 346; baseline -0.003 -1"><span class='ocrx_word' id='word_1_2' title='bbox 1012 289 1254 346; x_wconf 88' lang='lat' dir='ltr'><strong>OPUSC.</strong></span> <span class='ocrx_word' id='word_1_3' title='bbox 1317 290 1406 344; x_wconf 84' lang='lat' dir='ltr'><strong>ET</strong></span> <span class='ocrx_word' id='word_1_4' title='bbox 1452 289 1668 345; x_wconf 83' lang='lat' dir='ltr'><em>EPIST.</em></span> <span class='ocrx_word' id='word_1_5' title='bbox 1730 289 1800 342; x_wconf 85' lang='lat' dir='ltr'><strong>IN</strong></span> <span class='ocrx_word' id='word_1_6' title='bbox 1860 285 2086 341; x_wconf 78' lang='lat' dir='ltr'><em>CAUSA</em></span> <span class='ocrx_word' id='word_1_7' title='bbox 2135 287 2475 342; x_wconf 83' lang='lat' dir='ltr'><em>HINCMARI</em></span> <span class='ocrx_word' id='word_1_8' title='bbox 2524 287 2826 344; x_wconf 79' lang='lat' dir='ltr'><em>LAUDUN.</em></span> 
     </span>
    </p>
   </div>
   <div class='ocr_carea' id='block_1_3' title="bbox 3501 288 3605 344">
    <p class='ocr_par' dir='ltr' id='par_1_3' title="bbox 3501 288 3605 344">
     <span class='ocr_line' id='line_1_3' title="bbox 3501 288 3605 344; baseline 0.029 -3"><span class='ocrx_word' id='word_1_9' title='bbox 3501 288 3605 344; x_wconf 54' lang='grc'><strong>408</strong></span> 
     </span>
    </p>
   </div>
   <div class='ocr_carea' id='block_1_4' title="bbox 311 409 3606 488">
    <p class='ocr_par' dir='ltr' id='par_1_4' title="bbox 311 409 3606 488">
     <span class='ocr_line' id='line_1_4' title="bbox 311 409 3606 488; baseline -0.002 -16"><span class='ocrx_word' id='word_1_10' title='bbox 311 419 537 484; x_wconf 73' lang='lat' dir='ltr'><em>verunt,</em></span> <span class='ocrx_word' id='word_1_11' title='bbox 573 417 808 488; x_wconf 83' lang='lat' dir='ltr'><em>etegent</em></span> <span class='ocrx_word' id='word_1_12' title='bbox 823 414 1004 486; x_wconf 78' lang='lat' dir='ltr'><em>gloria</em></span> <span class='ocrx_word' id='word_1_13' title='bbox 1017 415 1118 468; x_wconf 86' lang='lat' dir='ltr'><em>Dei</em></span> <span class='ocrx_word' id='word_1_14' title='bbox 1139 415 1315 483; x_wconf 83' lang='lat' dir='ltr'><em>(Rom.</em></span> <span class='ocrx_word' id='word_1_15' title='bbox 1341 413 1446 483; x_wconf 79' lang='lat' dir='ltr'><em>In).</em></span> <span class='ocrx_word' id='word_1_16' title='bbox 1471 428 1610 467; x_wconf 91' lang='lat' dir='ltr'><em>unus</em></span> <span class='ocrx_word' id='word_1_17' title='bbox 1639 410 1904 476; x_wconf 89' lang='lat' dir='ltr'><em>occultus,</em></span> <span class='ocrx_word' id='word_1_18' title='bbox 1927 409 1985 470; x_wconf 87' lang='lat' dir='ltr'><strong>A</strong></span> <span class='ocrx_word' id='word_1_19' title='bbox 2010 409 2140 465; x_wconf 89' lang='lat' dir='ltr'><em>latio</em></span> <span class='ocrx_word' id='word_1_20' title='bbox 2171 426 2378 476; x_wconf 89' lang='lat' dir='ltr'><em>eorum,</em></span> <span class='ocrx_word' id='word_1_21' title='bbox 2411 411 2502 483; x_wconf 90' lang='lat' dir='ltr'><em>qui</em></span> <span class='ocrx_word' id='word_1_22' title='bbox 2531 411 2795 466; x_wconf 86' lang='lat' dir='ltr'><em>versutias</em></span> <span class='ocrx_word' id='word_1_23' title='bbox 2839 411 3040 484; x_wconf 78' lang='lat' dir='ltr'><em>agendi</em></span> <span class='ocrx_word' id='word_1_24' title='bbox 3065 412 3296 468; x_wconf 87' lang='lat' dir='ltr'><em>credunt</em></span> <span class='ocrx_word' id='word_1_25' title='bbox 3315 427 3439 468; x_wconf 77' lang='lat' dir='ltr'><em>esse</em></span> <span class='ocrx_word' id='word_1_26' title='bbox 3467 426 3606 468; x_wconf 92' lang='lat' dir='ltr'><em>con-</em></span> 
     </span>
    </p>
   </div>
   <div class='ocr_carea' id='block_1_5' title="bbox 309 501 1906 574">
    <p class='ocr_par' dir='ltr' id='par_1_5' title="bbox 309 501 1906 574">
     <span class='ocr_line' id='line_1_5' title="bbox 309 501 1906 574; baseline -0.004 -14"><span class='ocrx_word' id='word_1_27' title='bbox 309 513 360 560; x_wconf 88' lang='lat' dir='ltr'><em>et</em></span> <span class='ocrx_word' id='word_1_28' title='bbox 389 504 530 559; x_wconf 83' lang='lat' dir='ltr'><em>alter</em></span> <span class='ocrx_word' id='word_1_29' title='bbox 557 502 878 558; x_wconf 87' lang='lat' dir='ltr'><em>manifestus</em></span> <span class='ocrx_word' id='word_1_30' title='bbox 911 519 924 558; x_wconf 89' lang='lat'><strong>:</strong></span> <span class='ocrx_word' id='word_1_31' title='bbox 951 518 1111 567; x_wconf 91' lang='lat' dir='ltr'><em>unus,</em></span> <span class='ocrx_word' id='word_1_32' title='bbox 1131 503 1199 555; x_wconf 90' lang='lat' dir='ltr'><em>de</em></span> <span class='ocrx_word' id='word_1_33' title='bbox 1233 517 1342 574; x_wconf 89' lang='lat' dir='ltr'><em>quo</em></span> <span class='ocrx_word' id='word_1_34' title='bbox 1365 501 1626 572; x_wconf 87' lang='lat' dir='ltr'><em>scripturn</em></span> <span class='ocrx_word' id='word_1_35' title='bbox 1646 508 1727 555; x_wconf 90' lang='lat' dir='ltr'><em>est</em></span> <span class='ocrx_word' id='word_1_36' title='bbox 1755 517 1766 554; x_wconf 95' lang='lat'>:</span> <span class='ocrx_word' id='word_1_37' title='bbox 1805 503 1906 554; x_wconf 88' lang='lat' dir='ltr'><em>De-</em></span> 
     </span>
    </p>
   </div>
   <div class='ocr_carea' id='block_1_6' title="bbox 310 587 1906 664">
    <p class='ocr_par' dir='ltr' id='par_1_6' title="bbox 310 587 1906 664">
     <span class='ocr_line' id='line_1_6' title="bbox 310 587 1906 664; baseline -0.004 -16"><span class='ocrx_word' id='word_1_38' title='bbox 310 593 533 650; x_wconf 86' lang='lat' dir='ltr'><em>scendit</em></span> <span class='ocrx_word' id='word_1_39' title='bbox 551 594 703 649; x_wconf 83' lang='lat' dir='ltr'><strong><em>sicut</em></strong></span> <span class='ocrx_word' id='word_1_40' title='bbox 717 592 909 664; x_wconf 86' lang='lat' dir='ltr'><em>pluvia</em></span> <span class='ocrx_word' id='word_1_41' title='bbox 928 593 990 646; x_wconf 88' lang='lat' dir='ltr'><em>in</em></span> <span class='ocrx_word' id='word_1_42' title='bbox 1012 592 1190 646; x_wconf 77' lang='lat' dir='ltr'><em>vellus</em></span> <span class='ocrx_word' id='word_1_43' title='bbox 1212 591 1386 659; x_wconf 86' lang='lat' dir='ltr'><em>(Psal.</em></span> <span class='ocrx_word' id='word_1_44' title='bbox 1406 591 1586 658; x_wconf 70' lang='lat' dir='ltr'><em>LXXI),</em></span> <span class='ocrx_word' id='word_1_45' title='bbox 1605 597 1658 656; x_wconf 79' lang='lat' dir='ltr'><em>et</em></span> <span class='ocrx_word' id='word_1_46' title='bbox 1679 587 1817 642; x_wconf 83' lang='lat' dir='ltr'><em>alter</em></span> <span class='ocrx_word' id='word_1_47' title='bbox 1837 587 1906 642; x_wconf 92' lang='lat' dir='ltr'><em>de</em></span> 
     </span>
    </p>
   </div>
   <div class='ocr_carea' id='block_1_7' title="bbox 309 675 1901 753">
    <p class='ocr_par' dir='ltr' id='par_1_7' title="bbox 309 675 1901 753">
     <span class='ocr_line' id='line_1_7' title="bbox 309 675 1901 753; baseline -0.005 -17"><span class='ocrx_word' id='word_1_48' title='bbox 309 697 417 753; x_wconf 87' lang='lat' dir='ltr'><em>quo</em></span> <span class='ocrx_word' id='word_1_49' title='bbox 429 680 690 750; x_wconf 88' lang='lat' dir='ltr'><em>scriptum</em></span> <span class='ocrx_word' id='word_1_50' title='bbox 705 687 786 734; x_wconf 90' lang='lat' dir='ltr'><em>est</em></span> <span class='ocrx_word' id='word_1_51' title='bbox 802 697 815 732; x_wconf 94' lang='lat'>:</span> <span class='ocrx_word' id='word_1_52' title='bbox 830 683 976 735; x_wconf 84' lang='lat' dir='ltr'><em>Deus</em></span> <span class='ocrx_word' id='word_1_53' title='bbox 993 679 1296 749; x_wconf 76' lang='lat' dir='ltr'><em>manifeste</em></span> <span class='ocrx_word' id='word_1_54' title='bbox 1317 681 1501 733; x_wconf 78' lang='lat' dir='ltr'><em>veniet</em></span> <span class='ocrx_word' id='word_1_55' title='bbox 1519 678 1693 747; x_wconf 73' lang='lat' dir='ltr'><em>(l’sal.</em></span> <span class='ocrx_word' id='word_1_56' title='bbox 1719 675 1901 744; x_wconf 81' lang='lat' dir='ltr'><em>xux);</em></span> 
     </span>
    </p>
   </div>
   <div class='ocr_carea' id='block_1_8' title="bbox 309 767 1903 840">
    <p class='ocr_par' dir='ltr' id='par_1_8' title="bbox 309 767 1903 840">
     <span class='ocr_line' id='line_1_8' title="bbox 309 767 1903 840; baseline -0.003 -17"><span class='ocrx_word' id='word_1_57' title='bbox 309 785 448 824; x_wconf 90' lang='lat' dir='ltr'><em>unus</em></span> <span class='ocrx_word' id='word_1_58' title='bbox 475 769 545 823; x_wconf 90' lang='lat' dir='ltr'><em>de</em></span> <span class='ocrx_word' id='word_1_59' title='bbox 575 784 684 840; x_wconf 90' lang='lat' dir='ltr'><em>quo</em></span> <span class='ocrx_word' id='word_1_60' title='bbox 716 767 945 822; x_wconf 89' lang='lat' dir='ltr'><em>dicitur:</em></span> <span class='ocrx_word' id='word_1_61' title='bbox 987 769 1146 822; x_wconf 83' lang='lat' dir='ltr'><em>Venit</em></span> <span class='ocrx_word' id='word_1_62' title='bbox 1186 767 1343 835; x_wconf 81' lang='lat' dir='ltr'><em>ﬁlius</em></span> <span class='ocrx_word' id='word_1_63' title='bbox 1379 767 1640 829; x_wconf 83' lang='lat' dir='ltr'><em>hominis,</em></span> <span class='ocrx_word' id='word_1_64' title='bbox 1686 781 1802 820; x_wconf 85' lang='lat' dir='ltr'><em>non</em></span> <span class='ocrx_word' id='word_1_65' title='bbox 1837 767 1903 819; x_wconf 91' lang='lat' dir='ltr'><em>ut</em></span> 
     </span>
    </p>
   </div>
   <div class='ocr_carea' id='block_1_9' title="bbox 297 855 1902 930">
    <p class='ocr_par' dir='ltr' id='par_1_9' title="bbox 297 855 1902 930">
     <span class='ocr_line' id='line_1_9' title="bbox 297 855 1902 930; baseline -0.004 -17"><span class='ocrx_word' id='word_1_66' title='bbox 297 857 522 930; x_wconf 86' lang='lat' dir='ltr'><em>judicet</em></span> <span class='ocrx_word' id='word_1_67' title='bbox 549 856 849 920; x_wconf 85' lang='lat' dir='ltr'><em>mundum,</em></span> <span class='ocrx_word' id='word_1_68' title='bbox 873 855 968 910; x_wconf 88' lang='lat' dir='ltr'><em>sed</em></span> <span class='ocrx_word' id='word_1_69' title='bbox 988 859 1054 910; x_wconf 91' lang='lat' dir='ltr'><em>ut</em></span> <span class='ocrx_word' id='word_1_70' title='bbox 1069 856 1321 910; x_wconf 78' lang='lat' dir='ltr'><em>salvetur</em></span> <span class='ocrx_word' id='word_1_71' title='bbox 1339 855 1585 909; x_wconf 81' lang='lat' dir='ltr'><em>mundus</em></span> <span class='ocrx_word' id='word_1_72' title='bbox 1593 870 1696 926; x_wconf 90' lang='lat' dir='ltr'><em>per</em></span> <span class='ocrx_word' id='word_1_73' title='bbox 1713 855 1902 925; x_wconf 85' lang='lat' dir='ltr'><em>ipsum</em></span> 
     </span>
    </p>
   </div>
   <div class='ocr_carea' id='block_1_10' title="bbox 307 943 1903 1016">
    <p class='ocr_par' dir='ltr' id='par_1_10' title="bbox 307 943 1903 1016">
     <span class='ocr_line' id='line_1_10' title="bbox 307 943 1903 1016; baseline -0.004 -14"><span class='ocrx_word' id='word_1_74' title='bbox 307 945 494 1016; x_wconf 83' lang='lat' dir='ltr'><em>(Joan.</em></span> <span class='ocrx_word' id='word_1_75' title='bbox 527 944 634 1013; x_wconf 83' lang='lat' dir='ltr'><strong>III),</strong></span> <span class='ocrx_word' id='word_1_76' title='bbox 657 943 794 999; x_wconf 85' lang='lat' dir='ltr'><strong><em>alter</em></strong></span> <span class='ocrx_word' id='word_1_77' title='bbox 821 943 1037 1014; x_wconf 89' lang='lat' dir='ltr'><em>quando</em></span> <span class='ocrx_word' id='word_1_78' title='bbox 1049 944 1234 999; x_wconf 88' lang='lat' dir='ltr'><em>veniet</em></span> <span class='ocrx_word' id='word_1_79' title='bbox 1243 943 1506 1014; x_wconf 86' lang='lat' dir='ltr'><em>judicare</em></span> <span class='ocrx_word' id='word_1_80' title='bbox 1519 943 1666 997; x_wconf 85' lang='lat' dir='ltr'><em>vivos</em></span> <span class='ocrx_word' id='word_1_81' title='bbox 1685 945 1903 998; x_wconf 87' lang='lat' dir='ltr'><em>etmor-</em></span> 
     </span>
    </p>
   </div>
   <div class='ocr_carea' id='block_1_11' title="bbox 309 1029 1897 1104">
    <p class='ocr_par' dir='ltr' id='par_1_11' title="bbox 309 1029 1897 1104">
     <span class='ocr_line' id='line_1_11' title="bbox 309 1029 1897 1104; baseline -0.004 -15"><span class='ocrx_word' id='word_1_82' title='bbox 309 1039 432 1090; x_wconf 81' lang='lat' dir='ltr'><em>tuos</em></span> <span class='ocrx_word' id='word_1_83' title='bbox 465 1037 521 1089; x_wconf 91' lang='lat' dir='ltr'><em>et</em></span> <span class='ocrx_word' id='word_1_84' title='bbox 549 1034 820 1089; x_wconf 73' lang='lat' dir='ltr'><em>sceculum</em></span> <span class='ocrx_word' id='word_1_85' title='bbox 862 1048 962 1104; x_wconf 88' lang='lat' dir='ltr'><em>per</em></span> <span class='ocrx_word' id='word_1_86' title='bbox 991 1034 1213 1103; x_wconf 84' lang='lat' dir='ltr'><em>ignem;</em></span> <span class='ocrx_word' id='word_1_87' title='bbox 1244 1030 1317 1085; x_wconf 88' lang='lat' dir='ltr'><em>ita</em></span> <span class='ocrx_word' id='word_1_88' title='bbox 1361 1030 1468 1084; x_wconf 91' lang='lat' dir='ltr'><em>duo</em></span> <span class='ocrx_word' id='word_1_89' title='bbox 1511 1037 1632 1083; x_wconf 90' lang='lat' dir='ltr'><em>sunt</em></span> <span class='ocrx_word' id='word_1_90' title='bbox 1673 1029 1897 1098; x_wconf 88' lang='lat' dir='ltr'><em>judicia,</em></span> 
     </span>
    </p>
   </div>
   <div class='ocr_carea' id='block_1_12' title="bbox 307 1117 1900 1187">
    <p class='ocr_par' dir='ltr' id='par_1_12' title="bbox 307 1117 1900 1187">
     <span class='ocr_line' id='line_1_12' title="bbox 307 1117 1900 1187; baseline -0.004 -10"><span class='ocrx_word' id='word_1_91' title='bbox 307 1139 476 1177; x_wconf 87' lang='lat' dir='ltr'><em>unum</em></span> <span class='ocrx_word' id='word_1_92' title='bbox 503 1120 795 1187; x_wconf 87' lang='lat' dir='ltr'><em>occultum,</em></span> <span class='ocrx_word' id='word_1_93' title='bbox 831 1128 884 1174; x_wconf 90' lang='lat' dir='ltr'><em>et</em></span> <span class='ocrx_word' id='word_1_94' title='bbox 912 1119 1146 1174; x_wconf 89' lang='lat' dir='ltr'><em>alterum</em></span> <span class='ocrx_word' id='word_1_95' title='bbox 1174 1117 1560 1184; x_wconf 89' lang='lat' dir='ltr'><em>manifestum;</em></span> <span class='ocrx_word' id='word_1_96' title='bbox 1595 1127 1645 1172; x_wconf 90' lang='lat' dir='ltr'><em>et</em></span> <span class='ocrx_word' id='word_1_97' title='bbox 1675 1118 1784 1172; x_wconf 91' lang='lat' dir='ltr'><em>duo</em></span> <span class='ocrx_word' id='word_1_98' title='bbox 1809 1117 1900 1186; x_wconf 88' lang='lat' dir='ltr'><em>ju-</em></span> 
     </span>
    </p>
   </div>
   <div class='ocr_carea' id='block_1_13' title="bbox 304 1206 1900 1279">
    <p class='ocr_par' dir='ltr' id='par_1_13' title="bbox 304 1206 1900 1279">
     <span class='ocr_line' id='line_1_13' title="bbox 304 1206 1900 1279; baseline -0.003 -14"><span class='ocrx_word' id='word_1_99' title='bbox 304 1210 516 1266; x_wconf 87' lang='lat' dir='ltr'><em>diciarii</em></span> <span class='ocrx_word' id='word_1_100' title='bbox 543 1209 784 1274; x_wconf 81' lang='lat' dir='ltr'><em>ordines,</em></span> <span class='ocrx_word' id='word_1_101' title='bbox 815 1225 954 1262; x_wconf 89' lang='lat' dir='ltr'><em>unus</em></span> <span class='ocrx_word' id='word_1_102' title='bbox 983 1208 1051 1262; x_wconf 90' lang='lat' dir='ltr'><em>de</em></span> <span class='ocrx_word' id='word_1_103' title='bbox 1073 1222 1180 1279; x_wconf 90' lang='lat' dir='ltr'><em>quo</em></span> <span class='ocrx_word' id='word_1_104' title='bbox 1201 1207 1331 1262; x_wconf 93' lang='lat' dir='ltr'><em>dicit</em></span> <span class='ocrx_word' id='word_1_105' title='bbox 1350 1206 1642 1277; x_wconf 80' lang='lat' dir='ltr'><em>Apostolus</em></span> <span class='ocrx_word' id='word_1_106' title='bbox 1668 1225 1680 1261; x_wconf 92' lang='lat'><strong>:</strong></span> <span class='ocrx_word' id='word_1_107' title='bbox 1703 1206 1900 1278; x_wconf 87' lang='lat' dir='ltr'><em>Siquis</em></span> 
     </span>
    </p>
   </div>
   <div class='ocr_carea' id='block_1_14' title="bbox 301 1294 1900 1370">
    <p class='ocr_par' dir='ltr' id='par_1_14' title="bbox 301 1294 1900 1370">
     <span class='ocr_line' id='line_1_14' title="bbox 301 1294 1900 1370; baseline -0.004 -16"><span class='ocrx_word' id='word_1_108' title='bbox 301 1302 488 1370; x_wconf 78' lang='lat' dir='ltr'><strong><em>frater</em></strong></span> <span class='ocrx_word' id='word_1_109' title='bbox 514 1299 851 1353; x_wconf 82' lang='lat' dir='ltr'><em>nominatur</em></span> <span class='ocrx_word' id='word_1_110' title='bbox 868 1298 1183 1366; x_wconf 80' lang='lat' dir='ltr'><em>fornicator</em></span> <span class='ocrx_word' id='word_1_111' title='bbox 1203 1296 1253 1363; x_wconf 90' lang='grc' dir='ltr'><em>(Ι</em></span> <span class='ocrx_word' id='word_1_112' title='bbox 1273 1295 1392 1350; x_wconf 86' lang='lat' dir='ltr'><em>Cor.</em></span> <span class='ocrx_word' id='word_1_113' title='bbox 1419 1294 1494 1364; x_wconf 87' lang='lat' dir='ltr'><em>v),</em></span> <span class='ocrx_word' id='word_1_114' title='bbox 1519 1303 1649 1360; x_wconf 90' lang='lat' dir='ltr'><em>etc.,</em></span> <span class='ocrx_word' id='word_1_115' title='bbox 1670 1309 1789 1348; x_wconf 87' lang='lat' dir='ltr'><em>eam</em></span> <span class='ocrx_word' id='word_1_116' title='bbox 1809 1309 1900 1348; x_wconf 89' lang='lat' dir='ltr'><em>no-</em></span> 
     </span>
    </p>
   </div>
   <div class='ocr_carea' id='block_1_15' title="bbox 305 1381 1898 1456">
    <p class='ocr_par' dir='ltr' id='par_1_15' title="bbox 305 1381 1898 1456">
     <span class='ocr_line' id='line_1_15' title="bbox 305 1381 1898 1456; baseline -0.004 -15"><span class='ocrx_word' id='word_1_117' title='bbox 305 1387 659 1442; x_wconf 88' lang='lat' dir='ltr'><em>minationem</em></span> <span class='ocrx_word' id='word_1_118' title='bbox 686 1383 914 1456; x_wconf 79' lang='lat' dir='ltr'><em>intelligi</em></span> <span class='ocrx_word' id='word_1_119' title='bbox 953 1385 1163 1451; x_wconf 89' lang='lat' dir='ltr'><em>volens,</em></span> <span class='ocrx_word' id='word_1_120' title='bbox 1213 1391 1270 1437; x_wconf 88' lang='lat' dir='ltr'><em>ut</em></span> <span class='ocrx_word' id='word_1_121' title='bbox 1299 1383 1427 1437; x_wconf 82' lang='lat' dir='ltr'><em>dicit</em></span> <span class='ocrx_word' id='word_1_122' title='bbox 1461 1382 1796 1454; x_wconf 79' lang='lat' dir='ltr'><em>Augustinus</em></span> <span class='ocrx_word' id='word_1_123' title='bbox 1843 1381 1898 1435; x_wconf 92' lang='lat' dir='ltr'><em>in</em></span> 
     </span>
    </p>
   </div>
   <div class='ocr_carea' id='block_1_16' title="bbox 299 1469 1900 1544">
    <p class='ocr_par' dir='ltr' id='par_1_16' title="bbox 299 1469 1900 1544">
     <span class='ocr_line' id='line_1_16' title="bbox 299 1469 1900 1544; baseline -0.003 -16"><span class='ocrx_word' id='word_1_124' title='bbox 299 1475 441 1530; x_wconf 89' lang='lat' dir='ltr'><em>libro</em></span> <span class='ocrx_word' id='word_1_125' title='bbox 472 1475 541 1528; x_wconf 91' lang='lat' dir='ltr'><em>de</em></span> <span class='ocrx_word' id='word_1_126' title='bbox 575 1473 894 1528; x_wconf 74' lang='lat' dir='ltr'><em>Pcenitentia</em></span> <span class='ocrx_word' id='word_1_127' title='bbox 923 1475 1068 1544; x_wconf 86' lang='lat' dir='ltr'><em>(cap.</em></span> <span class='ocrx_word' id='word_1_128' title='bbox 1101 1474 1176 1541; x_wconf 87' lang='lat'><em>3),</em></span> <span class='ocrx_word' id='word_1_129' title='bbox 1209 1488 1332 1543; x_wconf 80' lang='lat' dir='ltr'><em>quae</em></span> <span class='ocrx_word' id='word_1_130' title='bbox 1363 1469 1420 1524; x_wconf 88' lang='lat' dir='ltr'><em>fit</em></span> <span class='ocrx_word' id='word_1_131' title='bbox 1463 1471 1518 1525; x_wconf 91' lang='lat' dir='ltr'><em>in</em></span> <span class='ocrx_word' id='word_1_132' title='bbox 1549 1486 1900 1541; x_wconf 89' lang='lat' dir='ltr'><em>quemquam,</em></span> 
     </span>
    </p>
   </div>
   <div class='ocr_carea' id='block_1_17' title="bbox 299 1553 1898 1626">
    <p class='ocr_par' dir='ltr' id='par_1_17' title="bbox 299 1553 1898 1626">
     <span class='ocr_line' id='line_1_17' title="bbox 299 1553 1898 1626; baseline -0.004 -12"><span class='ocrx_word' id='word_1_133' title='bbox 299 1574 423 1615; x_wconf 86' lang='lat' dir='ltr'><em>cum</em></span> <span class='ocrx_word' id='word_1_134' title='bbox 454 1557 722 1613; x_wconf 81' lang='lat' dir='ltr'><em>sententia</em></span> <span class='ocrx_word' id='word_1_135' title='bbox 755 1555 946 1610; x_wconf 83' lang='lat' dir='ltr'><em>ordine</em></span> <span class='ocrx_word' id='word_1_136' title='bbox 989 1555 1277 1624; x_wconf 90' lang='lat' dir='ltr'><em>judiciario</em></span> <span class='ocrx_word' id='word_1_137' title='bbox 1321 1563 1374 1609; x_wconf 89' lang='lat' dir='ltr'><em>et</em></span> <span class='ocrx_word' id='word_1_138' title='bbox 1430 1571 1552 1608; x_wconf 92' lang='lat' dir='ltr'><em>cum</em></span> <span class='ocrx_word' id='word_1_139' title='bbox 1589 1553 1898 1626; x_wconf 76' lang='lat' dir='ltr'><em>integritate</em></span> 
     </span>
    </p>
   </div>
   <div class='ocr_carea' id='block_1_18' title="bbox 299 1641 1899 1719">
    <p class='ocr_par' dir='ltr' id='par_1_18' title="bbox 299 1641 1899 1719">
     <span class='ocr_line' id='line_1_18' title="bbox 299 1641 1899 1719; baseline -0.004 -17"><span class='ocrx_word' id='word_1_140' title='bbox 299 1646 599 1719; x_wconf 77' lang='lat' dir='ltr'><em>profertur.</em></span> <span class='ocrx_word' id='word_1_141' title='bbox 632 1645 816 1700; x_wconf 85' lang='lat' dir='ltr'><em>Noluit</em></span> <span class='ocrx_word' id='word_1_142' title='bbox 845 1644 988 1699; x_wconf 91' lang='lat' dir='ltr'><em>enim</em></span> <span class='ocrx_word' id='word_1_143' title='bbox 1017 1643 1294 1698; x_wconf 88' lang='lat' dir='ltr'><em>hominem</em></span> <span class='ocrx_word' id='word_1_144' title='bbox 1323 1643 1390 1697; x_wconf 90' lang='lat' dir='ltr'><em>ab</em></span> <span class='ocrx_word' id='word_1_145' title='bbox 1419 1643 1638 1698; x_wconf 87' lang='lat' dir='ltr'><em>homine</em></span> <span class='ocrx_word' id='word_1_146' title='bbox 1662 1641 1899 1712; x_wconf 85' lang='lat' dir='ltr'><em>judicarl</em></span> 
     </span>
    </p>
   </div>
   <div class='ocr_carea' id='block_1_19' title="bbox 2008 499 3602 572">
    <p class='ocr_par' dir='ltr' id='par_1_19' title="bbox 2008 499 3602 572">
     <span class='ocr_line' id='line_1_19' title="bbox 2008 499 3602 572; baseline 0.001 -18"><span class='ocrx_word' id='word_1_147' title='bbox 2008 499 2148 566; x_wconf 90' lang='lat' dir='ltr'><em>silia,</em></span> <span class='ocrx_word' id='word_1_148' title='bbox 2181 515 2458 572; x_wconf 80' lang='lat' dir='ltr'><em>nunquam</em></span> <span class='ocrx_word' id='word_1_149' title='bbox 2508 499 2831 556; x_wconf 66' lang='lat' dir='ltr'><em>innocentiae</em></span> <span class='ocrx_word' id='word_1_150' title='bbox 2859 515 3056 556; x_wconf 89' lang='lat' dir='ltr'><em>nomen</em></span> <span class='ocrx_word' id='word_1_151' title='bbox 3089 501 3338 572; x_wconf 86' lang='lat' dir='ltr'><em>accipiet.</em></span> <span class='ocrx_word' id='word_1_152' title='bbox 3361 499 3602 556; x_wconf 80' lang='lat' dir='ltr'><em>Conﬁte-</em></span> 
     </span>
    </p>
   </div>
   <div class='ocr_carea' id='block_1_20' title="bbox 2005 588 3602 662">
    <p class='ocr_par' dir='ltr' id='par_1_20' title="bbox 2005 588 3602 662">
     <span class='ocr_line' id='line_1_20' title="bbox 2005 588 3602 662; baseline 0.001 -20"><span class='ocrx_word' id='word_1_153' title='bbox 2005 596 2090 642; x_wconf 90' lang='lat' dir='ltr'><em>tur</em></span> <span class='ocrx_word' id='word_1_154' title='bbox 2117 588 2260 642; x_wconf 89' lang='lat' dir='ltr'><em>enim</em></span> <span class='ocrx_word' id='word_1_155' title='bbox 2292 590 2362 643; x_wconf 90' lang='lat' dir='ltr'><em>de</em></span> <span class='ocrx_word' id='word_1_156' title='bbox 2391 589 2644 643; x_wconf 90' lang='lat' dir='ltr'><em>omnibus</em></span> <span class='ocrx_word' id='word_1_157' title='bbox 2686 589 2930 661; x_wconf 88' lang='lat' dir='ltr'><em>quisquis</em></span> <span class='ocrx_word' id='word_1_158' title='bbox 2961 606 3020 644; x_wconf 90' lang='lat' dir='ltr'><em>se</em></span> <span class='ocrx_word' id='word_1_159' title='bbox 3051 589 3428 662; x_wconf 81' lang='lat' dir='ltr'><em>subterfugere</em></span> <span class='ocrx_word' id='word_1_160' title='bbox 3447 589 3602 658; x_wconf 87' lang='lat' dir='ltr'><em>judi-</em></span> 
     </span>
    </p>
   </div>
   <div class='ocr_carea' id='block_1_21' title="bbox 2005 675 3603 748">
    <p class='ocr_par' dir='ltr' id='par_1_21' title="bbox 2005 675 3603 748">
     <span class='ocr_line' id='line_1_21' title="bbox 2005 675 3603 748; baseline 0.001 -16"><span class='ocrx_word' id='word_1_161' title='bbox 2005 675 2148 732; x_wconf 90' lang='lat' dir='ltr'><em>cium</em></span> <span class='ocrx_word' id='word_1_162' title='bbox 2197 677 2544 731; x_wconf 87' lang='lat' dir='ltr'><em>dilationibus</em></span> <span class='ocrx_word' id='word_1_163' title='bbox 2573 685 2740 748; x_wconf 87' lang='lat' dir='ltr'><em>putat.</em></span> <span class='ocrx_word' id='word_1_164' title='bbox 2776 677 2920 731; x_wconf 87' lang='lat' dir='ltr'><em>Nihil</em></span> <span class='ocrx_word' id='word_1_165' title='bbox 2977 677 3123 732; x_wconf 90' lang='lat' dir='ltr'><em>enim</em></span> <span class='ocrx_word' id='word_1_166' title='bbox 3168 677 3394 732; x_wconf 88' lang='lat' dir='ltr'><em>interest</em></span> <span class='ocrx_word' id='word_1_167' title='bbox 3423 685 3603 733; x_wconf 89' lang='lat' dir='ltr'><em>utrum</em></span> 
     </span>
    </p>
   </div>
   <div class='ocr_carea' id='block_1_22' title="bbox 2003 763 3600 838">
    <p class='ocr_par' dir='ltr' id='par_1_22' title="bbox 2003 763 3600 838">
     <span class='ocr_line' id='line_1_22' title="bbox 2003 763 3600 838; baseline 0.003 -21"><span class='ocrx_word' id='word_1_168' title='bbox 2003 763 2059 818; x_wconf 90' lang='lat' dir='ltr'><em>in</em></span> <span class='ocrx_word' id='word_1_169' title='bbox 2078 765 2336 834; x_wconf 81' lang='lat' dir='ltr'><em>praesenti</em></span> <span class='ocrx_word' id='word_1_170' title='bbox 2371 765 2620 820; x_wconf 88' lang='lat' dir='ltr'><em>examine</em></span> <span class='ocrx_word' id='word_1_171' title='bbox 2651 765 2834 820; x_wconf 86' lang='lat' dir='ltr'><em>omnia</em></span> <span class='ocrx_word' id='word_1_172' title='bbox 2864 782 2986 838; x_wconf 83' lang='lat' dir='ltr'><em>quae</em></span> <span class='ocrx_word' id='word_1_173' title='bbox 3013 765 3161 821; x_wconf 90' lang='lat' dir='ltr'><em>dicta</em></span> <span class='ocrx_word' id='word_1_174' title='bbox 3190 775 3312 820; x_wconf 89' lang='lat' dir='ltr'><em>sunt</em></span> <span class='ocrx_word' id='word_1_175' title='bbox 3344 780 3600 836; x_wconf 89' lang='lat' dir='ltr'><em>compro-</em></span> 
     </span>
    </p>
   </div>
   <div class='ocr_carea' id='block_1_23' title="bbox 2003 852 3600 926">
    <p class='ocr_par' dir='ltr' id='par_1_23' title="bbox 2003 852 3600 926">
     <span class='ocr_line' id='line_1_23' title="bbox 2003 852 3600 926; baseline 0.002 -20"><span class='ocrx_word' id='word_1_176' title='bbox 2003 852 2219 917; x_wconf 86' lang='lat' dir='ltr'><em>benlur,</em></span> <span class='ocrx_word' id='word_1_177' title='bbox 2256 869 2381 908; x_wconf 92' lang='lat' dir='ltr'><em>cum</em></span> <span class='ocrx_word' id='word_1_178' title='bbox 2411 853 2529 924; x_wconf 90' lang='lat' dir='ltr'><em>ipsa</em></span> <span class='ocrx_word' id='word_1_179' title='bbox 2567 869 2786 926; x_wconf 88' lang='lat' dir='ltr'><em>quoque</em></span> <span class='ocrx_word' id='word_1_180' title='bbox 2826 869 2927 924; x_wconf 91' lang='lat' dir='ltr'><em>pro</em></span> <span class='ocrx_word' id='word_1_181' title='bbox 2947 853 3290 909; x_wconf 88' lang='lat' dir='ltr'><em>confessione</em></span> <span class='ocrx_word' id='word_1_182' title='bbox 3311 861 3600 924; x_wconf 83' lang='lat' dir='ltr'><em>procurata</em></span> 
     </span>
    </p>
   </div>
   <div class='ocr_carea' id='block_1_24' title="bbox 2003 941 3597 1014">
    <p class='ocr_par' dir='ltr' id='par_1_24' title="bbox 2003 941 3597 1014">
     <span class='ocr_line' id='line_1_24' title="bbox 2003 941 3597 1014; baseline 0.001 -20"><span class='ocrx_word' id='word_1_183' title='bbox 2003 941 2160 995; x_wconf 88' lang='lat' dir='ltr'><em>toties</em></span> <span class='ocrx_word' id='word_1_184' title='bbox 2204 949 2414 996; x_wconf 88' lang='lat' dir='ltr'><em>constet</em></span> <span class='ocrx_word' id='word_1_185' title='bbox 2445 941 2712 996; x_wconf 85' lang='lat' dir='ltr'><em>absentia.</em></span> <span class='ocrx_word' id='word_1_186' title='bbox 2749 941 2906 1010; x_wconf 85' lang='lat' dir='ltr'><em>Quod</em></span> <span class='ocrx_word' id='word_1_187' title='bbox 2942 942 2988 995; x_wconf 90' lang='lat' dir='ltr'><em>si</em></span> <span class='ocrx_word' id='word_1_188' title='bbox 3036 941 3230 997; x_wconf 86' lang='lat' dir='ltr'><em>adesse</em></span> <span class='ocrx_word' id='word_1_189' title='bbox 3272 941 3597 1014; x_wconf 82' lang='lat' dir='ltr'><em>neglexerit,</em></span> 
     </span>
    </p>
   </div>
   <div class='ocr_carea' id='block_1_25' title="bbox 1999 1028 3600 1086">
    <p class='ocr_par' dir='ltr' id='par_1_25' title="bbox 1999 1028 3600 1086">
     <span class='ocr_line' id='line_1_25' title="bbox 1999 1028 3600 1086; baseline 0.001 -2"><span class='ocrx_word' id='word_1_190' title='bbox 1999 1028 2318 1084; x_wconf 84' lang='lat' dir='ltr'><em>dilationem</em></span> <span class='ocrx_word' id='word_1_191' title='bbox 2351 1030 2631 1085; x_wconf 64' lang='lat' dir='ltr'><em>sententiae</em></span> <span class='ocrx_word' id='word_1_192' title='bbox 2661 1031 2729 1084; x_wconf 91' lang='lat' dir='ltr'><em>de</em></span> <span class='ocrx_word' id='word_1_193' title='bbox 2759 1031 3010 1085; x_wconf 84' lang='lat' dir='ltr'><em>absentia</em></span> <span class='ocrx_word' id='word_1_194' title='bbox 3032 1046 3142 1085; x_wconf 92' lang='lat' dir='ltr'><em>non</em></span> <span class='ocrx_word' id='word_1_195' title='bbox 3170 1031 3426 1085; x_wconf 91' lang='lat' dir='ltr'><em>lucretur.</em></span> <span class='ocrx_word' id='word_1_196' title='bbox 3451 1049 3474 1080; x_wconf 65' lang='grc' dir='ltr'>υ</span> <span class='ocrx_word' id='word_1_197' title='bbox 3509 1029 3600 1086; x_wconf 89' lang='lat' dir='ltr'><em>Sic</em></span> 
     </span>
    </p>
   </div>
   <div class='ocr_carea' id='block_1_26' title="bbox 2001 1117 3600 1192">
    <p class='ocr_par' dir='ltr' id='par_1_26' title="bbox 2001 1117 3600 1192">
     <span class='ocr_line' id='line_1_26' title="bbox 2001 1117 3600 1192; baseline 0 -20"><span class='ocrx_word' id='word_1_198' title='bbox 2001 1117 2325 1189; x_wconf 70' lang='lat' dir='ltr'><em>leestinus</em></span> <span class='ocrx_word' id='word_1_199' title='bbox 2355 1119 2542 1190; x_wconf 84' lang='lat' dir='ltr'><em>(epist.</em></span> <span class='ocrx_word' id='word_1_200' title='bbox 2580 1119 2719 1180; x_wconf 78' lang='lat' dir='ltr'><em>t)de</em></span> <span class='ocrx_word' id='word_1_201' title='bbox 2753 1119 2978 1174; x_wconf 89' lang='lat' dir='ltr'><em>Daniele</em></span> <span class='ocrx_word' id='word_1_202' title='bbox 2992 1119 3293 1174; x_wconf 90' lang='lat' dir='ltr'><em>Galliarum</em></span> <span class='ocrx_word' id='word_1_203' title='bbox 3324 1119 3600 1192; x_wconf 90' lang='lat' dir='ltr'><em>quondam</em></span> 
     </span>
    </p>
   </div>
   <div class='ocr_carea' id='block_1_27' title="bbox 2000 1205 3603 1278">
    <p class='ocr_par' dir='ltr' id='par_1_27' title="bbox 2000 1205 3603 1278">
     <span class='ocr_line' id='line_1_27' title="bbox 2000 1205 3603 1278; baseline 0.001 -18"><span class='ocrx_word' id='word_1_204' title='bbox 2000 1205 2258 1276; x_wconf 89' lang='lat' dir='ltr'><em>episcopo</em></span> <span class='ocrx_word' id='word_1_205' title='bbox 2280 1207 2558 1274; x_wconf 85' lang='lat' dir='ltr'><em>judicavit.</em></span> <span class='ocrx_word' id='word_1_206' title='bbox 2599 1228 2621 1256; x_wconf 73' lang='lat' dir='ltr'><em>tt</em></span> <span class='ocrx_word' id='word_1_207' title='bbox 2658 1208 2725 1261; x_wconf 89' lang='lat' dir='ltr'><em>Et</em></span> <span class='ocrx_word' id='word_1_208' title='bbox 2753 1207 2877 1278; x_wconf 88' lang='lat' dir='ltr'><em>quia</em></span> <span class='ocrx_word' id='word_1_209' title='bbox 2918 1223 3079 1262; x_wconf 91' lang='lat' dir='ltr'><em>nemo</em></span> <span class='ocrx_word' id='word_1_210' title='bbox 3107 1222 3480 1278; x_wconf 63' lang='lat' dir='ltr'><em>praepropere,</em></span> <span class='ocrx_word' id='word_1_211' title='bbox 3515 1205 3603 1262; x_wconf 89' lang='lat' dir='ltr'><em>vel</em></span> 
     </span>
    </p>
   </div>
   <div class='ocr_carea' id='block_1_28' title="bbox 1998 1295 3599 1367">
    <p class='ocr_par' dir='ltr' id='par_1_28' title="bbox 1998 1295 3599 1367">
     <span class='ocr_line' id='line_1_28' title="bbox 1998 1295 3599 1367; baseline 0.001 -20"><span class='ocrx_word' id='word_1_212' title='bbox 1998 1302 2352 1364; x_wconf 71' lang='lat' dir='ltr'><em>praepostere,</em></span> <span class='ocrx_word' id='word_1_213' title='bbox 2389 1295 2593 1349; x_wconf 87' lang='lat' dir='ltr'><em>scilicet</em></span> <span class='ocrx_word' id='word_1_214' title='bbox 2612 1311 2721 1349; x_wconf 91' lang='lat' dir='ltr'><em>non</em></span> <span class='ocrx_word' id='word_1_215' title='bbox 2741 1295 3124 1360; x_wconf 88' lang='lat' dir='ltr'><em>commonitus,</em></span> <span class='ocrx_word' id='word_1_216' title='bbox 3159 1311 3339 1367; x_wconf 90' lang='lat' dir='ltr'><em>neque</em></span> <span class='ocrx_word' id='word_1_217' title='bbox 3360 1311 3599 1351; x_wconf 88' lang='lat' dir='ltr'><em>conven-</em></span> 
     </span>
    </p>
   </div>
   <div class='ocr_carea' id='block_1_29' title="bbox 1997 1382 3599 1455">
    <p class='ocr_par' dir='ltr' id='par_1_29' title="bbox 1997 1382 3599 1455">
     <span class='ocr_line' id='line_1_29' title="bbox 1997 1382 3599 1455; baseline 0.002 -20"><span class='ocrx_word' id='word_1_218' title='bbox 1997 1389 2085 1436; x_wconf 91' lang='lat' dir='ltr'><em>tus</em></span> <span class='ocrx_word' id='word_1_219' title='bbox 2117 1391 2198 1436; x_wconf 89' lang='lat' dir='ltr'><em>est</em></span> <span class='ocrx_word' id='word_1_220' title='bbox 2221 1382 2564 1451; x_wconf 88' lang='lat' dir='ltr'><em>judicandus,</em></span> <span class='ocrx_word' id='word_1_221' title='bbox 2601 1385 2669 1438; x_wconf 86' lang='lat' dir='ltr'><em>de</em></span> <span class='ocrx_word' id='word_1_222' title='bbox 2690 1383 3048 1439; x_wconf 87' lang='lat' dir='ltr'><em>conventione</em></span> <span class='ocrx_word' id='word_1_223' title='bbox 3077 1383 3388 1453; x_wconf 89' lang='lat' dir='ltr'><em>hujusmodi</em></span> <span class='ocrx_word' id='word_1_224' title='bbox 3415 1391 3599 1455; x_wconf 88' lang='lat' dir='ltr'><em>patra-</em></span> 
     </span>
    </p>
   </div>
   <div class='ocr_carea' id='block_1_30' title="bbox 1997 1469 3598 1543">
    <p class='ocr_par' dir='ltr' id='par_1_30' title="bbox 1997 1469 3598 1543">
     <span class='ocr_line' id='line_1_30' title="bbox 1997 1469 3598 1543; baseline 0.001 -19"><span class='ocrx_word' id='word_1_225' title='bbox 1997 1470 2132 1524; x_wconf 89' lang='lat' dir='ltr'><em>toris</em></span> <span class='ocrx_word' id='word_1_226' title='bbox 2174 1469 2580 1526; x_wconf 87' lang='lat' dir='ltr'><em>manifestorum</em></span> <span class='ocrx_word' id='word_1_227' title='bbox 2613 1471 2896 1527; x_wconf 90' lang='lat' dir='ltr'><em>criminum</em></span> <span class='ocrx_word' id='word_1_228' title='bbox 2943 1471 3029 1526; x_wconf 83' lang='lat' dir='ltr'><em>lex</em></span> <span class='ocrx_word' id='word_1_229' title='bbox 3059 1471 3189 1526; x_wconf 89' lang='lat' dir='ltr'><em>dicit</em></span> <span class='ocrx_word' id='word_1_230' title='bbox 3224 1489 3236 1525; x_wconf 95' lang='lat'>:</span> <span class='ocrx_word' id='word_1_231' title='bbox 3275 1471 3598 1543; x_wconf 85' lang='lat' dir='ltr'><em>Quicunque</em></span> 
     </span>
    </p>
   </div>
   <div class='ocr_carea' id='block_1_31' title="bbox 1999 1558 3596 1629">
    <p class='ocr_par' dir='ltr' id='par_1_31' title="bbox 1999 1558 3596 1629">
     <span class='ocr_line' id='line_1_31' title="bbox 1999 1558 3596 1629; baseline 0.001 -17"><span class='ocrx_word' id='word_1_232' title='bbox 1999 1558 2172 1612; x_wconf 90' lang='lat' dir='ltr'><em>tribus</em></span> <span class='ocrx_word' id='word_1_233' title='bbox 2203 1559 2616 1614; x_wconf 82' lang='lat' dir='ltr'><em>auctoritatibus</em></span> <span class='ocrx_word' id='word_1_234' title='bbox 2660 1559 2860 1629; x_wconf 90' lang='lat' dir='ltr'><em>judicis</em></span> <span class='ocrx_word' id='word_1_235' title='bbox 2915 1568 3243 1629; x_wconf 91' lang='lat' dir='ltr'><em>conventus,</em></span> <span class='ocrx_word' id='word_1_236' title='bbox 3293 1560 3380 1615; x_wconf 87' lang='lat' dir='ltr'><em>vel</em></span> <span class='ocrx_word' id='word_1_237' title='bbox 3424 1559 3596 1614; x_wconf 89' lang='lat' dir='ltr'><em>tribus</em></span> 
     </span>
    </p>
   </div>
   <div class='ocr_carea' id='block_1_32' title="bbox 1996 1647 3644 1720">
    <p class='ocr_par' dir='ltr' id='par_1_32' title="bbox 1996 1647 3644 1720">
     <span class='ocr_line' id='line_1_32' title="bbox 1996 1647 3644 1720; baseline 0 -18"><span class='ocrx_word' id='word_1_238' title='bbox 1996 1647 2190 1702; x_wconf 89' lang='lat' dir='ltr'><em>edictis</em></span> <span class='ocrx_word' id='word_1_239' title='bbox 2236 1647 2302 1701; x_wconf 90' lang='lat' dir='ltr'><em>ad</em></span> <span class='ocrx_word' id='word_1_240' title='bbox 2345 1649 2584 1716; x_wconf 84' lang='lat' dir='ltr'><em>judicem</em></span> <span class='ocrx_word' id='word_1_241' title='bbox 2633 1647 2792 1705; x_wconf 90' lang='lat' dir='ltr'><em>fuerit</em></span> <span class='ocrx_word' id='word_1_242' title='bbox 2838 1656 3180 1718; x_wconf 85' lang='lat' dir='ltr'><em>provocatus,</em></span> <span class='ocrx_word' id='word_1_243' title='bbox 3208 1655 3299 1702; x_wconf 91' lang='lat' dir='ltr'><em>aut</em></span> <span class='ocrx_word' id='word_1_244' title='bbox 3355 1663 3464 1703; x_wconf 89' lang='lat' dir='ltr'><em>uno</em></span> <span class='ocrx_word' id='word_1_245' title='bbox 3497 1663 3596 1720; x_wconf 90' lang='lat' dir='ltr'><em>pro</em></span> <span class='ocrx_word' id='word_1_246' title='bbox 3635 1647 3644 1655; x_wconf 86' lang='lat'><strong>&#39;</strong></span> 
     </span>
    </p>
   </div>
   <div class='ocr_carea' id='block_1_33' title="bbox 301 1729 3591 1824">
    <p class='ocr_par' dir='ltr' id='par_1_33' title="bbox 301 1729 3591 1824">
     <span class='ocr_line' id='line_1_33' title="bbox 301 1729 3591 1824; baseline -0.003 -33"><span class='ocrx_word' id='word_1_247' title='bbox 301 1753 364 1792; x_wconf 85' lang='lat' dir='ltr'><em>ex</em></span> <span class='ocrx_word' id='word_1_248' title='bbox 408 1733 638 1789; x_wconf 89' lang='lat' dir='ltr'><em>arbitrio</em></span> <span class='ocrx_word' id='word_1_249' title='bbox 691 1733 1037 1804; x_wconf 89' lang='lat' dir='ltr'><em>suspicionis,</em></span> <span class='ocrx_word' id='word_1_250' title='bbox 1095 1731 1182 1786; x_wconf 86' lang='lat' dir='ltr'><em>vel</em></span> <span class='ocrx_word' id='word_1_251' title='bbox 1239 1731 1402 1786; x_wconf 88' lang='lat' dir='ltr'><em>etiam</em></span> <span class='ocrx_word' id='word_1_252' title='bbox 1465 1729 1970 1824; x_wconf 83' lang='lat' dir='ltr'><em>extraordinarioB</em></span> <span class='ocrx_word' id='word_1_253' title='bbox 2001 1736 2252 1790; x_wconf 87' lang='lat' dir='ltr'><em>omnibus</em></span> <span class='ocrx_word' id='word_1_254' title='bbox 2293 1736 2680 1806; x_wconf 89' lang='lat' dir='ltr'><em>peremptorio,</em></span> <span class='ocrx_word' id='word_1_255' title='bbox 2710 1737 2764 1790; x_wconf 92' lang='lat' dir='ltr'><em>id</em></span> <span class='ocrx_word' id='word_1_256' title='bbox 2816 1745 2916 1803; x_wconf 90' lang='lat' dir='ltr'><em>est,</em></span> <span class='ocrx_word' id='word_1_257' title='bbox 2969 1737 3117 1809; x_wconf 89' lang='lat' dir='ltr'><em>quod</em></span> <span class='ocrx_word' id='word_1_258' title='bbox 3147 1752 3366 1792; x_wconf 82' lang='lat' dir='ltr'><em>causam</em></span> <span class='ocrx_word' id='word_1_259' title='bbox 3414 1736 3591 1792; x_wconf 67' lang='lat' dir='ltr'><em>enin.</em></span> 
     </span>
    </p>
   </div>
   <div class='ocr_carea' id='block_1_34' title="bbox 301 1819 3594 1897">
    <p class='ocr_par' dir='ltr' id='par_1_34' title="bbox 301 1819 3594 1897">
     <span class='ocr_line' id='line_1_34' title="bbox 301 1819 3594 1897; baseline 0 -18"><span class='ocrx_word' id='word_1_260' title='bbox 301 1831 563 1894; x_wconf 89' lang='lat' dir='ltr'><em>usurpato</em></span> <span class='ocrx_word' id='word_1_261' title='bbox 583 1822 790 1892; x_wconf 92' lang='lat' dir='ltr'><em>judicio</em></span> <span class='ocrx_word' id='word_1_262' title='bbox 824 1839 836 1876; x_wconf 91' lang='lat'>:</span> <span class='ocrx_word' id='word_1_263' title='bbox 871 1822 967 1876; x_wconf 90' lang='lat' dir='ltr'><em>sed</em></span> <span class='ocrx_word' id='word_1_264' title='bbox 996 1821 1174 1892; x_wconf 89' lang='lat' dir='ltr'><em>potius</em></span> <span class='ocrx_word' id='word_1_265' title='bbox 1195 1838 1260 1875; x_wconf 90' lang='lat' dir='ltr'><em>ex</em></span> <span class='ocrx_word' id='word_1_266' title='bbox 1289 1821 1412 1892; x_wconf 86' lang='lat' dir='ltr'><em>lege</em></span> <span class='ocrx_word' id='word_1_267' title='bbox 1451 1819 1554 1874; x_wconf 90' lang='lat' dir='ltr'><em>Dei</em></span> <span class='ocrx_word' id='word_1_268' title='bbox 1599 1819 1962 1875; x_wconf 64' lang='lat' dir='ltr'><em>secundum&quot;</em></span> <span class='ocrx_word' id='word_1_269' title='bbox 2000 1825 2136 1896; x_wconf 85' lang='lat' dir='ltr'><em>guit,</em></span> <span class='ocrx_word' id='word_1_270' title='bbox 2171 1823 2332 1878; x_wconf 88' lang='lat' dir='ltr'><em>fuerit</em></span> <span class='ocrx_word' id='word_1_271' title='bbox 2361 1834 2635 1888; x_wconf 87' lang='lat' dir='ltr'><em>evocatus,</em></span> <span class='ocrx_word' id='word_1_272' title='bbox 2669 1833 2722 1879; x_wconf 88' lang='lat' dir='ltr'><em>et</em></span> <span class='ocrx_word' id='word_1_273' title='bbox 2750 1825 3098 1896; x_wconf 63' lang='lat' dir='ltr'><em>praesentiam</em></span> <span class='ocrx_word' id='word_1_274' title='bbox 3129 1841 3281 1881; x_wconf 88' lang='lat' dir='ltr'><em>suam</em></span> <span class='ocrx_word' id='word_1_275' title='bbox 3309 1825 3453 1897; x_wconf 87' lang='lat' dir='ltr'><em>apud</em></span> <span class='ocrx_word' id='word_1_276' title='bbox 3468 1839 3594 1882; x_wconf 86' lang='lat' dir='ltr'><em>eum</em></span> 
     </span>
    </p>
   </div>
   <div class='ocr_carea' id='block_1_35' title="bbox 298 1907 1898 1975">
    <p class='ocr_par' dir='ltr' id='par_1_35' title="bbox 298 1907 1898 1975">
     <span class='ocr_line' id='line_1_35' title="bbox 298 1907 1898 1975; baseline -0.003 -8"><span class='ocrx_word' id='word_1_277' title='bbox 298 1913 549 1968; x_wconf 88' lang='lat' dir='ltr'><em>ordinem</em></span> <span class='ocrx_word' id='word_1_278' title='bbox 581 1910 860 1975; x_wconf 59' lang='lat' dir='ltr'><em>Ecclesia},</em></span> <span class='ocrx_word' id='word_1_279' title='bbox 897 1910 1012 1966; x_wconf 89' lang='lat' dir='ltr'><em>sive</em></span> <span class='ocrx_word' id='word_1_280' title='bbox 1042 1910 1186 1964; x_wconf 90' lang='lat' dir='ltr'><em>ultro</em></span> <span class='ocrx_word' id='word_1_281' title='bbox 1215 1907 1546 1972; x_wconf 90' lang='lat' dir='ltr'><em>confessum,</em></span> <span class='ocrx_word' id='word_1_282' title='bbox 1591 1908 1703 1964; x_wconf 90' lang='lat' dir='ltr'><em>sive</em></span> <span class='ocrx_word' id='word_1_283' title='bbox 1732 1923 1898 1962; x_wconf 88' lang='lat' dir='ltr'><em>accu-</em></span> 
     </span>
    </p>
   </div>
   <div class='ocr_carea' id='block_1_36' title="bbox 299 1995 1894 2072">
    <p class='ocr_par' dir='ltr' id='par_1_36' title="bbox 299 1995 1894 2072">
     <span class='ocr_line' id='line_1_36' title="bbox 299 1995 1894 2072; baseline -0.004 -17"><span class='ocrx_word' id='word_1_284' title='bbox 299 2011 476 2056; x_wconf 88' lang='lat' dir='ltr'><em>satum</em></span> <span class='ocrx_word' id='word_1_285' title='bbox 515 2008 679 2072; x_wconf 86' lang='lat' dir='ltr'><em>atque</em></span> <span class='ocrx_word' id='word_1_286' title='bbox 721 1997 1028 2056; x_wconf 88' lang='lat' dir='ltr'><em>convictum</em></span> <span class='ocrx_word' id='word_1_287' title='bbox 1074 1999 1215 2053; x_wconf 87' lang='lat' dir='ltr'><em>Nam</em></span> <span class='ocrx_word' id='word_1_288' title='bbox 1264 1997 1308 2052; x_wconf 90' lang='lat' dir='ltr'><em>si</em></span> <span class='ocrx_word' id='word_1_289' title='bbox 1353 1997 1648 2052; x_wconf 85' lang='lat' dir='ltr'><em>nominatio</em></span> <span class='ocrx_word' id='word_1_290' title='bbox 1683 1995 1894 2062; x_wconf 74' lang='lat' dir='ltr'><em>sufﬁcit,</em></span> 
     </span>
    </p>
   </div>
   <div class='ocr_carea' id='block_1_37' title="bbox 298 2083 1900 2156">
    <p class='ocr_par' dir='ltr' id='par_1_37' title="bbox 298 2083 1900 2156">
     <span class='ocr_line' id='line_1_37' title="bbox 298 2083 1900 2156; baseline -0.004 -12"><span class='ocrx_word' id='word_1_291' title='bbox 298 2089 448 2145; x_wconf 88' lang='lat' dir='ltr'><em>multi</em></span> <span class='ocrx_word' id='word_1_292' title='bbox 477 2087 777 2144; x_wconf 84' lang='lat' dir='ltr'><em>damnandi</em></span> <span class='ocrx_word' id='word_1_293' title='bbox 809 2095 932 2142; x_wconf 91' lang='lat' dir='ltr'><em>sunt</em></span> <span class='ocrx_word' id='word_1_294' title='bbox 961 2087 1298 2151; x_wconf 88' lang='lat' dir='ltr'><em>innocentes,</em></span> <span class='ocrx_word' id='word_1_295' title='bbox 1333 2086 1460 2156; x_wconf 90' lang='lat' dir='ltr'><em>quia</em></span> <span class='ocrx_word' id='word_1_296' title='bbox 1500 2102 1643 2156; x_wconf 69' lang='lat' dir='ltr'><em>saepe</em></span> <span class='ocrx_word' id='word_1_297' title='bbox 1675 2083 1813 2139; x_wconf 86' lang='lat' dir='ltr'><em>falso</em></span> <span class='ocrx_word' id='word_1_298' title='bbox 1843 2087 1900 2138; x_wconf 89' lang='lat' dir='ltr'><em>in</em></span> 
     </span>
    </p>
   </div>
   <div class='ocr_carea' id='block_1_38' title="bbox 293 2173 1896 2250">
    <p class='ocr_par' dir='ltr' id='par_1_38' title="bbox 293 2173 1896 2250">
     <span class='ocr_line' id='line_1_38' title="bbox 293 2173 1896 2250; baseline -0.004 -17"><span class='ocrx_word' id='word_1_299' title='bbox 293 2193 622 2250; x_wconf 87' lang='lat' dir='ltr'><em>quemquam</em></span> <span class='ocrx_word' id='word_1_300' title='bbox 652 2176 858 2233; x_wconf 85' lang='lat' dir='ltr'><em>crimen</em></span> <span class='ocrx_word' id='word_1_301' title='bbox 885 2174 1218 2230; x_wconf 84' lang='lat' dir='ltr'><em>nominatur.</em></span> <span class='ocrx_word' id='word_1_302' title='bbox 1269 2173 1375 2242; x_wconf 91' lang='lat' dir='ltr'><em>Qui</em></span> <span class='ocrx_word' id='word_1_303' title='bbox 1405 2173 1540 2228; x_wconf 88' lang='lat' dir='ltr'><em>ordo</em></span> <span class='ocrx_word' id='word_1_304' title='bbox 1573 2173 1896 2243; x_wconf 89' lang='lat' dir='ltr'><em>judiciarius</em></span> 
     </span>
    </p>
   </div>
   <div class='ocr_carea' id='block_1_39' title="bbox 294 2261 1895 2338">
    <p class='ocr_par' dir='ltr' id='par_1_39' title="bbox 294 2261 1895 2338">
     <span class='ocr_line' id='line_1_39' title="bbox 294 2261 1895 2338; baseline -0.004 -17"><span class='ocrx_word' id='word_1_305' title='bbox 294 2267 525 2338; x_wconf 87' lang='lat' dir='ltr'><em>qualiter</em></span> <span class='ocrx_word' id='word_1_306' title='bbox 553 2264 780 2336; x_wconf 86' lang='lat' dir='ltr'><em>exsequi</em></span> <span class='ocrx_word' id='word_1_307' title='bbox 809 2264 1024 2332; x_wconf 88' lang='lat' dir='ltr'><em>debeat,</em></span> <span class='ocrx_word' id='word_1_308' title='bbox 1059 2264 1248 2318; x_wconf 87' lang='lat' dir='ltr'><em>beatus</em></span> <span class='ocrx_word' id='word_1_309' title='bbox 1279 2261 1584 2334; x_wconf 80' lang='lat' dir='ltr'><em>Gregorius</em></span> <span class='ocrx_word' id='word_1_310' title='bbox 1633 2261 1689 2314; x_wconf 90' lang='lat' dir='ltr'><em>in</em></span> <span class='ocrx_word' id='word_1_311' title='bbox 1739 2277 1895 2316; x_wconf 89' lang='lat' dir='ltr'><em>com-</em></span> 
     </span>
    </p>
   </div>
   <div class='ocr_carea' id='block_1_40' title="bbox 295 2349 1896 2410">
    <p class='ocr_par' dir='ltr' id='par_1_40' title="bbox 295 2349 1896 2410">
     <span class='ocr_line' id='line_1_40' title="bbox 295 2349 1896 2410; baseline -0.004 -2"><span class='ocrx_word' id='word_1_312' title='bbox 295 2353 588 2410; x_wconf 89' lang='lat' dir='ltr'><em>monitorio</em></span> <span class='ocrx_word' id='word_1_313' title='bbox 615 2353 682 2406; x_wconf 90' lang='lat' dir='ltr'><em>ad</em></span> <span class='ocrx_word' id='word_1_314' title='bbox 725 2353 992 2407; x_wconf 82' lang='lat' dir='ltr'><em>Joannem</em></span> <span class='ocrx_word' id='word_1_315' title='bbox 1040 2349 1382 2406; x_wconf 88' lang='lat' dir='ltr'><em>defensorem</em></span> <span class='ocrx_word' id='word_1_316' title='bbox 1433 2357 1649 2404; x_wconf 90' lang='lat' dir='ltr'><em>euntem</em></span> <span class='ocrx_word' id='word_1_317' title='bbox 1697 2349 1750 2403; x_wconf 90' lang='lat' dir='ltr'><em>in</em></span> <span class='ocrx_word' id='word_1_318' title='bbox 1796 2349 1896 2402; x_wconf 87' lang='lat' dir='ltr'><em>Hi-</em></span> 
     </span>
    </p>
   </div>
   <div class='ocr_carea' id='block_1_41' title="bbox 297 2437 1894 2513">
    <p class='ocr_par' dir='ltr' id='par_1_41' title="bbox 297 2437 1894 2513">
     <span class='ocr_line' id='line_1_41' title="bbox 297 2437 1894 2513; baseline -0.004 -17"><span class='ocrx_word' id='word_1_319' title='bbox 297 2441 518 2513; x_wconf 88' lang='lat' dir='ltr'><em>spanias</em></span> <span class='ocrx_word' id='word_1_320' title='bbox 543 2440 674 2496; x_wconf 88' lang='lat' dir='ltr'><em>dicit</em></span> <span class='ocrx_word' id='word_1_321' title='bbox 704 2440 826 2510; x_wconf 68' lang='lat' dir='ltr'><em>(lib:</em></span> <span class='ocrx_word' id='word_1_322' title='bbox 847 2455 922 2504; x_wconf 78' lang='lat' dir='ltr'><em>xi,</em></span> <span class='ocrx_word' id='word_1_323' title='bbox 948 2439 1070 2494; x_wconf 86' lang='lat' dir='ltr'><em>ind.</em></span> <span class='ocrx_word' id='word_1_324' title='bbox 1105 2442 1157 2508; x_wconf 90' lang='lat'><em>6,</em></span> <span class='ocrx_word' id='word_1_325' title='bbox 1181 2440 1348 2510; x_wconf 83' lang='lat' dir='ltr'><em>epist.</em></span> <span class='ocrx_word' id='word_1_326' title='bbox 1376 2439 1466 2508; x_wconf 63' lang='lat'><em>5&#39;2)</em></span> <span class='ocrx_word' id='word_1_327' title='bbox 1501 2454 1512 2492; x_wconf 91' lang='lat'><strong>:</strong></span> <span class='ocrx_word' id='word_1_328' title='bbox 1553 2459 1573 2486; x_wconf 73' lang='grc' dir='ltr'><strong><em>α</em></strong></span> <span class='ocrx_word' id='word_1_329' title='bbox 1611 2437 1894 2503; x_wconf 85' lang='lat' dir='ltr'><em>Videlicet,</em></span> 
     </span>
    </p>
   </div>
   <div class='ocr_carea' id='block_1_42' title="bbox 297 2525 1899 2593">
    <p class='ocr_par' dir='ltr' id='par_1_42' title="bbox 297 2525 1899 2593">
     <span class='ocr_line' id='line_1_42' title="bbox 297 2525 1899 2593; baseline -0.004 -7"><span class='ocrx_word' id='word_1_330' title='bbox 297 2539 351 2586; x_wconf 91' lang='lat' dir='ltr'><em>ut</em></span> <span class='ocrx_word' id='word_1_331' title='bbox 381 2531 474 2586; x_wconf 86' lang='lat' dir='ltr'><em>alii</em></span> <span class='ocrx_word' id='word_1_332' title='bbox 504 2531 610 2584; x_wconf 89' lang='lat' dir='ltr'><em>sint</em></span> <span class='ocrx_word' id='word_1_333' title='bbox 639 2537 1015 2593; x_wconf 86' lang='lat' dir='ltr'><em>accusatores,</em></span> <span class='ocrx_word' id='word_1_334' title='bbox 1041 2535 1092 2581; x_wconf 91' lang='lat' dir='ltr'><em>et</em></span> <span class='ocrx_word' id='word_1_335' title='bbox 1123 2526 1215 2581; x_wconf 88' lang='lat' dir='ltr'><em>alii</em></span> <span class='ocrx_word' id='word_1_336' title='bbox 1247 2533 1415 2581; x_wconf 83' lang='lat' dir='ltr'><em>testes</em></span> <span class='ocrx_word' id='word_1_337' title='bbox 1447 2543 1460 2579; x_wconf 88' lang='lat'><strong>:</strong></span> <span class='ocrx_word' id='word_1_338' title='bbox 1492 2525 1691 2580; x_wconf 89' lang='lat' dir='ltr'><em>deinde</em></span> <span class='ocrx_word' id='word_1_339' title='bbox 1713 2541 1899 2581; x_wconf 87' lang='lat' dir='ltr'><em>causa-</em></span> 
     </span>
    </p>
   </div>
   <div class='ocr_carea' id='block_1_43' title="bbox 293 2615 1896 2692">
    <p class='ocr_par' dir='ltr' id='par_1_43' title="bbox 293 2615 1896 2692">
     <span class='ocr_line' id='line_1_43' title="bbox 293 2615 1896 2692; baseline -0.004 -18"><span class='ocrx_word' id='word_1_340' title='bbox 293 2635 409 2674; x_wconf 90' lang='lat' dir='ltr'><em>rum</em></span> <span class='ocrx_word' id='word_1_341' title='bbox 468 2617 706 2690; x_wconf 87' lang='lat' dir='ltr'><em>qualitas</em></span> <span class='ocrx_word' id='word_1_342' title='bbox 760 2625 844 2689; x_wconf 84' lang='lat' dir='ltr'><em>est</em></span> <span class='ocrx_word' id='word_1_343' title='bbox 899 2615 1274 2684; x_wconf 83' lang='lat' dir='ltr'><em>examinanda,</em></span> <span class='ocrx_word' id='word_1_344' title='bbox 1326 2622 1379 2668; x_wconf 92' lang='lat' dir='ltr'><em>et</em></span> <span class='ocrx_word' id='word_1_345' title='bbox 1423 2622 1480 2668; x_wconf 90' lang='lat' dir='ltr'><em>ut</em></span> <span class='ocrx_word' id='word_1_346' title='bbox 1509 2621 1774 2692; x_wconf 66' lang='lat' dir='ltr'><em>praesente</em></span> <span class='ocrx_word' id='word_1_347' title='bbox 1807 2629 1896 2668; x_wconf 88' lang='lat' dir='ltr'><em>ac-</em></span> 
     </span>
    </p>
   </div>
   <div class='ocr_carea' id='block_1_44' title="bbox 295 2701 1896 2774">
    <p class='ocr_par' dir='ltr' id='par_1_44' title="bbox 295 2701 1896 2774">
     <span class='ocr_line' id='line_1_44' title="bbox 295 2701 1896 2774; baseline -0.004 -11"><span class='ocrx_word' id='word_1_348' title='bbox 295 2717 484 2763; x_wconf 88' lang='lat' dir='ltr'><em>cusato</em></span> <span class='ocrx_word' id='word_1_349' title='bbox 516 2707 618 2760; x_wconf 88' lang='lat' dir='ltr'><em>sub</em></span> <span class='ocrx_word' id='word_1_350' title='bbox 643 2705 992 2774; x_wconf 83' lang='lat' dir='ltr'><em>jurejurando</em></span> <span class='ocrx_word' id='word_1_351' title='bbox 1021 2703 1235 2758; x_wconf 88' lang='lat' dir='ltr'><em>dicatur</em></span> <span class='ocrx_word' id='word_1_352' title='bbox 1263 2702 1630 2757; x_wconf 85' lang='lat' dir='ltr'><em>testimonium</em></span> <span class='ocrx_word' id='word_1_353' title='bbox 1675 2701 1896 2772; x_wconf 88' lang='lat' dir='ltr'><em>scriptis</em></span> 
     </span>
    </p>
   </div>
   <div class='ocr_carea' id='block_1_45' title="bbox 293 2789 1897 2869">
    <p class='ocr_par' dir='ltr' id='par_1_45' title="bbox 293 2789 1897 2869">
     <span class='ocr_line' id='line_1_45' title="bbox 293 2789 1897 2869; baseline -0.004 -19"><span class='ocrx_word' id='word_1_354' title='bbox 293 2796 608 2869; x_wconf 84' lang='lat' dir='ltr'><em>allegatum,</em></span> <span class='ocrx_word' id='word_1_355' title='bbox 642 2803 696 2849; x_wconf 91' lang='lat' dir='ltr'><em>et</em></span> <span class='ocrx_word' id='word_1_356' title='bbox 723 2801 1009 2849; x_wconf 88' lang='lat' dir='ltr'><em>accusatus</em></span> <span class='ocrx_word' id='word_1_357' title='bbox 1054 2791 1423 2862; x_wconf 87' lang='lat' dir='ltr'><em>respondendi</em></span> <span class='ocrx_word' id='word_1_358' title='bbox 1471 2798 1524 2844; x_wconf 90' lang='lat' dir='ltr'><em>et</em></span> <span class='ocrx_word' id='word_1_359' title='bbox 1567 2789 1897 2845; x_wconf 85' lang='lat' dir='ltr'><em>defendendi</em></span> 
     </span>
    </p>
   </div>
   <div class='ocr_carea' id='block_1_46' title="bbox 292 2879 1893 2955">
    <p class='ocr_par' dir='ltr' id='par_1_46' title="bbox 292 2879 1893 2955">
     <span class='ocr_line' id='line_1_46' title="bbox 292 2879 1893 2955; baseline -0.004 -17"><span class='ocrx_word' id='word_1_360' title='bbox 292 2899 350 2940; x_wconf 89' lang='lat' dir='ltr'><em>se</em></span> <span class='ocrx_word' id='word_1_361' title='bbox 375 2885 559 2940; x_wconf 89' lang='lat' dir='ltr'><em>locum</em></span> <span class='ocrx_word' id='word_1_362' title='bbox 587 2881 800 2946; x_wconf 86' lang='lat' dir='ltr'><em>habeat,</em></span> <span class='ocrx_word' id='word_1_363' title='bbox 852 2889 905 2936; x_wconf 91' lang='lat' dir='ltr'><em>et</em></span> <span class='ocrx_word' id='word_1_364' title='bbox 943 2879 1272 2934; x_wconf 85' lang='lat' dir='ltr'><em>examinatio</em></span> <span class='ocrx_word' id='word_1_365' title='bbox 1318 2894 1677 2955; x_wconf 62' lang='lat' dir='ltr'><em>pepsonarum</em></span> <span class='ocrx_word' id='word_1_366' title='bbox 1726 2894 1893 2934; x_wconf 89' lang='lat' dir='ltr'><em>accu-</em></span> 
     </span>
    </p>
   </div>
   <div class='ocr_carea' id='block_1_47' title="bbox 290 2965 1894 3039">
    <p class='ocr_par' dir='ltr' id='par_1_47' title="bbox 290 2965 1894 3039">
     <span class='ocr_line' id='line_1_47' title="bbox 290 2965 1894 3039; baseline -0.006 -11"><span class='ocrx_word' id='word_1_367' title='bbox 290 2975 528 3028; x_wconf 84' lang='lat' dir='ltr'><em>santium</em></span> <span class='ocrx_word' id='word_1_368' title='bbox 577 2988 642 3026; x_wconf 91' lang='lat' dir='ltr'><em>ac</em></span> <span class='ocrx_word' id='word_1_369' title='bbox 689 2967 1088 3024; x_wconf 84' lang='lat' dir='ltr'><em>testiﬁcantium</em></span> <span class='ocrx_word' id='word_1_370' title='bbox 1133 2967 1464 3039; x_wconf 82' lang='lat' dir='ltr'><em>regulariter</em></span> <span class='ocrx_word' id='word_1_371' title='bbox 1509 2965 1621 3020; x_wconf 83' lang='lat' dir='ltr'><em>fiat.</em></span> <span class='ocrx_word' id='word_1_372' title='bbox 1663 2990 1684 3014; x_wconf 79' lang='grc'>»</span> <span class='ocrx_word' id='word_1_373' title='bbox 1719 2965 1894 3035; x_wconf 90' lang='lat' dir='ltr'><em>Quem</em></span> 
     </span>
    </p>
   </div>
   <div class='ocr_carea' id='block_1_48' title="bbox 287 3054 1888 3131">
    <p class='ocr_par' dir='ltr' id='par_1_48' title="bbox 287 3054 1888 3131">
     <span class='ocr_line' id='line_1_48' title="bbox 287 3054 1888 3131; baseline -0.006 -15"><span class='ocrx_word' id='word_1_374' title='bbox 287 3059 562 3131; x_wconf 87' lang='lat' dir='ltr'><em>judiciarii</em></span> <span class='ocrx_word' id='word_1_375' title='bbox 611 3057 821 3112; x_wconf 88' lang='lat' dir='ltr'><em>ordinis</em></span> <span class='ocrx_word' id='word_1_376' title='bbox 876 3056 1094 3112; x_wconf 92' lang='lat' dir='ltr'><em>modum</em></span> <span class='ocrx_word' id='word_1_377' title='bbox 1147 3057 1305 3110; x_wconf 89' lang='lat' dir='ltr'><em>etiam</em></span> <span class='ocrx_word' id='word_1_378' title='bbox 1361 3055 1626 3110; x_wconf 88' lang='lat' dir='ltr'><em>Dominus</em></span> <span class='ocrx_word' id='word_1_379' title='bbox 1681 3054 1888 3120; x_wconf 88' lang='lat' dir='ltr'><em>innuit,</em></span> 
     </span>
    </p>
   </div>
   <div class='ocr_carea' id='block_1_49' title="bbox 289 3143 1892 3215">
    <p class='ocr_par' dir='ltr' id='par_1_49' title="bbox 289 3143 1892 3215">
     <span class='ocr_line' id='line_1_49' title="bbox 289 3143 1892 3215; baseline -0.006 -11"><span class='ocrx_word' id='word_1_380' title='bbox 289 3165 412 3205; x_wconf 90' lang='lat' dir='ltr'><em>cum</em></span> <span class='ocrx_word' id='word_1_381' title='bbox 442 3148 500 3202; x_wconf 90' lang='lat' dir='ltr'><em>in</em></span> <span class='ocrx_word' id='word_1_382' title='bbox 534 3145 952 3202; x_wconf 87' lang='lat' dir='ltr'><em>resuscitatione</em></span> <span class='ocrx_word' id='word_1_383' title='bbox 980 3143 1178 3215; x_wconf 68' lang='lat' dir='ltr'><em>puellas</em></span> <span class='ocrx_word' id='word_1_384' title='bbox 1208 3144 1262 3197; x_wconf 90' lang='lat' dir='ltr'><em>in</em></span> <span class='ocrx_word' id='word_1_385' title='bbox 1293 3144 1454 3198; x_wconf 89' lang='lat' dir='ltr'><em>domo</em></span> <span class='ocrx_word' id='word_1_386' title='bbox 1486 3143 1722 3212; x_wconf 83' lang='lat' dir='ltr'><em>jacentis</em></span> <span class='ocrx_word' id='word_1_387' title='bbox 1751 3159 1892 3196; x_wconf 90' lang='lat' dir='ltr'><em>mor-</em></span> 
     </span>
    </p>
   </div>
   <div class='ocr_carea' id='block_1_50' title="bbox 290 3232 1885 3303">
    <p class='ocr_par' dir='ltr' id='par_1_50' title="bbox 290 3232 1885 3303">
     <span class='ocr_line' id='line_1_50' title="bbox 290 3232 1885 3303; baseline -0.004 -10"><span class='ocrx_word' id='word_1_388' title='bbox 290 3246 413 3303; x_wconf 65' lang='lat' dir='ltr'><em>tua,</em></span> <span class='ocrx_word' id='word_1_389' title='bbox 449 3252 517 3291; x_wconf 90' lang='lat' dir='ltr'><em>ac</em></span> <span class='ocrx_word' id='word_1_390' title='bbox 549 3235 594 3290; x_wconf 92' lang='lat' dir='ltr'><em>si</em></span> <span class='ocrx_word' id='word_1_391' title='bbox 619 3235 674 3288; x_wconf 92' lang='lat' dir='ltr'><em>in</em></span> <span class='ocrx_word' id='word_1_392' title='bbox 703 3233 1036 3288; x_wconf 89' lang='lat' dir='ltr'><em>revelatione</em></span> <span class='ocrx_word' id='word_1_393' title='bbox 1065 3248 1176 3288; x_wconf 91' lang='lat' dir='ltr'><em>non</em></span> <span class='ocrx_word' id='word_1_394' title='bbox 1207 3232 1461 3286; x_wconf 90' lang='lat' dir='ltr'><em>omnibus</em></span> <span class='ocrx_word' id='word_1_395' title='bbox 1505 3247 1686 3286; x_wconf 64' lang='lat' dir='ltr'><em>causas</em></span> <span class='ocrx_word' id='word_1_396' title='bbox 1723 3239 1885 3298; x_wconf 69' lang='lat' dir='ltr'><em>notas,</em></span> 
     </span>
    </p>
   </div>
   <div class='ocr_carea' id='block_1_51' title="bbox 290 3319 1889 3398">
    <p class='ocr_par' dir='ltr' id='par_1_51' title="bbox 290 3319 1889 3398">
     <span class='ocr_line' id='line_1_51' title="bbox 290 3319 1889 3398; baseline -0.005 -19"><span class='ocrx_word' id='word_1_397' title='bbox 290 3325 555 3398; x_wconf 87' lang='lat' dir='ltr'><em>quosdam</em></span> <span class='ocrx_word' id='word_1_398' title='bbox 585 3322 977 3393; x_wconf 88' lang='lat' dir='ltr'><em>discipulorum</em></span> <span class='ocrx_word' id='word_1_399' title='bbox 1005 3337 1227 3376; x_wconf 91' lang='lat' dir='ltr'><em>suorum</em></span> <span class='ocrx_word' id='word_1_400' title='bbox 1259 3328 1445 3386; x_wconf 89' lang='lat' dir='ltr'><em>testes,</em></span> <span class='ocrx_word' id='word_1_401' title='bbox 1481 3319 1580 3373; x_wconf 90' lang='lat' dir='ltr'><em>sed</em></span> <span class='ocrx_word' id='word_1_402' title='bbox 1602 3326 1653 3373; x_wconf 90' lang='lat' dir='ltr'><em>et</em></span> <span class='ocrx_word' id='word_1_403' title='bbox 1677 3326 1889 3389; x_wconf 88' lang='lat' dir='ltr'><em>patrem</em></span> 
     </span>
    </p>
   </div>
   <div class='ocr_carea' id='block_1_52' title="bbox 289 3407 1889 3482">
    <p class='ocr_par' dir='ltr' id='par_1_52' title="bbox 289 3407 1889 3482">
     <span class='ocr_line' id='line_1_52' title="bbox 289 3407 1889 3482; baseline -0.006 -13"><span class='ocrx_word' id='word_1_404' title='bbox 289 3423 338 3469; x_wconf 88' lang='lat' dir='ltr'><em>et</em></span> <span class='ocrx_word' id='word_1_405' title='bbox 365 3421 603 3468; x_wconf 88' lang='lat' dir='ltr'><em>matrem</em></span> <span class='ocrx_word' id='word_1_406' title='bbox 631 3411 827 3482; x_wconf 71' lang='lat' dir='ltr'><em>puellae</em></span> <span class='ocrx_word' id='word_1_407' title='bbox 857 3426 1044 3466; x_wconf 88' lang='lat' dir='ltr'><em>secum</em></span> <span class='ocrx_word' id='word_1_408' title='bbox 1077 3407 1321 3464; x_wconf 88' lang='lat' dir='ltr'><em>adhibuit</em></span> <span class='ocrx_word' id='word_1_409' title='bbox 1357 3411 1509 3479; x_wconf 80' lang='lat' dir='ltr'><em>(Luc.</em></span> <span class='ocrx_word' id='word_1_410' title='bbox 1543 3409 1683 3477; x_wconf 81' lang='lat' dir='ltr'><em>vin).</em></span> <span class='ocrx_word' id='word_1_411' title='bbox 1737 3407 1889 3461; x_wconf 82' lang='lat' dir='ltr'><em>Alter</em></span> 
     </span>
    </p>
   </div>
   <div class='ocr_carea' id='block_1_53' title="bbox 288 3495 1886 3572">
    <p class='ocr_par' dir='ltr' id='par_1_53' title="bbox 288 3495 1886 3572">
     <span class='ocr_line' id='line_1_53' title="bbox 288 3495 1886 3572; baseline -0.004 -16"><span class='ocrx_word' id='word_1_412' title='bbox 288 3519 418 3558; x_wconf 86' lang='lat' dir='ltr'><em>vero</em></span> <span class='ocrx_word' id='word_1_413' title='bbox 440 3500 718 3572; x_wconf 89' lang='lat' dir='ltr'><em>judiciarii</em></span> <span class='ocrx_word' id='word_1_414' title='bbox 740 3499 946 3555; x_wconf 89' lang='lat' dir='ltr'><em>ordinis</em></span> <span class='ocrx_word' id='word_1_415' title='bbox 967 3499 1162 3553; x_wconf 90' lang='lat' dir='ltr'><em>modus</em></span> <span class='ocrx_word' id='word_1_416' title='bbox 1183 3505 1261 3552; x_wconf 89' lang='lat' dir='ltr'><em>est</em></span> <span class='ocrx_word' id='word_1_417' title='bbox 1285 3513 1493 3560; x_wconf 89' lang='lat' dir='ltr'><em>eorum,</em></span> <span class='ocrx_word' id='word_1_418' title='bbox 1517 3513 1636 3568; x_wconf 59' lang='lat' dir='ltr'><em>quas</em></span> <span class='ocrx_word' id='word_1_419' title='bbox 1656 3511 1765 3550; x_wconf 90' lang='lat' dir='ltr'><em>non</em></span> <span class='ocrx_word' id='word_1_420' title='bbox 1786 3495 1886 3550; x_wconf 89' lang='lat' dir='ltr'><em>sub</em></span> 
     </span>
    </p>
   </div>
   <div class='ocr_carea' id='block_1_54' title="bbox 288 3585 1886 3662">
    <p class='ocr_par' dir='ltr' id='par_1_54' title="bbox 288 3585 1886 3662">
     <span class='ocr_line' id='line_1_54' title="bbox 288 3585 1886 3662; baseline -0.004 -17"><span class='ocrx_word' id='word_1_421' title='bbox 288 3606 581 3662; x_wconf 82' lang='lat' dir='ltr'><em>paucorum</em></span> <span class='ocrx_word' id='word_1_422' title='bbox 614 3588 822 3654; x_wconf 88' lang='lat' dir='ltr'><em>notitia,</em></span> <span class='ocrx_word' id='word_1_423' title='bbox 873 3587 1030 3659; x_wconf 88' lang='lat' dir='ltr'><em>quasi</em></span> <span class='ocrx_word' id='word_1_424' title='bbox 1079 3587 1256 3642; x_wconf 91' lang='lat' dir='ltr'><em>adhuc</em></span> <span class='ocrx_word' id='word_1_425' title='bbox 1302 3585 1359 3639; x_wconf 93' lang='lat' dir='ltr'><em>in</em></span> <span class='ocrx_word' id='word_1_426' title='bbox 1401 3585 1650 3640; x_wconf 89' lang='lat' dir='ltr'><em>cubiculo</em></span> <span class='ocrx_word' id='word_1_427' title='bbox 1692 3593 1886 3640; x_wconf 87' lang='lat' dir='ltr'><em>conte-</em></span> 
     </span>
    </p>
   </div>
   <div class='ocr_carea' id='block_1_55' title="bbox 287 3673 1887 3748">
    <p class='ocr_par' dir='ltr' id='par_1_55' title="bbox 287 3673 1887 3748">
     <span class='ocr_line' id='line_1_55' title="bbox 287 3673 1887 3748; baseline -0.005 -13"><span class='ocrx_word' id='word_1_428' title='bbox 287 3689 389 3748; x_wconf 88' lang='lat' dir='ltr'><em>cta,</em></span> <span class='ocrx_word' id='word_1_429' title='bbox 449 3686 513 3732; x_wconf 87' lang='lat' dir='ltr'><em>ut</em></span> <span class='ocrx_word' id='word_1_430' title='bbox 563 3685 776 3748; x_wconf 84' lang='lat' dir='ltr'><em>patrata</em></span> <span class='ocrx_word' id='word_1_431' title='bbox 827 3676 1119 3731; x_wconf 78' lang='lat' dir='ltr'><em>credantur</em></span> <span class='ocrx_word' id='word_1_432' title='bbox 1174 3673 1403 3730; x_wconf 89' lang='lat' dir='ltr'><em>testibus</em></span> <span class='ocrx_word' id='word_1_433' title='bbox 1459 3673 1726 3746; x_wconf 78' lang='lat' dir='ltr'><em>indigent,</em></span> <span class='ocrx_word' id='word_1_434' title='bbox 1787 3673 1887 3728; x_wconf 88' lang='lat' dir='ltr'><em>sed</em></span> 
     </span>
    </p>
   </div>
   <div class='ocr_carea' id='block_1_56' title="bbox 285 3761 1888 3840">
    <p class='ocr_par' dir='ltr' id='par_1_56' title="bbox 285 3761 1888 3840">
     <span class='ocr_line' id='line_1_56' title="bbox 285 3761 1888 3840; baseline -0.005 -18"><span class='ocrx_word' id='word_1_435' title='bbox 285 3767 440 3840; x_wconf 88' lang='lat' dir='ltr'><em>quasi</em></span> <span class='ocrx_word' id='word_1_436' title='bbox 464 3767 581 3836; x_wconf 87' lang='lat' dir='ltr'><em>jam</em></span> <span class='ocrx_word' id='word_1_437' title='bbox 609 3773 760 3820; x_wconf 83' lang='lat' dir='ltr'><em>extra</em></span> <span class='ocrx_word' id='word_1_438' title='bbox 789 3772 1005 3835; x_wconf 90' lang='lat' dir='ltr'><em>portam</em></span> <span class='ocrx_word' id='word_1_439' title='bbox 1033 3761 1268 3818; x_wconf 86' lang='lat' dir='ltr'><em>civitatis</em></span> <span class='ocrx_word' id='word_1_440' title='bbox 1298 3761 1468 3816; x_wconf 88' lang='lat' dir='ltr'><em>multa</em></span> <span class='ocrx_word' id='word_1_441' title='bbox 1507 3762 1667 3816; x_wconf 84' lang='lat' dir='ltr'><em>turba</em></span> <span class='ocrx_word' id='word_1_442' title='bbox 1725 3761 1888 3816; x_wconf 91' lang='lat' dir='ltr'><em>comi-</em></span> 
     </span>
    </p>
   </div>
   <div class='ocr_carea' id='block_1_57' title="bbox 287 3849 1885 3922">
    <p class='ocr_par' dir='ltr' id='par_1_57' title="bbox 287 3849 1885 3922">
     <span class='ocr_line' id='line_1_57' title="bbox 287 3849 1885 3922; baseline -0.006 -10"><span class='ocrx_word' id='word_1_443' title='bbox 287 3865 426 3912; x_wconf 88' lang='lat' dir='ltr'><em>tante</em></span> <span class='ocrx_word' id='word_1_444' title='bbox 471 3855 649 3910; x_wconf 88' lang='lat' dir='ltr'><em>elatus</em></span> <span class='ocrx_word' id='word_1_445' title='bbox 697 3854 852 3922; x_wconf 89' lang='lat' dir='ltr'><em>(Luc.</em></span> <span class='ocrx_word' id='word_1_446' title='bbox 885 3851 1005 3921; x_wconf 82' lang='lat' dir='ltr'><em>vn),</em></span> <span class='ocrx_word' id='word_1_447' title='bbox 1055 3851 1126 3906; x_wconf 88' lang='lat' dir='ltr'><em>ad</em></span> <span class='ocrx_word' id='word_1_448' title='bbox 1175 3851 1467 3904; x_wconf 91' lang='lat' dir='ltr'><em>multorum</em></span> <span class='ocrx_word' id='word_1_449' title='bbox 1515 3849 1885 3922; x_wconf 87' lang='lat' dir='ltr'><em>c0gnitionem</em></span> 
     </span>
    </p>
   </div>
   <div class='ocr_carea' id='block_1_58' title="bbox 286 3937 1878 4011">
    <p class='ocr_par' dir='ltr' id='par_1_58' title="bbox 286 3937 1878 4011">
     <span class='ocr_line' id='line_1_58' title="bbox 286 3937 1878 4011; baseline -0.004 -11"><span class='ocrx_word' id='word_1_450' title='bbox 286 3945 467 4000; x_wconf 89' lang='lat' dir='ltr'><em>delata</em></span> <span class='ocrx_word' id='word_1_451' title='bbox 483 3959 610 3999; x_wconf 88' lang='lat' dir='ltr'><em>esse</em></span> <span class='ocrx_word' id='word_1_452' title='bbox 630 3949 947 3998; x_wconf 89' lang='lat' dir='ltr'><em>noscuntur.</em></span> <span class='ocrx_word' id='word_1_453' title='bbox 968 3941 1048 3994; x_wconf 89' lang='lat' dir='ltr'><em>De</em></span> <span class='ocrx_word' id='word_1_454' title='bbox 1067 3955 1174 4011; x_wconf 93' lang='lat' dir='ltr'><em>quo</em></span> <span class='ocrx_word' id='word_1_455' title='bbox 1183 3938 1456 4008; x_wconf 85' lang='lat' dir='ltr'><em>judiciarii</em></span> <span class='ocrx_word' id='word_1_456' title='bbox 1471 3939 1680 3993; x_wconf 90' lang='lat' dir='ltr'><em>ordinis</em></span> <span class='ocrx_word' id='word_1_457' title='bbox 1696 3937 1878 4006; x_wconf 91' lang='lat' dir='ltr'><em>modo,</em></span> 
     </span>
    </p>
   </div>
   <div class='ocr_carea' id='block_1_59' title="bbox 285 4029 1882 4103">
    <p class='ocr_par' dir='ltr' id='par_1_59' title="bbox 285 4029 1882 4103">
     <span class='ocr_line' id='line_1_59' title="bbox 285 4029 1882 4103; baseline -0.004 -15"><span class='ocrx_word' id='word_1_458' title='bbox 285 4034 414 4089; x_wconf 90' lang='lat' dir='ltr'><em>dicit</em></span> <span class='ocrx_word' id='word_1_459' title='bbox 433 4031 736 4103; x_wconf 83' lang='lat' dir='ltr'><em>Apostolus</em></span> <span class='ocrx_word' id='word_1_460' title='bbox 760 4045 772 4085; x_wconf 92' lang='lat'><strong>:</strong></span> <span class='ocrx_word' id='word_1_461' title='bbox 797 4031 907 4100; x_wconf 86' lang='lat' dir='ltr'><em>Ego</em></span> <span class='ocrx_word' id='word_1_462' title='bbox 923 4029 1144 4100; x_wconf 83' lang='lat' dir='ltr'><em>quidem</em></span> <span class='ocrx_word' id='word_1_463' title='bbox 1157 4029 1354 4082; x_wconf 85' lang='lat' dir='ltr'><em>absens</em></span> <span class='ocrx_word' id='word_1_464' title='bbox 1370 4044 1614 4100; x_wconf 90' lang='lat' dir='ltr'><em>corpore,</em></span> <span class='ocrx_word' id='word_1_465' title='bbox 1631 4043 1882 4098; x_wconf 73' lang='lat' dir='ltr'><em>pmesens</em></span> 
     </span>
    </p>
   </div>
   <div class='ocr_carea' id='block_1_60' title="bbox 282 4116 1881 4192">
    <p class='ocr_par' dir='ltr' id='par_1_60' title="bbox 282 4116 1881 4192">
     <span class='ocr_line' id='line_1_60' title="bbox 282 4116 1881 4192; baseline -0.005 -14"><span class='ocrx_word' id='word_1_466' title='bbox 282 4127 476 4178; x_wconf 84' lang='lat' dir='ltr'><em>autem</em></span> <span class='ocrx_word' id='word_1_467' title='bbox 509 4119 739 4192; x_wconf 86' lang='lat' dir='ltr'><em>spiritu,</em></span> <span class='ocrx_word' id='word_1_468' title='bbox 771 4120 888 4186; x_wconf 78' lang='lat' dir='ltr'><em>iam</em></span> <span class='ocrx_word' id='word_1_469' title='bbox 907 4117 1163 4189; x_wconf 83' lang='lat' dir='ltr'><em>judican</em></span> <span class='ocrx_word' id='word_1_470' title='bbox 1191 4119 1256 4171; x_wconf 87' lang='lat' dir='ltr'><em>ut</em></span> <span class='ocrx_word' id='word_1_471' title='bbox 1271 4133 1522 4188; x_wconf 64' lang='lat' dir='ltr'><em>praesens</em></span> <span class='ocrx_word' id='word_1_472' title='bbox 1543 4132 1670 4171; x_wconf 89' lang='lat' dir='ltr'><em>eum</em></span> <span class='ocrx_word' id='word_1_473' title='bbox 1693 4116 1784 4187; x_wconf 84' lang='lat' dir='ltr'><em>qui</em></span> <span class='ocrx_word' id='word_1_474' title='bbox 1801 4116 1881 4170; x_wconf 87' lang='lat' dir='ltr'><em>sic</em></span> 
     </span>
    </p>
   </div>
   <div class='ocr_carea' id='block_1_61' title="bbox 284 4204 1878 4282">
    <p class='ocr_par' dir='ltr' id='par_1_61' title="bbox 284 4204 1878 4282">
     <span class='ocr_line' id='line_1_61' title="bbox 284 4204 1878 4282; baseline -0.006 -15"><span class='ocrx_word' id='word_1_475' title='bbox 284 4215 552 4282; x_wconf 79' lang='lat' dir='ltr'><em>operatus</em></span> <span class='ocrx_word' id='word_1_476' title='bbox 583 4211 688 4276; x_wconf 89' lang='lat' dir='ltr'><em>est,</em></span> <span class='ocrx_word' id='word_1_477' title='bbox 705 4208 770 4262; x_wconf 88' lang='lat' dir='ltr'><em>in</em></span> <span class='ocrx_word' id='word_1_478' title='bbox 794 4207 1022 4263; x_wconf 85' lang='lat' dir='ltr'><em>nomine</em></span> <span class='ocrx_word' id='word_1_479' title='bbox 1053 4205 1277 4260; x_wconf 85' lang='lat' dir='ltr'><em>Domini</em></span> <span class='ocrx_word' id='word_1_480' title='bbox 1301 4205 1479 4260; x_wconf 86' lang='lat' dir='ltr'><em>nostri</em></span> <span class='ocrx_word' id='word_1_481' title='bbox 1498 4205 1628 4260; x_wconf 71' lang='lat' dir='ltr'><em>Iesu</em></span> <span class='ocrx_word' id='word_1_482' title='bbox 1649 4204 1878 4269; x_wconf 85' lang='lat' dir='ltr'><em>Christi,</em></span> 
     </span>
    </p>
   </div>
   <div class='ocr_carea' id='block_1_62' title="bbox 283 4291 1881 4370">
    <p class='ocr_par' dir='ltr' id='par_1_62' title="bbox 283 4291 1881 4370">
     <span class='ocr_line' id='line_1_62' title="bbox 283 4291 1881 4370; baseline -0.008 -14"><span class='ocrx_word' id='word_1_483' title='bbox 283 4301 660 4370; x_wconf 82' lang='lat' dir='ltr'><em>congregatus</em></span> <span class='ocrx_word' id='word_1_484' title='bbox 692 4294 836 4350; x_wconf 85' lang='lat' dir='ltr'><em>vobis</em></span> <span class='ocrx_word' id='word_1_485' title='bbox 857 4298 912 4349; x_wconf 92' lang='lat' dir='ltr'><em>et</em></span> <span class='ocrx_word' id='word_1_486' title='bbox 933 4311 1054 4350; x_wconf 83' lang='lat' dir='ltr'><em>meo</em></span> <span class='ocrx_word' id='word_1_487' title='bbox 1071 4294 1298 4366; x_wconf 86' lang='lat' dir='ltr'><em>spiritu,</em></span> <span class='ocrx_word' id='word_1_488' title='bbox 1319 4309 1447 4348; x_wconf 87' lang='lat' dir='ltr'><em>cum</em></span> <span class='ocrx_word' id='word_1_489' title='bbox 1467 4293 1676 4348; x_wconf 83' lang='lat' dir='ltr'><em>virtute</em></span> <span class='ocrx_word' id='word_1_490' title='bbox 1696 4291 1881 4346; x_wconf 84' lang='lat' dir='ltr'><em>Domi-</em></span> 
     </span>
    </p>
   </div>
   <div class='ocr_carea' id='block_1_63' title="bbox 284 4380 1878 4450">
    <p class='ocr_par' dir='ltr' id='par_1_63' title="bbox 284 4380 1878 4450">
     <span class='ocr_line' id='line_1_63' title="bbox 284 4380 1878 4450; baseline -0.005 -8"><span class='ocrx_word' id='word_1_491' title='bbox 284 4389 348 4442; x_wconf 85' lang='lat' dir='ltr'><em>ni</em></span> <span class='ocrx_word' id='word_1_492' title='bbox 374 4389 530 4450; x_wconf 86' lang='lat' dir='ltr'><em>Jesu,</em></span> <span class='ocrx_word' id='word_1_493' title='bbox 567 4383 751 4440; x_wconf 60' lang='lat' dir='ltr'><em>trade:</em></span> <span class='ocrx_word' id='word_1_494' title='bbox 766 4399 794 4438; x_wconf 93' lang='lat' dir='ltr'><strong><em>e</em></strong></span> <span class='ocrx_word' id='word_1_495' title='bbox 815 4383 1136 4450; x_wconf 81' lang='lat' dir='ltr'><em>huiusmodi</em></span> <span class='ocrx_word' id='word_1_496' title='bbox 1156 4381 1440 4436; x_wconf 80' lang='lat' dir='ltr'><em>hominem</em></span> <span class='ocrx_word' id='word_1_497' title='bbox 1457 4382 1684 4436; x_wconf 75' lang='lat' dir='ltr'><em>Satanor</em></span> <span class='ocrx_word' id='word_1_498' title='bbox 1703 4380 1764 4434; x_wconf 89' lang='lat' dir='ltr'><em>in</em></span> <span class='ocrx_word' id='word_1_499' title='bbox 1783 4381 1878 4434; x_wconf 83' lang='lat' dir='ltr'><em>in-</em></span> 
     </span>
    </p>
   </div>
   <div class='ocr_carea' id='block_1_64' title="bbox 1994 1913 3588 1987">
    <p class='ocr_par' dir='ltr' id='par_1_64' title="bbox 1994 1913 3588 1987">
     <span class='ocr_line' id='line_1_64' title="bbox 1994 1913 3588 1987; baseline 0.001 -21"><span class='ocrx_word' id='word_1_500' title='bbox 1994 1913 2234 1987; x_wconf 84' lang='lat' dir='ltr'><em>judicem</em></span> <span class='ocrx_word' id='word_1_501' title='bbox 2289 1928 2320 1966; x_wconf 88' lang='lat' dir='ltr'><em>a</em></span> <span class='ocrx_word' id='word_1_502' title='bbox 2353 1929 2459 1984; x_wconf 93' lang='lat' dir='ltr'><em>quo</em></span> <span class='ocrx_word' id='word_1_503' title='bbox 2477 1913 2526 1967; x_wconf 91' lang='lat' dir='ltr'><em>ei</em></span> <span class='ocrx_word' id='word_1_504' title='bbox 2544 1915 2916 1968; x_wconf 91' lang='lat' dir='ltr'><em>denuntiatum</em></span> <span class='ocrx_word' id='word_1_505' title='bbox 2947 1923 3030 1968; x_wconf 90' lang='lat' dir='ltr'><em>est</em></span> <span class='ocrx_word' id='word_1_506' title='bbox 3047 1914 3306 1970; x_wconf 87' lang='lat' dir='ltr'><em>exhibere</em></span> <span class='ocrx_word' id='word_1_507' title='bbox 3334 1913 3588 1982; x_wconf 90' lang='lat' dir='ltr'><em>noluerit,</em></span> 
     </span>
    </p>
   </div>
   <div class='ocr_carea' id='block_1_65' title="bbox 1999 2002 3590 2074">
    <p class='ocr_par' dir='ltr' id='par_1_65' title="bbox 1999 2002 3590 2074">
     <span class='ocr_line' id='line_1_65' title="bbox 1999 2002 3590 2074; baseline 0.002 -20"><span class='ocrx_word' id='word_1_508' title='bbox 1999 2002 2262 2056; x_wconf 85' lang='lat' dir='ltr'><em>adversus</em></span> <span class='ocrx_word' id='word_1_509' title='bbox 2294 2017 2415 2056; x_wconf 84' lang='lat' dir='ltr'><em>eum</em></span> <span class='ocrx_word' id='word_1_510' title='bbox 2447 2003 2600 2074; x_wconf 91' lang='lat' dir='ltr'><em>quasi</em></span> <span class='ocrx_word' id='word_1_511' title='bbox 2649 2002 2701 2056; x_wconf 93' lang='lat' dir='ltr'><em>in</em></span> <span class='ocrx_word' id='word_1_512' title='bbox 2726 2011 3105 2059; x_wconf 88' lang='lat' dir='ltr'><em>contumacem</em></span> <span class='ocrx_word' id='word_1_513' title='bbox 3128 2002 3358 2073; x_wconf 88' lang='lat' dir='ltr'><em>judicari</em></span> <span class='ocrx_word' id='word_1_514' title='bbox 3391 2009 3590 2074; x_wconf 87' lang='lat' dir='ltr'><em>potest,</em></span> 
     </span>
    </p>
   </div>
   <div class='ocr_carea' id='block_1_66' title="bbox 1997 2089 3601 2164">
    <p class='ocr_par' dir='ltr' id='par_1_66' title="bbox 1997 2089 3601 2164">
     <span class='ocr_line' id='line_1_66' title="bbox 1997 2089 3601 2164; baseline 0.002 -21"><span class='ocrx_word' id='word_1_515' title='bbox 1997 2089 2239 2160; x_wconf 87' lang='lat' dir='ltr'><em>quinimo</em></span> <span class='ocrx_word' id='word_1_516' title='bbox 2269 2106 2371 2146; x_wconf 90' lang='lat' dir='ltr'><em>nec</em></span> <span class='ocrx_word' id='word_1_517' title='bbox 2418 2091 2730 2146; x_wconf 81' lang='lat' dir='ltr'><em>rectractari</em></span> <span class='ocrx_word' id='word_1_518' title='bbox 2759 2108 2857 2162; x_wconf 87' lang='lat' dir='ltr'><em>per</em></span> <span class='ocrx_word' id='word_1_519' title='bbox 2904 2091 3320 2163; x_wconf 87' lang='lat' dir='ltr'><em>appellationem</em></span> <span class='ocrx_word' id='word_1_520' title='bbox 3377 2089 3601 2164; x_wconf 82' lang='lat' dir='ltr'><em>negotia</em></span> 
     </span>
    </p>
   </div>
   <div class='ocr_carea' id='block_1_67' title="bbox 1997 2179 3591 2250">
    <p class='ocr_par' dir='ltr' id='par_1_67' title="bbox 1997 2179 3591 2250">
     <span class='ocr_line' id='line_1_67' title="bbox 1997 2179 3591 2250; baseline 0.001 -18"><span class='ocrx_word' id='word_1_521' title='bbox 1997 2187 2243 2247; x_wconf 89' lang='lat' dir='ltr'><em>possunt,</em></span> <span class='ocrx_word' id='word_1_522' title='bbox 2279 2179 2490 2250; x_wconf 90' lang='lat' dir='ltr'><em>quoties</em></span> <span class='ocrx_word' id='word_1_523' title='bbox 2521 2179 2574 2233; x_wconf 90' lang='lat' dir='ltr'><em>in</em></span> <span class='ocrx_word' id='word_1_524' title='bbox 2633 2187 3006 2236; x_wconf 89' lang='lat' dir='ltr'><em>contumacem</em></span> <span class='ocrx_word' id='word_1_525' title='bbox 3038 2179 3200 2235; x_wconf 89' lang='lat' dir='ltr'><em>fuerit</em></span> <span class='ocrx_word' id='word_1_526' title='bbox 3223 2179 3538 2249; x_wconf 88' lang='lat' dir='ltr'><em>judicatum.</em></span> <span class='ocrx_word' id='word_1_527' title='bbox 3569 2201 3591 2228; x_wconf 72' lang='grc' dir='ltr'><strong>ν</strong></span> 
     </span>
    </p>
   </div>
   <div class='ocr_carea' id='block_1_68' title="bbox 2067 2267 3601 2324">
    <p class='ocr_par' dir='ltr' id='par_1_68' title="bbox 2067 2267 3601 2324">
     <span class='ocr_line' id='line_1_68' title="bbox 2067 2267 3601 2324; baseline 0.001 -4"><span class='ocrx_word' id='word_1_528' title='bbox 2067 2267 2134 2320; x_wconf 89' lang='lat' dir='ltr'><em>Et</em></span> <span class='ocrx_word' id='word_1_529' title='bbox 2155 2269 2296 2322; x_wconf 87' lang='lat' dir='ltr'><em>hanc</em></span> <span class='ocrx_word' id='word_1_530' title='bbox 2335 2267 2662 2322; x_wconf 89' lang='lat' dir='ltr'><em>sententiam</em></span> <span class='ocrx_word' id='word_1_531' title='bbox 2703 2269 2773 2322; x_wconf 90' lang='lat' dir='ltr'><em>de</em></span> <span class='ocrx_word' id='word_1_532' title='bbox 2803 2268 2979 2322; x_wconf 91' lang='lat' dir='ltr'><em>tribus</em></span> <span class='ocrx_word' id='word_1_533' title='bbox 3013 2267 3418 2324; x_wconf 89' lang='lat' dir='ltr'><em>auctoritatibus</em></span> <span class='ocrx_word' id='word_1_534' title='bbox 3470 2283 3601 2322; x_wconf 89' lang='lat' dir='ltr'><em>con-</em></span> 
     </span>
    </p>
   </div>
   <div class='ocr_carea' id='block_1_69' title="bbox 1997 2355 3594 2426">
    <p class='ocr_par' dir='ltr' id='par_1_69' title="bbox 1997 2355 3594 2426">
     <span class='ocr_line' id='line_1_69' title="bbox 1997 2355 3594 2426; baseline 0.003 -18"><span class='ocrx_word' id='word_1_535' title='bbox 1997 2355 2172 2409; x_wconf 89' lang='lat' dir='ltr'><em>ventis</em></span> <span class='ocrx_word' id='word_1_536' title='bbox 2211 2372 2276 2409; x_wconf 85' lang='lat' dir='ltr'><em>ex</em></span> <span class='ocrx_word' id='word_1_537' title='bbox 2317 2356 2634 2426; x_wconf 71' lang='lat' dir='ltr'><em>evangelica</em></span> <span class='ocrx_word' id='word_1_538' title='bbox 2663 2356 2912 2424; x_wconf 87' lang='lat' dir='ltr'><em>veritate,</em></span> <span class='ocrx_word' id='word_1_539' title='bbox 2946 2356 3276 2411; x_wconf 73' lang='lat' dir='ltr'><em>leestinus</em></span> <span class='ocrx_word' id='word_1_540' title='bbox 3307 2356 3378 2410; x_wconf 89' lang='lat' dir='ltr'><em>ad</em></span> <span class='ocrx_word' id='word_1_541' title='bbox 3399 2356 3594 2412; x_wconf 85' lang='lat' dir='ltr'><em>Nesto-</em></span> 
     </span>
    </p>
   </div>
   <div class='ocr_carea' id='block_1_70' title="bbox 1998 2443 3594 2516">
    <p class='ocr_par' dir='ltr' id='par_1_70' title="bbox 1998 2443 3594 2516">
     <span class='ocr_line' id='line_1_70' title="bbox 1998 2443 3594 2516; baseline 0.001 -20"><span class='ocrx_word' id='word_1_542' title='bbox 1998 2443 2135 2496; x_wconf 90' lang='lat' dir='ltr'><em>rium</em></span> <span class='ocrx_word' id='word_1_543' title='bbox 2165 2444 2432 2510; x_wconf 88' lang='lat' dir='ltr'><em>scribens,</em></span> <span class='ocrx_word' id='word_1_544' title='bbox 2467 2453 2516 2496; x_wconf 91' lang='lat' dir='ltr'><em>et</em></span> <span class='ocrx_word' id='word_1_545' title='bbox 2557 2444 2832 2514; x_wconf 86' lang='lat' dir='ltr'><em>Ephesina</em></span> <span class='ocrx_word' id='word_1_546' title='bbox 2871 2445 3111 2516; x_wconf 78' lang='lat' dir='ltr'><em>synodus</em></span> <span class='ocrx_word' id='word_1_547' title='bbox 3155 2445 3224 2498; x_wconf 90' lang='lat' dir='ltr'><em>de</em></span> <span class='ocrx_word' id='word_1_548' title='bbox 3261 2444 3457 2499; x_wconf 88' lang='lat' dir='ltr'><em>eodem</em></span> <span class='ocrx_word' id='word_1_549' title='bbox 3499 2443 3594 2498; x_wconf 89' lang='lat' dir='ltr'><em>de-</em></span> 
     </span>
    </p>
   </div>
   <div class='ocr_carea' id='block_1_71' title="bbox 1996 2531 3590 2604">
    <p class='ocr_par' dir='ltr' id='par_1_71' title="bbox 1996 2531 3590 2604">
     <span class='ocr_line' id='line_1_71' title="bbox 1996 2531 3590 2604; baseline 0 -18"><span class='ocrx_word' id='word_1_550' title='bbox 1996 2547 2248 2596; x_wconf 90' lang='lat' dir='ltr'><em>cernens,</em></span> <span class='ocrx_word' id='word_1_551' title='bbox 2283 2541 2335 2586; x_wconf 91' lang='lat' dir='ltr'><em>et</em></span> <span class='ocrx_word' id='word_1_552' title='bbox 2381 2532 2567 2586; x_wconf 88' lang='lat' dir='ltr'><em>beatus</em></span> <span class='ocrx_word' id='word_1_553' title='bbox 2598 2531 2896 2604; x_wconf 82' lang='lat' dir='ltr'><em>Gregorius</em></span> <span class='ocrx_word' id='word_1_554' title='bbox 2935 2533 3005 2587; x_wconf 89' lang='lat' dir='ltr'><em>ad</em></span> <span class='ocrx_word' id='word_1_555' title='bbox 3033 2533 3296 2588; x_wconf 88' lang='lat' dir='ltr'><em>Joannem</em></span> <span class='ocrx_word' id='word_1_556' title='bbox 3345 2532 3590 2588; x_wconf 88' lang='lat' dir='ltr'><em>scribens</em></span> 
     </span>
    </p>
   </div>
   <div class='ocr_carea' id='block_1_72' title="bbox 1995 2619 3590 2691">
    <p class='ocr_par' dir='ltr' id='par_1_72' title="bbox 1995 2619 3590 2691">
     <span class='ocr_line' id='line_1_72' title="bbox 1995 2619 3590 2691; baseline 0 -17"><span class='ocrx_word' id='word_1_557' title='bbox 1995 2621 2365 2690; x_wconf 89' lang='lat' dir='ltr'><em>comprobant.</em></span> <span class='ocrx_word' id='word_1_558' title='bbox 2399 2621 2478 2674; x_wconf 91' lang='lat' dir='ltr'><em>De</em></span> <span class='ocrx_word' id='word_1_559' title='bbox 2532 2620 2900 2690; x_wconf 90' lang='lat' dir='ltr'><em>peremptorio</em></span> <span class='ocrx_word' id='word_1_560' title='bbox 2953 2628 3134 2675; x_wconf 87' lang='lat' dir='ltr'><em>autem</em></span> <span class='ocrx_word' id='word_1_561' title='bbox 3191 2620 3413 2691; x_wconf 87' lang='lat' dir='ltr'><em>scripto,</em></span> <span class='ocrx_word' id='word_1_562' title='bbox 3447 2619 3590 2674; x_wconf 79' lang='lat' dir='ltr'><em>Afri-</em></span> 
     </span>
    </p>
   </div>
   <div class='ocr_carea' id='block_1_73' title="bbox 1995 2707 3584 2778">
    <p class='ocr_par' dir='ltr' id='par_1_73' title="bbox 1995 2707 3584 2778">
     <span class='ocr_line' id='line_1_73' title="bbox 1995 2707 3584 2778; baseline 0 -15"><span class='ocrx_word' id='word_1_563' title='bbox 1995 2723 2190 2763; x_wconf 90' lang='lat' dir='ltr'><em>canum</em></span> <span class='ocrx_word' id='word_1_564' title='bbox 2223 2707 2512 2764; x_wconf 86' lang='lat' dir='ltr'><em>concilium</em></span> <span class='ocrx_word' id='word_1_565' title='bbox 2549 2717 2812 2763; x_wconf 90' lang='lat' dir='ltr'><em>monstrat</em></span> <span class='ocrx_word' id='word_1_566' title='bbox 2841 2709 2910 2764; x_wconf 90' lang='lat' dir='ltr'><em>de</em></span> <span class='ocrx_word' id='word_1_567' title='bbox 2943 2709 3240 2764; x_wconf 90' lang='lat' dir='ltr'><em>Cresconio</em></span> <span class='ocrx_word' id='word_1_568' title='bbox 3270 2709 3420 2778; x_wconf 86' lang='lat' dir='ltr'><em>(can.</em></span> <span class='ocrx_word' id='word_1_569' title='bbox 3456 2709 3584 2763; x_wconf 74' lang='lat' dir='ltr'><em>l5l:</em></span> 
     </span>
    </p>
   </div>
   <div class='ocr_carea' id='block_1_74' title="bbox 2000 2796 3590 2867">
    <p class='ocr_par' dir='ltr' id='par_1_74' title="bbox 2000 2796 3590 2867">
     <span class='ocr_line' id='line_1_74' title="bbox 2000 2796 3590 2867; baseline 0.004 -21"><span class='ocrx_word' id='word_1_570' title='bbox 2000 2817 2022 2846; x_wconf 91' lang='grc'><em>‹‹</em></span> <span class='ocrx_word' id='word_1_571' title='bbox 2059 2798 2126 2851; x_wconf 90' lang='lat' dir='ltr'><em>Ut</em></span> <span class='ocrx_word' id='word_1_572' title='bbox 2156 2796 2201 2850; x_wconf 94' lang='lat' dir='ltr'><em>si</em></span> <span class='ocrx_word' id='word_1_573' title='bbox 2223 2803 2521 2851; x_wconf 88' lang='lat' dir='ltr'><em>conventus</em></span> <span class='ocrx_word' id='word_1_574' title='bbox 2559 2797 2879 2867; x_wconf 89' lang='lat' dir='ltr'><em>resipiscere</em></span> <span class='ocrx_word' id='word_1_575' title='bbox 2927 2796 3310 2853; x_wconf 87' lang='lat' dir='ltr'><em>detrectaverit</em></span> <span class='ocrx_word' id='word_1_576' title='bbox 3339 2811 3438 2851; x_wconf 91' lang='lat' dir='ltr'><em>suo</em></span> <span class='ocrx_word' id='word_1_577' title='bbox 3459 2811 3590 2852; x_wconf 87' lang='lat' dir='ltr'><em>con-</em></span> 
     </span>
    </p>
   </div>
   <div class='ocr_carea' id='block_1_75' title="bbox 1995 2884 3591 2955">
    <p class='ocr_par' dir='ltr' id='par_1_75' title="bbox 1995 2884 3591 2955">
     <span class='ocr_line' id='line_1_75' title="bbox 1995 2884 3591 2955; baseline 0.001 -17"><span class='ocrx_word' id='word_1_578' title='bbox 1995 2893 2201 2955; x_wconf 89' lang='lat' dir='ltr'><em>temptu</em></span> <span class='ocrx_word' id='word_1_579' title='bbox 2225 2893 2276 2939; x_wconf 92' lang='lat' dir='ltr'><em>et</em></span> <span class='ocrx_word' id='word_1_580' title='bbox 2307 2885 2646 2940; x_wconf 89' lang='lat' dir='ltr'><em>contumacia</em></span> <span class='ocrx_word' id='word_1_581' title='bbox 2674 2884 2922 2949; x_wconf 90' lang='lat' dir='ltr'><em>faciente,</em></span> <span class='ocrx_word' id='word_1_582' title='bbox 2952 2885 3274 2941; x_wconf 89' lang='lat' dir='ltr'><em>auctoritate</em></span> <span class='ocrx_word' id='word_1_583' title='bbox 3297 2884 3591 2954; x_wconf 87' lang='lat' dir='ltr'><em>judiciaria</em></span> 
     </span>
    </p>
   </div>
   <div class='ocr_carea' id='block_1_76' title="bbox 1992 2972 3587 3046">
    <p class='ocr_par' dir='ltr' id='par_1_76' title="bbox 1992 2972 3587 3046">
     <span class='ocr_line' id='line_1_76' title="bbox 1992 2972 3587 3046; baseline 0.001 -20"><span class='ocrx_word' id='word_1_584' title='bbox 1992 2973 2234 3044; x_wconf 87' lang='lat' dir='ltr'><em>protinus</em></span> <span class='ocrx_word' id='word_1_585' title='bbox 2263 2973 2601 3028; x_wconf 81' lang='lat' dir='ltr'><em>excludatur.</em></span> <span class='ocrx_word' id='word_1_586' title='bbox 2643 2995 2664 3022; x_wconf 67' lang='grc' dir='ltr'><strong><em>υ</em></strong></span> <span class='ocrx_word' id='word_1_587' title='bbox 2700 2975 2766 3028; x_wconf 91' lang='lat' dir='ltr'><em>Et</em></span> <span class='ocrx_word' id='word_1_588' title='bbox 2798 2973 2926 3029; x_wconf 90' lang='lat' dir='ltr'><em>item</em></span> <span class='ocrx_word' id='word_1_589' title='bbox 2956 2973 3146 3028; x_wconf 89' lang='lat' dir='ltr'><em>beatus</em></span> <span class='ocrx_word' id='word_1_590' title='bbox 3175 2972 3478 3046; x_wconf 83' lang='lat' dir='ltr'><em>Gregorius</em></span> <span class='ocrx_word' id='word_1_591' title='bbox 3516 2973 3587 3028; x_wconf 89' lang='lat' dir='ltr'><em>de</em></span> 
     </span>
    </p>
   </div>
   <div class='ocr_carea' id='block_1_77' title="bbox 1996 3059 3586 3116">
    <p class='ocr_par' dir='ltr' id='par_1_77' title="bbox 1996 3059 3586 3116">
     <span class='ocr_line' id='line_1_77' title="bbox 1996 3059 3586 3116; baseline -0.001 -1"><span class='ocrx_word' id='word_1_592' title='bbox 1996 3061 2260 3116; x_wconf 88' lang='lat' dir='ltr'><em>sententia</em></span> <span class='ocrx_word' id='word_1_593' title='bbox 2318 3061 2370 3114; x_wconf 92' lang='lat' dir='ltr'><em>in</em></span> <span class='ocrx_word' id='word_1_594' title='bbox 2425 3069 2800 3116; x_wconf 90' lang='lat' dir='ltr'><em>contumacem</em></span> <span class='ocrx_word' id='word_1_595' title='bbox 2874 3061 3118 3115; x_wconf 89' lang='lat' dir='ltr'><em>scribens</em></span> <span class='ocrx_word' id='word_1_596' title='bbox 3175 3061 3246 3115; x_wconf 91' lang='lat' dir='ltr'><em>ad</em></span> <span class='ocrx_word' id='word_1_597' title='bbox 3297 3059 3586 3114; x_wconf 85' lang='lat' dir='ltr'><em>Maximum</em></span> 
     </span>
    </p>
   </div>
   <div class='ocr_carea' id='block_1_78' title="bbox 1992 3147 3584 3220">
    <p class='ocr_par' dir='ltr' id='par_1_78' title="bbox 1992 3147 3584 3220">
     <span class='ocr_line' id='line_1_78' title="bbox 1992 3147 3584 3220; baseline 0 -18"><span class='ocrx_word' id='word_1_598' title='bbox 1992 3157 2450 3220; x_wconf 72' lang='lat' dir='ltr'><em>praesumptorem</em></span> <span class='ocrx_word' id='word_1_599' title='bbox 2483 3149 2849 3203; x_wconf 86' lang='lat' dir='ltr'><em>Salonitanum</em></span> <span class='ocrx_word' id='word_1_600' title='bbox 2879 3149 3197 3219; x_wconf 87' lang='lat' dir='ltr'><em>episcopum</em></span> <span class='ocrx_word' id='word_1_601' title='bbox 3217 3147 3348 3204; x_wconf 89' lang='lat' dir='ltr'><em>dicit</em></span> <span class='ocrx_word' id='word_1_602' title='bbox 3375 3148 3494 3218; x_wconf 88' lang='lat' dir='ltr'><em>(lib.</em></span> <span class='ocrx_word' id='word_1_603' title='bbox 3526 3163 3584 3216; x_wconf 78' lang='grc' dir='ltr'><em>ν,</em></span> 
     </span>
    </p>
   </div>
   <div class='ocr_carea' id='block_1_79' title="bbox 1991 3235 3584 3308">
    <p class='ocr_par' dir='ltr' id='par_1_79' title="bbox 1991 3235 3584 3308">
     <span class='ocr_line' id='line_1_79' title="bbox 1991 3235 3584 3308; baseline 0 -16"><span class='ocrx_word' id='word_1_604' title='bbox 1991 3239 2156 3308; x_wconf 83' lang='lat' dir='ltr'><em>epist.</em></span> <span class='ocrx_word' id='word_1_605' title='bbox 2187 3240 2276 3306; x_wconf 85' lang='lat'><em>3):</em></span> <span class='ocrx_word' id='word_1_606' title='bbox 2333 3258 2354 3286; x_wconf 70' lang='grc' dir='ltr'><strong>π</strong></span> <span class='ocrx_word' id='word_1_607' title='bbox 2393 3237 2682 3290; x_wconf 87' lang='lat' dir='ltr'><em>Hortamur</em></span> <span class='ocrx_word' id='word_1_608' title='bbox 2709 3243 2764 3290; x_wconf 87' lang='lat' dir='ltr'><em>ut</em></span> <span class='ocrx_word' id='word_1_609' title='bbox 2793 3236 2861 3290; x_wconf 90' lang='lat' dir='ltr'><em>ad</em></span> <span class='ocrx_word' id='word_1_610' title='bbox 2891 3251 2993 3290; x_wconf 90' lang='lat' dir='ltr'><em>nos</em></span> <span class='ocrx_word' id='word_1_611' title='bbox 3034 3237 3223 3291; x_wconf 88' lang='lat' dir='ltr'><em>venire</em></span> <span class='ocrx_word' id='word_1_612' title='bbox 3251 3235 3398 3291; x_wconf 89' lang='lat' dir='ltr'><em>omni</em></span> <span class='ocrx_word' id='word_1_613' title='bbox 3425 3244 3584 3307; x_wconf 84' lang='lat' dir='ltr'><em>post-</em></span> 
     </span>
    </p>
   </div>
   <div class='ocr_carea' id='block_1_80' title="bbox 1988 3323 3586 3396">
    <p class='ocr_par' dir='ltr' id='par_1_80' title="bbox 1988 3323 3586 3396">
     <span class='ocr_line' id='line_1_80' title="bbox 1988 3323 3586 3396; baseline -0.001 -17"><span class='ocrx_word' id='word_1_614' title='bbox 1988 3325 2166 3394; x_wconf 87' lang='lat' dir='ltr'><em>posita</em></span> <span class='ocrx_word' id='word_1_615' title='bbox 2195 3325 2542 3380; x_wconf 85' lang='lat' dir='ltr'><em>excusatione</em></span> <span class='ocrx_word' id='word_1_616' title='bbox 2564 3323 2808 3393; x_wconf 89' lang='lat' dir='ltr'><em>festines,</em></span> <span class='ocrx_word' id='word_1_617' title='bbox 2829 3332 3096 3396; x_wconf 87' lang='lat' dir='ltr'><em>quatenus</em></span> <span class='ocrx_word' id='word_1_618' title='bbox 3127 3333 3340 3380; x_wconf 88' lang='lat' dir='ltr'><em>servata</em></span> <span class='ocrx_word' id='word_1_619' title='bbox 3357 3323 3586 3394; x_wconf 87' lang='lat' dir='ltr'><em>justitia,</em></span> 
     </span>
    </p>
   </div>
   <div class='ocr_carea' id='block_1_81' title="bbox 1989 3411 3578 3486">
    <p class='ocr_par' dir='ltr' id='par_1_81' title="bbox 1989 3411 3578 3486">
     <span class='ocr_line' id='line_1_81' title="bbox 1989 3411 3578 3486; baseline 0.001 -20"><span class='ocrx_word' id='word_1_620' title='bbox 1989 3413 2103 3468; x_wconf 81' lang='lat' dir='ltr'><em>haec</em></span> <span class='ocrx_word' id='word_1_621' title='bbox 2131 3413 2199 3467; x_wconf 91' lang='lat' dir='ltr'><em>de</em></span> <span class='ocrx_word' id='word_1_622' title='bbox 2257 3413 2452 3484; x_wconf 91' lang='lat' dir='ltr'><em>quibus</em></span> <span class='ocrx_word' id='word_1_623' title='bbox 2507 3413 2782 3469; x_wconf 89' lang='lat' dir='ltr'><em>accusaris</em></span> <span class='ocrx_word' id='word_1_624' title='bbox 2811 3420 2865 3468; x_wconf 88' lang='lat' dir='ltr'><em>et</em></span> <span class='ocrx_word' id='word_1_625' title='bbox 2921 3427 3260 3486; x_wconf 88' lang='lat' dir='ltr'><em>cognoscere</em></span> <span class='ocrx_word' id='word_1_626' title='bbox 3317 3420 3371 3467; x_wconf 93' lang='lat' dir='ltr'><em>et</em></span> <span class='ocrx_word' id='word_1_627' title='bbox 3425 3411 3578 3468; x_wconf 85' lang='lat' dir='ltr'><em>ﬁnire</em></span> 
     </span>
    </p>
   </div>
   <div class='ocr_carea' id='block_1_82' title="bbox 1989 3500 3588 3572">
    <p class='ocr_par' dir='ltr' id='par_1_82' title="bbox 1989 3500 3588 3572">
     <span class='ocr_line' id='line_1_82' title="bbox 1989 3500 3588 3572; baseline 0.001 -18"><span class='ocrx_word' id='word_1_628' title='bbox 1989 3501 2290 3556; x_wconf 90' lang='lat' dir='ltr'><em>secundum</em></span> <span class='ocrx_word' id='word_1_629' title='bbox 2331 3501 2593 3556; x_wconf 87' lang='lat' dir='ltr'><em>canonica</em></span> <span class='ocrx_word' id='word_1_630' title='bbox 2624 3501 2865 3555; x_wconf 89' lang='lat' dir='ltr'><em>instituta</em></span> <span class='ocrx_word' id='word_1_631' title='bbox 2895 3501 3113 3556; x_wconf 88' lang='lat' dir='ltr'><em>Christo</em></span> <span class='ocrx_word' id='word_1_632' title='bbox 3162 3500 3437 3556; x_wconf 79' lang='lat' dir='ltr'><em>revelante</em></span> <span class='ocrx_word' id='word_1_633' title='bbox 3465 3517 3588 3572; x_wconf 86' lang='lat' dir='ltr'><em>pos-</em></span> 
     </span>
    </p>
   </div>
   <div class='ocr_carea' id='block_1_83' title="bbox 1987 3587 3584 3658">
    <p class='ocr_par' dir='ltr' id='par_1_83' title="bbox 1987 3587 3584 3658">
     <span class='ocr_line' id='line_1_83' title="bbox 1987 3587 3584 3658; baseline 0 -15"><span class='ocrx_word' id='word_1_634' title='bbox 1987 3589 2176 3643; x_wconf 90' lang='lat' dir='ltr'><em>simus.</em></span> <span class='ocrx_word' id='word_1_635' title='bbox 2211 3591 2288 3644; x_wconf 91' lang='lat' dir='ltr'><em>Ita</em></span> <span class='ocrx_word' id='word_1_636' title='bbox 2316 3597 2496 3643; x_wconf 90' lang='lat' dir='ltr'><em>autem</em></span> <span class='ocrx_word' id='word_1_637' title='bbox 2525 3587 2630 3654; x_wconf 88' lang='lat' dir='ltr'><em>fac,</em></span> <span class='ocrx_word' id='word_1_638' title='bbox 2661 3597 2720 3644; x_wconf 88' lang='lat' dir='ltr'><em>ut</em></span> <span class='ocrx_word' id='word_1_639' title='bbox 2747 3589 2819 3643; x_wconf 87' lang='lat' dir='ltr'><em>ad</em></span> <span class='ocrx_word' id='word_1_640' title='bbox 2857 3589 3186 3645; x_wconf 90' lang='lat' dir='ltr'><em>veniendum</em></span> <span class='ocrx_word' id='word_1_641' title='bbox 3213 3587 3447 3658; x_wconf 84' lang='lat' dir='ltr'><em>amplius</em></span> <span class='ocrx_word' id='word_1_642' title='bbox 3467 3588 3584 3657; x_wconf 88' lang='lat' dir='ltr'><em>jam</em></span> 
     </span>
    </p>
   </div>
   <div class='ocr_carea' id='block_1_84' title="bbox 1986 3675 3585 3750">
    <p class='ocr_par' dir='ltr' id='par_1_84' title="bbox 1986 3675 3585 3750">
     <span class='ocr_line' id='line_1_84' title="bbox 1986 3675 3585 3750; baseline -0.001 -18"><span class='ocrx_word' id='word_1_643' title='bbox 1986 3692 2173 3732; x_wconf 88' lang='lat' dir='ltr'><em>moras</em></span> <span class='ocrx_word' id='word_1_644' title='bbox 2201 3693 2310 3732; x_wconf 90' lang='lat' dir='ltr'><em>non</em></span> <span class='ocrx_word' id='word_1_645' title='bbox 2341 3677 2582 3750; x_wconf 80' lang='lat' dir='ltr'><em>ingeras,</em></span> <span class='ocrx_word' id='word_1_646' title='bbox 2632 3692 2704 3732; x_wconf 89' lang='lat' dir='ltr'><em>ne</em></span> <span class='ocrx_word' id='word_1_647' title='bbox 2741 3677 2860 3748; x_wconf 89' lang='lat' dir='ltr'><em>ipsa</em></span> <span class='ocrx_word' id='word_1_648' title='bbox 2889 3685 2942 3732; x_wconf 90' lang='lat' dir='ltr'><em>te</em></span> <span class='ocrx_word' id='word_1_649' title='bbox 2981 3677 3162 3749; x_wconf 87' lang='lat' dir='ltr'><em>magis</em></span> <span class='ocrx_word' id='word_1_650' title='bbox 3205 3675 3452 3731; x_wconf 89' lang='lat' dir='ltr'><em>absentia</em></span> <span class='ocrx_word' id='word_1_651' title='bbox 3479 3675 3585 3731; x_wconf 85' lang='lat' dir='ltr'><em>ob-</em></span> 
     </span>
    </p>
   </div>
   <div class='ocr_carea' id='block_1_85' title="bbox 1986 3764 3584 3839">
    <p class='ocr_par' dir='ltr' id='par_1_85' title="bbox 1986 3764 3584 3839">
     <span class='ocr_line' id='line_1_85' title="bbox 1986 3764 3584 3839; baseline 0.001 -19"><span class='ocrx_word' id='word_1_652' title='bbox 1986 3766 2206 3820; x_wconf 84' lang='lat' dir='ltr'><em>noxium</em></span> <span class='ocrx_word' id='word_1_653' title='bbox 2237 3766 2320 3820; x_wconf 91' lang='lat' dir='ltr'><em>his</em></span> <span class='ocrx_word' id='word_1_654' title='bbox 2351 3781 2472 3837; x_wconf 73' lang='lat' dir='ltr'><em>quae</em></span> <span class='ocrx_word' id='word_1_655' title='bbox 2501 3765 2755 3820; x_wconf 89' lang='lat' dir='ltr'><em>dicuntur</em></span> <span class='ocrx_word' id='word_1_656' title='bbox 2781 3765 3044 3839; x_wconf 87' lang='lat' dir='ltr'><em>assignet,</em></span> <span class='ocrx_word' id='word_1_657' title='bbox 3085 3773 3138 3820; x_wconf 89' lang='lat' dir='ltr'><em>et</em></span> <span class='ocrx_word' id='word_1_658' title='bbox 3166 3779 3268 3820; x_wconf 90' lang='lat' dir='ltr'><em>nos</em></span> <span class='ocrx_word' id='word_1_659' title='bbox 3296 3764 3353 3820; x_wconf 91' lang='lat' dir='ltr'><em>in</em></span> <span class='ocrx_word' id='word_1_660' title='bbox 3380 3771 3436 3820; x_wconf 87' lang='lat' dir='ltr'><em>te</em></span> <span class='ocrx_word' id='word_1_661' title='bbox 3465 3764 3584 3822; x_wconf 63' lang='lat' dir='ltr'><em>hac</em></span> 
     </span>
    </p>
   </div>
   <div class='ocr_carea' id='block_1_86' title="bbox 1985 3853 3580 3926">
    <p class='ocr_par' dir='ltr' id='par_1_86' title="bbox 1985 3853 3580 3926">
     <span class='ocr_line' id='line_1_86' title="bbox 1985 3853 3580 3926; baseline 0.001 -18"><span class='ocrx_word' id='word_1_662' title='bbox 1985 3870 2094 3921; x_wconf 91' lang='lat' dir='ltr'><em>res,</em></span> <span class='ocrx_word' id='word_1_663' title='bbox 2128 3870 2236 3908; x_wconf 91' lang='lat' dir='ltr'><em>non</em></span> <span class='ocrx_word' id='word_1_664' title='bbox 2268 3854 2444 3908; x_wconf 89' lang='lat' dir='ltr'><em>solum</em></span> <span class='ocrx_word' id='word_1_665' title='bbox 2470 3862 2698 3926; x_wconf 89' lang='lat' dir='ltr'><em>propter</em></span> <span class='ocrx_word' id='word_1_666' title='bbox 2739 3854 2885 3910; x_wconf 90' lang='lat' dir='ltr'><em>dicta</em></span> <span class='ocrx_word' id='word_1_667' title='bbox 2928 3853 3155 3911; x_wconf 88' lang='lat' dir='ltr'><em>crimina</em></span> <span class='ocrx_word' id='word_1_668' title='bbox 3187 3869 3310 3924; x_wconf 61' lang='lat' dir='ltr'><em>qua</em></span> <span class='ocrx_word' id='word_1_669' title='bbox 3335 3869 3580 3926; x_wconf 84' lang='lat' dir='ltr'><em>purgare</em></span> 
     </span>
    </p>
   </div>
   <div class='ocr_carea' id='block_1_87' title="bbox 1983 3941 3579 4016">
    <p class='ocr_par' dir='ltr' id='par_1_87' title="bbox 1983 3941 3579 4016">
     <span class='ocr_line' id='line_1_87' title="bbox 1983 3941 3579 4016; baseline 0 -20"><span class='ocrx_word' id='word_1_670' title='bbox 1983 3942 2332 4016; x_wconf 83' lang='lat' dir='ltr'><em>subterfugis,</em></span> <span class='ocrx_word' id='word_1_671' title='bbox 2363 3943 2462 3998; x_wconf 91' lang='lat' dir='ltr'><em>sed</em></span> <span class='ocrx_word' id='word_1_672' title='bbox 2489 3943 2655 3998; x_wconf 89' lang='lat' dir='ltr'><em>etiam</em></span> <span class='ocrx_word' id='word_1_673' title='bbox 2683 3951 2911 4014; x_wconf 87' lang='lat' dir='ltr'><em>propter</em></span> <span class='ocrx_word' id='word_1_674' title='bbox 2930 3943 3312 3999; x_wconf 63' lang='lat' dir='ltr'><em>inobedientim</em></span> <span class='ocrx_word' id='word_1_675' title='bbox 3341 3941 3579 4014; x_wconf 89' lang='lat' dir='ltr'><em>culpam,</em></span> 
     </span>
    </p>
   </div>
   <div class='ocr_carea' id='block_1_88' title="bbox 1983 4029 3586 4102">
    <p class='ocr_par' dir='ltr' id='par_1_88' title="bbox 1983 4029 3586 4102">
     <span class='ocr_line' id='line_1_88' title="bbox 1983 4029 3586 4102; baseline 0.001 -17"><span class='ocrx_word' id='word_1_676' title='bbox 1983 4030 2173 4086; x_wconf 90' lang='lat' dir='ltr'><em>durius</em></span> <span class='ocrx_word' id='word_1_677' title='bbox 2207 4031 2414 4086; x_wconf 88' lang='lat' dir='ltr'><em>scilicet</em></span> <span class='ocrx_word' id='word_1_678' title='bbox 2467 4039 2526 4086; x_wconf 90' lang='lat' dir='ltr'><em>ut</em></span> <span class='ocrx_word' id='word_1_679' title='bbox 2579 4032 2634 4085; x_wconf 94' lang='lat' dir='ltr'><em>in</em></span> <span class='ocrx_word' id='word_1_680' title='bbox 2675 4040 3031 4086; x_wconf 88' lang='lat' dir='ltr'><em>contumacen</em></span> <span class='ocrx_word' id='word_1_681' title='bbox 3059 4038 3221 4102; x_wconf 87' lang='lat' dir='ltr'><em>cogat</em></span> <span class='ocrx_word' id='word_1_682' title='bbox 3249 4046 3316 4086; x_wconf 86' lang='lat' dir='ltr'><em>ex</em></span> <span class='ocrx_word' id='word_1_683' title='bbox 3352 4029 3586 4086; x_wconf 91' lang='lat' dir='ltr'><em>concilio</em></span> 
     </span>
    </p>
   </div>
   <div class='ocr_carea' id='block_1_89' title="bbox 1983 4117 3577 4187">
    <p class='ocr_par' dir='ltr' id='par_1_89' title="bbox 1983 4117 3577 4187">
     <span class='ocr_line' id='line_1_89' title="bbox 1983 4117 3577 4187; baseline -0.001 -15"><span class='ocrx_word' id='word_1_684' title='bbox 1983 4117 2127 4174; x_wconf 89' lang='lat' dir='ltr'><em>ferre</em></span> <span class='ocrx_word' id='word_1_685' title='bbox 2149 4119 2434 4187; x_wconf 87' lang='lat' dir='ltr'><em>judicium.</em></span> <span class='ocrx_word' id='word_1_686' title='bbox 2463 4141 2482 4168; x_wconf 82' lang='lat'>»</span> <span class='ocrx_word' id='word_1_687' title='bbox 2517 4120 2587 4172; x_wconf 90' lang='lat' dir='ltr'><em>Et</em></span> <span class='ocrx_word' id='word_1_688' title='bbox 2617 4117 2934 4172; x_wconf 80' lang='lat' dir='ltr'><em>Africanum</em></span> <span class='ocrx_word' id='word_1_689' title='bbox 2956 4118 3248 4173; x_wconf 91' lang='lat' dir='ltr'><em>concilium</em></span> <span class='ocrx_word' id='word_1_690' title='bbox 3279 4120 3430 4186; x_wconf 89' lang='lat' dir='ltr'><em>(can.</em></span> <span class='ocrx_word' id='word_1_691' title='bbox 3465 4119 3577 4185; x_wconf 78' lang='lat'><em>67),</em></span> 
     </span>
    </p>
   </div>
   <div class='ocr_carea' id='block_1_90' title="bbox 1981 4204 3576 4278">
    <p class='ocr_par' dir='ltr' id='par_1_90' title="bbox 1981 4204 3576 4278">
     <span class='ocr_line' id='line_1_90' title="bbox 1981 4204 3576 4278; baseline -0.001 -17"><span class='ocrx_word' id='word_1_692' title='bbox 1981 4207 2052 4261; x_wconf 84' lang='lat' dir='ltr'><em>ad</em></span> <span class='ocrx_word' id='word_1_693' title='bbox 2081 4207 2491 4278; x_wconf 83' lang='lat' dir='ltr'><em>suggestionem</em></span> <span class='ocrx_word' id='word_1_694' title='bbox 2520 4207 2606 4260; x_wconf 91' lang='lat' dir='ltr'><em>vel</em></span> <span class='ocrx_word' id='word_1_695' title='bbox 2632 4205 2964 4276; x_wconf 88' lang='lat' dir='ltr'><em>postulatum</em></span> <span class='ocrx_word' id='word_1_696' title='bbox 2994 4205 3280 4278; x_wconf 82' lang='lat' dir='ltr'><em>Maurentii</em></span> <span class='ocrx_word' id='word_1_697' title='bbox 3311 4204 3576 4276; x_wconf 89' lang='lat' dir='ltr'><em>episcopi,</em></span> 
     </span>
    </p>
   </div>
   <div class='ocr_carea' id='block_1_91' title="bbox 1979 4291 3574 4366">
    <p class='ocr_par' dir='ltr' id='par_1_91' title="bbox 1979 4291 3574 4366">
     <span class='ocr_line' id='line_1_91' title="bbox 1979 4291 3574 4366; baseline -0.001 -17"><span class='ocrx_word' id='word_1_698' title='bbox 1979 4303 2103 4366; x_wconf 88' lang='lat' dir='ltr'><em>post</em></span> <span class='ocrx_word' id='word_1_699' title='bbox 2123 4295 2401 4349; x_wconf 86' lang='lat' dir='ltr'><em>recitatam</em></span> <span class='ocrx_word' id='word_1_700' title='bbox 2430 4293 2742 4348; x_wconf 87' lang='lat' dir='ltr'><em>schedulam</em></span> <span class='ocrx_word' id='word_1_701' title='bbox 2773 4309 2932 4364; x_wconf 90' lang='lat' dir='ltr'><em>quam</em></span> <span class='ocrx_word' id='word_1_702' title='bbox 2963 4291 3158 4348; x_wconf 90' lang='lat' dir='ltr'><em>obtulit</em></span> <span class='ocrx_word' id='word_1_703' title='bbox 3187 4291 3532 4348; x_wconf 87' lang='lat' dir='ltr'><em>Placentinus</em></span> <span class='ocrx_word' id='word_1_704' title='bbox 3559 4308 3574 4347; x_wconf 88' lang='lat'><strong>:</strong></span> 
     </span>
    </p>
   </div>
   <div class='ocr_carea' id='block_1_92' title="bbox 1999 4379 3579 4454">
    <p class='ocr_par' dir='ltr' id='par_1_92' title="bbox 1999 4379 3579 4454">
     <span class='ocr_line' id='line_1_92' title="bbox 1999 4379 3579 4454; baseline 0.001 -22"><span class='ocrx_word' id='word_1_705' title='bbox 1999 4405 2020 4432; x_wconf 70' lang='grc' dir='ltr'><strong><em>α</em></strong></span> <span class='ocrx_word' id='word_1_706' title='bbox 2053 4382 2321 4437; x_wconf 89' lang='lat' dir='ltr'><em>Debuisse</em></span> <span class='ocrx_word' id='word_1_707' title='bbox 2349 4381 2564 4454; x_wconf 89' lang='lat' dir='ltr'><em>quidem</em></span> <span class='ocrx_word' id='word_1_708' title='bbox 2595 4398 2660 4437; x_wconf 83' lang='lat' dir='ltr'><em>ex</em></span> <span class='ocrx_word' id='word_1_709' title='bbox 2691 4389 2876 4437; x_wconf 88' lang='lat' dir='ltr'><em>sancto</em></span> <span class='ocrx_word' id='word_1_710' title='bbox 2907 4379 3138 4438; x_wconf 90' lang='lat' dir='ltr'><em>concilio</em></span> <span class='ocrx_word' id='word_1_711' title='bbox 3157 4381 3422 4436; x_wconf 86' lang='lat' dir='ltr'><em>adversus</em></span> <span class='ocrx_word' id='word_1_712' title='bbox 3441 4395 3579 4436; x_wconf 88' lang='lat' dir='ltr'><em>con-</em></span> 
     </span>
    </p>
   </div>
   <div class='ocr_carea' id='block_1_93' title="bbox 285 4463 3578 4542">
    <p class='ocr_par' dir='ltr' id='par_1_93' title="bbox 285 4463 3578 4542">
     <span class='ocr_line' id='line_1_93' title="bbox 285 4463 3578 4542; baseline -0.002 -10"><span class='ocrx_word' id='word_1_713' title='bbox 285 4477 525 4532; x_wconf 86' lang='lat' dir='ltr'><em>teritum</em></span> <span class='ocrx_word' id='word_1_714' title='bbox 543 4473 736 4529; x_wconf 82' lang='lat' dir='ltr'><em>carnis</em></span> <span class='ocrx_word' id='word_1_715' title='bbox 757 4470 809 4542; x_wconf 88' lang='grc' dir='ltr'><em>(ι</em></span> <span class='ocrx_word' id='word_1_716' title='bbox 829 4471 948 4526; x_wconf 88' lang='lat' dir='ltr'><em>Cor.</em></span> <span class='ocrx_word' id='word_1_717' title='bbox 981 4471 1062 4539; x_wconf 75' lang='lat' dir='ltr'><em>v);</em></span> <span class='ocrx_word' id='word_1_718' title='bbox 1085 4478 1136 4524; x_wconf 89' lang='lat' dir='ltr'><em>et</em></span> <span class='ocrx_word' id='word_1_719' title='bbox 1157 4470 1318 4540; x_wconf 87' lang='lat' dir='ltr'><em>paulo</em></span> <span class='ocrx_word' id='word_1_720' title='bbox 1353 4469 1602 4538; x_wconf 86' lang='lat' dir='ltr'><em>superius</em></span> <span class='ocrx_word' id='word_1_721' title='bbox 1629 4485 1640 4522; x_wconf 90' lang='lat'><strong><em>:</em></strong></span> <span class='ocrx_word' id='word_1_722' title='bbox 1668 4470 1733 4524; x_wconf 82' lang='lat' dir='ltr'><em>Ut</em></span> <span class='ocrx_word' id='word_1_723' title='bbox 1767 4469 1876 4522; x_wconf 90' lang='lat' dir='ltr'><em>tol-</em></span> <span class='ocrx_word' id='word_1_724' title='bbox 1909 4463 2210 4526; x_wconf 88' lang='lat' dir='ltr'><em>Dtumaces</em></span> <span class='ocrx_word' id='word_1_725' title='bbox 2263 4470 2572 4542; x_wconf 88' lang='lat' dir='ltr'><em>episcopos,</em></span> <span class='ocrx_word' id='word_1_726' title='bbox 2607 4471 2698 4542; x_wconf 90' lang='lat' dir='ltr'><em>qui</em></span> <span class='ocrx_word' id='word_1_727' title='bbox 2727 4471 2988 4542; x_wconf 65' lang='lat' dir='ltr'><em>praecepti</em></span> <span class='ocrx_word' id='word_1_728' title='bbox 3017 4467 3227 4526; x_wconf 76' lang='lat' dir='ltr'><em>fuerant</em></span> <span class='ocrx_word' id='word_1_729' title='bbox 3258 4485 3289 4523; x_wconf 89' lang='lat' dir='ltr'><em>a</em></span> <span class='ocrx_word' id='word_1_730' title='bbox 3343 4469 3578 4540; x_wconf 86' lang='lat' dir='ltr'><em>primate</em></span> 
     </span>
    </p>
   </div>
   <div class='ocr_carea' id='block_1_94' title="bbox 285 4557 1888 4630">
    <p class='ocr_par' dir='ltr' id='par_1_94' title="bbox 285 4557 1888 4630">
     <span class='ocr_line' id='line_1_94' title="bbox 285 4557 1888 4630; baseline -0.004 -10"><span class='ocrx_word' id='word_1_731' title='bbox 285 4565 440 4620; x_wconf 88' lang='lat' dir='ltr'><em>latur</em></span> <span class='ocrx_word' id='word_1_732' title='bbox 461 4563 532 4618; x_wconf 89' lang='lat' dir='ltr'><em>de</em></span> <span class='ocrx_word' id='word_1_733' title='bbox 560 4561 747 4617; x_wconf 88' lang='lat' dir='ltr'><em>medio</em></span> <span class='ocrx_word' id='word_1_734' title='bbox 794 4563 1045 4614; x_wconf 81' lang='lat' dir='ltr'><em>vestrum</em></span> <span class='ocrx_word' id='word_1_735' title='bbox 1075 4559 1172 4630; x_wconf 86' lang='lat' dir='ltr'><em>qui</em></span> <span class='ocrx_word' id='word_1_736' title='bbox 1210 4559 1308 4613; x_wconf 88' lang='lat' dir='ltr'><em>hoc</em></span> <span class='ocrx_word' id='word_1_737' title='bbox 1347 4573 1482 4626; x_wconf 85' lang='lat' dir='ltr'><em>opus</em></span> <span class='ocrx_word' id='word_1_738' title='bbox 1523 4557 1660 4628; x_wconf 81' lang='lat' dir='ltr'><em>fecit</em></span> <span class='ocrx_word' id='word_1_739' title='bbox 1681 4557 1888 4626; x_wconf 84' lang='lat' dir='ltr'><em>(ibid.).</em></span> 
     </span>
    </p>
   </div>
   <div class='ocr_carea' id='block_1_95' title="bbox 281 4646 1892 4719">
    <p class='ocr_par' dir='ltr' id='par_1_95' title="bbox 281 4646 1892 4719">
     <span class='ocr_line' id='line_1_95' title="bbox 281 4646 1892 4719; baseline -0.006 -12"><span class='ocrx_word' id='word_1_740' title='bbox 281 4652 436 4708; x_wconf 82' lang='lat' dir='ltr'><em>Unde</em></span> <span class='ocrx_word' id='word_1_741' title='bbox 456 4647 781 4706; x_wconf 76' lang='lat' dir='ltr'><em>Ambrosius</em></span> <span class='ocrx_word' id='word_1_742' title='bbox 813 4670 835 4698; x_wconf 72' lang='grc' dir='ltr'><strong>α</strong></span> <span class='ocrx_word' id='word_1_743' title='bbox 869 4647 1090 4719; x_wconf 86' lang='lat' dir='ltr'><em>cognito</em></span> <span class='ocrx_word' id='word_1_744' title='bbox 1122 4663 1310 4716; x_wconf 79' lang='lat' dir='ltr'><em>opere.</em></span> <span class='ocrx_word' id='word_1_745' title='bbox 1330 4646 1641 4716; x_wconf 89' lang='lat' dir='ltr'><em>pellendum</em></span> <span class='ocrx_word' id='word_1_746' title='bbox 1659 4661 1892 4716; x_wconf 87' lang='lat' dir='ltr'><em>peccan-</em></span> 
     </span>
    </p>
   </div>
   <div class='ocr_carea' id='block_1_96' title="bbox 283 4733 1892 4795">
    <p class='ocr_par' dir='ltr' id='par_1_96' title="bbox 283 4733 1892 4795">
     <span class='ocr_line' id='line_1_96' title="bbox 283 4733 1892 4795; baseline -0.006 0"><span class='ocrx_word' id='word_1_747' title='bbox 283 4749 388 4795; x_wconf 88' lang='lat' dir='ltr'><em>tem</em></span> <span class='ocrx_word' id='word_1_748' title='bbox 423 4739 598 4794; x_wconf 88' lang='lat' dir='ltr'><em>fuisse</em></span> <span class='ocrx_word' id='word_1_749' title='bbox 626 4738 694 4792; x_wconf 92' lang='lat' dir='ltr'><em>de</em></span> <span class='ocrx_word' id='word_1_750' title='bbox 725 4745 868 4792; x_wconf 77' lang='lat' dir='ltr'><em>ccetu</em></span> <span class='ocrx_word' id='word_1_751' title='bbox 895 4734 1241 4790; x_wconf 86' lang='lat' dir='ltr'><em>fraternitatis</em></span> <span class='ocrx_word' id='word_1_752' title='bbox 1270 4756 1290 4782; x_wconf 83' lang='grc'><strong>››</strong></span> <span class='ocrx_word' id='word_1_753' title='bbox 1317 4735 1468 4790; x_wconf 91' lang='lat' dir='ltr'><em>dicit.</em></span> <span class='ocrx_word' id='word_1_754' title='bbox 1511 4734 1716 4790; x_wconf 90' lang='lat' dir='ltr'><em>Omnes</em></span> <span class='ocrx_word' id='word_1_755' title='bbox 1747 4733 1892 4788; x_wconf 88' lang='lat' dir='ltr'><em>enim</em></span> 
     </span>
    </p>
   </div>
   <div class='ocr_carea' id='block_1_97' title="bbox 283 4823 1891 4895">
    <p class='ocr_par' dir='ltr' id='par_1_97' title="bbox 283 4823 1891 4895">
     <span class='ocr_line' id='line_1_97' title="bbox 283 4823 1891 4895; baseline -0.004 -12"><span class='ocrx_word' id='word_1_756' title='bbox 283 4828 494 4884; x_wconf 89' lang='lat' dir='ltr'><em>crimen</em></span> <span class='ocrx_word' id='word_1_757' title='bbox 523 4827 644 4894; x_wconf 90' lang='lat' dir='ltr'><em>ejus</em></span> <span class='ocrx_word' id='word_1_758' title='bbox 675 4825 936 4888; x_wconf 90' lang='lat' dir='ltr'><em>sciebant,</em></span> <span class='ocrx_word' id='word_1_759' title='bbox 969 4823 1025 4877; x_wconf 91' lang='lat' dir='ltr'><em>in</em></span> <span class='ocrx_word' id='word_1_760' title='bbox 1054 4839 1159 4895; x_wconf 88' lang='lat' dir='ltr'><em>qua</em></span> <span class='ocrx_word' id='word_1_761' title='bbox 1190 4839 1246 4876; x_wconf 87' lang='lat' dir='ltr'><em>re</em></span> <span class='ocrx_word' id='word_1_762' title='bbox 1277 4839 1454 4894; x_wconf 87' lang='lat' dir='ltr'><em>neque</em></span> <span class='ocrx_word' id='word_1_763' title='bbox 1494 4823 1723 4876; x_wconf 88' lang='lat' dir='ltr'><em>testibus</em></span> <span class='ocrx_word' id='word_1_764' title='bbox 1753 4837 1891 4892; x_wconf 84' lang='lat' dir='ltr'><em>Opus</em></span> 
     </span>
    </p>
   </div>
   <div class='ocr_carea' id='block_1_98' title="bbox 284 4910 1890 4986">
    <p class='ocr_par' dir='ltr' id='par_1_98' title="bbox 284 4910 1890 4986">
     <span class='ocr_line' id='line_1_98' title="bbox 284 4910 1890 4986; baseline -0.005 -15"><span class='ocrx_word' id='word_1_765' title='bbox 284 4925 420 4982; x_wconf 87' lang='lat' dir='ltr'><em>erat,</em></span> <span class='ocrx_word' id='word_1_766' title='bbox 452 4929 636 4986; x_wconf 89' lang='lat' dir='ltr'><em>neque</em></span> <span class='ocrx_word' id='word_1_767' title='bbox 666 4912 1116 4983; x_wconf 84' lang='lat' dir='ltr'><em>tergiversatione</em></span> <span class='ocrx_word' id='word_1_768' title='bbox 1146 4910 1324 4982; x_wconf 91' lang='lat' dir='ltr'><em>aliqua</em></span> <span class='ocrx_word' id='word_1_769' title='bbox 1354 4919 1568 4981; x_wconf 89' lang='lat' dir='ltr'><em>poterat</em></span> <span class='ocrx_word' id='word_1_770' title='bbox 1615 4911 1724 4983; x_wconf 86' lang='lat' dir='ltr'><em>tegi</em></span> <span class='ocrx_word' id='word_1_771' title='bbox 1777 4911 1890 4966; x_wconf 88' lang='lat' dir='ltr'><em>cri-</em></span> 
     </span>
    </p>
   </div>
   <div class='ocr_carea' id='block_1_99' title="bbox 283 4999 1890 5072">
    <p class='ocr_par' dir='ltr' id='par_1_99' title="bbox 283 4999 1890 5072">
     <span class='ocr_line' id='line_1_99' title="bbox 283 4999 1890 5072; baseline -0.006 -12"><span class='ocrx_word' id='word_1_772' title='bbox 283 5021 431 5060; x_wconf 89' lang='lat' dir='ltr'><em>men.</em></span> <span class='ocrx_word' id='word_1_773' title='bbox 475 5004 558 5058; x_wconf 91' lang='lat' dir='ltr'><em>De</em></span> <span class='ocrx_word' id='word_1_774' title='bbox 609 5009 882 5072; x_wconf 89' lang='lat' dir='ltr'><em>patratore</em></span> <span class='ocrx_word' id='word_1_775' title='bbox 931 5008 1109 5054; x_wconf 89' lang='lat' dir='ltr'><em>autem</em></span> <span class='ocrx_word' id='word_1_776' title='bbox 1151 4999 1586 5065; x_wconf 87' lang='lat' dir='ltr'><em>manifestorum,</em></span> <span class='ocrx_word' id='word_1_777' title='bbox 1634 5007 1684 5054; x_wconf 90' lang='lat' dir='ltr'><em>et</em></span> <span class='ocrx_word' id='word_1_778' title='bbox 1727 4999 1773 5052; x_wconf 93' lang='lat' dir='ltr'><em>si</em></span> <span class='ocrx_word' id='word_1_779' title='bbox 1821 4999 1890 5052; x_wconf 88' lang='lat' dir='ltr'><em>ad</em></span> 
     </span>
    </p>
   </div>
   <div class='ocr_carea' id='block_1_100' title="bbox 277 5087 1889 5162">
    <p class='ocr_par' dir='ltr' id='par_1_100' title="bbox 277 5087 1889 5162">
     <span class='ocr_line' id='line_1_100' title="bbox 277 5087 1889 5162; baseline -0.004 -14"><span class='ocrx_word' id='word_1_780' title='bbox 277 5093 547 5162; x_wconf 89' lang='lat' dir='ltr'><em>judicium</em></span> <span class='ocrx_word' id='word_1_781' title='bbox 605 5088 804 5144; x_wconf 89' lang='lat' dir='ltr'><em>adduci</em></span> <span class='ocrx_word' id='word_1_782' title='bbox 859 5105 968 5143; x_wconf 92' lang='lat' dir='ltr'><em>non</em></span> <span class='ocrx_word' id='word_1_783' title='bbox 1022 5097 1222 5160; x_wconf 85' lang='lat' dir='ltr'><em>potest,</em></span> <span class='ocrx_word' id='word_1_784' title='bbox 1282 5088 1590 5143; x_wconf 89' lang='lat' dir='ltr'><em>Bonifacius</em></span> <span class='ocrx_word' id='word_1_785' title='bbox 1633 5104 1772 5158; x_wconf 89' lang='lat' dir='ltr'><em>papa</em></span> <span class='ocrx_word' id='word_1_786' title='bbox 1821 5087 1889 5142; x_wconf 87' lang='lat' dir='ltr'><em>ad</em></span> 
     </span>
    </p>
   </div>
   <div class='ocr_carea' id='block_1_101' title="bbox 284 5170 1892 5253">
    <p class='ocr_par' dir='ltr' id='par_1_101' title="bbox 284 5170 1892 5253">
     <span class='ocr_line' id='line_1_101' title="bbox 284 5170 1892 5253; baseline -0.006 -16"><span class='ocrx_word' id='word_1_787' title='bbox 284 5191 496 5253; x_wconf 87' lang='lat' dir='ltr'><em>septem</em></span> <span class='ocrx_word' id='word_1_788' title='bbox 528 5177 842 5250; x_wconf 82' lang='lat' dir='ltr'><em>provincias</em></span> <span class='ocrx_word' id='word_1_789' title='bbox 871 5178 1178 5233; x_wconf 88' lang='lat' dir='ltr'><em>decernens</em></span> <span class='ocrx_word' id='word_1_790' title='bbox 1213 5177 1342 5233; x_wconf 90' lang='lat' dir='ltr'><em>dicit</em></span> <span class='ocrx_word' id='word_1_791' title='bbox 1389 5177 1458 5231; x_wconf 91' lang='lat' dir='ltr'><em>de</em></span> <span class='ocrx_word' id='word_1_792' title='bbox 1497 5177 1750 5245; x_wconf 84' lang='lat' dir='ltr'><em>Maximo,</em></span> <span class='ocrx_word' id='word_1_793' title='bbox 1798 5170 1892 5248; x_wconf 88' lang='lat' dir='ltr'><em>qui</em></span> 
     </span>
    </p>
   </div>
   <div class='ocr_carea' id='block_1_102' title="bbox 278 5264 1889 5332">
    <p class='ocr_par' dir='ltr' id='par_1_102' title="bbox 278 5264 1889 5332">
     <span class='ocr_line' id='line_1_102' title="bbox 278 5264 1889 5332; baseline -0.004 -6"><span class='ocrx_word' id='word_1_794' title='bbox 278 5278 584 5326; x_wconf 89' lang='lat' dir='ltr'><em>conventus</em></span> <span class='ocrx_word' id='word_1_795' title='bbox 615 5266 781 5321; x_wconf 88' lang='lat' dir='ltr'><em>etiam</em></span> <span class='ocrx_word' id='word_1_796' title='bbox 809 5266 1106 5332; x_wconf 88' lang='lat' dir='ltr'><em>devitabat,</em></span> <span class='ocrx_word' id='word_1_797' title='bbox 1133 5274 1184 5320; x_wconf 91' lang='lat' dir='ltr'><em>et</em></span> <span class='ocrx_word' id='word_1_798' title='bbox 1215 5267 1412 5319; x_wconf 88' lang='lat' dir='ltr'><em>adesse</em></span> <span class='ocrx_word' id='word_1_799' title='bbox 1461 5264 1682 5318; x_wconf 89' lang='lat' dir='ltr'><em>minime</em></span> <span class='ocrx_word' id='word_1_800' title='bbox 1732 5265 1889 5319; x_wconf 90' lang='lat' dir='ltr'><em>vole-</em></span> 
     </span>
    </p>
   </div>
   <div class='ocr_carea' id='block_1_103' title="bbox 281 5353 1889 5426">
    <p class='ocr_par' dir='ltr' id='par_1_103' title="bbox 281 5353 1889 5426">
     <span class='ocr_line' id='line_1_103' title="bbox 281 5353 1889 5426; baseline -0.003 -13"><span class='ocrx_word' id='word_1_801' title='bbox 281 5359 376 5413; x_wconf 87' lang='lat' dir='ltr'><em>bat</em></span> <span class='ocrx_word' id='word_1_802' title='bbox 410 5377 426 5412; x_wconf 93' lang='lat'><strong>:</strong></span> <span class='ocrx_word' id='word_1_803' title='bbox 465 5379 489 5408; x_wconf 68' lang='grc' dir='ltr'><strong>α</strong></span> <span class='ocrx_word' id='word_1_804' title='bbox 523 5355 739 5417; x_wconf 89' lang='lat' dir='ltr'><em>Nullus,</em></span> <span class='ocrx_word' id='word_1_805' title='bbox 773 5353 946 5426; x_wconf 89' lang='lat' dir='ltr'><em>inquit</em></span> <span class='ocrx_word' id='word_1_806' title='bbox 987 5356 1176 5426; x_wconf 83' lang='lat' dir='ltr'><em>(epist.</em></span> <span class='ocrx_word' id='word_1_807' title='bbox 1217 5357 1292 5420; x_wconf 71' lang='lat'><em>2),</em></span> <span class='ocrx_word' id='word_1_808' title='bbox 1340 5353 1566 5416; x_wconf 89' lang='lat' dir='ltr'><em>dubitat,</em></span> <span class='ocrx_word' id='word_1_809' title='bbox 1619 5353 1766 5423; x_wconf 91' lang='lat' dir='ltr'><em>quod</em></span> <span class='ocrx_word' id='word_1_810' title='bbox 1813 5353 1889 5408; x_wconf 88' lang='lat' dir='ltr'><em>ita</em></span> 
     </span>
    </p>
   </div>
   <div class='ocr_carea' id='block_1_104' title="bbox 275 5440 1885 5516">
    <p class='ocr_par' dir='ltr' id='par_1_104' title="bbox 275 5440 1885 5516">
     <span class='ocr_line' id='line_1_104' title="bbox 275 5440 1885 5516; baseline -0.004 -14"><span class='ocrx_word' id='word_1_811' title='bbox 275 5445 546 5516; x_wconf 82' lang='lat' dir='ltr'><em>judicium</em></span> <span class='ocrx_word' id='word_1_812' title='bbox 575 5459 780 5500; x_wconf 91' lang='lat' dir='ltr'><em>nocens</em></span> <span class='ocrx_word' id='word_1_813' title='bbox 813 5440 1157 5516; x_wconf 86' lang='lat' dir='ltr'><em>subterfugit,</em></span> <span class='ocrx_word' id='word_1_814' title='bbox 1191 5441 1653 5514; x_wconf 91' lang='lat' dir='ltr'><em>quemadmodum</em></span> <span class='ocrx_word' id='word_1_815' title='bbox 1696 5449 1754 5494; x_wconf 90' lang='lat' dir='ltr'><em>ut</em></span> <span class='ocrx_word' id='word_1_816' title='bbox 1783 5441 1885 5496; x_wconf 88' lang='lat' dir='ltr'><em>ab-</em></span> 
     </span>
    </p>
   </div>
   <div class='ocr_carea' id='block_1_105' title="bbox 282 5529 1888 5602">
    <p class='ocr_par' dir='ltr' id='par_1_105' title="bbox 282 5529 1888 5602">
     <span class='ocr_line' id='line_1_105' title="bbox 282 5529 1888 5602; baseline -0.004 -13"><span class='ocrx_word' id='word_1_817' title='bbox 282 5535 534 5590; x_wconf 81' lang='lat' dir='ltr'><em>solvatur</em></span> <span class='ocrx_word' id='word_1_818' title='bbox 564 5531 657 5602; x_wconf 89' lang='lat' dir='ltr'><em>qui</em></span> <span class='ocrx_word' id='word_1_819' title='bbox 687 5539 770 5586; x_wconf 90' lang='lat' dir='ltr'><em>est</em></span> <span class='ocrx_word' id='word_1_820' title='bbox 796 5531 1060 5586; x_wconf 88' lang='lat' dir='ltr'><em>innocens</em></span> <span class='ocrx_word' id='word_1_821' title='bbox 1091 5531 1301 5601; x_wconf 63' lang='lat' dir='ltr'><em>quaerit.</em></span> <span class='ocrx_word' id='word_1_822' title='bbox 1351 5529 1457 5583; x_wconf 90' lang='lat' dir='ltr'><em>Sed</em></span> <span class='ocrx_word' id='word_1_823' title='bbox 1506 5537 1681 5582; x_wconf 90' lang='lat' dir='ltr'><em>astuta</em></span> <span class='ocrx_word' id='word_1_824' title='bbox 1723 5530 1888 5584; x_wconf 88' lang='lat' dir='ltr'><em>cavil-</em></span> 
     </span>
    </p>
   </div>
   <div class='ocr_carea' id='block_1_106' title="bbox 1993 4559 3580 4624">
    <p class='ocr_par' dir='ltr' id='par_1_106' title="bbox 1993 4559 3580 4624">
     <span class='ocr_line' id='line_1_106' title="bbox 1993 4559 3580 4624; baseline -0.002 -10"><span class='ocrx_word' id='word_1_825' title='bbox 1993 4575 2094 4615; x_wconf 89' lang='lat' dir='ltr'><em>suo</em></span> <span class='ocrx_word' id='word_1_826' title='bbox 2122 4568 2179 4614; x_wconf 88' lang='lat' dir='ltr'><em>ut</em></span> <span class='ocrx_word' id='word_1_827' title='bbox 2219 4571 2572 4615; x_wconf 90' lang='lat' dir='ltr'><em>occurrerent</em></span> <span class='ocrx_word' id='word_1_828' title='bbox 2627 4560 2698 4615; x_wconf 87' lang='lat' dir='ltr'><em>ad</em></span> <span class='ocrx_word' id='word_1_829' title='bbox 2727 4559 3036 4624; x_wconf 89' lang='lat' dir='ltr'><em>concilium,</em></span> <span class='ocrx_word' id='word_1_830' title='bbox 3077 4567 3267 4614; x_wconf 89' lang='lat' dir='ltr'><em>etnon</em></span> <span class='ocrx_word' id='word_1_831' title='bbox 3293 4565 3580 4622; x_wconf 86' lang='lat' dir='ltr'><em>venerunt,</em></span> 
     </span>
    </p>
   </div>
   <div class='ocr_carea' id='block_1_107' title="bbox 1995 4645 3578 4704">
    <p class='ocr_par' dir='ltr' id='par_1_107' title="bbox 1995 4645 3578 4704">
     <span class='ocr_line' id='line_1_107' title="bbox 1995 4645 3578 4704; baseline -0.002 -1"><span class='ocrx_word' id='word_1_832' title='bbox 1995 4648 2293 4703; x_wconf 90' lang='lat' dir='ltr'><em>secundum</em></span> <span class='ocrx_word' id='word_1_833' title='bbox 2355 4663 2670 4704; x_wconf 89' lang='lat' dir='ltr'><em>mensuram</em></span> <span class='ocrx_word' id='word_1_834' title='bbox 2721 4647 3120 4704; x_wconf 86' lang='lat' dir='ltr'><em>sacerdotalem</em></span> <span class='ocrx_word' id='word_1_835' title='bbox 3164 4645 3296 4701; x_wconf 85' lang='lat' dir='ltr'><em>ferri</em></span> <span class='ocrx_word' id='word_1_836' title='bbox 3353 4652 3578 4701; x_wconf 90' lang='lat' dir='ltr'><em>senten-</em></span> 
     </span>
    </p>
   </div>
   <div class='ocr_carea' id='block_1_108' title="bbox 1995 4732 3583 4804">
    <p class='ocr_par' dir='ltr' id='par_1_108' title="bbox 1995 4732 3583 4804">
     <span class='ocr_line' id='line_1_108' title="bbox 1995 4732 3583 4804; baseline -0.001 -14"><span class='ocrx_word' id='word_1_837' title='bbox 1995 4737 2155 4804; x_wconf 88' lang='lat' dir='ltr'><em>tiam;</em></span> <span class='ocrx_word' id='word_1_838' title='bbox 2187 4738 2286 4792; x_wconf 88' lang='lat' dir='ltr'><em>sed</em></span> <span class='ocrx_word' id='word_1_839' title='bbox 2333 4745 2544 4792; x_wconf 88' lang='lat' dir='ltr'><em>servata</em></span> <span class='ocrx_word' id='word_1_840' title='bbox 2587 4736 2956 4792; x_wconf 90' lang='lat' dir='ltr'><em>ecclesiastica</em></span> <span class='ocrx_word' id='word_1_841' title='bbox 3003 4732 3437 4802; x_wconf 87' lang='lat' dir='ltr'><em>mansuetudine,</em></span> <span class='ocrx_word' id='word_1_842' title='bbox 3469 4733 3583 4789; x_wconf 83' lang='lat' dir='ltr'><em>dati</em></span> 
     </span>
    </p>
   </div>
   <div class='ocr_carea' id='block_1_109' title="bbox 1992 4821 3582 4894">
    <p class='ocr_par' dir='ltr' id='par_1_109' title="bbox 1992 4821 3582 4894">
     <span class='ocr_line' id='line_1_109' title="bbox 1992 4821 3582 4894; baseline 0.001 -15"><span class='ocrx_word' id='word_1_843' title='bbox 1992 4833 2117 4880; x_wconf 91' lang='lat' dir='ltr'><em>sunt</em></span> <span class='ocrx_word' id='word_1_844' title='bbox 2145 4825 2213 4881; x_wconf 93' lang='lat' dir='ltr'><em>de</em></span> <span class='ocrx_word' id='word_1_845' title='bbox 2235 4825 2465 4885; x_wconf 86' lang='lat' dir='ltr'><em>concilio</em></span> <span class='ocrx_word' id='word_1_846' title='bbox 2493 4826 2652 4880; x_wconf 91' lang='lat' dir='ltr'><em>electi</em></span> <span class='ocrx_word' id='word_1_847' title='bbox 2675 4825 2907 4894; x_wconf 88' lang='lat' dir='ltr'><em>judices,</em></span> <span class='ocrx_word' id='word_1_848' title='bbox 2941 4830 2994 4878; x_wconf 91' lang='lat' dir='ltr'><em>et</em></span> <span class='ocrx_word' id='word_1_849' title='bbox 3021 4821 3204 4878; x_wconf 69' lang='lat' dir='ltr'><em>missas</em></span> <span class='ocrx_word' id='word_1_850' title='bbox 3232 4829 3360 4877; x_wconf 89' lang='lat' dir='ltr'><em>sunt</em></span> <span class='ocrx_word' id='word_1_851' title='bbox 3386 4821 3582 4881; x_wconf 68' lang='lat' dir='ltr'><em>littera</em></span> 
     </span>
    </p>
   </div>
   <div class='ocr_carea' id='block_1_110' title="bbox 1991 4910 3580 4984">
    <p class='ocr_par' dir='ltr' id='par_1_110' title="bbox 1991 4910 3580 4984">
     <span class='ocr_line' id='line_1_110' title="bbox 1991 4910 3580 4984; baseline -0.001 -16"><span class='ocrx_word' id='word_1_852' title='bbox 1991 4913 2062 4968; x_wconf 88' lang='lat' dir='ltr'><em>ad</em></span> <span class='ocrx_word' id='word_1_853' title='bbox 2099 4915 2396 4968; x_wconf 89' lang='lat' dir='ltr'><em>eorundem</em></span> <span class='ocrx_word' id='word_1_854' title='bbox 2453 4914 2834 4984; x_wconf 89' lang='lat' dir='ltr'><em>episcoporum</em></span> <span class='ocrx_word' id='word_1_855' title='bbox 2889 4910 3204 4981; x_wconf 87' lang='lat' dir='ltr'><em>primatem.</em></span> <span class='ocrx_word' id='word_1_856' title='bbox 3249 4931 3271 4960; x_wconf 69' lang='grc' dir='ltr'><strong>ι</strong></span> <span class='ocrx_word' id='word_1_857' title='bbox 3333 4910 3580 4980; x_wconf 87' lang='lat' dir='ltr'><em>Qualiter</em></span> 
     </span>
    </p>
   </div>
   <div class='ocr_carea' id='block_1_111' title="bbox 1991 4997 3580 5074">
    <p class='ocr_par' dir='ltr' id='par_1_111' title="bbox 1991 4997 3580 5074">
     <span class='ocr_line' id='line_1_111' title="bbox 1991 4997 3580 5074; baseline -0.001 -18"><span class='ocrx_word' id='word_1_858' title='bbox 1991 5011 2174 5058; x_wconf 88' lang='lat' dir='ltr'><em>autem</em></span> <span class='ocrx_word' id='word_1_859' title='bbox 2194 5002 2510 5057; x_wconf 87' lang='lat' dir='ltr'><em>examinatis</em></span> <span class='ocrx_word' id='word_1_860' title='bbox 2539 4999 2790 5055; x_wconf 88' lang='lat' dir='ltr'><em>omnibus</em></span> <span class='ocrx_word' id='word_1_861' title='bbox 2837 5005 2892 5054; x_wconf 88' lang='lat' dir='ltr'><em>et</em></span> <span class='ocrx_word' id='word_1_862' title='bbox 2933 4998 3004 5053; x_wconf 87' lang='lat' dir='ltr'><em>ad</em></span> <span class='ocrx_word' id='word_1_863' title='bbox 3030 4997 3296 5072; x_wconf 87' lang='lat' dir='ltr'><em>liquidum</em></span> <span class='ocrx_word' id='word_1_864' title='bbox 3323 5000 3580 5074; x_wconf 83' lang='lat' dir='ltr'><em>cognitis,</em></span> 
     </span>
    </p>
   </div>
   <div class='ocr_carea' id='block_1_112' title="bbox 1991 5086 3582 5163">
    <p class='ocr_par' dir='ltr' id='par_1_112' title="bbox 1991 5086 3582 5163">
     <span class='ocr_line' id='line_1_112' title="bbox 1991 5086 3582 5163; baseline -0.001 -19"><span class='ocrx_word' id='word_1_865' title='bbox 1991 5090 2252 5146; x_wconf 86' lang='lat' dir='ltr'><em>sententia</em></span> <span class='ocrx_word' id='word_1_866' title='bbox 2273 5090 2592 5163; x_wconf 87' lang='lat' dir='ltr'><em>regulariter</em></span> <span class='ocrx_word' id='word_1_867' title='bbox 2619 5103 2685 5144; x_wconf 90' lang='lat' dir='ltr'><em>ac</em></span> <span class='ocrx_word' id='word_1_868' title='bbox 2713 5087 2962 5158; x_wconf 79' lang='lat' dir='ltr'><em>legaliter</em></span> <span class='ocrx_word' id='word_1_869' title='bbox 2998 5086 3236 5159; x_wconf 89' lang='lat' dir='ltr'><em>proferri</em></span> <span class='ocrx_word' id='word_1_870' title='bbox 3281 5089 3495 5156; x_wconf 88' lang='lat' dir='ltr'><em>debeat,</em></span> <span class='ocrx_word' id='word_1_871' title='bbox 3531 5095 3582 5144; x_wconf 90' lang='lat' dir='ltr'><em>et</em></span> 
     </span>
    </p>
   </div>
   <div class='ocr_carea' id='block_1_113' title="bbox 1989 5177 3582 5250">
    <p class='ocr_par' dir='ltr' id='par_1_113' title="bbox 1989 5177 3582 5250">
     <span class='ocr_line' id='line_1_113' title="bbox 1989 5177 3582 5250; baseline -0.003 -15"><span class='ocrx_word' id='word_1_872' title='bbox 1989 5179 2375 5236; x_wconf 67' lang='lat' dir='ltr'><em>ecclesiasticae</em></span> <span class='ocrx_word' id='word_1_873' title='bbox 2391 5187 2438 5233; x_wconf 91' lang='lat' dir='ltr'><em>et</em></span> <span class='ocrx_word' id='word_1_874' title='bbox 2455 5177 2685 5247; x_wconf 72' lang='lat' dir='ltr'><em>publica:</em></span> <span class='ocrx_word' id='word_1_875' title='bbox 2713 5179 2867 5250; x_wconf 82' lang='lat' dir='ltr'><em>teges</em></span> <span class='ocrx_word' id='word_1_876' title='bbox 2896 5177 3272 5232; x_wconf 88' lang='lat' dir='ltr'><em>demonstrant</em></span> <span class='ocrx_word' id='word_1_877' title='bbox 3301 5177 3582 5233; x_wconf 88' lang='lat' dir='ltr'><em>dicentes:</em></span> 
     </span>
    </p>
   </div>
   <div class='ocr_carea' id='block_1_114' title="bbox 1995 5264 3574 5336">
    <p class='ocr_par' dir='ltr' id='par_1_114' title="bbox 1995 5264 3574 5336">
     <span class='ocr_line' id='line_1_114' title="bbox 1995 5264 3574 5336; baseline 0.002 -18"><span class='ocrx_word' id='word_1_878' title='bbox 1995 5291 2016 5318; x_wconf 72' lang='grc' dir='ltr'><strong><em>α</em></strong></span> <span class='ocrx_word' id='word_1_879' title='bbox 2053 5268 2361 5324; x_wconf 87' lang='lat' dir='ltr'><em>Observare</em></span> <span class='ocrx_word' id='word_1_880' title='bbox 2387 5265 2598 5335; x_wconf 90' lang='lat' dir='ltr'><em>judices</em></span> <span class='ocrx_word' id='word_1_881' title='bbox 2625 5265 2940 5336; x_wconf 88' lang='lat' dir='ltr'><em>specialiter</em></span> <span class='ocrx_word' id='word_1_882' title='bbox 2967 5265 3190 5332; x_wconf 88' lang='lat' dir='ltr'><em>debent,</em></span> <span class='ocrx_word' id='word_1_883' title='bbox 3221 5273 3281 5321; x_wconf 89' lang='lat' dir='ltr'><em>ut</em></span> <span class='ocrx_word' id='word_1_884' title='bbox 3309 5266 3366 5321; x_wconf 87' lang='lat' dir='ltr'><em>in</em></span> <span class='ocrx_word' id='word_1_885' title='bbox 3392 5264 3574 5322; x_wconf 89' lang='lat' dir='ltr'><em>omni-</em></span> 
     </span>
    </p>
   </div>
   <div class='ocr_carea' id='block_1_115' title="bbox 1989 5352 3578 5426">
    <p class='ocr_par' dir='ltr' id='par_1_115' title="bbox 1989 5352 3578 5426">
     <span class='ocr_line' id='line_1_115' title="bbox 1989 5352 3578 5426; baseline 0 -16"><span class='ocrx_word' id='word_1_886' title='bbox 1989 5357 2090 5410; x_wconf 92' lang='lat' dir='ltr'><em>bus</em></span> <span class='ocrx_word' id='word_1_887' title='bbox 2119 5355 2295 5411; x_wconf 88' lang='lat' dir='ltr'><em>causis</em></span> <span class='ocrx_word' id='word_1_888' title='bbox 2325 5353 2611 5420; x_wconf 87' lang='lat' dir='ltr'><em>sententia,</em></span> <span class='ocrx_word' id='word_1_889' title='bbox 2657 5364 2779 5426; x_wconf 64' lang='grc' dir='ltr'>(παῖε</span> <span class='ocrx_word' id='word_1_890' title='bbox 2823 5355 3119 5410; x_wconf 88' lang='lat' dir='ltr'><em>deliberata</em></span> <span class='ocrx_word' id='word_1_891' title='bbox 3154 5352 3336 5424; x_wconf 85' lang='lat' dir='ltr'><em>fuerit,</em></span> <span class='ocrx_word' id='word_1_892' title='bbox 3367 5353 3578 5410; x_wconf 77' lang='lat' dir='ltr'><em>consti-</em></span> 
     </span>
    </p>
   </div>
   <div class='ocr_carea' id='block_1_116' title="bbox 1987 5441 3578 5522">
    <p class='ocr_par' dir='ltr' id='par_1_116' title="bbox 1987 5441 3578 5522">
     <span class='ocr_line' id='line_1_116' title="bbox 1987 5441 3578 5522; baseline 0.001 -26"><span class='ocrx_word' id='word_1_893' title='bbox 1987 5443 2114 5498; x_wconf 85' lang='lat' dir='ltr'><em>tutis</em></span> <span class='ocrx_word' id='word_1_894' title='bbox 2143 5442 2345 5514; x_wconf 86' lang='lat' dir='ltr'><em>pariter</em></span> <span class='ocrx_word' id='word_1_895' title='bbox 2371 5441 2619 5512; x_wconf 88' lang='lat' dir='ltr'><em>partibus</em></span> <span class='ocrx_word' id='word_1_896' title='bbox 2649 5443 2922 5510; x_wconf 77' lang='lat' dir='ltr'><em>recitatur,</em></span> <span class='ocrx_word' id='word_1_897' title='bbox 2955 5451 3012 5498; x_wconf 94' lang='lat' dir='ltr'><em>ut</em></span> <span class='ocrx_word' id='word_1_898' title='bbox 3067 5444 3137 5498; x_wconf 90' lang='lat' dir='ltr'><em>ab</em></span> <span class='ocrx_word' id='word_1_899' title='bbox 3167 5443 3255 5498; x_wconf 88' lang='lat' dir='ltr'><em>bis</em></span> <span class='ocrx_word' id='word_1_900' title='bbox 3301 5457 3334 5497; x_wconf 88' lang='lat' dir='ltr'><em>a</em></span> <span class='ocrx_word' id='word_1_901' title='bbox 3380 5441 3578 5522; x_wconf 78' lang='lat' dir='ltr'><em>quibus</em></span> 
     </span>
    </p>
   </div>
   <div class='ocr_carea' id='block_1_117' title="bbox 1989 5528 3586 5603">
    <p class='ocr_par' dir='ltr' id='par_1_117' title="bbox 1989 5528 3586 5603">
     <span class='ocr_line' id='line_1_117' title="bbox 1989 5528 3586 5603; baseline -0.002 -17"><span class='ocrx_word' id='word_1_902' title='bbox 1989 5546 2155 5586; x_wconf 89' lang='lat' dir='ltr'><em>causa</em></span> <span class='ocrx_word' id='word_1_903' title='bbox 2183 5531 2328 5585; x_wconf 90' lang='lat' dir='ltr'><em>dicta</em></span> <span class='ocrx_word' id='word_1_904' title='bbox 2358 5539 2441 5585; x_wconf 90' lang='lat' dir='ltr'><em>est</em></span> <span class='ocrx_word' id='word_1_905' title='bbox 2471 5531 2540 5586; x_wconf 87' lang='lat' dir='ltr'><em>ad</em></span> <span class='ocrx_word' id='word_1_906' title='bbox 2559 5530 2833 5603; x_wconf 82' lang='lat' dir='ltr'><em>integrum</em></span> <span class='ocrx_word' id='word_1_907' title='bbox 2863 5547 2982 5603; x_wconf 71' lang='lat' dir='ltr'><em>quae</em></span> <span class='ocrx_word' id='word_1_908' title='bbox 3011 5531 3157 5586; x_wconf 87' lang='lat' dir='ltr'><em>dicta</em></span> <span class='ocrx_word' id='word_1_909' title='bbox 3185 5528 3344 5585; x_wconf 87' lang='lat' dir='ltr'><em>fuerit</em></span> <span class='ocrx_word' id='word_1_910' title='bbox 3373 5538 3586 5586; x_wconf 86' lang='lat' dir='ltr'><em>senten-</em></span> 
     </span>
    </p>
   </div>
  </div>
