4164 6348
537 365 638 420 403

1569 369 1908 424 HINCMARI
1965 365 2368 424 BHEMENSIS
2425 363 2972 422 ARCHIBPISCOPI.

3740 363 3844 420 tot

541 491 614 548 tia
643 477 1025 566 cognoscatur.
1068 511 1085 542 ι
1134 491 1202 546 Et
1246 493 1374 548 item
1408 511 1420 546 :
1459 515 1480 542 α
1518 493 1793 566 Quidquid
1851 492 2139 566 praesenti-
2171 492 2316 552 Ane
2346 489 2564 546 fuerint.
2599 490 2738 559 Quia
2782 505 2910 546 vero
2941 498 3144 546 certum
3189 498 3270 545 est
3317 497 3368 546 te
3401 507 3510 548 non
3543 491 3843 548 secundum

538 581 640 636 bus
676 580 921 652 partibus
975 580 1030 636 in
1087 581 1267 636 causis
1313 581 1474 638 fuerit
1533 581 1858 648 ordinatum,
1919 581 2140 637 habebit

533 668 911 743 plenissimam
939 665 1268 738 firmitatem,
1301 686 1404 726 nec
1435 671 1635 742 poterit
1670 670 1957 725 immutari.
1997 692 2018 719 ν
2070 669 2138 724 Et

535 757 666 814 item
701 775 715 813 :
757 781 778 809 α
817 759 902 813 Ea
931 775 1070 830 quae,
1104 759 1274 814 altera
1305 766 1461 830 parte
1489 759 1712 815 absente
1745 759 2134 824 decernuntur,

538 845 650 903 vim
691 863 878 902 rerum
920 847 1278 917 judicatarum
1319 863 1428 902 non
1491 848 1754 904 obtinent.
1793 871 1814 895 η
1873 848 1942 902 Et
1983 847 2133 911 item,

543 935 690 1008 quod
745 943 800 990 et
867 945 1085 990 sanctus
1142 935 1440 1009 Gregorius
1497 937 1552 990 in
1609 934 2023 992 commonitorio
2067 936 2136 990 ad

537 1023 808 1080 Joannem
886 1023 1234 1080 defensorem
1309 1031 1524 1080 euntem
1595 1025 1649 1078 in
1705 1023 1994 1095 Hispanias
2068 1039 2132 1079 ex

540 1111 757 1186 fegibus
831 1111 1058 1168 novella:
1139 1112 1536 1168 constitutionis
1609 1113 1845 1184 capitulo
1921 1112 2136 1168 decimo

539 1207 693 1257 sexto
741 1199 808 1256 de
865 1199 1092 1256 testibus
1145 1201 1365 1271 posuit,
1409 1211 1462 1255 et
1509 1201 1832 1257 canonicum
1869 1217 1994 1258 esse
2041 1202 2136 1257 de-

539 1289 757 1344 crevit:
809 1311 831 1338 «
893 1289 1009 1344 Hoc
1057 1303 1292 1361 quoque,
1346 1289 1616 1362 inquiens,
1677 1290 1875 1362 saepius
1957 1305 2135 1363 agno-

541 1376 740 1446 vimus,
789 1377 1040 1448 quoniam
1093 1376 1335 1448 quidam,
1386 1386 1475 1432 aut
1531 1379 1676 1449 apud
1718 1379 1962 1434 locorum
2033 1379 2136 1434 de-

540 1463 810 1532 fensores,
852 1471 945 1520 aut
1009 1465 1154 1536 apud
1218 1465 1554 1520 clarissimos
1600 1467 2005 1538 provinciarum
2057 1467 2136 1537 ju-

539 1551 710 1623 dices,
767 1561 859 1608 aut
915 1553 1080 1608 etiam
1136 1560 1192 1608 ut
1223 1553 1425 1610 assolet
1455 1553 1542 1610 hic
1597 1555 1740 1625 apud
1772 1555 2136 1610 clarissimum

537 1641 862 1716 magistrum
937 1657 1138 1698 census
1221 1642 1604 1714 ingrediuntur
1687 1652 1740 1699 et
1816 1652 2130 1716 queruntur,

539 1737 800 1803 tanquam
855 1731 925 1785 ab
1009 1729 1116 1786 alio
1185 1732 1335 1801 passi
1408 1731 1612 1803 aliquid
1679 1740 1865 1788 contra
1934 1733 2086 1804 leges
2117 1773 2132 1802 ,

2244 579 2342 634 has
2371 580 2591 652 regulas
2613 579 2906 648 judicasse,
2940 595 3041 635 nec
3071 595 3138 634 ex
3166 593 3436 635 consensu
3465 579 3699 651 partium
3729 579 3842 636 ele-

2239 675 2358 723 ctus
2389 668 2444 722 in
2471 669 2574 723 hac
2591 667 2923 737 judicatione
2947 668 3114 738 judex
3144 666 3312 734 fuisti,
3355 683 3389 722 a
3415 675 3467 724 te
3507 667 3691 737 judice
3741 683 3840 725 ec-

2239 756 2548 812 clesiastico
2577 757 2646 810 ad
2676 773 2762 812 me
2792 757 3014 826 majoris
3046 757 3384 812 auctoritatis
3398 756 3639 826 judicem
3667 757 3840 814 eccle-

2241 844 2518 900 siasticum
2541 844 2788 914 judicati,
2820 845 2960 902 sicut
2987 853 3040 900 et
3068 844 3334 912 fecerunt,
3385 845 3685 902 debuerant
3711 861 3840 918 pro-

2238 949 2455 999 vocare,
2492 941 2544 988 et
2573 941 2661 988 tua
2691 933 2884 1002 injusta
2913 933 3178 989 sententia
3197 949 3230 988 a
3256 949 3345 988 me
3365 942 3450 989 est
3465 941 3842 1004 competenter

2239 1021 2411 1076 soluta
2439 1023 2686 1087 Placuit,
2733 1021 2906 1092 inquit
2955 1021 3384 1095 Carthaginense
3427 1022 3738 1089 concilium,
3771 1027 3841 1078 ut

2237 1127 2272 1165 a
2298 1111 2712 1184 quibuscunque
2735 1111 3020 1182 judicibas
3053 1113 3450 1168 ecclesiasticis
3479 1110 3552 1166 ad
3577 1111 3722 1167 alios
3734 1113 3830 1183 ju-

2241 1198 2392 1254 dices
2409 1199 2838 1266 ecclesiasticos,
2875 1200 2972 1255 ubi
3001 1203 3087 1256 est
3105 1201 3288 1272 major
3307 1201 3638 1269 auctoritas,
3657 1201 3840 1272 fuerit

2237 1291 2618 1356 provocatum,
2643 1304 2758 1344 non
2777 1289 2858 1342 eis
2878 1289 3019 1344 obsit
3043 1304 3280 1360 quorum
3297 1289 3478 1359 fuerit
3495 1289 3682 1344 soluta
3702 1304 3838 1344 sen-

2241 1377 2442 1440 tentia,
2466 1377 2516 1430 si
2533 1376 2795 1450 convinci
2811 1391 2926 1432 non
2943 1377 3254 1446 potuerint,
3279 1377 3367 1431 vel
3393 1377 3623 1432 inimico
3643 1378 3838 1432 animo

2226 1465 2536 1535 judicasse,
2572 1464 2658 1518 vel
2671 1465 2862 1536 aliqua
2881 1464 3213 1536 cupiditate,
3246 1468 3348 1520 aut
3365 1467 3553 1536 gratia
3573 1465 3840 1536 deprava-

2239 1554 2303 1620 ti,
2325 1559 2378 1606 et
2405 1551 2636 1624 reliqua.
2657 1551 2791 1620 Quae
2811 1553 3076 1607 sententia
3097 1559 3277 1607 utrum
3305 1560 3359 1607 te
3390 1567 3460 1607 an
3485 1569 3597 1608 non
3625 1561 3835 1626 tangat,

2238 1640 2374 1695 ratio
2405 1640 2526 1710 ipsa
2582 1640 2936 1695 demonstrat.
2982 1642 3140 1696 Nunc
3183 1641 3466 1697 videamus
3509 1641 3640 1712 quid
3695 1642 3838 1698 sacri

2238 1743 2476 1784 canones
2506 1727 2689 1784 dicant
2717 1729 2785 1783 de
2809 1728 2916 1794 his,
2950 1729 3040 1800 qui
3068 1745 3101 1784 a
3133 1729 3360 1800 singulis
3402 1729 3672 1802 episcopis
3711 1745 3840 1801 pro-

541 1826 634 1875 aut
671 1818 830 1875 aliter
874 1818 1187 1890 injustitiam
1245 1820 1596 1890 sustinentes,
1657 1829 1748 1875 aut
1801 1821 2133 1877 damniﬁcati
2164 1816 2574 1906 BvincialibUS,
2609 1832 2706 1889 pro
2735 1817 3027 1889 incognitis
3057 1818 3238 1873 causis
3277 1819 3494 1889 primati
3537 1819 3838 1890 provinciae

538 1915 709 1964 testes
736 1905 921 1963 volunt
948 1907 1274 1979 producere.
1321 1911 1390 1962 At
1419 1923 1488 1963 ne
1516 1917 1702 1978 postea
1733 1909 2016 1980 obiiciatur
2055 1911 2134 1964 eis

541 1995 668 2068 quia
697 2011 798 2069 per
818 2010 983 2051 unam
1013 2004 1220 2066 partem
1242 2003 1394 2066 gesta
1411 1996 1656 2052 confecta
1679 2005 1820 2066 sunt,
1852 2006 2065 2068 oportet
2085 2007 2136 2052 et

540 2081 693 2139 illum
724 2083 817 2156 qui
845 2085 1138 2154 impetitur,
1162 2084 1216 2138 in
1259 2084 1380 2155 ipsa
1408 2085 1623 2140 civitate
1663 2086 2014 2141 constitutum
2044 2086 2136 2142 ubi

541 2172 849 2228 testimonia
875 2172 1094 2239 dantur,
1127 2173 1457 2228 admonitum
1481 2187 1514 2228 a
1538 2174 1722 2244 judice
1736 2174 1851 2230 sive
1880 2189 1912 2228 a
1941 2175 2134 2229 defen-

543 2275 689 2326 sore,
722 2258 978 2316 advenire
997 2268 1086 2316 aut
1117 2261 1305 2316 audire
1327 2268 1514 2318 testes.
1543 2262 1600 2316 Si
1628 2279 1756 2319 vero
1789 2263 2019 2318 noluerit
2049 2263 2139 2318 ad-

541 2347 748 2415 venire,
781 2349 878 2404 sed
909 2350 1292 2421 contempserit
1323 2358 1378 2405 ut
1408 2367 1473 2406 ex
1502 2351 1606 2406 hoc
1635 2351 1704 2405 ab
1734 2368 1838 2406 una
1867 2360 2018 2422 parte
2049 2359 2133 2408 te--

543 2434 792 2492 stimonia
821 2436 1064 2493 adversis
1094 2437 1259 2493 aliam
1305 2439 1515 2493 inutilia
1542 2439 1670 2505 sint,
1714 2440 1988 2495 sancimus
2030 2441 2136 2495 hu-

533 2524 773 2594 jusmodi
800 2525 1104 2582 testimonia
1134 2526 1208 2580 ita
1237 2527 1437 2592 valere,
1463 2535 1720 2598 tanquam
1751 2528 1798 2583 si
1824 2545 1933 2584 non
1955 2546 2019 2582 ex
2031 2545 2136 2585 una

540 2621 694 2685 parte
723 2612 1102 2680 consisterent,
1136 2615 1233 2670 sed
1263 2615 1427 2670 etiam
1456 2615 1576 2686 ipso
1607 2625 1876 2688 praesente.
1908 2615 2137 2672 fuissent

545 2699 708 2758 facta.
745 2701 802 2758 Si
833 2703 977 2758 enim
1007 2703 1460 2775 repudiaverit,et
1478 2704 1664 2760 venire
1691 2705 1930 2760 noluerit
1960 2713 2012 2760 et
2041 2721 2137 2762 au-

541 2788 661 2846 dire
687 2805 810 2862 quae
861 2791 1222 2862 deponuntur,
1283 2807 1406 2847 cum
1434 2791 1618 2864 utique
1655 2791 1709 2846 in
1738 2793 1956 2864 publico
1985 2793 2053 2848 sit
2084 2802 2138 2849 et

541 2893 652 2933 non
681 2893 746 2932 ex
801 2873 1099 2933 inevitabili
1154 2879 1392 2950 quadam
1449 2881 1774 2936 necessitate
1803 2881 1987 2936 venire
2027 2897 2137 2936 non

541 2965 733 3039 possit,
764 2966 1079 3038 aequaliter
1105 2976 1264 3022 erunt
1321 2975 1577 3039 tanquam
1624 2969 1683 3042 si_
1717 2969 2048 3037 advenisset,
2083 2977 2136 3024 et

541 3053 694 3109 nulla
740 3055 942 3112 utilitas
991 3073 1056 3110 ex
1085 3065 1396 3128 contemptu
1427 3073 1524 3112 suo
1556 3057 1606 3112 ei
1635 3057 2002 3125 adhibebitur,
2037 3059 2135 3113 sed

536 3141 866 3199 videbuntur
924 3144 1145 3216 quidem
1190 3145 1245 3199 in
1275 3145 1554 3217 utriusque
1587 3147 1874 3218 praesentia
1906 3146 2066 3202 facta.
2109 3169 2130 3197 ν

539 3253 563 3283 κ
595 3233 759 3300 Ecce,
799 3231 974 3305 inquit
1004 3242 1224 3288 sanctus
1255 3234 1579 3307 Gregorius,
1629 3235 2002 3290 admonendus
2052 3243 2133 3290 est

534 3337 754 3392 semper
785 3321 1154 3387 adversarius,
1177 3330 1233 3376 ut
1261 3323 1331 3376 ad
1351 3322 1652 3377 audiendos
1671 3331 1835 3378 testes
1853 3323 2126 3392 adveniat,

531 3408 775 3481 alioquin
801 3425 1029 3464 necesse
1061 3417 1141 3463 est
1174 3418 1228 3463 ut
1259 3411 1403 3482 quod
1435 3418 1624 3466 contra
1651 3411 1804 3483 leges
1837 3419 2020 3467 actum
2046 3421 2130 3467 est

532 3495 846 3574 ﬁrmitatem
900 3514 1009 3553 non
1055 3497 1269 3553 habeat.
1310 3519 1332 3547 ι
1367 3497 1570 3566 Quales
1613 3507 1794 3554 autem
1827 3508 2010 3566 testes,
2043 3501 2129 3556 vel

531 3585 684 3656 cujus
732 3585 1022 3660 opinionis,
1067 3587 1136 3641 ad
1187 3587 1552 3642 testimonium
1607 3586 1924 3642 admittendi
1984 3596 2126 3655 sunt,

529 3673 781 3746 plurimas
800 3674 956 3748 leges
985 3675 1299 3743 ostendunt,
1323 3693 1444 3748 quas
1499 3692 1639 3746 pene
1696 3675 1831 3730 nulli
1863 3677 2130 3732 habentur

530 3761 842 3834 incognitae,
879 3779 1000 3834 quae
1021 3762 1184 3818 etiam
1205 3771 1257 3818 et
1277 3764 1411 3819 illud
1430 3764 1678 3820 sanciunt
1703 3781 1716 3818 :
1745 3767 1807 3821 Ut
1837 3765 2128 3820 vilissimis

533 3851 770 3908 testibus
803 3852 976 3906 etiam
1007 3853 1130 3906 sine
1168 3853 1450 3923 corporali
1479 3853 1826 3908 discussione
1847 3853 1999 3908 credi
2014 3871 2128 3911 non

533 3938 762 4006 debeat;
795 3947 848 3995 et
894 3938 1023 3994 item
1051 3939 1106 3993 in
1149 3939 1288 3994 libro
1318 3949 1490 4006 sexto,
1523 3938 1676 3996 titulo
1706 3941 1921 3996 decimo
1960 3959 2124 4012 nono,

530 4026 672 4082 inter
682 4025 786 4082 alia
799 4027 1114 4098 praecipitur
1133 4045 1145 4081 :
1167 4030 1230 4086 Ut
1243 4031 1549 4096 sententia,
1571 4031 1622 4084 si
1641 4031 1764 4086 sine
1781 4031 1931 4103 scrip
1939 4035 1992 4086 to
2004 4031 2128 4086 dic-

530 4120 592 4172 ta
619 4118 816 4188 fuerit,
851 4133 954 4172 nec
982 4133 1190 4173 nomen
1237 4120 1538 4174 sententia:
1569 4120 1771 4174 habere
1817 4123 2124 4175 mereatur.

529 4201 690 4274 Quod
719 4205 893 4280 legale
923 4205 1204 4262 decretum
1243 4215 1298 4262 et
1327 4207 1381 4262 in
1413 4208 1674 4279 passione
1703 4207 1940 4274 Domini,
1966 4225 2129 4280 super

527 4294 683 4365 cujus
711 4304 871 4366 caput
907 4305 1204 4367 posuerunt
1236 4311 1458 4352 causam
1486 4297 1658 4368 ipsius
1687 4299 1967 4368 scriptam,
2001 4307 2053 4352 et
2073 4297 2126 4352 in

525 4391 824 4455 martyrum
855 4384 1224 4454 passionibus,
1259 4386 1476 4456 quando
1499 4386 1727 4454 judicati
1761 4395 1902 4454 sunt,
1935 4388 2124 4442 obser-

524 4479 706 4526 vatum
735 4471 1012 4528 multoties
1028 4472 1280 4544 legimus,
1307 4483 1359 4526 et
1381 4473 1596 4546 legatos
1613 4475 1926 4544 apostolicae
1957 4476 2122 4545 sedis,

2240 1914 2291 1959 et
2319 1907 2533 1960 caeteris
2563 1906 2837 1976 episcopis
2867 1907 3419 1962 excommunicantur.
3457 1929 3480 1958 α
3515 1907 3595 1963 De
3623 1908 3730 1979 his,
3760 1909 3837 1962 in-

2240 1993 2666 2065 quiuntNicaeni
2703 2010 2943 2050 canones
2992 1996 3142 2065 (can.
3191 1995 3264 2068 5),
3316 1995 3406 2068 qui
3453 1996 3838 2052 communione

2238 2083 2538 2152 privantur,
2572 2099 2667 2138 seu
2695 2099 2761 2138 ex
2791 2082 2936 2138 clero
2967 2100 3062 2138 seu
3094 2099 3159 2138 ex
3190 2085 3330 2139 laico
3361 2084 3574 2155 ordine,
3610 2085 3680 2140 ab
3711 2085 3833 2156 epi-

2238 2170 2418 2241 scopis
2446 2187 2546 2242 per
2573 2187 3006 2244 unamquamque
3035 2173 3394 2244 provinciam,
3445 2174 3710 2228 sententia
3739 2190 3834 2228 re-

2237 2259 2441 2330 gularis
2471 2259 2728 2329 obtineat,
2764 2269 2821 2315 ut
2850 2261 2903 2314 hi
2933 2260 3023 2333 qui
3061 2261 3386 2330 abjiciuntur
3436 2262 3506 2316 ab
3554 2262 3676 2316 aliis
3724 2277 3836 2318 non

2237 2347 2601 2418 recipiantur;
2652 2348 2962 2420 requiratur
3008 2358 3206 2415 autem,
3261 2366 3328 2405 ne
3373 2349 3832 2422 pusillanimitate,

2236 2445 2326 2491 aut
2358 2436 2723 2503 contentione,
2757 2437 2843 2492 vel
2877 2437 2984 2492 alio
3015 2437 3256 2509 quolibet
3284 2437 3528 2512 episcopi
3573 2439 3706 2496 vitio
3747 2440 3834 2494 vi-

2238 2525 2426 2580 deatur
2455 2540 2488 2579 a
2516 2525 2938 2597 congregatione
2969 2526 3234 2582 seclusus.
3259 2527 3328 2582 Ut
3349 2527 3454 2584 hoc
3474 2543 3608 2601 ergo
3638 2527 3836 2584 decen-

2235 2612 2344 2667 tius
2403 2613 2728 2684 inquiratur,
2785 2614 2924 2670 bene
2980 2615 3182 2686 placuit
3236 2615 3390 2669 annis
3447 2615 3676 2687 singulis
3731 2633 3834 2688 per

2237 2717 2677 2774 unamquamque
2700 2701 3033 2774 provinciam
3063 2703 3147 2756 bis
3173 2703 3227 2757 in
3256 2719 3400 2760 anno
3429 2703 3658 2760 concilia
3687 2705 3834 2762 cele-

2236 2789 2436 2856 brari,
2506 2798 2562 2844 ut
2619 2791 2980 2846 communiter
3035 2791 3287 2846 omnibus
3343 2792 3502 2848 simul
3557 2792 3834 2864 episcOpis

2237 2879 2588 2951 congregatis
2615 2879 2932 2949 provinciae,
2963 2879 3320 2935 discutiantur
3359 2881 3664 2950 huiusmodi
3695 2898 3840 2954 quae-

2235 2966 2460 3032 stiones,
2491 2975 2542 3020 et
2573 2966 2652 3022 sic
2707 2967 2796 3038 qui
2847 2983 2946 3022 suo
2981 2976 3344 3039 peccaverunt
3389 2969 3668 3025 evidenter
3708 2971 3833 3043 epi-

2235 3069 2402 3125 scopo
2428 3097 2440 3121 ,
2501 3055 2949 3110 excommunicati
3003 3055 3396 3112 rationabiliter
3451 3059 3520 3112 ab
3575 3059 3834 3116 omnibus

2233 3142 2590 3208 aestimentur,
2623 3159 2908 3215 usquequo
2938 3145 3022 3198 vel
3054 3143 3108 3198 in
3139 3145 3430 3214 communi,
3453 3147 3540 3202 vel
3571 3147 3835 3220 episcopo

2235 3231 2448 3302 placeat
2479 3231 2849 3286 humaniorem
2879 3247 2980 3303 pro
3011 3233 3204 3287 talibus
3234 3233 3374 3290 ferre
3423 3236 3765 3292 sententiam.
3809 3263 3830 3284 »ο

2231 3319 2300 3373 Et
2343 3319 2737 3374 Antiochenum
2781 3320 3066 3376 concilium
3115 3323 3266 3390 (can.
3300 3322 3401 3394 6):
3450 3345 3470 3373 «
3529 3325 3585 3380 Si
3631 3325 3754 3398 quis
3803 3343 3834 3380 a

2233 3407 2458 3479 proprio
2490 3408 2746 3480 episcopo
2777 3409 3157 3464 communione
3185 3410 3429 3482 privatus
3451 3421 3552 3478 est,
3575 3429 3686 3468 non
3707 3423 3835 3470 ante

2234 3495 2556 3566 suscipiatur
2582 3496 2652 3550 ab
2680 3496 2820 3558 aliis.
2847 3512 3012 3570 quam
3031 3514 3130 3553 suo
3148 3499 3528 3556 reconcilietur
3547 3501 3832 3576 episcopo,

2233 3591 2323 3637 aut
2353 3591 2499 3639 certe
2527 3585 2596 3639 ad
2642 3584 2910 3656 synodum
2959 3602 3080 3658 quae
3119 3595 3492 3662 congregatur
3534 3604 3834 3648 occurrens

2231 3687 2332 3743 pro
2363 3688 2422 3726 se
2453 3667 2766 3739 satisfaCiat,
2798 3683 2850 3730 et
2878 3675 3216 3746 persuadens
3245 3676 3477 3732 concilio
3506 3680 3832 3735 sententiam

2232 3759 2490 3830 suscipiat
2515 3761 2765 3825 alteram.
2798 3763 2926 3818 Haec
2957 3771 3136 3818 autem
3167 3764 3414 3822 diﬂinitio
3441 3775 3661 3823 maneat
3681 3769 3832 3824 circa

2230 3847 2419 3913 laicos,
2455 3858 2505 3903 et
2539 3850 2914 3923 presbyteros,
2965 3861 3016 3907 et
3065 3854 3344 3920 diaconos,
3395 3871 3698 3928 omnesque
3737 3859 3831 3933 qui

2231 3937 2332 3990 sub
2380 3937 2573 4010 regula
2620 3955 2742 3994 esse
2784 3948 3176 3997 monstrantur.
3225 3966 3246 3990 »ι
3280 3944 3347 3997 Et
3396 3943 3831 4018 Carthaginense

2231 4025 2542 4093 concilium,
2591 4027 2738 4098 quod
2791 4028 2846 4082 in
2895 4029 3132 4099 capitulo
3178 4030 3442 4104 vigesimo
3487 4031 3720 4102 dixerat,
3773 4044 3830 4090 ut

2231 4121 2426 4169 statuto
2456 4131 2686 4170 numero
2716 4116 2848 4170 uniti
2879 4117 3120 4188 episcopi
3151 4135 3273 4174 cum
3302 4120 3526 4192 proprio
3569 4122 3830 4194 episcopo

2228 4203 2675 4274 presbyterorum
2719 4213 2770 4259 et
2802 4205 3152 4261 diaconorum
3201 4223 3398 4264 causas
3447 4210 3826 4278 terminarent,

2227 4291 2558 4363 reliquorum
2631 4293 2954 4348 clericorum
3026 4295 3277 4366 querelas
3334 4296 3482 4352 solus
3536 4299 3830 4372 episcopus

2228 4390 2589 4453 cognosceret
2619 4391 2672 4437 et
2700 4381 2898 4449 ﬁniret,
2933 4384 3169 4455 capitulo
3198 4386 3464 4458 vigesimo
3493 4393 3688 4443 octavo
3735 4388 3828 4443 di-

2225 4469 2295 4524 cit
2329 4487 2342 4523 :
2380 4495 2400 4516 ‹‹
2439 4471 2506 4526 Ut
2533 4471 2858 4542 presbyteri,
2889 4472 3124 4540 diaconi,
3172 4473 3260 4529 vel
3308 4475 3488 4530 caeteri
3535 4473 3827 4533 inferiores

523 4558 840 4615 anctoritate
872 4559 1067 4614 Leonis
1105 4575 1282 4631 papa,
1320 4560 1642 4616 Dioscorum
1699 4563 1752 4616 in
1803 4562 2112 4618 Chalcedo-
2141 4556 2421 4625 Dclerici,
2481 4558 2536 4612 in
2599 4558 2778 4613 causis
2837 4577 2970 4631 quas
3025 4561 3326 4628 habuerint,
3385 4563 3430 4618 si
3483 4564 3552 4620 de
3603 4564 3829 4634 judiciis

523 4649 678 4704 nensi
711 4647 960 4716 concilio,
995 4655 1048 4702 et
1102 4647 1338 4703 Felicem
1386 4649 1664 4715 Acacium,
1726 4657 1778 4704 et
1827 4649 2116 4706 Silverium

522 4750 725 4808 papam
755 4737 1030 4810 Vigilium,
1056 4746 1106 4793 et
1129 4746 1357 4792 caeteros
1387 4739 1642 4794 Romana
1659 4738 1806 4792 sedis
1835 4737 2118 4809 pontifices

521 4837 620 4894 per
649 4823 972 4896 scripturam
1003 4825 1185 4897 plures
1231 4825 1323 4898 qui
1355 4825 1682 4896 resipiscere
1714 4826 2002 4882 noluerunt
2040 4828 2115 4881 le-

521 4908 704 4982 gimus
733 4913 1149 4969 condemnasse.

1009 5025 1028 5038 ‘
1089 5011 1313 5067 CAPUT
1342 5012 1548 5066 XXIX.

527 5078 668 5149 Quid
724 5096 964 5136 canones
1019 5086 1282 5138 statuant
1337 5083 1402 5138 de
1460 5082 1855 5154 irregulariter
1887 5099 2114 5140 excom-

1166 5155 1496 5209 manicatis.

593 5237 750 5304 Vide,
785 5237 976 5306 frater,
1035 5241 1080 5294 si
1123 5240 1222 5295 has
1253 5257 1438 5296 sacras
1483 5241 1636 5314 leges
1692 5241 1840 5297 fuisti
1871 5251 2111 5310 secutus,

514 5327 731 5400 quando
761 5329 1114 5401 presbyteros
1147 5337 1199 5383 et
1253 5330 1516 5385 diaconos
1576 5331 1854 5402 parochim
1898 5341 2006 5388 tuae
2044 5334 2114 5388 ab

519 5413 702 5473 Ofﬁcio
731 5415 1102 5474 ecclesiastico
1119 5419 1455 5491 generaliter
1471 5421 1968 5489 excommunicasti,
1989 5437 2114 5478 cum

511 5505 879 5562 certissimum
919 5516 1082 5580 atque
1111 5507 1453 5563 notissimum
1483 5518 1534 5564 et
1562 5510 1720 5567 nobis
1747 5518 1799 5566 et
1856 5511 2111 5566 omnibus

507 5595 566 5650 in
591 5595 698 5652 hac
713 5593 1006 5652 Rhemensi
1033 5597 1315 5668 provincia
1343 5597 1625 5665 habeatur,
1679 5600 1825 5672 quod
1863 5615 1966 5655 nec
2015 5613 2108 5654 ac-

505 5685 700 5750 cusati,
733 5701 833 5740 nec
854 5686 1110 5745 confessi,
1147 5703 1324 5758 neque
1355 5687 1586 5743 convicti
1617 5689 1685 5744 de
1717 5689 1899 5760 aliquo
1931 5687 2114 5742 crimi-

2218 4645 2599 4715 episcoporum
2655 4663 2874 4702 suorum
2905 4651 3084 4720 questi
3118 4649 3336 4716 fuerint,
3389 4651 3546 4710 vicini
3576 4652 3824 4728 episcopi

2219 4757 2314 4799 eos
2343 4758 2466 4798 cum
2497 4759 2768 4799 consensu
2801 4737 2886 4801 sui
2915 4748 3156 4821 episcopi
3187 4749 3424 4820 audiant,
3475 4759 3528 4805 et
3555 4749 3697 4807 inter
3725 4767 3821 4807 eos

2216 4839 2481 4894 diﬂiniant
2510 4841 2736 4896 adhibiti
2768 4844 2836 4898 ab
2867 4845 2946 4900 eis
2976 4845 3239 4918 episcopi.
3291 4846 3448 4916 Quod
3483 4848 3530 4905 si
3561 4856 3614 4906 ct
3642 4849 3714 4906 ab
3739 4850 3825 4907 eis

2217 4939 2619 5008 provocandum
2647 4942 2968 5010 putaverint,
3003 4960 3113 5001 non
3138 4954 3434 5015 provocent
3459 4947 3528 5003 ad
3549 4955 3821 5004 transma-

2217 5025 2333 5080 rina
2360 5027 2584 5096 judicia,
2616 5029 2716 5084 sed
2744 5030 2816 5085 ad
2843 5031 3106 5102 primates
3135 5049 3354 5090 suarum
3390 5035 3822 5107 provinciarum,

2217 5113 2355 5170 sicut
2414 5123 2468 5170 et
2523 5116 2591 5171 de
2647 5119 2916 5190 episcopis
2969 5137 3114 5192 saepe
3167 5121 3520 5180 constitutum
3575 5131 3676 5181 est.
3733 5125 3824 5183 Ad

2214 5203 2577 5258 transmarina
2619 5215 2802 5262 autem
2850 5209 2946 5279 qui
2991 5209 3300 5278 putaverint
3342 5211 3748 5283 appellandum,
3787 5231 3825 5272 a

2215 5299 2363 5354 nullo
2391 5299 2531 5356 intra
2558 5300 2797 5358 Africam
2827 5303 2882 5357 in
2911 5305 3348 5362 communionem
3377 5308 3762 5378 suscipiantur.
3789 5332 3815 5360 υ

2213 5397 2278 5451 Et
2295 5395 2606 5453 Africanum
2626 5400 2914 5456 concilium
2931 5401 3168 5471 capitulo
3189 5405 3550 5477 nonagesimo
3570 5406 3821 5465 secundo

2211 5494 2330 5548 haec
2357 5495 2547 5551 eadem
2577 5497 2842 5553 ditﬁnivit.
2875 5497 2981 5567 Qui
3027 5514 3266 5557 canones
3308 5509 3534 5572 propter
3586 5503 3818 5577 longin-

2216 5589 2471 5662 quitatem
2499 5593 2811 5664 primatum,
2847 5596 2917 5650 ad
2947 5594 3204 5653 finitimos
3227 5599 3537 5670 episcopos,
3573 5601 3826 5673 presby-

2210 5695 2377 5748 teros.
2413 5691 2498 5746 vel
2529 5693 2812 5760 diaconos,
2847 5710 2910 5750 ac
2943 5696 3187 5769 reliquos
3215 5697 3445 5754 clericos
3487 5689 3820 5771 praecipiat:t
