4164 6306
281 282 396 338 ἦοῦ

1050 278 1294 336 OPUSC.
1354 278 1446 334 ET
1485 277 1703 336 EPIST.
1767 277 1840 334 IN
1887 277 2114 338 CAUSA
2170 278 2514 337 HINCMABI
2566 274 2870 341 LAUDUN.

3493 283 3598 358 Q06

284 417 594 478 provocare
615 442 631 473 ,
666 401 805 460 sicut
832 402 998 459 iidem
1024 417 1264 459 canones
1297 411 1486 474 aperte
1515 404 1888 460 demonstrant
1915 403 1973 467 Α
1991 385 2230 462 canones
2261 405 2463 476 dicunt,
2493 413 2552 462 ut
2597 421 2722 462 eum
2770 405 2864 479 qui
2909 405 3086 463 fuerat
3127 424 3159 462 a
3205 379 3588 486 communione

281 493 339 550 in
365 491 607 564 capitulo
635 491 705 548 de
731 491 1012 548 visitandis
1040 499 1282 562 tempore
1312 491 1528 549 concilii
1565 491 1881 564 provinciis,

285 581 384 638 sed
412 589 470 638 et
495 581 554 636 in
581 597 650 638 eo
677 580 772 635 ubi
801 579 1230 651 Carthaginense
1259 581 1547 636 concilium
1575 579 1702 636 dicit
1727 582 1880 651 (can.

285 675 310 724 t
321 671 375 740 7)
393 687 406 724 :
431 689 455 720 κ
471 671 541 726 Ut
552 684 890 741 unaquaque
900 668 1183 740 provincia
1192 675 1414 741 propter
1428 669 1882 742 longinquitatem

278 759 573 830 primatem
593 758 790 813 habeat
805 757 1109 829 proprium.
1139 779 1162 808 ιο
1189 758 1343 814 Unde
1373 757 1763 814 etMauritania
1797 757 1881 813 Si-

281 846 496 903 tifensis
523 846 813 918 postulavit
838 846 1121 917 primatem
1152 845 1448 917 provinciae
1475 845 1762 912 Numidiae,
1788 863 1881 902 ex-

279 937 434 1005 cujus
465 943 613 992 coetu
655 942 944 1006 separatur
967 977 980 1002 ,
1031 942 1090 988 ut
1137 951 1293 990 suum
1336 935 1536 990 habeat
1565 935 1876 1005 primatem,

279 1040 443 1096 quem
462 1067 476 1091 ,
507 1023 973 1080 consentientibus
1001 1023 1253 1079 omnibus
1299 1023 1624 1094 primatibus
1653 1023 1877 1094 provin-

277 1113 489 1170 ciarum
515 1111 926 1178 At‘ricanarum,
955 1112 1044 1168 vel
1072 1112 1324 1167 omnibus
1353 1112 1625 1183 episcopis
1654 1119 1878 1183 pr0pter

277 1201 735 1274 longinquitatem
763 1200 965 1256 habere
993 1201 1258 1271 permissa
1291 1209 1396 1256 est.
1437 1199 1784 1271 Quapropter
1812 1201 1877 1255 in

275 1306 616 1362 unaquaque
627 1291 916 1362 provincia
926 1306 1048 1361 qua
1062 1291 1366 1362 primatem
1379 1289 1562 1359 habet,
1577 1305 1769 1346 omnes
1781 1291 1878 1361 qui

275 1381 505 1450 negotia
525 1377 793 1436 videntur
804 1377 1021 1446 habere,
1046 1377 1346 1434 secundum
1374 1377 1749 1432 Antiochenos
1777 1392 1873 1432 ca-

275 1481 473 1532 nones,
504 1466 577 1524 ad
603 1465 960 1538 metropolim
989 1465 1191 1522 debent
1217 1481 1554 1522 concurrere
1589 1483 1603 1518 :
1639 1465 1784 1537 quia,
1818 1473 1877 1520 ut

275 1553 598 1612 Africanum
623 1553 914 1628 concilium
942 1553 1014 1608 ad
1042 1553 1394 1610 Caelestinum
1438 1568 1640 1624 papam
1686 1553 1874 1608 scribit

273 1642 426 1712 (can.
461 1643 522 1716 9)
553 1659 568 1698 :
606 1663 631 1694 ε
662 1643 894 1700 Decreta
919 1641 1172 1710 Nicaena,
1205 1641 1320 1696 sive
1347 1640 1622 1696 inferioris
1666 1642 1874 1714 gradus

1984 502 2286 565 separatus,
2312 502 2438 549 ante
2467 493 2836 567 cognitionem
2864 493 3044 552 nullus
3064 495 3227 553 debet
3244 512 3584 570 praesumere

1982 591 2042 638 ut
2069 598 2195 637 eum
2225 582 2592 639 communioni
2637 583 2826 638 societ.
2877 582 3020 652 Quia
3057 583 3194 640 sicut
3223 593 3437 642 sanctus
3466 585 3578 642 Leo

1982 659 2058 724 ad
2082 671 2364 728 Rusticum
2390 671 2808 727 Narbonensem
2838 670 3154 743 episcopum
3174 672 3364 728 scribit
3383 673 3574 746 (epist.

1981 762 2068 825 95,
2101 759 2157 813 in
2186 758 2426 830 pratfat.)
2459 776 2474 814 :
2512 778 2534 811 ι
2574 761 2636 815 In
2663 759 2749 815 his
2778 776 2901 832 qua
2929 759 3019 818 vel
3046 760 3212 816 dubia
3239 761 3438 817 fuerint
3483 769 3576 818 au‘t

1979 847 2214 902 obscura
2237 889 2251 916 ,
2285 847 2340 902 id
2365 849 2680 904 noverimus
2708 848 3048 920 sequendum
3070 889 3086 918 ,
3115 849 3263 922 quod
3290 863 3394 905 nec
3433 863 3572 920 prae-

1977 935 2151 1006 ceptis
2181 936 2514 1006 evangelicis
2542 935 2912 1007 contrarium,
2945 951 3048 992 nec
3075 936 3311 993 decretis
3359 943 3574 992 sancto-

1977 1031 2098 1078 rum
2129 1023 2777 1082 inveniatur.adversum.
2823 1046 2844 1074 »ι
2879 1025 2950 1080 Ει
2968 1025 3097 1081 item
3121 1043 3134 1080 :
3161 1045 3184 1077 α
3220 1024 3364 1094 Quia
3391 1039 3576 1084 sacer-

1976 1111 2163 1167 dotum
2192 1113 2412 1168 Domini
2459 1121 2670 1168 matura
2705 1113 2956 1169 volumus
2999 1129 3122 1169 esse
3164 1113 3404 1182 judicia,
3436 1112 3571 1170 nihil

1975 1215 2264 1270 possumus
2291 1201 2346 1256 in
2375 1201 2540 1258 rebus
2588 1201 2880 1275 incognitis
2922 1201 2980 1258 in
3025 1201 3349 1274 cujusquam
3395 1199 3568 1274 partis

1975 1289 2350 1360 praeiudicium
2377 1289 2628 1356 diﬂinire,
2649 1289 2964 1362 priusquam
2992 1289 3249 1351 universa
3267 1306 3387 1363 quae
3407 1298 3568 1364 gesta

1976 1385 2102 1432 sunt
2130 1379 2398 1434 veraciter
2425 1379 2728 1434 audiamus.
2765 1400 2787 1429 υ
2822 1379 2894 1434 Et
2918 1378 3048 1435 item
3076 1379 3206 1435 alibi
3235 1379 3458 1452 egregie
3490 1377 3565 1434 di-

1975 1465 2114 1522 citur
2145 1483 2157 1521 :
2195 1487 2218 1517 tt
2250 1467 2374 1522 Non
2394 1483 2516 1522 esse
2539 1467 2746 1536 justum
2765 1467 3138 1537 mediatorem,
3163 1466 3328 1540 quiin
3345 1466 3568 1523 incertis

1975 1555 2052 1608 sic
2081 1570 2246 1609 unam
2265 1563 2475 1626 partem
2496 1555 2666 1622 audit,
2689 1565 2747 1611 ut
2761 1555 2920 1612 alteri
2938 1557 3080 1628 parti
3100 1555 3233 1610 nihil
3253 1563 3514 1612 reservet.
3536 1576 3559 1605 »

1974 1643 2042 1696 Et
2070 1651 2290 1698 sanctus
2319 1643 2620 1716 Gregorius
2655 1660 2670 1696 ε
2715 1664 2740 1695 π
2788 1645 2892 1712 Ira,
2923 1643 3114 1715 inquit,
3149 1642 3447 1700 sacerdotis
3475 1658 3565 1698 ne-

274 1731 529 1797 clericos,
561 1730 680 1788 sive
707 1731 996 1802 episcopos
1040 1730 1193 1802 ipsos
1217 1773 1230 1798 ,
1283 1731 1395 1786 suis
1443 1729 1873 1802 metropolitanis
1901 1766 1956 1826 Β
1975 1747 2245 1803 quaquam
2275 1732 2438 1787 debet
2466 1748 2589 1786 esse
2617 1746 2865 1803 praeceps
2894 1739 2948 1786 et
2976 1732 3312 1804 perturbata,
3337 1732 3434 1788 sed
3461 1746 3568 1787 ma-

272 1819 618 1891 apertissime
665 1819 1072 1874 commiserunt.
1130 1817 1556 1874 Prudentissime
1603 1819 1748 1873 enim
1779 1820 1872 1888 ju-
1901 1817 1952 1826 ”
1975 1820 2063 1892 gis
2091 1835 2157 1875 ex
2187 1820 2399 1876 consilii
2427 1821 2687 1893 gravitate
2713 1820 3031 1893 mitiganda.
3068 1841 3092 1872 ι
3123 1821 3194 1876 Et
3212 1820 3342 1877 item
3373 1836 3388 1874 :
3427 1841 3452 1872 ιι
3485 1821 3571 1879 Λᾶ

273 1908 624 1980 stissimeque
655 1907 904 1964 viderunt
931 1923 1267 1979 quaecunque
1313 1907 1530 1980 negotia
1557 1907 1613 1961 in
1645 1907 1756 1962 suis
1786 1907 1874 1962 lo-

273 1997 356 2053 cis
385 1996 478 2052 ubi
507 2003 630 2052 orta
657 2003 779 2050 sunt
805 1994 1064 2062 ﬁnienda,
1114 2011 1215 2051 nec
1262 1995 1550 2067 unicuique
1579 1995 1876 2066 provinciae

274 2083 512 2157 gratiam
539 2084 710 2141 sancti
760 2083 994 2155 Spiritus
1035 2084 1347 2139 defuturam
1372 2127 1384 2150 ,
1436 2099 1543 2155 qua
1587 2085 1814 2155 aequitas
1844 2099 1875 2138 a

273 2172 472 2228 Christi
499 2172 878 2228 sacerdotibus
906 2180 960 2228 et
1005 2173 1305 2243 prudenter
1352 2171 1620 2240 videatur,
1654 2179 1708 2226 et
1744 2189 1874 2228 con-

274 2255 890 2318 stantissime'teneatur
921 2277 936 2316 :
966 2261 1203 2316 maxime
1251 2261 1374 2332 quia
1421 2260 1712 2332 unicuique
1742 2276 1873 2316 con-

272 2365 495 2408 cessum
524 2357 627 2416 est,
659 2349 706 2404 si
729 2349 938 2418 judicio
957 2348 1200 2406 offensus
1229 2349 1389 2404 fuerit
1417 2349 1777 2422 cognitorum,
1801 2350 1876 2405 ad

271 2439 569 2496 concilium
599 2453 712 2494 sum
736 2437 1029 2509 provinciae
1076 2438 1163 2494 vel
1208 2438 1372 2493 etiam
1417 2437 1719 2492 universale
1748 2453 1873 2508 pro-

276 2543 500 2589 vocare.
536 2548 560 2580 υ
617 2579 624 2586 .
1404 2548 1407 2550 ’

344 2624 505 2692 Quod
533 2631 589 2678 et
619 2623 967 2694 Innocentius
998 2623 1068 2678 ad
1089 2622 1402 2679 Victricium
1427 2639 1496 2678 ex
1520 2623 1756 2679 Nicmnis
1777 2624 1874 2680 de-

272 2713 447 2770 crevit
463 2712 778 2778 .canonibus
798 2755 812 2777 ,
846 2719 899 2766 et
925 2727 992 2766 ex
1021 2711 1101 2766 eis
1141 2709 1450 2766 Bonifacius
1495 2713 1567 2767 ad
1612 2712 1873 2766 Hilarium

267 2802 692 2858 Narbonensem
719 2799 1038 2870 episcopum
1066 2800 1197 2854 dicit
1217 2801 1403 2872 (epist.
1431 2801 1483 2870 t)
1509 2818 1565 2854 τα
1591 2801 1867 2867 Advertet,

268 2890 558 2962 inquiens,
592 2889 825 2946 charitas
851 2895 946 2942 tua
973 2889 1111 2942 adeo
1139 2904 1240 2942 nos
1287 2903 1558 2944 canonum
1602 2897 1874 2960 praecepta

269 2994 514 3044 servare,
547 2985 608 3032 ut
655 2977 733 3032 ita
779 2975 1089 3032 constitutio
1129 2991 1345 3048 quoque
1393 2985 1576 3032 nostra
1622 2977 1868 3045 diﬂiniat,

270 3075 541 3139 quatenus
569 3064 976 3136 metropolitani
1003 3064 1090 3119 sui
1118 3081 1460 3137 unaquaeque
1489 3066 1769 3136 provincia
1814 3067 1870 3120 in

267 3155 524 3212 omnibus
553 3155 717 3210 rebus
745 3153 1144 3210 ordinationem
1173 3169 1391 3224 semper
1422 3163 1699 3224 exepectet
1721 3175 1742 3204 »
1767 3175 1781 3220 ;
1816 3163 1870 3210 et

269 3243 524 3300 similiter
549 3241 895 3308 leestinus,
928 3250 980 3296 et
1008 3241 1100 3297 alii
1129 3241 1276 3297 sedis
1303 3242 1564 3298 Romanae
1582 3241 1877 3321 pontifices

267 3333 656 3390 decreverunt.
691 3331 1040 3386 Sardicenses
1071 3346 1286 3402 quoque
1334 3346 1590 3386 canones.
1642 3340 1868 3402 propter

264 3421 558 3494 prmfatam
609 3418 1059 3492 longinquitatem
1114 3417 1408 3489 primatum
1431 3461 1444 3485 ,
1498 3419 1570 3474 ad
1609 3418 1868 3474 ﬁnitimos

267 3509 580 3582 episcOpos,
611 3507 778 3564 veluti
807 3515 862 3564 et
886 3506 1086 3563 Africae
1115 3507 1410 3578 provinciae
1441 3523 1708 3574 canones,
1739 3523 1866 3578 pro-

261 3613 467 3655 vocare
497 3596 886 3669 permiserunt,
909 3595 1048 3652 sicut
1067 3603 1121 3650 et
1135 3597 1192 3650 in
1211 3595 1418 3651 eisdem
1449 3596 1866 3652 Sardicensibus

263 3687 572 3744 canonibus
605 3685 1022 3751 demonstratur,
1051 3692 1393 3740 memorante
1425 3685 1556 3741 Osio
1593 3685 1864 3756 importu-

262 3776 479 3832 nitates-
508 3773 894 3831 Africanorum
949 3773 1334 3846 episcoporum
1357 3815 1372 3844 ,
1419 3790 1557 3845 quos
1621 3774 1752 3830 dicit
1805 3790 1865 3830 se

264 3864 600 3938 cognovisse
629 3861 960 3918 sanctissimi
987 3861 1168 3917 fratris
1197 3870 1250 3918 et
1277 3861 1588 3933 coepiscopi
1607 3863 1691 3918 sui
1711 3862 1864 3918 Grati

262 3953 527 4009 salutaria
553 3951 785 4008 consilia
811 3967 1076 4022 spernere
1105 3959 1269 4022 atque
1301 3959 1669 4007 contemnere.
1708 3951 1864 4008 Unde

260 4043 324 4098 in
340 4041 576 4114 praefato
592 4040 910 4096 Sardicensi
928 4039 1160 4097 concilio
1177 4040 1434 4110 scriptum
1452 4048 1535 4094 est
1555 4039 1704 4111 (can.
1733 4041 1822 4110 17)
1848 4056 1860 4096 :

267 4150 294 4184 ι
331 4130 499 4186 Osius
528 4129 821 4201 episcopus
841 4128 1009 4184 dixit:
1034 4127 1190 4197 Quod
1209 4145 1297 4184 me
1327 4128 1507 4184 adhuc
1535 4135 1716 4184 movet
1735 4127 1866 4182 reti-

263 4233 392 4276 cere
417 4235 536 4275 non
564 4217 763 4286 debeo,
796 4217 843 4272 si
871 4217 1162 4288 episcOpus
1191 4217 1312 4288 quis
1362 4215 1502 4272 forte
1547 4216 1858 4281 iracundus,

263 4309 413 4381 quod
443 4323 572 4364 esse
602 4321 714 4363 non
755 4305 954 4372 debet,
1003 4306 1112 4360 cito
1159 4313 1212 4360 et
1255 4321 1447 4376 aspere
1490 4311 1864 4360 commovetur

1972 1907 2374 1979 proferendam,
2393 1909 2565 1980 inquit
2583 1909 2904 1981 (Moralium
2932 1908 2973 1963 1.
2991 1921 3118 1976 ιιι,
3148 1923 3198 1964 c.
3218 1908 3331 1980 14),
3353 1915 3564 1966 senten-

1974 1997 2105 2052 tiam
2131 2013 2413 2070 nunquam
2439 1997 2751 2069 praecipites
2780 2013 2903 2054 esse
2931 1997 3216 2064 debemus,
3234 2013 3338 2054 nec
3364 2005 3568 2054 temere

1973 2084 2278 2141 indiscussa
2300 2085 2606 2155 judicemus
2627 2129 2640 2154 ,
2674 2102 2744 2142 ne
2773 2085 3028 2158 quaelibet
3072 2085 3217 2146 mala
3255 2085 3442 2142 audita
3466 2101 3569 2141 nos

1973 2182 2248 2241 moveant,
2281 2190 2352 2230 ne
2379 2175 2586 2246 passim
2602 2175 2749 2231 dicta
2776 2175 2896 2229 sine
2915 2174 3238 2246 probatione
3257 2174 3569 2232 credamus.

1974 2261 2132 2331 Quod
2160 2262 2403 2334 profecto
2429 2270 2748 2334 perpetrare
2775 2262 3228 2334 pertimescimus,
3263 2263 3311 2317 si
3339 2263 3572 2320 auctoris

1974 2351 2144 2404 nostri
2174 2351 2420 2406 subtilius
2449 2350 2585 2406 facta
2614 2367 2931 2422 pensemus.
2973 2351 3098 2422 Ipse
3124 2350 3346 2424 quippe,
3375 2358 3435 2406 ut
3466 2367 3568 2407 nos

1973 2454 2003 2492 a
2032 2439 2296 2510 praecipiti
2346 2439 2626 2495 sententiae
2671 2439 2972 2511 prolatione
3017 2446 3409 2512 compesceret,
3445 2455 3570 2495 cum

1973 2528 2154 2582 omnia
2182 2525 2324 2582 nuda
2355 2535 2406 2581 et
2437 2536 2624 2598 aperta
2654 2527 2760 2582 sint
2793 2527 2963 2582 oculis
3007 2527 3123 2597 ejus
3144 2569 3160 2594 ,
3207 2526 3348 2582 mala
3391 2535 3572 2584 tamen

1975 2616 2226 2671 Sodomae
2248 2615 2422 2671 noluit
2445 2616 2628 2670 audita
2650 2615 2917 2685 judicare,
2950 2613 3042 2687 qui
3067 2614 3175 2671 ait:
3196 2616 3567 2686 Descendunt,

1973 2708 2030 2759 et
2058 2705 2246 2760 videbo
2274 2709 2473 2760 utrum
2501 2705 2824 2772 clamorem,
2858 2705 2956 2777 qui
2983 2706 3141 2761 venit
3167 2703 3240 2762 ad
3265 2719 3378 2772 me,
3407 2719 3573 2778 opere
3642 2711 3652 2714 “

1973 2793 2393 2864 compleverint,
2409 2809 2486 2848 an
2498 2809 2612 2850 non
2625 2797 2710 2848 est
2721 2795 2825 2860 ita,
2840 2793 3096 2848 utsciam
3109 2793 3439 2864 (Gen.xvm,
3452 2792 3569 2864 2i).

1975 2879 2328 2951 Omnipotens
2377 2879 2558 2952 itaque
2601 2879 2866 2936 Dominus
2887 2919 2904 2947 ,
2935 2887 2989 2936 et
3017 2881 3198 2936 omnia
3227 2879 3409 2946 sciens
3431 2922 3447 2948 ,
3477 2895 3574 2936 cur

1972 2977 2095 3022 ante
2123 2969 2498 3039 probationem
2545 2968 2702 3040 quasi
2741 2969 2946 3024 dubitat
2970 3012 2984 3034 ,
3027 2967 3136 3024 nisi
3179 2975 3238 3024 ut
3287 2967 3566 3040 gravitatis

1972 3057 2128 3111 nobis
2159 3057 2461 3128 exemplum
2499 3065 2803 3128 proponat,
2853 3073 2922 3112 ne
2964 3057 3107 3112 mala
3134 3055 3414 3112 hominum
3445 3062 3572 3112 ante

1898 3121 1948 3184 Ο
1969 3161 2364 3216 praesumamus
2397 3146 2618 3200 credere
2635 3160 2798 3216 quam
2817 3145 3049 3216 probare
3065 3145 3092 3197 Τ
3111 3164 3135 3194 »
3160 3145 3242 3199 De
3260 3143 3564 3200 manifestis

1969 3241 2144 3288 autem
2162 3241 2214 3288 et
2242 3233 2486 3303 plurimis
2517 3232 2749 3303 cognitis
2777 3248 2904 3288 mox
2930 3231 3134 3287 ibidem
3163 3231 3513 3304 subsequitur
3547 3249 3562 3286 :

1974 3343 1996 3372 ‹‹
2028 3321 2172 3376 Ecce
2201 3337 2300 3392 per
2317 3321 2544 3392 angelos
2571 3321 2638 3374 ad
2674 3321 3056 3391 cognoscenda
3083 3321 3230 3376 mala
3258 3319 3560 3387 descendit,

1967 3425 2199 3481 moxque
2229 3409 2568 3466 facinorosos
2597 3409 2866 3480 percutit;
2891 3417 3049 3480 atque
3077 3408 3167 3464 ille
3195 3409 3408 3480 patiens
3425 3451 3440 3476 ,
3471 3409 3564 3466 ille

1966 3499 2132 3564 mitis,
2165 3499 2256 3555 ille
2281 3499 2350 3554 de
2380 3515 2487 3571 quo
2518 3499 2777 3569 scriptum
2799 3506 2880 3554 est
2903 3515 2918 3552 :
2948 3500 3027 3554 Tu
3055 3501 3273 3565 autem,
3299 3499 3559 3570 Domine,

1967 3604 2097 3643 cum
2116 3588 2537 3660 tranquillitate
2548 3587 2776 3658 judicas
2799 3587 2948 3658 (Sap.
2979 3600 3082 3651 xu,
3110 3584 3220 3656 18),
3241 3585 3331 3640 ille
3347 3585 3415 3640 de
3451 3601 3560 3658 quo

1966 3692 2187 3730 rursum
2217 3676 2474 3746 scriptum
2507 3682 2588 3729 est
2619 3691 2632 3730 :
2659 3675 2932 3730 Dominus
2957 3675 3188 3746 patiens
3207 3677 3294 3730 est
3309 3673 3560 3730 redditor

1963 3765 2161 3836 (Eccli.
2194 3779 2250 3830 v,
2285 3766 2360 3834 4),
2401 3761 2458 3818 in
2488 3770 2632 3818 tanto
2675 3761 2902 3818 crimine
2942 3761 3213 3818 involutos
3253 3761 3559 3831 inveniens,

1965 3852 2119 3925 quasi
2139 3851 2452 3922 patientiam
2491 3850 2866 3924 praetermisit,
2903 3858 2957 3907 et
2985 3851 3131 3906 diem
3157 3850 3385 3906 extremi
3406 3851 3557 3920 judi-

1965 3941 2034 3997 cii
2082 3949 2399 4011 exspectare
2445 3941 2518 3995 ad
2559 3939 2849 3996 vindictam
2892 3939 3097 4009 noluit,
3143 3938 3242 3994 sed
3286 3954 3382 3995 eos
3427 3938 3559 4012 igne

1957 4029 2149 4098 judicii
2177 4037 2302 4085 ante
2324 4028 2515 4098 judicii
2543 4028 2690 4083 diem
2715 4027 2996 4099 prazvenit.
3021 4028 3166 4084 Ecce
3185 4027 3384 4082 malum
3399 4028 3558 4099 quasi

1963 4134 2086 4173 cum
2113 4117 2425 4172 difﬁcultate
2454 4117 2682 4171 credidit
2709 4131 2834 4170 cum
2861 4115 3064 4170 audivit
3087 4157 3100 4182 ,
3135 4122 3188 4170 et
3213 4122 3394 4170 tamen
3441 4115 3562 4171 sine

1963 4205 2214 4260 tarditate
2241 4203 2511 4274 percussit
2539 4219 2662 4258 cum
2692 4218 2881 4256 verum
2925 4202 3278 4272 agnoscendo
3306 4201 3510 4272 reperit
3540 4221 3558 4258 :

1963 4302 2020 4348 ut
2049 4292 2206 4347 nobis
2233 4291 2484 4347 videlicet
2511 4291 2660 4346 daret
2688 4289 3016 4361 exemplum,
3049 4289 3194 4360 quod
3223 4289 3429 4358 majora
3456 4289 3562 4346 cri-

261 4376 536 4454 adt'ersus
562 4395 962 4467 presbyterum,
997 4393 1112 4449 sive
1141 4393 1429 4450 diaconum
1459 4408 1616 4448 suum
1638 4434 1652 4461 ,
1683 4399 1737 4446 et
1762 4408 1860 4447 ex-
1961 4382 2106 4436 mina
2135 4389 2188 4436 et
2216 4381 2370 4435 tarde
2397 4378 2672 4435 credenda
2709 4385 2834 4433 sunt
2853 4393 2978 4434 cum
2998 4376 3308 4446 audiuntur,
3327 4385 3380 4434 et
3399 4377 3558 4434 citius

259 4466 706 4541 terminareeum
725 4484 794 4539 de
813 4483 1064 4539 Ecclesia
1083 4482 1336 4551 voluerit,
1359 4481 1758 4553 providendum
1777 4489 1860 4536 est
1887 4471 1946 4536 D
1967 4469 2242 4542 Punienda
2283 4485 2406 4524 cum
2452 4467 2720 4525 veraciter
2769 4474 3155 4539 agnoscuntur-
3212 4487 3236 4518 ³
3283 4467 3353 4522 Et
3395 4466 3486 4539 qui
3524 4483 3556 4520 3

259 4591 332 4629 ne
356 4576 631 4630 innocens
661 4573 945 4627 damnetur
967 4613 980 4640 ,
1031 4580 1120 4626 aut
1167 4571 1357 4642 perdat
1388 4569 1856 4638 communionem;

258 4671 315 4718 et
343 4663 468 4718 ideo
517 4661 717 4716 habeat
761 4667 1083 4730 potestatem
1124 4659 1171 4713 is
1213 4659 1305 4730 qui
1348 4659 1591 4727 abjectus
1639 4667 1756 4722 est,
1806 4668 1862 4712 ut

258 4751 554 4822 episcopos
583 4748 842 4804 ﬁnitimos
872 4747 1178 4819 interpellet
1202 4789 1216 4817 ,
1249 4757 1302 4802 et
1331 4763 1492 4802 causa
1523 4748 1639 4816 ejus
1676 4747 1861 4802 audia-

259 4849 368 4906 tur,
419 4856 485 4895 ac
533 4838 850 4910 diligentius
896 4845 1187 4907 tractetur,
1239 4837 1362 4907 quia
1408 4852 1516 4890 non
1557 4843 1768 4906 oportet
1812 4837 1861 4890 ei

259 4941 464 5002 negare
496 4926 830 4982 audientiam
868 4925 1103 4996 roganti.
1163 4925 1231 4978 Et
1276 4925 1367 4978 ille
1415 4925 1736 4995 episcopus,
1770 4924 1860 4994 qui

251 5017 402 5086 juste
432 5023 528 5071 aut
575 5015 776 5083 injuste
821 5029 946 5068 eum
988 5013 1185 5082 abjecit
1211 5056 1222 5079 ,
1254 5013 1522 5084 patienter
1551 5013 1778 5088 accipiat
1807 5021 1864 5066 ut

259 5105 548 5176 negotium
576 5102 922 5168 discutiatur,
955 5110 1014 5156 ut
1041 5101 1129 5158 vel
1155 5102 1415 5172 probetur
1445 5102 1715 5157 sententia
1746 5101 1862 5170 ejus

257 5209 294 5250 a
326 5193 596 5264 plurimis,
631 5190 719 5246 vel
749 5191 1088 5246 emendetur.
1114 5191 1319 5246 Tamen
1346 5190 1666 5262 priusquam
1683 5189 1862 5244 omnia

255 5281 560 5355 diligenter
579 5287 634 5336 et
650 5278 883 5334 ﬁdeliter
923 5279 1317 5346 examinentur,
1343 5295 1468 5333 eum
1506 5279 1598 5348 qui
1633 5277 1806 5334 fuerat
1831 5294 1864 5333 a

255 5369 650 5427 communione
681 5375 988 5438 separatus,
1019 5376 1144 5422 ante
1173 5366 1542 5439 cognitionem
1573 5365 1752 5420 nullus
1767 5366 1863 5420 de-

257 5460 358 5515 bet
383 5471 720 5531 praesumere
747 5465 808 5512 ut
835 5473 961 5512 eum
989 5455 1357 5512 communioni
1387 5454 1574 5510 societ.
1617 5474 1640 5504 ιο
1678 5457 1864 5508 Atten-

256 5548 510 5604 dendum
539 5546 740 5618 quippe
779 5545 936 5601 nobis
984 5553 1068 5600 est
1113 5545 1256 5616 quod
1304 5541 1699 5599 discretissime
1727 5543 1864 5598 sacri

1962 4561 2120 4614 Patre
2149 4558 2356 4630 accepit
2383 4573 2546 4613 omne
2584 4556 2852 4627 judicium
2874 4599 2889 4624 ,
2933 4563 2986 4612 et
3028 4555 3084 4611 in
3133 4554 3363 4626 spiritali
3405 4563 3458 4610 et
3501 4555 3558 4610 in

1963 4647 2206 4704 saeculari
2254 4664 2350 4702 sua
2397 4645 2675 4718 republica
2693 4689 2706 4712 ,
2737 4661 2836 4717 pro
2879 4661 2938 4699 se
2968 4645 3039 4698 ad
3061 4643 3416 4712 judicandum
3443 4643 3552 4697 mi-

1961 4737 2163 4792 nistros
2193 4753 2322 4792 suos
2349 4736 2659 4802 constituit,
2695 4733 2830 4790 sicut
2865 4733 3137 4803 Scriptura
3165 4730 3334 4798 dicit,
3364 4731 3554 4804 eisque

1963 4827 2065 4880 sibi
2095 4826 2151 4880 in
2184 4825 2390 4894 judicio
2433 4825 2597 4880 etiam
2641 4822 2948 4879 ministrare
2991 4819 3280 4890 praecepit,
3314 4819 3504 4877 dicens
3537 4839 3552 4876 :

1961 4916 2019 4970 Si
2045 4917 2167 4986 quis
2196 4915 2342 4969 mihi
2369 4915 2683 4978 ministrat,
2712 4927 2801 4966 me
2817 4911 3086 4980 sequatur
3101 4907 3285 4978 (Joan.
3307 4923 3410 4978 xu,
3429 4910 3550 4983 26),

1960 5003 2016 5057 id
2046 5010 2128 5057 cst
2169 5019 2258 5057 me
2297 5001 2550 5056 imitetur.
2599 5003 2659 5054 In
2703 5014 2808 5069 qua
2854 4995 3246 5053 ministratione
3282 4997 3428 5054 idem
3459 5001 3553 5070 qui

1963 5099 2046 5147 est
2076 5091 2180 5160 via,
2215 5091 2434 5158 veritas,
2477 5098 2528 5144 et
2573 5088 2716 5154 vita,
2767 5085 2910 5142 viam
2949 5085 3229 5154 judicandi
3254 5087 3359 5144 hoc
3383 5088 3549 5144 modo

1955 5180 2230 5250 judicibus
2287 5195 2444 5234 sacra
2491 5177 2756 5243 lectione,
2803 5174 2896 5246 qui
2940 5173 3144 5230 fuerint
3189 5175 3551 5233 Sodomorum

1962 5277 2306 5325 accusatores
2350 5265 2600 5330 ostendit,
2645 5265 2885 5331 Clamor,
2934 5264 3144 5336 inquit,
3189 5265 3550 5325 Sodomorum

1963 5359 2119 5412 venit
2162 5357 2233 5410 ad
2276 5372 2364 5410 one
2412 5355 2569 5424 (Gen.
2620 5367 2796 5423 xvm,
2841 5355 2954 5424 20),
2996 5353 3052 5408 id
3092 5360 3178 5409 est
3219 5369 3330 5408 non
3375 5353 3551 5410 solum

1962 5460 2177 5517 magna,
2197 5443 2294 5498 sed
2309 5451 2360 5497 et
2379 5440 2665 5510 manifesta
2678 5441 3087 5514 perseverantia
3110 5449 3336 5512 peccata
3365 5457 3553 5500 eorum

1962 5544 2032 5598 ad
2052 5541 2408 5610 judicandum
2436 5548 2736 5611 provocant
2761 5557 2871 5596 me.
2903 5539 3007 5610 Qui
3038 5538 3234 5597 fuerint
3264 5546 3431 5597 testes
3455 5552 3554 5594 ac-
