4164 6302
319 300 434 351 409

1041 293 1286 349 OPUSC.
1339 291 1429 346 ET
1483 292 1699 348 EPIST.
1757 292 1832 346 ΙΝ
1889 291 2117 346 CAUSA
2160 289 2506 345 HINCMARI
2549 291 2853 346 LAUDUN.

3528 294 3632 346 410

327 434 510 477 causa
537 432 727 475 eorum
755 415 899 472 ﬁniri
928 416 1291 488 nequiverint,
1324 415 1500 472 donec
1527 415 1584 470 in
1610 413 1932 486 provinciali
1960 415 2016 476 A
2035 414 2182 471 vobis
2226 415 2572 486 exemplum,
2605 419 2671 470 ut
2709 417 3026 486 sequamini
3072 416 3308 488 uestigia
3353 417 3492 486 eius,
3539 418 3637 488 qui

329 509 543 580 synodo
569 549 582 574 ,
641 523 751 580 quo
799 505 1250 577 metropolitanus
1302 505 1528 561 antistes
1585 503 1928 576 probaverit,

326 597 705 659 discutiantur,
742 603 795 650 et
834 594 1159 666 regulariter
1208 583 1934 650 sententiam'communiter

325 685 604 740 inVentam
652 683 847 754 abjecti
898 682 1224 753 suscipiant,
1277 682 1412 737 sicut
1455 681 1663 738 Nicasni
1691 696 1933 736 canones

327 781 516 844 aperte
575 773 952 827 demonstrant
1006 771 1249 826 dicentes
1304 772 1454 842 (can.
1505 773 1560 838 5)
1594 787 1607 824 :
1644 793 1665 816 «
1716 769 1784 823 lli
1842 769 1934 840 qui

329 861 672 930 abjiciuntur,
728 860 797 915 ab
855 859 974 914 aliis
1028 875 1137 914 non
1171 858 1546 929 .recipiantur.
1609 857 1936 928 Requiratur

329 959 530 1010 autem,
567 965 636 1004 ne
663 947 1127 1019 pusillanimitate,
1163 955 1255 1003 aut
1293 946 1658 1009 contentione,
1701 953 1792 1000 aut
1828 945 1934 1000 alio

329 1037 572 1109 quolibet
609 1035 852 1107 episcopi
899 1035 1052 1101 vitio,
1099 1035 1386 1091 videantur
1433 1050 1465 1089 a
1507 1034 1935 1106 congregatione

330 1125 552 1181 seclusi.
593 1149 616 1173 »
649 1125 990 1180 Manifestum
1035 1131 1117 1178 est
1158 1123 1324 1189 enim,
1359 1122 1614 1194 quoniam
1653 1121 1818 1176 dubia
1848 1121 1936 1177 vel

333 1213 572 1269 obscura
593 1213 854 1283 jubentur
881 1211 1106 1284 requiri,
1138 1227 1248 1266 non
1293 1220 1444 1267 certa
1490 1211 1577 1266 vel
1623 1209 1931 1266 manifesta.

330 1303 398 1358 Et
427 1301 824 1357 Antiochenam
856 1300 1145 1356 concilium
1167 1301 1318 1370 (ean.
1351 1300 1407 1370 6)
1431 1318 1443 1354 :
1471 1320 1493 1349 α
1521 1299 1932 1364 Communione,

333 1389 526 1462 inquit,
557 1389 802 1460 privatus
830 1404 862 1443 a
891 1388 1116 1459 pr0prio
1162 1388 1442 1459 episcopo,
1488 1403 1598 1443 non
1639 1395 1765 1442 ante
1794 1386 1936 1442 reci-

331 1477 514 1550 piatur
543 1479 614 1532 ab
642 1477 787 1547 aliis,
811 1477 984 1532 donec
1005 1476 1228 1547 proprio
1247 1476 1627 1532 reconcilietur
1652 1477 1934 1546 episcopo,

334 1573 423 1621 aut
455 1581 754 1622 occurrens
783 1565 852 1620 ad
881 1565 1148 1636 synodum
1180 1577 1302 1636 qua;
1329 1571 1713 1637 congregatur,
1745 1579 1846 1634 pro
1877 1579 1936 1618 se

333 1652 650 1722 satisfaciat,
684 1661 737 1708 et
765 1653 1104 1724 persuadens
1131 1652 1364 1709 concilio
1403 1651 1726 1707 sententiam
1757 1651 1936 1707 susci-

334 1743 443 1814 piat
467 1741 713 1798 alteram.
751 1763 773 1792 x
805 1742 874 1797 Et
919 1741 1277 1798 Sardicenses
1325 1756 1566 1797 canones
1610 1741 1761 1812 (can.
1797 1740 1887 1812 l7)
1921 1756 1934 1795 :

338 1853 360 1880 ι
391 1831 508 1895 Ille,
539 1830 808 1902 inquiunt,
837 1829 1150 1902 episcopus,
1184 1829 1276 1901 qui
1296 1831 1443 1900 juste
1473 1838 1562 1883 aut
1591 1828 1786 1898 injuste
1817 1845 1940 1884 cum

338 1919 554 1988 abjecit,
605 1917 873 1989 patienter
918 1917 1145 1988 accipiat
1186 1925 1244 1972 ut
1272 1917 1552 1990 negotium
1600 1917 1936 1984 discutiatur,

335 2016 388 2063 ut
418 2007 506 2063 vel
535 2006 798 2078 probetur
827 2005 1095 2061 sententia
1123 2005 1241 2074 ejus
1271 2021 1304 2058 a
1332 2004 1599 2076 plurimis,
1634 2005 1720 2060 vel
1747 2021 1940 2060 emen-

337 2096 515 2151 detur.
555 2094 816 2151 sScilicet
844 2102 900 2150 ut
929 2093 1267 2150 discussione
1311 2093 1455 2148 facta
1498 2094 1567 2148 de
1609 2103 1735 2149 ante
1763 2093 1940 2148 dubiis

335 2193 383 2240 et
415 2182 684 2248 obscuris,
721 2182 982 2238 sententia
1031 2181 1425 2237 rationabiliter
1470 2181 1616 2236 dicta
1661 2182 1937 2252 probetur,

337 2273 422 2329 vel
467 2271 906 2327 irrationabiliter
951 2271 1162 2342 prolata
1221 2270 1555 2326 emendetur.
1609 2271 1675 2325 Et
1721 2271 1825 2326 hoc
1870 2271 1941 2325 de

335 2376 474 2425 uno,
509 2360 596 2415 vel
642 2359 884 2424 duobus,
933 2367 1022 2413 aut
1065 2357 1268 2424 tribus,
1313 2359 1504 2414 decem
1553 2374 1801 2430 quoque,
1853 2359 1940 2414 vel

337 2449 547 2522 viginti,
580 2456 670 2502 aut
699 2447 942 2520 triginta,
967 2454 1020 2502 et
1043 2447 1114 2501 de
1142 2446 1321 2500 dubiis
1343 2447 1427 2502 vel
1450 2447 1701 2502 obscuris
1731 2447 1938 2502 servari

339 2538 607 2610 patienter
625 2535 804 2607 aliquo
826 2535 988 2590 modo
1008 2542 1240 2606 poterat.
1261 2537 1328 2589 At
1355 2535 1445 2589 ubi
1474 2533 1933 2603 manifestissimo,

341 2625 477 2681 sicut
507 2623 759 2680 omnibus
804 2630 1014 2679 constat
1043 2639 1166 2678 esse
1196 2622 1540 2676 notissimum
1560 2665 1572 2687 ,
1607 2623 1724 2677 sine
1755 2622 1939 2693 aliqua

341 2713 573 2779 ratione,
607 2712 693 2768 vel
720 2711 877 2782 culpa
901 2711 1254 2780 abjectorum,
1287 2719 1475 2766 contra
1505 2726 1723 2766 omnem
1751 2720 1937 2766 aucto-

338 2803 567 2871 ritatem,
617 2800 865 2866 trecenti,
897 2799 984 2854 vel
1015 2799 1419 2872 quadringenti,
1469 2799 1584 2854 sive
1632 2799 1934 2872 quingenti,

337 2891 453 2946 solo
485 2898 578 2945 tuo
607 2888 808 2957 furore,
841 2898 890 2944 et
919 2903 1084 2944 causa
1132 2887 1448 2956 injuriarum
1496 2897 1702 2942 tuarum
1743 2887 1940 2956 abjecti

339 2987 514 3044 erant,
547 2978 604 3032 in
634 2993 867 3048 quorum
914 2976 1246 3046 abjectione,
1281 2985 1338 3030 ut
1369 2977 1556 3032 beatus
1604 2977 1938 3048 Augustinus

338 3067 466 3123 dicit
510 3067 702 3138 (epist.
735 3066 846 3136 50),
879 3079 990 3120 non
1023 3065 1180 3134 hujus
1225 3073 1316 3119 aut
1359 3064 1504 3119 illius
1555 3065 1790 3120 hominis
1822 3073 1940 3119 erat

336 3155 667 3227 periculum,
698 3153 796 3208 sed
828 3152 1151 3224 populorum
1182 3160 1398 3225 strages
1423 3153 1646 3221 jacebat
1670 3152 1725 3206 in
1754 3153 1940 3222 perdi-

336 3245 517 3310 tione,
563 3243 729 3298 etiam
766 3243 858 3314 qui
887 3241 943 3296 in
973 3241 1076 3296 tuis
1123 3241 1336 3310 injuriis
1385 3257 1495 3295 non
1541 3248 1939 3311 peccaverunt,

337 3333 437 3388 sed
483 3331 664 3403 potius
707 3329 1016 3395 doluerunt,
1046 3345 1150 3400 pro
1195 3329 1394 3402 quibus
1422 3328 1500 3384 illi
1527 3328 1722 3398 abjecti
1769 3337 1938 3394 erant,

338 3421 428 3478 cui
489 3419 804 3476 Christiano
863 3417 1072 3474 servari
1117 3433 1294 3488 usque
1336 3411 1406 3472 ad
1453 3417 1905 3472 examinationem
1927 3459 1941 3483 ,

339 3509 480 3567 sicut
507 3509 578 3565 de
607 3507 790 3564 dubiis
818 3515 869 3562 et
899 3505 1149 3562 obscuris
1177 3513 1232 3560 et
1259 3505 1393 3560 nihil
1423 3505 1646 3576 periculi
1689 3505 1944 3560 babenti-

341 3599 464 3662 bus,
498 3596 676 3653 videri
705 3595 992 3651 debuerit?
1021 3594 1252 3650 Maxime
1281 3609 1416 3666 erga
1442 3609 1550 3648 non
1572 3602 1866 3664 peccantes
1889 3593 1945 3647 in

339 3687 446 3742 tuis
476 3685 710 3756 injuriis,
743 3684 840 3740 sed
869 3683 1117 3740 dolentes
1153 3701 1164 3736 :
1197 3699 1323 3738 cum
1361 3683 1510 3738 Deus
1539 3683 1680 3738 hanc
1711 3682 1944 3737 retribu-

339 3775 547 3831 tionem
576 3773 755 3828 modis
783 3771 1035 3828 omnibus
1057 3772 1375 3835 detestetur,
1401 3787 1531 3826 cum
1546 3772 1947 3827 retribuuntur

341 3866 500 3921 mala
527 3879 628 3934 pro
649 3862 808 3918 bonis
837 3861 1014 3930 (Psal.
1039 3860 1264 3931 χχχιιι).
1295 3861 1417 3914 Non
1447 3875 1581 3932 ergo
1607 3867 1732 3914 ante
1763 3858 1946 3932 cogni-

341 3953 566 4016 tionem,
599 3950 738 4006 sicut
766 3949 1124 4005 Sardicenses
1154 3963 1391 4004 canones
1405 3947 1598 4018 jubent
1619 3950 1806 4018 (epist.
1831 3949 1942 4018 50),

339 4041 439 4097 sed
469 4047 596 4112 post
626 4037 966 4094 manifestam
996 4036 1386 4110 cognitionem,
1418 4035 1674 4106 praefatos
1713 4035 1946 4091 clericos

341 4137 454 4186 ate
483 4125 804 4183 maledictos
833 4125 1203 4182 communioni
1250 4124 1576 4196 regulariter
1623 4124 1845 4180 sociavi.
1881 4125 1946 4178 Et

341 4213 386 4268 si
417 4214 553 4268 forte
579 4210 784 4283 aliquid
814 4209 1039 4266 rationis
1068 4209 1150 4265 vel
1181 4208 1511 4264 auctoritatis
1545 4207 1772 4263 haberet
1801 4208 1947 4278 quod

343 4300 536 4366 iecisti,
569 4299 661 4354 ubi
692 4307 961 4354 tantorum
1008 4298 1334 4370 populorum
1381 4305 1592 4368 strages
1623 4305 1675 4350 et
1704 4295 1947 4366 pericula

343 4389 732 4454 imminebant,
779 4387 1173 4443 detrahendum
1229 4384 1400 4453 foret,
1447 4393 1505 4438 ut
1555 4385 1699 4439 idem
1758 4384 1947 4438 beatus

2031 511 2332 577 peccatum
2363 519 2477 558 non
2506 505 2664 574 fecit,
2699 519 2802 558 nec
2837 505 3100 559 inventus
3138 509 3224 560 est
3256 503 3416 561 dolus
3440 504 3504 559 in
3541 520 3636 560 ore

2035 593 2178 662 ejus,
2203 593 2298 662 qui
2319 608 2449 646 cum
2469 591 2924 655 malediceretur,
2948 607 3062 646 non
3083 591 3470 659 maledicebat,
3503 609 3634 648 cum

2035 683 2330 751 pateretur
2350 695 2468 735 non
2493 681 2964 741 comminabatur,
2992 679 3248 735 tradebat
3265 684 3458 735 autem
3475 680 3634 751 judi-

2035 769 2194 824 canti
2224 783 2282 822 se
2313 769 2528 838 injuste
2557 767 2606 836 (1
2634 770 2786 822 Petr.
2823 770 2905 835 ιι).
2937 768 3006 821 Ει
3039 767 3269 821 Paulus:
3297 767 3630 834 Benedicite,

2036 859 2093 910 et
2137 857 2318 910 nolite
2364 855 2721 920 maledicere,
2781 871 2898 910 non
2941 855 3236 911 reddentes
3279 857 3495 914 malum
3537 873 3638 928 pro
3674 864 3696 872 ’

2035 943 2208 1008 malo,
2239 959 2342 998 nec
2371 944 2742 999 maledictum
2760 960 2864 1016 pro
2884 943 3188 999 maledicto
3212 943 3389 1012 (Rom.
3423 941 3546 1014 xu).
3570 945 3636 998 Et

2037 1029 2162 1086 hinc
2188 1047 2290 1102 per
2329 1032 2678 1102 semetipsam
2711 1031 2920 1087 Veritas
2950 1031 3078 1088 dicit
3113 1049 3124 1084 :
3157 1033 3386 1103 Diligite
3435 1032 3636 1086 inimi-

2037 1136 2126 1176 cos
2159 1123 2389 1185 vestros,
2439 1121 2753 1191 benefacite
2781 1121 2869 1176 his
2897 1123 2995 1193 qui
3025 1121 3267 1176 oderunt
3306 1136 3416 1175 vos.
3472 1119 3638 1175 Orate

2035 1224 2136 1280 pro
2149 1210 2609 1281 persequentibus
2629 1213 2686 1264 et
2705 1209 3192 1266 calumniantibus
3209 1225 3299 1265 vos
3321 1207 3540 1279 (Matth.
3557 1208 3633 1279 γ).

2041 1316 2064 1346 «
2102 1297 2304 1360 Virtus,
2338 1297 2508 1368 inquit
2539 1297 2844 1370 Gregorius
2874 1297 3045 1368 (hom.
3080 1299 3147 1351 35
3175 1298 3239 1352 in
3265 1299 3522 1369 Evang:),
3556 1305 3639 1352 est

2037 1399 2224 1440 coram
2255 1384 2564 1440 hominibus
2591 1386 2820 1440 adversa
2849 1385 3107 1450 tolerare,
3131 1385 3231 1439 sed
3260 1385 3429 1439 virtus
3457 1399 3638 1440 coram

2037 1473 2156 1528 Deo
2181 1473 2410 1544 diligere
2443 1491 2454 1526 :
2490 1473 2618 1546 quia
2647 1475 2752 1530 hoc
2781 1473 2957 1529 solum
3001 1475 3147 1528 Deus
3177 1471 3508 1528 sacriﬁcium
3538 1489 3636 1529 ac-

2037 1560 2185 1631 cipit,
2218 1561 2362 1632 quod
2411 1569 2534 1616 ante
2575 1563 2692 1630 ejus
2721 1562 2909 1618 oculos
2940 1561 2994 1616 in
3023 1561 3180 1616 altari
3229 1560 3388 1616 bonae
3433 1576 3636 1631 opera-

2039 1648 2200 1704 tionis
2228 1648 2446 1704 tlamma
2474 1650 2748 1704 charitatis
2777 1649 3035 1705 incendit.
3071 1672 3092 1697 »
3125 1650 3193 1704 Et
3220 1649 3484 1704 Dominus
3513 1648 3636 1704 illos

1966 1735 2170 1826 Bdicit
2217 1737 2436 1803 beatos,
2482 1738 2576 1808 qui
2621 1739 3057 1808 persecutionem
3101 1737 3374 1808 patiuntur
3417 1745 3638 1808 propter

2035 1825 2300 1894 justitiam
2347 1827 2566 1896 (Matth.
2623 1826 2706 1897 v);
2755 1842 2865 1881 non
2907 1833 3129 1896 propter
3173 1825 3487 1896 nequitiam,
3532 1825 3636 1880 nisi

2041 1912 2181 1968 forte
2209 1929 2306 1984 per
2335 1913 2510 1984 ipsam
2540 1913 2979 1984 persecutionem
3008 1921 3390 1970 convertantur
3415 1913 3486 1969 ad
3516 1927 3638 1968 cor-

2041 2001 2355 2066 rectionem.
2377 2011 2430 2056 et
2450 2011 2854 2074 consequantur
2870 2002 3211 2073 purgationis
3227 2001 3633 2056 beatitudinem.

2039 2090 2118 2145 Tu
2145 2098 2346 2156 autem,
2388 2091 2434 2144 si
2483 2099 2667 2145 contra
2697 2091 2851 2163 leges
2879 2091 3092 2146 divinas
3121 2098 3174 2144 et
3212 2091 3474 2144 humanas
3499 2089 3556 2144 in
3584 2097 3638 2144 te

2041 2178 2296 2250 quiddam
2319 2194 2350 2233 a
2373 2195 2698 2250 quocunque
2720 2179 2919 2234 exstitit
2949 2186 3341 2250 perpetratum,
3375 2177 3505 2232 mihi
3535 2179 3638 2234 hoc

2041 2275 2226 2320 notum
2258 2266 2454 2332 facere,
2489 2276 2541 2321 et
2569 2284 2670 2337 per
2706 2267 2924 2341 aliquod
2967 2268 3230 2337 temporis
3273 2267 3508 2337 spatium
3536 2281 3637 2336 pa-

2038 2355 2236 2409 tienter
2281 2355 2552 2410 debueras
2599 2364 2935 2426 exspectare,
2969 2371 3142 2426 usque
3190 2355 3318 2410 dum
3358 2354 3484 2408 inde
3513 2369 3637 2410 cum

2039 2441 2286 2497 fratribus
2309 2450 2362 2497 et
2381 2443 2719 2513 coepiscopis
2738 2443 2940 2497 nostris
2967 2451 3294 2512 satagerem,
3321 2442 3455 2497 sicut
3477 2442 3660 2519 etiarn‘

2039 2546 2284 2602 egeram,
2311 2539 2362 2584 et
2387 2546 2496 2584 non
2530 2539 2652 2585 tuas
2675 2530 2954 2586 molestias
2983 2531 3212 2585 aliorum
3245 2529 3638 2600 perditionibus

2038 2618 2332 2674 vindicare.
2365 2620 2431 2672 Et
2452 2619 2498 2673 si
2513 2618 2670 2680 forte.
2705 2635 2953 2690 quaerens
2983 2618 3268 2683 resistendi
3297 2615 3548 2688 suﬁ'ugia,
3585 2627 3640 2674 et

2037 2706 2214 2777 petius
2242 2706 2604 2777 perniciosum
2645 2706 2844 2762 factum
2875 2715 3021 2761 tuum
3053 2705 3286 2776 elegeris
3318 2704 3635 2775 defendere,

2039 2811 2203 2866 quam
2250 2811 2652 2866 recognoscere
2696 2803 2860 2868 atque
2907 2795 3207 2868 corrigere.
3241 2793 3478 2862 objicere
3507 2793 3638 2848 mihi

2038 2883 2276 2938 volueris
2305 2885 2450 2954 quod
2471 2885 2813 2940 Innocentius
2834 2883 2904 2938 ad
2926 2883 3250 2938 Macedones
3271 2881 3486 2952 scripsit
3515 2881 3638 2952 epi-

2040 2986 2238 3042 scopos
2265 2971 2453 3026 dicens
2482 2973 2672 3044 (epist.
2703 2976 2790 3037 29,
2823 2971 2926 3026 sub
2965 2970 3152 3038 ﬁnem)
3177 2989 3190 3024 :
3220 2994 3242 3018 ‹‹
3271 2970 3377 3025 Sed
3408 2977 3465 3024 ut
3492 2985 3638 3040 saepe

2040 3059 2254 3123 accidit,
2287 3060 2499 3130 quoties
2528 3077 2558 3113 a
2587 3060 2802 3130 populis
2831 3067 2923 3113 aut
2951 3075 2984 3112 a
3010 3059 3166 3113 turba
3209 3065 3479 3128 peccatur,
3513 3057 3641 3128 quia

2043 3147 2099 3200 in
2127 3163 2318 3201 omnes
2348 3155 2570 3218 prOpter
2596 3147 2988 3201 multitudinem
3017 3161 3126 3200 non
3152 3153 3331 3216 potest
3355 3145 3634 3214 vindicari,

2042 3236 2268 3290 inultum
2299 3236 2436 3290 solet
2464 3236 2716 3301 transire,
2760 3235 2943 3306 priora
2994 3251 3127 3308 ergo
3169 3233 3487 3289 dimittenda
3516 3233 3639 3289 dico

2043 3324 2142 3379 Dei
2167 3323 2391 3392 judicio,
2425 3331 2479 3378 ct
2505 3324 2574 3378 de
2600 3323 2812 3396 reliquo
2840 3323 3071 3378 maxime
3101 3322 3463 3378 sollicitudine
3489 3337 3636 3393 prat-

2043 3413 2382 3475 carendum;
2421 3433 2442 3463 υ
2479 3411 2666 3480 rejicio
2710 3412 2825 3478 tibi,
2858 3421 2916 3466 ut
2945 3411 3030 3467 vel
3059 3411 3115 3465 in
3143 3411 3395 3482 populos,
3443 3418 3538 3466 aut
3582 3410 3640 3466 in

2041 3501 2258 3556 turbam
2304 3508 2642 3571 peccantem,
2675 3507 2730 3556 et
2769 3515 2879 3555 non
2905 3499 2960 3554 in
2990 3500 3221 3570 populos
3249 3507 3302 3554 et
3327 3499 3381 3554 in
3428 3499 3639 3553 turbam

2043 3589 2341 3654 innoxiam,
2375 3591 2472 3644 bas
2497 3589 2906 3644 maledictiones
2933 3597 3056 3643 tuas
3084 3603 3360 3654 exereres,
3385 3586 3477 3658 qui
3506 3585 3639 3640 nulli

2042 3678 2393 3741 maledicere,
2423 3678 2582 3732 etiam
2613 3677 2668 3732 in
2698 3686 2749 3732 te
2775 3676 3042 3748 peccanti,
3073 3677 3294 3731 minime
3321 3683 3500 3730 autem
3530 3689 3642 3730 non

2043 3765 2310 3838 peccanti,
2332 3765 2664 3837 preciperis.
2691 3767 2771 3820 De
2791 3765 3099 3838 alligatione
3127 3773 3309 3820 autem
3327 3762 3637 3834 episcopali,

2047 3855 2192 3926 quod
2223 3854 2379 3910 nobis
2399 3854 2530 3909 satis
2551 3855 2912 3919 tremendum,
2937 3863 2989 3909 et
3010 3853 3334 3918 cavendum,
3357 3860 3518 3922 atque
3543 3849 3641 3906 ob-

2045 3944 2375 3998 servandum
2405 3953 2507 4008 est,
2539 3951 2760 3998 sanctus
2803 3943 3102 4014 Gregorius
3131 3942 3185 3996 in
3217 3939 3436 3996 homilia
3468 3941 3641 3994 Evan-

2044 4031 2175 4102 gelii
2203 4031 2468 4102 vigesima
2493 4039 2646 4086 sexta
2674 4029 2804 4085 dicit
2827 4049 2840 4084 :
2869 4052 2891 4080 σι
2927 4031 3082 4100 Saepe
3111 4030 3163 4083 in
3195 4028 3431 4102 ligandis
3451 4043 3514 4082 ac
3533 4027 3644 4082 sol-

2044 4119 2238 4176 vendis
2283 4119 2514 4172 subditis
2560 4125 2748 4187 pastor
2794 4135 2907 4172 suae
2956 4117 3245 4171 voluntatis
3291 4123 3489 4181 motus,
3531 4131 3640 4170 non

2044 4215 2224 4262 autem
2271 4221 2562 4260 causarum
2606 4204 2800 4258 merita
2849 4203 3114 4274 sequitur.
3167 4204 3320 4260 Unde
3350 4203 3408 4256 ﬁt
3437 4209 3495 4256 ut
3523 4202 3644 4272 ipsa

2045 4296 2146 4359 hac
2175 4293 2377 4366 ligandi
2407 4303 2460 4348 et
2491 4292 2738 4348 solvendi
2767 4299 3032 4362 potestate
3060 4307 3120 4346 se
3150 4291 3346 4361 privet,
3380 4289 3472 4362 qui
3504 4290 3643 4345 hanc

2045 4399 2146 4454 pro
2177 4381 2289 4437 suis
2317 4381 2702 4445 voluntatibus,
2735 4387 2788 4435 et
2815 4395 2922 4436 non
2952 4395 3052 4450 pro
3083 4379 3441 4449 subjectorum
3472 4376 3642 4432 mori-

342 4478 684 4553 Augustinus
713 4475 1067 4541 demonstrat,
1101 4473 1302 4546 aliquid
1335 4471 1632 4542 severitati,
1658 4481 1716 4526 ut
1740 4471 1947 4540 majori-
1971 4469 2027 4530 D
2051 4472 2153 4526 bus
2173 4479 2411 4526 exercet.
2445 4471 2599 4526 Unde
2623 4477 2768 4524 recte
2788 4484 2884 4539 per
2901 4469 3219 4539 prephelam
3248 4467 3446 4522 dicitur
3467 4481 3480 4520 :
3505 4466 3644 4521 Mor-

342 4568 445 4622 bus
476 4566 636 4623 malis
669 4564 922 4620 sanandis
949 4563 1266 4620 subveniret
1296 4562 1534 4618 Charitas
1564 4578 1685 4632 quae
1705 4561 1948 4631 cooperit

343 4655 746 4712 multitudinem
798 4661 1168 4725 peccatorum.
1229 4653 1298 4706 Et
1358 4651 1404 4706 si
1459 4659 1664 4705 tantum
1717 4650 1771 4704 in
1827 4666 1942 4720 eos,

345 4745 436 4817 qui
465 4752 722 4800 auctores
750 4741 836 4798 vel
863 4749 1168 4812 patratores
1198 4739 1516 4810 injuriarum
1538 4747 1752 4794 tuarum
1774 4747 1944 4805 erant,

346 4831 758 4888 maledictiones
789 4839 906 4884 tuas
929 4828 1224 4898 jaculando
1271 4844 1544 4897 exereres,
1577 4827 1715 4882 forte
1743 4828 1950 4898 portari

346 4922 414 4977 ab
441 4921 564 4976 aliis
593 4927 864 4991 poterant,
897 4935 1070 4990 usque
1099 4917 1230 4972 dum
1260 4917 1508 4988 synodali
1555 4924 1823 4972 conventu
1855 4915 1951 4970 tibi

344 5010 812 5079 demonstraretur
839 5015 892 5062 te
924 5015 1114 5062 contra
1157 5005 1426 5075 rationem
1473 5004 1656 5078 egisse
1677 5047 1690 5070 ,
1720 5004 1950 5059 docente

347 5098 510 5154 beato
527 5099 691 5152 Petro
709 5093 986 5166 apostolo:
1009 5097 1134 5150 Haec
1155 5098 1239 5150 est
1259 5096 1414 5150 enim
1427 5095 1634 5164 gratia,
1655 5094 1703 5148 si
1723 5110 1858 5166 prop
1867 5097 1952 5147 ter

347 5185 760 5244 conscientiam
779 5185 878 5239 Dei
897 5184 1146 5240 sustinet
1161 5183 1284 5256 quis
1303 5183 1576 5238 tristitias
1597 5181 1824 5253 patiens
1855 5183 1950 5235 in-

345 5277 518 5346 iuste.
557 5273 691 5340 Quae
719 5274 874 5328 enim
900 5274 1087 5344 gratia
1118 5273 1168 5326 si
1193 5274 1495 5343 peccantes
1526 5274 1582 5324 et
1607 5259 1952 5342 colaphizati

347 5362 642 5437 suﬁertis?
663 5361 768 5418 Sed
789 5363 838 5417 si
859 5361 993 5417 bene
1013 5363 1292 5432 facientes
1315 5360 1605 5432 patienter
1631 5359 1948 5426 sustinetis,

345 5451 462 5508 haec
483 5454 572 5508 est
593 5451 784 5524 gratia
804 5450 953 5523 apud
978 5451 1175 5507 Deum.
1199 5449 1264 5505 In
1286 5448 1386 5505 hoc
1405 5448 1561 5504 enim
1580 5447 1765 5503 vocati
1791 5448 1949 5512 estis,

349 5553 483 5623 quia
511 5554 570 5605 et
597 5550 855 5607 Christus
901 5565 1104 5622 passus
1147 5551 1234 5602 est
1265 5563 1365 5619 pro
1395 5545 1570 5614 nobis,
1622 5545 1951 5617 relinquens

2052 4560 2343 4630 ti/icabant
2374 4561 2602 4614 animas
2632 4575 2753 4631 qua;
2781 4575 2898 4613 non
2928 4561 3274 4620 moriuntur,
3307 4559 3362 4610 et
3391 4554 3642 4622 viviﬁca-

2050 4651 2186 4706 bant
2214 4649 2440 4704 animas
2461 4665 2583 4720 quw
2604 4648 2936 4704 non-vivunt
2955 4646 3175 4716 (Ezech.
3205 4643 3350 4713 xm).
3385 4643 3505 4696 Non
3526 4657 3644 4697 mo-

2051 4738 2278 4794 rientem
2307 4737 2508 4808 quippe
2528 4733 2834 4800 mortiﬁcat,
2858 4734 2948 4805 qui
2961 4733 3165 4802 justum
3183 4731 3439 4785 damnat:
3463 4739 3646 4786 etnon

2051 4827 2318 4882 victurum
2340 4825 2613 4880 viviﬁcare
2643 4824 2847 4885 nititur,
2873 4821 2964 4892 qui
2993 4836 3145 4874 reum
3179 4817 3444 4890 supplicio
3472 4819 3646 4877 absol-

2052 4932 2180 4971 vere
2212 4923 2464 4980 conatur;
2502 4933 2522 4964 ιι
2559 4929 2625 4968 ac
2655 4926 2800 4981 saepe
2827 4909 3023 4981 agitur,
3079 4916 3137 4962 ut
3175 4907 3263 4962 vel
3289 4909 3508 4964 damnet
3536 4908 3646 4962 im-

2050 4999 2292 5066 meritos,
2315 4999 2402 5052 vel
2431 4997 2569 5052 alios
2597 4997 2713 5066 ipse
2743 4994 2944 5064 ligatus
2973 4991 3166 5048 solvat.
3197 4993 3321 5047 Nan
3349 4991 3516 5065 igitur
3540 5007 3645 5047 no-

2051 5105 2198 5154 vum,
2233 5087 2330 5142 sed
2361 5095 2604 5141 veterum
2633 5081 2944 5152 regularum
2987 5081 3334 5137 constitutum
3365 5089 3467 5150 est,
3501 5079 3646 5152 quod

2052 5177 2139 5250 egi
2170 5177 2226 5231 in
2254 5173 2593 5231 absolutione
2623 5187 2656 5226 a
2685 5178 2736 5224 te
2768 5169 3212 5225 maledictorum:
3245 5169 3368 5241 quia
3397 5177 3454 5223 ut
3484 5169 3649 5224 Gela-

2053 5266 2165 5320 sius
2189 5267 2248 5320 :le
2270 5279 2369 5318 suo
2389 5263 2681 5316 decessore
2701 5259 2862 5314 dicit:
2888 5279 2909 5308 α
2936 5259 3058 5312 Νοιι
3077 5274 3231 5314 novas
3253 5256 3648 5312 constitutionis

2052 5362 2263 5418 auctor,
2298 5351 2395 5406 sed
2425 5348 2626 5403 veteris
2653 5363 2775 5403 sum
2804 5355 3104 5404 exsecutor.
3136 5365 3156 5397 ι
3183 5345 3331 5401 Sicut
3357 5343 3646 5417 Carthagi-

2051 5457 2250 5497 nenses
2271 5453 2510 5495 canones
2531 5435 2815 5492 manifeste
2835 5437 3203 5492 demonstrant
3222 5433 3465 5488 dicentes
3493 5435 3642 5504 (can.

2052 5541 2107 5594 5)
2141 5555 2154 5592 :
2193 5559 2215 5586 α
2249 5534 2493 5591 Novellus
2521 5534 2924 5607 suggestiones,
2955 5548 3077 5604 quae
3105 5530 3192 5586 vel
3219 5529 3469 5584 obscure
3497 5533 3640 5593 sunt,
