4164 6320
507 308 605 362 ιη

1407 301 1747 357 HINCMAII
1801 294 2205 354 amamus
2261 291 2806 350 ARCHIEPISCOPI.

3701 291 3808 346 ιη

504 431 593 486 vel
613 431 713 489 sub
739 444 946 502 genere
975 428 1162 492 latent,
1187 427 1444 498 inspecto
1463 442 1494 480 a
1512 425 1672 481 nobis
1698 423 1928 480 formam
1957 420 2172 480 acci—A
2198 417 2376 476 lorum
2441 418 2702 490 principis
2763 416 3086 476 auctoritate
3145 415 3513 480 decorum,

503 519 652 590 piant
681 534 696 571 :
728 525 981 573 caeterum
1015 517 1084 571 de
1115 515 1312 588 quibus
1339 514 1684 586 apertissime
1730 513 1914 566 divina
1947 510 2100 566 Scri—

502 615 654 678 ptura
683 605 878 670 sanxit,
901 621 1014 662 non
1045 613 1131 660 est
1157 603 1456 660 differenda
1484 601 1768 666 sententia,
1793 601 1891 656 sed
1921 599 2101 671 potius

504 695 871 766 exsequenda.
923 693 1156 748 Proinde
1201 693 1345 765 quod
1375 692 1429 746 in
1457 691 1612 748 laicis
1659 687 2097 760 reprehenditur,

506 782 561 838 id
613 783 783 838 multo
837 782 1016 855 magis
1067 782 1124 836 in
1179 780 1389 837 clericis
1443 786 1654 850 oportet
1714 775 2098 848 przedamnari.

507 869 758 926 Universi
803 870 1072 936 dixerunt,
1124 869 1298 924 Nemo
1339 876 1533 924 contra
1574 868 1892 937 prophetas,
1943 878 2105 920 nemo

506 966 699 1014 contra
743 958 1105 1031 Evangelium
1151 957 1274 1013 facit
1319 957 1436 1011 sine
1483 955 1742 1026 periculo.
1797 977 1817 1000 »
1865 954 1933 1009 Et
1979 960 2105 1023 post

507 1062 727 1118 pauca:
766 1069 788 1097 ι
839 1045 1070 1118 Reliqua
1113 1061 1269 1114 vero,
1320 1060 1438 1116 quae
1487 1044 1574 1098 vel
1612 1043 1756 1098 facta
1807 1042 1896 1097 vel
1961 1041 2103 1096 dicta

507 1134 758 1206 superius
787 1136 1182 1206 comprehensa
1211 1143 1356 1197 sunt,
1391 1131 1481 1188 vel
1509 1131 1628 1186 aliis
1676 1129 1922 1187 conciliis
1977 1145 2106 1185 con-

510 1223 734 1294 scripta,
769 1240 890 1294 quae
929 1223 1230 1279 secundum
1279 1222 1459 1294 legem
1506 1220 1870 1284 inveniuntur,
1915 1226 2102 1274 custo—

507 1311 626 1367 dire
654 1327 758 1368 nos
794 1319 1022 1382 oportet.
1072 1311 1129 1365 Si
1177 1309 1298 1382 quis
1343 1325 1476 1366 vero
1525 1316 1727 1364 statuta
1773 1323 2104 1379 supergres-

509 1415 602 1454 sus
629 1400 952 1471 corruperit,
987 1399 1077 1454 vel
1106 1415 1207 1470 pro
1236 1398 1408 1453 nihilo
1437 1397 1690 1453 habenda
1714 1395 2006 1468 putaverit,
2059 1394 2105 1448 si

508 1487 680 1543 laicus
726 1496 828 1556 est,
880 1487 1280 1552 communione,
1331 1487 1378 1540 si
1428 1486 1663 1542 clericus
1722 1493 1823 1549 est,
1899 1484 2106 1538 honore

509 1577 768 1647 privetur.
817 1575 1068 1632 Universi
1117 1575 1384 1640 dixerunt,
1444 1575 1644 1639 Placet,
1711 1573 1907 1644 placet.
1947 1596 1967 1618 »
2038 1573 2106 1626 Et

505 1673 628 1735 post
683 1664 842 1718 istam
908 1665 1196 1736 synodum,
1257 1663 1703 1719 Chalcedonense
1771 1661 2105 1717 celebratum

507 1752 794 1810 concilium
805 1753 933 1809 dicit
955 1757 1106 1824 (can.
1132 1755 1184 1823 1)
1209 1769 1222 1808 :
1246 1775 1268 1804 ι
1290 1753 1533 1825 Regulae
1545 1759 1853 1807 sanctorum
1883 1751 2104 1804 Patrum

506 1856 608 1911 per
634 1841 848 1912 singula
877 1859 1024 1898 nunc
1037 1857 1214 1913 usque
1233 1841 1464 1896 concilia
1481 1839 1800 1896 constitutas
1819 1837 2103 1908 proprium

510 1929 678 1984 robur
705 1930 951 1986 obtinere
974 1929 1335 1986 decrevimus.
1366 1953 1388 1978 »ι
1421 1930 1492 1982 Et
1521 1928 1650 1982 item
1679 1931 1802 1997 pest
1831 1925 2105 1998 aliquanta

513 2019 662 2087 (can.
699 2019 789 2089 10)
822 2035 834 2072 :
873 2040 894 2068 α
929 2019 1042 2074 Eos
1071 2033 1204 2074 vero
1232 2017 1322 2089 qui
1354 2017 1474 2072 ausi
1504 2016 1704 2071 fuerint
1743 2023 1864 2086 post
1899 2013 2103 2068 diffini-

511 2107 712 2161 tionem
740 2121 955 2178 magna;
983 2115 1037 2161 et
1053 2105 1377 2162 universalis
1389 2105 1554 2174 hujus
1575 2103 1790 2174 synodi,
1809 2103 2104 2174 quidquam

511 2208 578 2248 ex
604 2193 690 2248 his
706 2210 826 2265 quae
846 2203 972 2248 sunt
989 2194 1264 2266 prohibita
1282 2201 1618 2264 perpetrare,
1643 2191 1887 2248 decrevit
1905 2192 2105 2247 sancta

509 2282 753 2352 synodus
781 2297 814 2337 a
839 2283 1064 2353 proprio
1091 2281 1400 2352 hujusmodi
1430 2282 1606 2352 gradu
1635 2281 1914 2336 recedere.
1947 2300 1970 2329 ν
1990 2301 2012 2330 ι
2037 2279 2106 2333 Et

508 2370 599 2426 hic
627 2370 672 2424 si
702 2371 941 2440 objicere
969 2371 1102 2426 mihi
1129 2371 1371 2427 volueris
1401 2371 1547 2442 quod
1573 2385 1738 2440 supra
1763 2369 1878 2423 dixi
1908 2369 1977 2423 de
2006 2383 2106 2423 ca-

506 2458 680 2530 pitulo
707 2459 868 2529 hujus
897 2460 1092 2530 synodi
1120 2475 1150 2513 a
1186 2460 1317 2514 sede
1358 2458 1655 2530 apostolica
1701 2473 1812 2512 non
1865 2464 2101 2527 recepto,

509 2545 690 2602 refero
727 2547 825 2602 tibi
867 2557 927 2604 ut
973 2549 1130 2621 legas
1168 2548 1438 2618 superius,
1486 2555 1540 2601 et
1585 2547 1771 2602 videas
1846 2554 2104 2616 quantum

509 2634 646 2701 dixi,
697 2637 844 2706 quod
897 2637 968 2691 de
1037 2637 1232 2692 eodem
1283 2635 1518 2706 capitulo
1583 2635 1744 2690 sedes
1804 2633 2107 2705 apostolica

455 2709 464 2724 ’
509 2739 620 2779 non
647 2724 894 2795 recipiat,
919 2724 1146 2791 scilicet,
1181 2725 1238 2780 Si
1265 2726 1532 2779 adversus
1581 2724 1827 2792 ejusdem
1873 2723 2093 2793 provin-

510 2811 610 2867 βίω
654 2813 1131 2883 metropolitanum
1179 2813 1467 2884 episcopus
1519 2813 1608 2867 vel
1664 2811 1896 2867 clericus
1944 2812 2105 2866 habet

511 2901 811 2972 querelam,
843 2909 992 2971 petat
1020 2902 1207 2956 sedem
1238 2902 1403 2974 regiae
1432 2901 1580 2955 urbis
1612 2899 2109 2970 Constantinopoli-

509 2997 671 3058 tanae,
703 2998 759 3044 et
786 2990 927 3060 apud
947 2990 1124 3061 ipsam
1135 2990 1424 3060 judicetur.
1455 3011 1477 3039 υ
1504 2991 1571 3044 Et
1591 2989 1768 3044 adhuc
1788 2988 1884 3042 tibi
1907 2987 2104 3052 refero,

511 3077 640 3148 quia
667 3077 811 3132 idem
842 3078 1132 3134 concilium
1161 3079 1266 3134 hoc
1314 3079 1460 3150 quod
1497 3078 1567 3133 de
1603 3076 2106 3146 ConstantinOpoli-

2202 507 2413 563 dierum
2461 507 2633 579 spatio
2678 521 2840 562 sacra
2881 514 2932 560 te
2966 504 3345 560 communione
3388 502 3680 574 privatum,
3729 501 3802 558 ab

2201 597 2556 668 omnipotenti
2586 589 2702 652 Deo
2731 603 2916 651 nostro
2945 593 3081 648 tanti
3107 607 3404 650 excesssus
3431 591 3646 648 veniam
3673 606 3800 647 cum

2201 701 2417 742 summa
2443 684 2757 757 paenitentia
2777 698 2844 741 ac
2863 682 3120 754 lacrymis
3139 697 3386 736 exorare.
3409 680 3569 749 Quod
3585 680 3640 736 si
3657 680 3802 735 hanc

2203 774 2529 830 sententiam
2557 782 2802 829 nostram
2819 779 2872 828 te
2899 769 3318 843 cognoverimus
3329 768 3588 840 implesse
3609 767 3802 824 remis-

2203 862 2337 928 sius,
2367 879 2479 918 non
2494 863 2608 931 jam
2633 869 2846 917 tantum
2875 859 3208 930 iniustitiam,
3261 859 3360 914 sed
3405 867 3459 913 et
3509 865 3800 914 contuma-

2203 951 2343 1007 ciam
2373 950 2726 1008 fraternitatis
2773 959 2878 1004 tuaa
2935 963 3239 1021 cognoscas
3278 947 3502 1016 juvante
3563 944 3802 1001 Domino

2202 1041 2445 1096 severius
2473 1039 2826 1111 puniendam.
2867 1059 2890 1088 ι
2925 1039 2994 1092 Ει
3020 1038 3152 1092 item
3179 1035 3306 1091 alibi
3332 1035 3452 1113 (lib.
3477 1051 3536 1100 tl,
3560 1034 3682 1090 ind.
3707 1037 3797 1100 11,

2203 1129 2365 1202 epist.
2399 1129 2454 1200 7)
2489 1145 2502 1184 :
2538 1150 2562 1180 σι
2598 1127 2756 1197 Quod
2787 1127 2833 1182 si
2861 1127 3188 1182 contrahaec
3207 1141 3328 1196 quae
3348 1123 3636 1179 statuimus
3657 1137 3798 1194 quo-

2202 1217 2332 1273 libet
2359 1225 2620 1288 tempore,
2667 1215 2905 1288 qualibet
2951 1213 3262 1279 occasione,
3307 1213 3396 1268 vel
3445 1211 3800 1282 subreptione

2204 1307 2390 1361 venire
2419 1305 2732 1370 tentaveris,
2791 1319 2951 1360 sacra
2979 1303 3126 1359 scias
3155 1311 3206 1357 te
3249 1300 3636 1358 communione
3677 1299 3800 1370 pri-

2204 1403 2410 1460 vatum,
2441 1410 2542 1450 nec
2571 1409 2695 1449 eam
2716 1401 2786 1461 te,
2821 1399 3050 1462 excepto
3096 1389 3286 1445 ultimo
3337 1390 3461 1445 vitai
3505 1397 3611 1444 tum
3651 1395 3800 1442 tem-

2203 1499 2354 1554 pore,
2387 1482 2492 1537 nisi
2539 1497 2666 1538 cum
2711 1496 2975 1538 concessa
3018 1479 3246 1536 Romani
3288 1475 3561 1548 pontiﬁcis
3595 1477 3801 1532 decer-

2201 1571 2378 1626 nimus
2401 1570 2646 1640 jussione
2675 1569 2979 1640 percipere.
3013 1569 3144 1624 Haec
3168 1567 3314 1623 enim
3325 1581 3570 1622 consona
3597 1564 3803 1620 sanctis

2205 1659 2456 1714 Patribus
2483 1658 2814 1714 deﬁnitione
2842 1657 3138 1722 sancimus,
3171 1663 3229 1710 ut
3273 1654 3369 1727 qui
3409 1653 3582 1710 sacris
3623 1652 3804 1708 nescit

2131 1773 2186 1834 Β
2207 1749 2432 1804 obedire
2472 1747 2791 1815 canonibus,
2851 1761 2956 1803 nec
3010 1745 3185 1802 sacris
3239 1743 3638 1834 administrare,
3699 1755 3806 1796 nec

2221 1837 2658 1892 communionem
2687 1851 2886 1906 capere
2917 1835 2986 1890 sit
3011 1834 3212 1905 dignus
3239 1831 3522 1888 altaribus.
3560 1855 3581 1880 ι»

2772 2004 2998 2060 CAPUT
3019 2003 3226 2059 XXXI.

2205 2132 2280 2186 De
2302 2145 2361 2184 eo
2373 2129 2515 2201 quod
2526 2129 2812 2201 parvulos,
2831 2130 2926 2201 qui
2942 2143 3086 2201 saepe
3103 2127 3432 2201 discrimine
3444 2126 3646 2181 mortis
3657 2127 3807 2196 peri-

2525 2195 2705 2254 clitan
2716 2195 3139 2270 titr,'baptii.ari
3167 2195 3476 2270 prohibuit.

2275 2315 2520 2386 Denique
2553 2315 2691 2369 sicut
2722 2313 2775 2368 in
2797 2313 3055 2385 petitione
3077 2312 3207 2366 mihi
3227 2311 3296 2366 ab
3319 2311 3554 2367 ecclesia
3591 2309 3803 2364 Laudu-

2207 2404 2362 2459 nensi
2391 2404 2516 2458 data
2543 2402 2866 2468 continetur,
2899 2416 3058 2457 causa
3086 2401 3400 2470 injuriarum
3431 2407 3641 2454 tuarum
3669 2413 3803 2470 par-

2204 2493 2360 2548 vulos
2387 2490 2670 2563 baptizari,
2720 2491 2810 2562 qui
2861 2507 3004 2562 saepe
3043 2489 3358 2546 discrimine
3412 2488 3605 2544 mortis
3651 2487 3804 2559 peri-

2206 2581 2476 2646 clitantur,
2508 2579 2854 2652 prohibuisti.
2904 2580 2962 2632 In
3009 2594 3116 2650 quo
3164 2577 3402 2648 capitulo
3451 2576 3704 2648 Pelagius
3752 2585 3807 2631 et

2204 2679 2262 2726 tu
2289 2669 2431 2726 facti.
2460 2669 2610 2735 estis,
2652 2677 2711 2722 ut
2759 2685 2822 2722 ex
2869 2667 3062 2736 majori
3103 2674 3258 2738 parte
3313 2665 3573 2738 egregius
3644 2672 3804 2737 poeta

2204 2759 2337 2814 dicit
2372 2777 2384 2812 :

2337 2870 2494 2916 Ambo
2517 2879 2688 2916 errore
2711 2879 2874 2926 pares,
2897 2868 3129 2926 quamvis
3145 2868 3349 2915 diversa
3379 2870 3668 2926 sequentes.

2205 2977 2458 3050 Pelagius
2489 2977 2672 3032 docuit
2697 2976 2956 3048 parvulos
2985 2983 3232 3032 recentes
3260 2975 3326 3030 ab
3356 2975 3528 3030 uteris
3569 2983 3802 3031 matrum

2206 3081 2314 3120 non
2342 3065 2692 3136 baptizandos
2743 3065 2799 3119 in
2842 3064 3222 3121 remissionem
3269 3071 3634 3134 peccatorum,
3678 3065 3808 3136 quia

504 3126 630 3222 tam
660 3167 791 3221 sede
819 3167 1055 3236 petenda
1081 3167 1234 3236 dixit,
1267 3126 1376 3222 ηξη
1407 3165 1702 3238 prohibuit,
1737 3165 1834 3220 sed
1879 3126 2104 3220 carices.
2135 3126 2184 3192 Ο
2206 3154 2339 3209 nihil
2368 3155 2658 3218 trahebant
2684 3171 2751 3209 ex
2768 3155 2958 3220 Adam,
2977 3153 3122 3224 quod
3137 3153 3351 3210 lavacro
3367 3153 3804 3224 regenerationis

511 3254 626 3308 sit:
660 3255 714 3308 in
767 3255 872 3310 hoc
919 3263 1102 3310 autem
1151 3255 1433 3326 supposito
1490 3254 1726 3326 capitulo
1783 3253 1936 3318 dixit,
1998 3252 2102 3322 Qui

510 3343 629 3396 ausi
657 3341 857 3396 fuerint
887 3358 950 3396 ex
982 3343 1068 3396 his
1117 3359 1238 3414 qua;
1284 3351 1406 3397 sunt
1451 3342 1722 3412 prohibita
1769 3349 2097 3412 perpetrare.

512 3429 654 3498 Quia
680 3430 847 3503 igitur
875 3438 1088 3486 constat
1115 3431 1171 3484 in
1184 3431 1270 3484 his
1294 3440 1345 3484 te
1367 3430 1583 3486 inimico
1603 3430 1786 3486 animo
1799 3429 2098 3498 judicasse,

509 3526 563 3573 et
587 3517 880 3589 cupiditate
909 3519 1164 3575 vincendi
1195 3519 1550 3589 depravatum
1579 3517 1763 3583 fuisse,
1805 3517 2102 3574 secundum

508 3605 968 3680 Carthaginenses
993 3623 1252 3673 canones,
1287 3608 1446 3662 obest
1463 3607 1561 3662 tibi
1583 3614 1675 3661 tua
1693 3606 1872 3662 soluta
1892 3613 2105 3660 senten-

509 3695 602 3749 tia.
635 3695 705 3749 Et
733 3695 990 3766 quoniam
1018 3695 1074 3749 in
1102 3695 1292 3750 rotulis
1321 3695 1445 3760 tuis,
1480 3695 1682 3750 domno
1723 3695 1842 3766 regi
1881 3701 1934 3748 et
1972 3693 2104 3747 mihi

509 3798 610 3854 per
637 3783 1041 3838 comministros
1061 3783 1322 3838 Ecclesia:
1351 3791 1455 3838 tua:
1483 3783 1726 3851 directis,
1747 3781 2022 3837 multoties
2040 3797 2104 3838 ac

507 3870 876 3940 multipliciter
903 3871 970 3924 ad
1017 3870 1428 3925 conﬁrmandae
1471 3879 1592 3924 tuas
1639 3870 1954 3935 sententias,
1979 3885 2103 3925 cum

509 3959 679 4014 sacris
709 3959 1034 4025 canonibus,
1061 3968 1115 4014 et
1143 3959 1380 4014 decretis
1409 3959 1724 4030 apostolicae
1765 3959 1913 4014 sedis
1960 3975 2103 4029 pon-

508 4047 731 4115 tiﬁcum,
765 4047 927 4103 etiam
957 4046 1166 4120 legales
1195 4047 1492 4102 sententias
1523 4048 1915 4103 catholicorum
1940 4047 2104 4118 iinpe-

508 4143 748 4190 ratorum
769 4137 1020 4207 posuisti,
1053 4150 1358 4207 proponam
1387 4136 1482 4190 tibi
1508 4136 1743 4210 legalem
1773 4136 2104 4192 sententiam

507 4223 793 4280 Iustiniani
821 4225 1069 4281 catholici
1099 4225 1463 4296 imperatoris,
1496 4241 1659 4298 quam
1690 4225 1881 4296 probat
1895 4233 1948 4279 et
1982 4241 2102 4280 ser-

510 4323 599 4368 vat
627 4315 872 4370 Ecclesia
901 4315 1188 4379 catbolica,
1224 4329 1332 4386 qua
1361 4315 1748 4370 constitutione
1777 4329 1970 4379 cxvm,
2023 4330 2106 4373 ca-

507 4400 679 4472 pitulo
706 4418 948 4470 ccccxu,
981 4403 1219 4457 decrevit
1250 4420 1263 4456 :
1296 4405 1362 4458 Ut
1389 4418 1551 4457 nemo
1579 4404 1887 4473 episcopus,
1943 4417 2104 4456 nemo

2202 3243 2530 3314 expiaretur,
2563 3251 2780 3298 certans
2809 3243 3102 3298 ostendere
3130 3257 3232 3297 nos
3291 3257 3460 3297 vacue
3503 3259 3535 3295 a
3591 3241 3806 3298 Christo

2201 3332 2529 3402 redemptos,
2563 3331 2968 3388 contradicente
2999 3331 3102 3385 sibi
3131 3330 3390 3401 Apostolo
3423 3347 3437 3386 :
3471 3333 3582 3386 Per
3620 3347 3804 3386 unum

2203 3422 2489 3476 hominem
2514 3425 2812 3492 peceatum
2843 3422 2905 3475 in
2945 3420 3227 3475 mundum
3258 3419 3519 3485 intravit,
3589 3423 3647 3474 et
3698 3435 3806 3491 per

2201 3513 2496 3580 peccatum
2515 3526 2687 3578 mors,
2705 3513 2762 3564 et
2793 3511 2879 3564 ita
2908 3510 2971 3564 in
3001 3525 3192 3564 omnes
3213 3509 3470 3565 homines
3498 3524 3650 3564 mors
3667 3524 3804 3580 per-

2205 3607 2490 3671 transivit,
2516 3607 2581 3660 in
2595 3622 2699 3678 quo
2715 3622 2908 3661 omnes
2929 3609 3304 3678 peccaverunt
3325 3605 3513 3676 (Rom.
3530 3606 3609 3674 v).
3633 3606 3702 3660 Et
3747 3613 3804 3659 tu

2205 3694 2384 3750 sciens
2395 3709 2584 3748 verum
2593 3709 2717 3748 esse
2729 3695 2874 3766 quod
2892 3693 3154 3749 Dominus
3165 3693 3294 3749 dicit
3311 3711 3322 3747 :
3339 3694 3459 3749 Nisi
3469 3695 3592 3766 quis
3627 3709 3804 3750 rena—

2207 3787 2298 3838 tus
2312 3785 2492 3854 fuerit
2510 3799 2584 3838 ea:
2603 3800 2749 3856 aqua
2763 3784 3050 3856 etSpiritu
3069 3787 3283 3847 saneto,
3305 3798 3420 3838 non
3455 3782 3701 3838 intrabit
3735 3783 3800 3838 in

2203 3887 2441 3942 regnum
2461 3873 2726 3927 caelorum
2742 3874 2925 3940 (Joan.
2957 3872 3060 3937 ut),
3086 3870 3386 3942 prmcepisti
3414 3886 3524 3926 non
3542 3869 3808 3942 baptizari

2205 3958 2258 4013 in
2299 3968 2391 4013 tua
2428 3959 2690 4029 parochia
2718 3960 2994 4029 parvulos,
3028 3959 3190 4015 etiam
3237 3959 3293 4012 in
3329 3959 3518 4014 mortis
3559 3959 3807 4030 periculo

2203 4047 2544 4115 constitutos,
2560 4065 2628 4102 ne
2650 4049 2848 4103 salvari
2867 4049 3264 4113 valerent,cum
3287 4048 3542 4118 scriptum
3561 4047 3629 4102 sit
3653 4049 3801 4104 :Non

2206 4138 2362 4192 venit
2396 4138 2551 4206 [ilius
2578 4137 2822 4192 hominis
2865 4139 3092 4192 animus
3132 4137 3384 4209 perdere,
3459 4136 3554 4192 sed
3579 4137 3805 4193 salvere

2205 4226 2362 4294 (Luc.
2387 4226 2488 4297 ix),
2540 4225 2764 4280 obvians
2808 4224 2970 4280 etiam
3019 4225 3258 4281 decretis
3311 4224 3510 4289 Siricii,
3569 4225 3794 4291 Leonis,

2206 4313 2430 4379 Gelasii,
2467 4323 2520 4368 et
2551 4313 2787 4370 Africani
2818 4313 3050 4378 concilii,
3087 4314 3224 4369 sicut
3258 4314 3374 4382 jam
3438 4313 3532 4368 libi
3581 4314 3802 4385 scriptis

2205 4419 2314 4457 non
2344 4404 2518 4457 solum
2549 4403 2718 4457 semel
2750 4403 2846 4457 sed
2878 4412 2928 4457 et
2949 4403 3190 4457 secundo
3202 4401 3473 4457 mandavi.
3498 4403 3654 4458 Unde
3675 4405 3802 4474 quia

508 4491 798 4562 presbyter
837 4491 1267 4546 excommunicet
1315 4491 1554 4562 aliquem
1601 4499 1894 4562 antequam
1937 4505 2105 4545 causa
2133 4480 2185 4539 D
2208 4507 2278 4545 ex
2309 4492 2526 4563 integro
2548 4492 2663 4560 jam
2695 4491 2788 4544 tibi
2812 4491 2900 4546 illa
2931 4492 3149 4548 decreta
3179 4491 3384 4562 scripto
3421 4491 3614 4557 direxi,
3669 4492 3802 4548 bre-

509 4579 784 4647 probetur,
831 4587 1056 4650 propter
1102 4595 1266 4650 quam
1316 4579 1670 4634 ecclesiastici
1713 4593 1952 4632 canones
2001 4581 2103 4633 hoc

505 4666 621 4721 fieri
645 4667 856 4736 jubent.
891 4668 947 4722 Si
977 4667 1098 4738 quis
1127 4675 1309 4721 autem
1339 4668 1605 4722 adversus
1640 4681 1706 4720 ea
1737 4666 2106 4720 excommuni-

509 4755 718 4809 caverit
741 4756 998 4828 aliquem,
1049 4756 1140 4810 ille
1189 4755 1408 4826 quidem
1453 4755 1544 4826 qui
1602 4753 2106 4809 excommunicatus

513 4849 615 4907 est,
646 4843 868 4911 maioris
898 4844 1198 4900 sacerdotis
1224 4843 1542 4900 auctoritate
1567 4844 1638 4897 ad
1650 4842 1882 4914 gratiam
1903 4849 2106 4896 sanctae

514 4931 913 4985 communionis
955 4934 1154 5002 redeat,
1179 4933 1227 4986 is
1276 4940 1479 4999 autem,
1546 4932 1639 5002 qui
1691 4946 1800 4986 non
1866 4930 2107 5000 legitime

515 5018 1026 5086 excommunicavit,
1058 5021 1322 5075 intentum
1370 5019 1637 5075 abstineat
1666 5035 1699 5074 a
1748 5034 1903 5075 sacra
1950 5035 2106 5074 com-

513 5105 769 5160 munione
797 5114 1030 5176 tempus,
1081 5118 1339 5179 quantum
1386 5109 1578 5178 majori
1617 5109 1887 5163 sacerdoti
1932 5108 2105 5164 visum

514 5192 691 5260 fuerit,
722 5201 780 5248 ut
807 5194 863 5249 id
895 5195 1042 5266 quod
1069 5195 1262 5264 injuste
1291 5196 1436 5261 fecit,
1471 5197 1587 5266 ipse
1603 5197 1748 5264 juste
1771 5198 2019 5267 patiatur.
2039 5198 2108 5252 Et

511 5281 640 5338 hinc
665 5290 883 5338 sanctus
913 5283 1213 5356 Gregorius
1242 5285 1310 5339 ad
1337 5285 1607 5354 Joannem
1655 5285 1970 5357 episcopum
2018 5287 2108 5340 in-

506 5370 654 5439 juste
695 5371 1250 5426 excommunicantem
1298 5372 1449 5443 inter
1494 5379 1688 5428 caetera
1752 5374 1964 5445 scripsit
2018 5375 2138 5430 di-'

513 5473 678 5514 esas:
706 5476 728 5510 ι
753 5459 992 5514 Cessatis
1020 5459 1170 5530 prius
1198 5467 1362 5532 atque
1381 5460 1451 5515 ad
1463 5460 1690 5517 nihilum
1709 5463 1947 5520 redactis
1974 5479 2108 5534 prae-

513 5546 672 5604 dicta
700 5547 982 5603 sententis
1005 5555 1115 5604 tua;
1143 5549 1394 5614 decretis,
1428 5565 1498 5605 ex
1529 5550 1671 5606 beati
1722 5552 1861 5606 Petri
1891 5561 2108 5623 aposto-

2207 4581 2347 4634 viter
2376 4579 2471 4632 tibi
2503 4580 2752 4650 quaedam
2783 4579 2982 4635 exinde
3012 4595 3403 4636 commemoro.
3437 4581 3581 4634 Nam
3621 4581 3694 4637 de
3717 4581 3802 4636 in-

2183 4665 2441 4721 fantibus
2469 4666 2828 4736 baptizandis,
2861 4668 2950 4738 qui
2979 4669 3209 4724 necdum
3255 4669 3510 4739 baptizati
3555 4684 3794 4724 noscun-

2207 4763 2313 4820 tur,
2345 4755 2558 4826 quoties
2586 4755 2883 4810 necessitas
2904 4758 3168 4829 exegerit,
3203 4757 3389 4827 regula
3432 4757 3804 4814 ecclesiastica

2203 4859 2302 4914 per
2329 4844 2544 4898 beatum
2574 4844 2826 4899 Siricium
2855 4855 2909 4900 et
2937 4847 3170 4916 prolata,
3200 4847 3356 4915 cujus
3400 4847 3610 4919 regula;
3669 4862 3803 4903 con-

2207 4931 2382 4988 clusio
2409 4939 2625 4987 constat
2652 4933 2755 4987 hoc
2781 4933 2946 4988 modo
2959 4935 3154 5006 (epist.
3189 4939 3238 4998 1,
3259 4935 3528 5005 Himerio)
3559 4953 3574 4989 :
3598 4955 3620 4985 ι
3643 4935 3806 4992 Nunc

2206 5020 2488 5092 praefatam
2533 5021 2783 5092 regulam
2822 5037 3014 5077 omnes
3059 5030 3278 5078 teneant
3320 5024 3654 5089 sacerdotes,
3709 5024 3806 5096 qui

2205 5109 2393 5164 nolunt
2422 5110 2492 5164 ab
2521 5109 2838 5180 apostolicae
2884 5118 3068 5182 petrae,
3117 5127 3284 5182 super
3334 5127 3496 5182 quam
3546 5113 3802 5168 Christus

2205 5197 2569 5253 universalem
2587 5199 2884 5254 construxit
2897 5199 3223 5268 Ecclesium,
3249 5200 3518 5256 soliditate
3537 5201 3747 5256 divelli.
3774 5223 3797 5252 ι

2206 5289 2272 5343 Et
2301 5294 2516 5342 sanctus
2546 5288 2654 5342 Leo
2686 5306 2698 5341 :
2735 5309 2757 5338 ι
2795 5289 2852 5342 In
2883 5289 3076 5344 mortis
3105 5288 3368 5359 periculo,
3403 5289 3458 5343 in
3496 5289 3802 5345 obsidionis

2205 5375 2536 5440 discrimine,
2570 5377 2626 5430 in
2655 5377 3049 5446 persecutionis
3071 5377 3432 5450 augustiis,in
3451 5377 3648 5434 timore
3669 5395 3802 5434 nau-

2206 5463 2382 5536 fragii,
2415 5465 2563 5520 nullo
2593 5473 2836 5538 tempore
2867 5467 2970 5522 hoc
3000 5481 3142 5522 vera:
3158 5467 3346 5522 salutis
3365 5465 3645 5540 singulare
3661 5484 3800 5539 prai-

2205 5553 2400 5610 sidium
2431 5554 2684 5626 cuiquam
2720 5553 2982 5625 denegari
3013 5555 3272 5612 decrevit.
3314 5576 3336 5606 »
3373 5556 3440 5611 Et
3477 5553 3792 5611 Africanum
