4164 6306
324 288 418 342 Hi!
1029 291 1271 348 OPUSC.
1331 292 1421 348 ΕΤ
1472 293 1690 350 EPIST.
1752 295 1823 348 IN
1871 295 2096 352 CAUSA
2149 293 2492 354 HINCMARI
2547 299 2847 358 LAUDUN.
3512 310 3614 362 LM

326 412 635 482 concilium,
670 414 771 472 sed
799 421 854 470 et
881 415 1026 470 idem
1057 423 1280 472 sanctus
1307 418 1419 474 Leo
1447 421 1633 492 (epist.
1669 422 1756 485 92,
1800 421 1916 476 κτι-
1944 419 1999 481 Α
2018 423 2226 494 gatur?
2261 447 2282 470 υ
2316 423 2449 480 satis
2477 425 2669 480 mirari
2693 441 2804 481 non
2832 429 3010 492 valeo,
3063 431 3336 501 quomodo
3380 431 3614 502 teipsu-m

326 502 484 573 stico)
518 519 532 556 :
569 523 593 551 ε
624 502 802 558 Etiam
827 503 908 558 eis
939 504 1250 572 infantibus,
1297 507 1366 563 de
1397 507 1595 579 quibus
1623 524 1732 588 non
1761 507 1918 564 inve-
2021 511 2255 577 nescire,
2279 519 2333 567 et
2352 519 2462 567 tam
2482 514 2747 585 grandem
2771 529 3010 587 causam,
3033 517 3168 574 sicut
3184 528 3371 575 contra
3389 520 3614 576 decreta

325 589 545 646 niuntur
572 591 866 648 certissimi
893 599 1081 662 testes,
1107 594 1198 671 qui
1219 610 1314 651 eos
1334 595 1637 668 baptizatos
1657 612 1780 653 esse
1803 597 1922 652 sine
2020 598 2298 655 Caelestini
2327 601 2508 674 egisti,
2543 603 2791 660 oblivisci
2819 605 3028 672 valens,
3059 606 3198 662 inter
3213 617 3412 665 caetera
3439 609 3496 664 in
3521 618 3614 666 tuo

325 678 654 735 dubitatione
685 687 972 749 testentur,
1003 699 1182 754 neque
1203 683 1308 754 ipsi
1337 691 1462 738 sunt
1489 701 1590 756 per
1617 693 1833 740 aetatem
1849 686 1919 742 de

322 766 534 822 traditis
563 767 668 822 sibi
697 769 1056 826 sacramentis
1085 771 1267 826 idonei
1310 774 1664 844 respondere,
1711 775 1919 846 absque

320 855 427 910 ullo
451 855 716 928 scrupulo
754 873 850 913 eos
897 858 1256 930 baptizandus
1295 877 1420 916 esse
1461 860 1757 930 jusserunt.
1798 886 1818 910 n
1849 862 1920 918 Et

322 951 537 1000 sanctus
575 943 832 1000 Gelasius
879 945 1010 1018 (Ivo,
1062 965 1116 1018 p.
1165 963 1202 1013 I,
1252 964 1372 1020 cap.
1419 949 1549 1021 252)
1581 967 1595 1004 :
1631 972 1653 1002 α
1688 949 1916 1006 Etiamsi

317 1031 618 1088 necessitas
647 1041 890 1089 extrema
919 1035 1259 1106 compulerit,
1311 1052 1346 1092 a
1391 1037 1546 1093 laicis
1597 1037 1914 1094 Christianis

317 1121 626 1190 huiusmodi
653 1121 912 1193 baptizari
941 1115 1141 1179 debere
1169 1123 1424 1180 ostendit.
1465 1151 1484 1172 ιι

864 1314 1088 1372 CAPUT
1126 1316 1358 1372 XXXII.

318 1426 390 1506 ni
417 1463 484 1505 eo
509 1447 656 1520 quod
678 1449 1080 1594 pmttnzam
1124 1453 1183 1506 et
1221 1450 1492 1508 viaticum
1541 1453 1911 1510 morientibus

1005 1538 1058 1594 ri
1084 1539 1288 1594 vetuit.

1005 1538 1058 1594 ri
1084 1539 1288 1595 vetuit.

381 1660 440 1713 In
488 1674 556 1714 eo
605 1674 736 1715 vero
781 1659 1038 1731 capitulo,
1099 1677 1207 1733 quo
1253 1661 1496 1718 ultimam
1535 1664 1908 1734 paenitentiam

2017 687 2276 758 pitaciolo
2329 691 2500 745 verba
2554 693 2797 761 ejusdem
2855 694 3132 749 Coelestini
3190 711 3347 767 papas
3405 713 3611 768 ponere

2019 790 2188 831 ausus
2216 776 2382 832 fuisti.
2417 778 2570 848 Quae,
2603 781 2704 835 etsi
2732 781 2789 836 in
2834 781 3192 852 professionis
3239 791 3346 840 tuae
3390 785 3610 841 decreto

2017 879 2050 919 a
2107 871 2160 920 te
2202 867 2512 938 subscripto
2569 869 2712 924 hanc
2768 870 2912 926 beati
2969 871 3244 926 C(elestini
3290 873 3610 928 sententiam

2016 953 2349 1010 decretalem
2376 957 2779 1028 praescripsisti,
2811 975 2923 1014 non
2952 959 3130 1014 solum
3160 976 3278 1028 suo,
3317 961 3414 1016 sed
3443 969 3492 1016 et
3522 969 3616 1016 tuo

2009 1041 2232 1110 judicio,
2265 1051 2318 1098 te
2348 1045 2645 1100 secundum
2667 1062 2856 1102 sacros
2877 1047 3338 1121 Carthaginenses
3353 1064 3609 1116 canones,

2014 1129 2221 1186 honore
2267 1131 2514 1202 privasti,
2567 1135 2659 1205 qui
2706 1134 2893 1190 dicunt
2936 1137 3088 1207 (can.
3137 1137 3226 1206 13)
3277 1155 3292 1192 :
3344 1161 3365 1184 α
3401 1137 3460 1192 Si
3491 1139 3614 1209 quis

2014 1226 2203 1274 contra
2231 1235 2386 1274 suam
2413 1220 2809 1292 professionem
2838 1223 2922 1279 vel
2954 1225 3409 1296 subscriptionem
3445 1242 3612 1281 vene-

2015 1305 2079 1360 rit
2136 1307 2189 1361 in
2245 1308 2446 1381 aliquo,
2502 1309 2620 1380 ipse
2677 1327 2736 1366 se
2785 1313 2991 1368 honore
3039 1313 3291 1384 privabit.
3350 1338 3372 1361 ι»
3415 1314 3610 1370 Fecisti

2013 1395 2159 1450 enim
2190 1398 2338 1468 quod
2363 1399 2582 1453 Patrum
2612 1400 2822 1472 regulis
2851 1401 3055 1467 obviat,
3095 1417 3220 1456 cum
3259 1404 3606 1473 poenitentes,

2013 1491 2206 1539 contra
2233 1485 2453 1542 decreta
2485 1487 2782 1555 Coelestini,
2832 1496 2884 1544 et
2929 1496 3254 1545 caeterorum
3297 1489 3609 1561 pontificum

2012 1571 2398 1635 Romanorum.
2431 1583 2593 1648 atque
2625 1584 2816 1632 contra
2845 1593 3030 1634 sacros
3058 1593 3316 1644 canones,
3343 1579 3414 1634 ad
3441 1579 3611 1650 pani-

2011 1661 2234 1716 tentiam
2264 1663 2486 1734 suscipi,
2519 1673 2570 1719 et
2600 1664 2960 1721 morientibus
2989 1667 3186 1723 viatico
3213 1683 3445 1722 munere
3471 1667 3606 1722 sub~

315 1747 601 1820 denegari,
633 1755 687 1802 et
715 1747 914 1806 viatico
949 1765 1175 1808 munere
1219 1750 1506 1808 subvenire
1551 1753 1910 1810 morientibus
1938 1749 2185 1834 Bveniri
2214 1751 2556 1822 prohibuisti,
2617 1761 2670 1808 et
2715 1769 2816 1824 pro
2862 1763 2956 1810 tuo
3003 1755 3156 1810 libitu
3204 1763 3466 1828 usurpata
3494 1771 3528 1811 ο,
3555 1765 3608 1812 te

314 1843 501 1894 contra
553 1835 810 1896 Nicanos
853 1845 908 1895 et
952 1837 1240 1896 Africanos
1285 1854 1544 1906 canones,
1594 1849 1646 1898 et
1686 1841 1911 1899 decreta

314 1923 510 1990 Siricii,
563 1933 614 1979 et
663 1925 982 1991 Innocentii,
1031 1934 1196 1998 atque
1249 1927 1549 1998 Ca-Jestini,
1599 1946 1811 1985 necnon
1857 1940 1911 1986 et

314 2011 526 2081 Leonis,
556 2012 794 2080 vetuisti,
824 2013 965 2072 sicut
995 2014 1364 2082 Innocentius,
1411 2025 1465 2074 et
1501 2017 1684 2074 caeteri
1713 2019 1907 2078 docto-

313 2116 402 2160 res
425 2101 694 2160 catholici
705 2102 1019 2169 ostendunt,
1043 2103 1239 2161 Novati
1257 2104 1515 2172 baretici,
1543 2105 1670 2164 licet
1691 2107 1908 2166 diverso

310 2188 524 2255 itinere,
556 2189 656 2248 sed
685 2205 795 2246 non
823 2189 1046 2247 diverso
1076 2190 1411 2260 discrimine,
1449 2192 1705 2264 sequipes
1735 2195 1906 2252 exsti-

312 2277 434 2336 tisti.
468 2278 761 2336 Novatiani
793 2279 940 2336 enim
968 2279 1336 2353 dogmatizant
1365 2281 1532 2353 recipi
1564 2299 1674 2338 non
1701 2283 1906 2340 debere

309 2367 491 2438 lapsos
546 2367 618 2425 ad
675 2367 1050 2438 minitantium
1094 2377 1258 2440 atque
1305 2371 1743 2428 communionem
1794 2391 1807 2428 :
1853 2383 1906 2430 et

308 2463 362 2512 tu
389 2455 592 2522 sciens,
619 2456 776 2526 juxta
811 2455 1066 2514 Nicenos
1109 2473 1368 2525 canones,
1417 2460 1612 2530 quovis
1659 2469 1904 2532 tempore

306 2559 412 2604 non
439 2561 565 2604 esse
595 2545 977 2618 denegandam
1004 2547 1374 2616 pcenitentiam
1403 2557 1457 2604 et
1505 2549 1906 2606 communionis

305 2633 538 2707 gratiam
569 2633 883 2704 postulanti,
917 2649 1085 2692 causa
1129 2634 1451 2704 iniuriarum
1496 2645 1713 2693 tuarum
1757 2655 1902 2709 prae-

307 2721 518 2792 cepisti,
572 2721 712 2779 sicut
765 2722 823 2778 in
877 2722 1138 2793 petitione
1186 2739 1220 2778 a
1261 2725 1606 2780 Laudunensi
1655 2726 1904 2782 Ecclesia

303 2809 432 2868 mihi
487 2817 741 2880 porrecta
796 2811 1122 2878 continetur,
1181 2812 1348 2868 etiam
1402 2814 1459 2867 in
1513 2814 1658 2870 exitu
1711 2816 1902 2870 mortis

305 2897 495 2970 positis
525 2898 901 2970 paenitentiam
929 2907 984 2954 et
1011 2901 1410 2956 communionis
1455 2902 1687 2974 gratiam
1735 2904 1902 2960 dene-

304 2987 444 3061 gari,
496 3003 568 3046 ne
616 2985 961 3058 permittente
1003 2989 1285 3044 Salvatore
1325 2998 1516 3046 nostro
1561 3008 1594 3046 a
1638 3001 1902 3062 perpetuo

303 3075 465 3134 exitio
492 3075 760 3134 vindicari
789 3075 1054 3145 valerent,
1085 3091 1210 3134 cum
1239 3093 1340 3148 per
1366 3095 1425 3134 se
1464 3079 1532 3133 de
1581 3096 1639 3134 se
1690 3081 1901 3135 Veritas

300 3163 443 3222 dicat
477 3181 491 3222 :
536 3165 696 3223 Venit
720 3164 876 3233 ﬁlius
907 3165 1152 3222 hominis
1174 3183 1421 3239 quaerere
1442 3172 1499 3224 et
1517 3169 1738 3224 salvere
1761 3169 1902 3240 quod

297 3254 566 3324 perierat,
601 3253 699 3325 qui
725 3269 843 3309 non
878 3255 1230 3326 venitjustos
1255 3255 1350 3310 sed
1363 3259 1686 3326 peccatores
1705 3272 1900 3315 vocare

301 3343 363 3398 in
379 3341 784 3413 paenitentiam
800 3343 954 3411 (Luc.
970 3341 1116 3411 xix),
1141 3341 1326 3398 multis
1348 3359 1480 3398 voce
1498 3343 1715 3400 Domini
1736 3344 1900 3400 recla-

299 3429 574 3487 mantibus
606 3429 810 3488 sanctis
841 3437 894 3486 et
939 3429 1206 3486 Ecclesiae
1252 3431 1534 3487 catholicae
1581 3432 1901 3488 doctoribus

301 3523 354 3572 ut
380 3516 702 3588 presidium
731 3518 1184 3589 regenerationis,
1213 3533 1278 3576 ac
1307 3508 1657 3590 paenitentiae,
1690 3522 1898 3578 sacrae-

299 3622 401 3678 que
459 3605 860 3664 communionis
882 3637 916 3674 ,~
959 3607 1015 3663 in
1071 3607 1262 3664 mortis
1319 3608 1562 3679 periculo
1607 3609 1800 3680 positis
1847 3619 1900 3666 et

296 3693 605 3766 patentibus
633 3710 667 3752 a
695 3709 972 3767 quoquam
1016 3696 1324 3752 nullatenus
1367 3698 1690 3770 denegatur.
1743 3699 1896 3756 Unde

295 3781 389 3840 tibi
433 3799 502 3840 ex
550 3783 769 3855 integro
825 3783 956 3855 quid
1012 3784 1154 3842 sacri
1201 3785 1408 3842 Niczeni
1455 3801 1713 3852 canones,
1766 3787 1897 3858 quid

294 3879 512 3930 unctus
569 3871 816 3937 Siricius,
879 3872 1011 3944 quid
1067 3881 1290 3929 sanctus
1353 3874 1720 3942 Innocentius,
1767 3875 1896 3946 quid

293 3968 512 4018 sanctus
542 3959 888 4028 Caelestinus,
951 3961 1078 4034 quid
1107 3969 1328 4018 sanctus
1378 3963 1487 4017 Leo
1529 3963 1892 4029 decreverint,

291 4048 386 4106 tibi
413 4048 661 4107 scribere
692 4049 890 4115 studui,
922 4051 1023 4104 sed
1057 4058 1108 4105 et
1135 4050 1420 4119 judicium,
1473 4053 1620 4123 quod
1666 4053 1735 4106 de
1780 4053 1896 4107 haec

288 4137 768 4196 contemnentibus
797 4147 1023 4194 sanctus
1051 4139 1161 4194 Leo
1191 4139 1493 4209 protulerit,
1516 4139 1753 4210 praefatis
1775 4141 1896 4194 sub-

283 4227 456 4296 junxi,
491 4225 700 4298 tibique
754 4227 1032 4283 mandavi.
1083 4227 1168 4283 Ait
1216 4228 1360 4282 enim
1389 4231 1575 4300 (epist.
1617 4231 1670 4290 1)
1705 4246 1718 4282 :
1755 4249 1777 4278 α
1813 4229 1894 4282 Ne

288 4315 416 4386 quid
465 4331 602 4372 vero
647 4315 716 4370 sit
776 4316 923 4386 quod
979 4315 1404 4386 praetermissum
1448 4333 1480 4371 a
1537 4317 1696 4370 nobis
1754 4315 1896 4372 forte

289 4403 573 4467 credatur,
625 4403 811 4458 omnia
858 4404 1146 4460 decretalia
1196 4405 1515 4471 constituta,
1566 4413 1675 4459 tam
1721 4405 1893 4459 beatis

2011 1839 2301 1904 sententia,
2334 1839 2688 1896 decretalium
2736 1858 2985 1898 normam
3028 1844 3441 1900 constitutorum
3490 1844 3607 1899 fre-

2009 1925 2154 1998 gisti.
2208 1927 2316 1981 Sed
2363 1927 2504 1983 forte
2550 1930 2771 1984 noluisti
2817 1931 3127 2004 intelligere
3171 1931 3266 1986 illa
3313 1933 3606 1988 constituta

2009 2021 2133 2068 tuos
2162 2031 2285 2070 esse
2315 2031 2576 2086 canones,
2611 2025 2662 2072 et
2693 2019 2764 2074 ob
2793 2018 2848 2073 id
2876 2019 2931 2073 in
2959 2028 3055 2075 tuo
3082 2020 3338 2091 pitaciolo
3361 2021 3554 2076 misisti
3588 2039 3601 2076 :

2006 2103 2152 2158 Nulli
2210 2105 2481 2160 sacerdoti
2537 2105 2700 2162 liceat
2746 2121 2985 2163 canones
3035 2109 3310 2181 ignorare,
3356 2109 3608 2164 omittens

2007 2191 2152 2262 quod
2183 2191 2258 2246 ibi
2301 2194 2530 2249 habetur
2575 2211 2724 2250 suos.
2773 2197 2895 2250 Non
2940 2197 3108 2268 igitur
3153 2197 3472 2266 radendum,
3521 2197 3605 2254 vel

2005 2279 2362 2336 omittendum
2391 2291 2473 2338 est
2499 2298 2802 2353 pronomen
2833 2300 2980 2354 suos,
3004 2285 3072 2339 de
3088 2285 3273 2339 verbis
3292 2284 3602 2340 Coelestini:

2005 2371 2262 2442 quoniam
2285 2386 2524 2426 canones
2549 2380 2600 2426 et
2616 2372 2829 2426 Patrum
2845 2373 3052 2445 regulas
3069 2388 3308 2428 canones
3329 2381 3382 2428 et
3399 2373 3606 2446 regula:

2005 2467 2128 2514 sunt
2183 2459 2530 2514 sacerdotum
2567 2502 2580 2526 ,
2671 2475 2736 2514 eo
2781 2461 2946 2515 modo
2989 2461 3129 2516 sicut
3169 2461 3272 2515 lex~
3299 2461 3472 2531 Moysi
3516 2461 3606 2516 di-

2005 2548 2145 2603 citur
2199 2555 2254 2601 et
2309 2547 2394 2601 lex
2437 2547 2766 2614 Judmorum,
2815 2548 2884 2602 de
2933 2564 3041 2619 qua
3083 2548 3348 2603 Dominus
3393 2549 3466 2604 ad
3510 2550 3605 2604 Ju-

2003 2637 2154 2690 dtBOS
2175 2651 2186 2690 :
2208 2637 2271 2690 In
2297 2637 2429 2706 lege,
2447 2635 2638 2706 inquit,
2655 2640 2842 2691 vestra
2857 2637 3134 2707 scriptum
3153 2641 3238 2692 est
3258 2637 3443 2706 (Joan.
3457 2639 3602 2706 vm),

2003 2731 2056 2778 et
2075 2723 2144 2778 de
2176 2723 2256 2777 eis
2286 2723 2478 2777 iterum
2500 2741 2513 2777 :
2534 2725 2597 2778 In
2623 2725 2736 2794 lege
2767 2724 2960 2780 eorum
2991 2726 3269 2796 scriptum
3307 2729 3393 2780 est
3415 2726 3598 2795 (Joan.

2002 2811 2124 2881 xv).
2141 2815 2246 2866 Aut
2263 2828 2400 2886 ergo
2417 2811 2642 2883 quilibet
2661 2827 2769 2866 non
2791 2820 2874 2866 est
2895 2813 3174 2882 sacerdos,
3191 2819 3242 2868 et
3255 2813 3339 2867 sui
3355 2828 3464 2868 non
3481 2821 3605 2866 sunt

2002 2915 2242 2955 canones
2276 2916 2290 2956 :
2323 2908 2414 2954 aut
2443 2900 2535 2971 qui
2558 2901 2816 2956 sacerdos
2838 2909 2939 2968 est,
2964 2902 3048 2955 sui
3071 2908 3194 2955 sunt
3208 2901 3606 2957 canones.Non

2000 2995 2058 3042 ut
2091 2988 2227 3042 sicut
2255 2987 2426 3043 Judaei
2457 2989 2657 3061 legem,
2690 2989 2912 3044 eosdem
2934 3005 3175 3045 canones
3193 3004 3291 3059 pro
3321 3005 3421 3045 suo
3449 2989 3604 3044 libitu

2002 3076 2072 3130 ad
2103 3092 2258 3130 suum
2289 3092 2511 3130 sensum
2558 3077 2854 3142 inﬂectunt,
2907 3078 3002 3131 sed
3048 3085 3105 3131 ut
3146 3093 3367 3132 sensum
3412 3092 3600 3132 eorum

2002 3164 2290 3235 praeceptis
2320 3164 2629 3218 obediendo
2655 3165 3102 3220 accommodent:
3127 3173 3394 3236 quatenus
3413 3180 3602 3220 eorum

1999 3260 2275 3323 praecepta
2304 3253 2602 3323 sequendo,
2631 3269 2859 3324 gressus
2888 3261 3067 3307 rectos
3115 3252 3315 3308 faciant
3365 3253 3599 3324 pedibus

2003 3341 2134 3408 suis,
2165 3348 2215 3395 et
2244 3341 2313 3395 de
2343 3339 2748 3411 Scripturarum
2787 3341 2991 3397 lumine
3019 3341 3396 3414 promulgatas
3423 3342 3600 3396 lucer-

1999 3445 2124 3484 nam
2154 3445 2249 3482 eos
2280 3437 2482 3498 ponant
2519 3429 2823 3485 actionibus
2869 3429 3000 3495 suis,
3056 3438 3114 3484 ut
3160 3430 3369 3500 possint
3419 3430 3602 3485 dicere

1999 3533 2120 3574 cum
2143 3516 2423 3570 Psalmista
2445 3535 2458 3570 :
2482 3519 2736 3573 Lucerna
2748 3519 2976 3590 pedibus
2999 3520 3140 3574 meis
3161 3519 3389 3574 verbum
3410 3522 3594 3586 tuum,

1999 3606 2252 3671 Domi-ne,
2283 3608 2341 3660 et
2373 3607 2564 3660 lumen
2604 3607 2822 3661 semitis
2866 3609 3007 3662 meis
3054 3607 3230 3676 (Psal.
3272 3606 3490 3676 cxvm).
3541 3606 3596 3660 Si

1998 3692 2180 3764 aliqua
2211 3693 2368 3747 etiam
2400 3693 2656 3748 tortitudo
2686 3694 2956 3760 sensibus,
2991 3694 3077 3749 vel
3113 3693 3592 3766 praeceptionlbus,

1998 3790 2160 3852 atque
2189 3781 2494 3837 actionibus
2526 3783 2638 3837 suis
2669 3783 2850 3838 inesse
2880 3782 3112 3848 videtur,
3163 3798 3350 3838 eorum
3389 3781 3600 3854 regulis

1999 3870 2328 3943 corrigatur,
2363 3879 2414 3925 et
2443 3871 2513 3925 ad
2546 3886 2612 3926 ea
2639 3887 2761 3943 quae
2789 3871 3102 3938 sentienda,
3133 3871 3390 3938 tenenda,
3423 3879 3476 3925 et
3506 3886 3598 3926 se-

1997 3959 2212 4030 quenda
2242 3967 2365 4013 sunt
2393 3959 2676 4030 dirigatur.
2730 3961 2876 4032 Lege
2923 3959 3090 4031 igitur
3134 3960 3350 4015 decreta
3395 3959 3593 4022 Siricii,

1999 4055 2050 4100 et
2081 4047 2324 4115 ejusdem
2355 4047 2653 4111 leestini,
2690 4056 2742 4102 et
2773 4063 2962 4104 sacros
2993 4064 3253 4114 canones,
3277 4055 3330 4103 et
3350 4047 3598 4103 invenies

1998 4143 2050 4189 te
2079 4143 2267 4189 contra
2297 4135 2508 4189 illorum
2543 4137 2780 4201 decreta,
2831 4137 2940 4190 imo
2985 4144 3172 4190 contra
3219 4137 3595 4208 evangelicam

1997 4222 2301 4288 veritatem,
2337 4230 2388 4276 et
2419 4223 2771 4293 apostolicam
2811 4223 3207 4288 auctoritatem,
3257 4239 3392 4277 ausu
3436 4222 3593 4278 nefa-

1995 4311 2078 4365 rio
2108 4310 2234 4365 talia
2263 4310 2626 4381 prohibuisse,
2678 4310 2813 4365 sicut
2862 4310 3053 4378 semel,
3103 4319 3155 4365 et
3204 4310 3442 4365 secundo
3483 4311 3592 4379 jam

1996 4399 2090 4453 tibi
2123 4399 2336 4470 scripsi.
2373 4399 2479 4454 Sed
2511 4399 2648 4454 forte
2678 4400 2814 4468 hinc,
2847 4408 2898 4454 ct
2929 4415 2994 4455 ea
3024 4415 3146 4472 quae
3191 4399 3422 4454 dicimus
3471 4415 3595 4453 esse

291 4492 688 4548 recordationis
719 4493 1038 4558 Innocentii,
1072 4509 1236 4564 quam
1263 4493 1504 4548 omnium
1543 4494 1893 4548 decessorum
1918 4479 1970 4539 D
1991 4503 2252 4554 canones,
2285 4495 2472 4542 tenere
2500 4503 2611 4543 non
2639 4488 2721 4542 vis
2749 4505 2852 4560 pro
2881 4488 3199 4554 canonibus,
3252 4488 3348 4542 sed
3403 4486 3496 4541 illa
3524 4487 3592 4541 de

286 4589 618 4652 nostrorum,
651 4596 772 4653 quas
802 4581 870 4637 de
901 4580 1286 4636 ecclesiasticis
1317 4581 1600 4637 ordinibus
1631 4590 1684 4637 et
1713 4597 1885 4637 cano-

287 4684 414 4724 num
443 4669 785 4742 promulgata
815 4678 939 4724 sunt
966 4670 1288 4741 disciplinis,
1337 4671 1412 4726 ita
1459 4687 1490 4725 a
1532 4680 1714 4727 vestra
1752 4671 1888 4726 dile-

287 4758 468 4814 ctione
497 4757 754 4814 custodiri
783 4759 986 4814 debere
1015 4759 1359 4825 mandamus,
1397 4768 1453 4814 ut
1483 4760 1524 4813 si
1559 4760 1682 4831 quis
1707 4760 1762 4813 in
1793 4759 1884 4814 illa

285 4846 639 4912 commiserit,
673 4847 888 4902 veniam
909 4847 1013 4902 sibi
1041 4847 1302 4918 deinceps
1323 4849 1535 4904 noverit
1550 4848 1835 4920 denegari.
1857 4869 1879 4899 ν

287 4933 440 4992 Unde
473 4934 602 5009 quia
631 4933 884 5008 ignorare
913 4951 1024 4992 non
1054 4943 1212 5008 potes
1262 4936 1390 5008 quid
1431 4943 1650 4992 sanctus
1699 4936 1882 4991 Coele-

284 5023 457 5080 stinus
500 5022 879 5096 praedecessor
924 5023 1070 5082 beati
1115 5025 1312 5080 Leonis
1359 5024 1684 5091 decreverit,
1730 5025 1880 5095 cujus

282 5112 624 5168 decretorum
680 5121 886 5186 partem
943 5121 1048 5169 tuas
1104 5113 1410 5170 collectioni
1470 5115 1838 5186 interposuisti
1863 5156 1876 5182 ,

283 5201 480 5274 quibus
507 5200 639 5258 dicit
673 5217 686 5256 :
725 5222 747 5252 «
780 5201 928 5256 Nulli
960 5202 1232 5258 sacerdoti
1263 5218 1390 5257 suos
1437 5202 1595 5258 liceat
1643 5218 1880 5258 canones

281 5288 563 5364 ignorare,
597 5306 696 5346 nec
727 5289 1024 5365 quidquam
1053 5289 1233 5346 facere
1263 5291 1405 5364 quod
1453 5291 1670 5344 Patrum
1708 5292 1879 5362 possit

278 5377 491 5453 regulis
520 5377 748 5435 obviare
779 5397 794 5434 :
823 5388 946 5451 quae
971 5379 1114 5434 enim
1143 5395 1177 5434 a
1203 5379 1362 5435 nobis
1395 5395 1484 5432 res
1503 5377 1669 5451 digna
1699 5395 1879 5434 serva-

1987 4576 2185 4648 quibus
2216 4585 2307 4632 tua
2337 4584 2642 4632 commenta
2671 4575 2890 4632 ﬁnxisti.
2926 4578 3057 4632 Ideo
3100 4577 3391 4647 peregrino
3427 4591 3590 4629 sensu

1985 4665 2262 4720 leestini
2291 4666 2461 4722 verba
2492 4665 2879 4736 interposuisti.
2913 4665 3102 4720 Reduc
3131 4673 3316 4719 tamen
3365 4663 3435 4717 ad
3473 4679 3592 4717 me-

1984 4755 2215 4810 moriam
2245 4771 2363 4826 quin
2394 4755 2450 4809 in
2480 4755 2674 4810 eodem
2705 4763 2798 4809 tuo
2829 4752 3092 4828 pitaciolo
3112 4768 3178 4808 ex
3226 4751 3409 4808 verbis
3455 4753 3585 4808 Coe-

1983 4843 2163 4898 lestini
2217 4843 2446 4915 posuisti
2498 4862 2511 4897 :
2569 4869 2589 4891 «
2635 4843 2788 4912 Quae,
2851 4840 3122 4912 inquiens,
3175 4839 3594 4896 sola'admoni-

1980 4932 2144 4988 tionis
2177 4932 2495 4988 auctoritate
2536 4947 2645 4987 non
2693 4928 3041 5002 corrigimus,
3092 4945 3324 4986 necesse
3367 4937 3450 4986 est
3491 4946 3594 5002 per

1981 5021 2326 5076 severitatem
2384 5027 2772 5093 congruentem
2823 5017 3028 5090 regulis
3076 5017 3438 5075 vindicamus.
3491 5020 3594 5075 Per

1981 5117 2120 5164 totas
2168 5111 2273 5166 hoc
2331 5125 2482 5182 ergo,
2544 5123 2666 5180 quae
2719 5105 2956 5177 propriis
3009 5107 3318 5162 rectoribus
3377 5115 3590 5173 carent,

1979 5199 2242 5254 ecclesias
2299 5199 2547 5254 volumus
2603 5196 2926 5265 innotescat,
2988 5204 3049 5250 ut
3102 5196 3282 5250 nullus
3342 5196 3446 5250 sibi
3491 5211 3588 5266 spe

1977 5287 2157 5360 aliqua
2185 5287 2412 5341 forsitan
2444 5284 2718 5339 blanditus
2741 5284 2949 5339 illudat.
2978 5309 2999 5332 »
3025 5282 3377 5356 Quapropter
3395 5283 3587 5338 obser-

1977 5377 2211 5431 vandum
2263 5375 2360 5429 tibi
2390 5381 2472 5428 est
2501 5373 2569 5429 de
2598 5381 2814 5440 castero,
2870 5389 2940 5430 ne
2996 5389 3097 5445 per
3154 5373 3304 5444 ipsas
3358 5370 3580 5443 regulas

276 5464 424 5523 bitur
447 5510 460 5536 ,
533 5465 578 5521 si
637 5465 988 5524 decretalium
1045 5483 1238 5526 norma
1293 5466 1706 5522 constitutorum
1774 5483 1874 5538 pro
1970 5463 2254 5535 judiceris,
2289 5477 2426 5535 quas
2455 5463 2524 5518 de
2556 5463 2741 5519 verbis
2771 5462 2945 5520 sancti
2989 5460 3270 5517 C(elestini
3320 5461 3430 5515 tuis
3473 5459 3590 5516 col-

276 5551 589 5630 aliquorum
644 5554 828 5620 libitu,
882 5555 1098 5641 licentia
1141 5554 1356 5628 pepulis
1404 5555 1674 5628 permissa
1719 5555 1873 5609 fran-
1973 5551 2300 5607 lectionibus
2348 5551 2640 5620 immisisti,
2693 5552 2830 5608 sicut
2877 5559 2927 5606 et
2975 5566 3082 5622 ego
3131 5561 3355 5603 servare
3403 5545 3588 5600 studui
