  <div class='ocr_page' id='page_1' title='image "/cluster/home/n/w/nwhite01/storage/ocr_20150623/126/umn.31951002477419r/241.png"; bbox 0 0 4164 6320; ppageno 0'>
   <div class='ocr_carea' id='block_1_1' title="bbox 544 296 646 349">
    <p class='ocr_par' dir='ltr' id='par_1_1' title="bbox 544 296 646 349">
     <span class='ocr_line' id='line_1_1' title="bbox 544 296 646 349; baseline -0.01 -1"><span class='ocrx_word' id='word_1_1' title='bbox 544 296 646 349; x_wconf 77' lang='lat' dir='ltr'>H5</span> 
     </span>
    </p>
   </div>
   <div class='ocr_carea' id='block_1_2' title="bbox 1569 287 2938 346">
    <p class='ocr_par' dir='ltr' id='par_1_2' title="bbox 1569 287 2938 346">
     <span class='ocr_line' id='line_1_2' title="bbox 1569 287 2938 346; baseline 0 0"><span class='ocrx_word' id='word_1_2' title='bbox 1569 291 1910 346; x_wconf 80' lang='lat' dir='ltr'>HINCMARI</span> <span class='ocrx_word' id='word_1_3' title='bbox 1949 287 2352 346; x_wconf 72' lang='lat' dir='ltr'>RHEMENSIS</span> <span class='ocrx_word' id='word_1_4' title='bbox 2390 289 2938 346; x_wconf 80' lang='lat' dir='ltr'>ARCHIEPISCOPI.</span> 
     </span>
    </p>
   </div>
   <div class='ocr_carea' id='block_1_3' title="bbox 3743 298 3850 349">
    <p class='ocr_par' dir='ltr' id='par_1_3' title="bbox 3743 298 3850 349">
     <span class='ocr_line' id='line_1_3' title="bbox 3743 298 3850 349; baseline 0 0"><span class='ocrx_word' id='word_1_5' title='bbox 3743 298 3850 349; x_wconf 73' lang='grc'>416</span> 
     </span>
    </p>
   </div>
   <div class='ocr_carea' id='block_1_4' title="bbox 549 412 3847 490">
    <p class='ocr_par' dir='ltr' id='par_1_4' title="bbox 549 412 3847 490">
     <span class='ocr_line' id='line_1_4' title="bbox 549 412 3847 490; baseline -0 -17"><span class='ocrx_word' id='word_1_6' title='bbox 549 417 695 489; x_wconf 90' lang='lat' dir='ltr'>quod</span> <span class='ocrx_word' id='word_1_7' title='bbox 721 415 998 487; x_wconf 63' lang='lat' dir='ltr'>praecepit,</span> <span class='ocrx_word' id='word_1_8' title='bbox 1050 415 1258 472; x_wconf 84' lang='lat' dir='ltr'>scilicet</span> <span class='ocrx_word' id='word_1_9' title='bbox 1305 422 1490 472; x_wconf 91' lang='lat' dir='ltr'>notum</span> <span class='ocrx_word' id='word_1_10' title='bbox 1539 414 1746 470; x_wconf 84' lang='lat' dir='ltr'>faciens</span> <span class='ocrx_word' id='word_1_11' title='bbox 1775 430 1894 487; x_wconf 69' lang='lat' dir='ltr'>quae</span> <span class='ocrx_word' id='word_1_12' title='bbox 1927 427 2152 470; x_wconf 87' lang='lat' dir='ltr'>servare</span> <span class='ocrx_word' id='word_1_13' title='bbox 2179 414 2236 473; x_wconf 87' lang='lat' dir='ltr'><strong>A</strong></span> <span class='ocrx_word' id='word_1_14' title='bbox 2254 412 2488 484; x_wconf 90' lang='lat' dir='ltr'>primum</span> <span class='ocrx_word' id='word_1_15' title='bbox 2515 422 2598 469; x_wconf 82' lang='lat' dir='ltr'>est</span> <span class='ocrx_word' id='word_1_16' title='bbox 2623 414 2921 481; x_wconf 62' lang='lat' dir='ltr'>Nicenum,</span> <span class='ocrx_word' id='word_1_17' title='bbox 2955 415 3207 490; x_wconf 77' lang='lat' dir='ltr'>religant,</span> <span class='ocrx_word' id='word_1_18' title='bbox 3237 423 3326 472; x_wconf 89' lang='lat' dir='ltr'>aut</span> <span class='ocrx_word' id='word_1_19' title='bbox 3353 415 3524 490; x_wconf 77' lang='lat' dir='ltr'>ligare</span> <span class='ocrx_word' id='word_1_20' title='bbox 3555 432 3694 489; x_wconf 87' lang='lat' dir='ltr'>quos</span> <span class='ocrx_word' id='word_1_21' title='bbox 3728 417 3847 474; x_wconf 81' lang='lat' dir='ltr'>sol-</span> 
     </span>
    </p>
   </div>
   <div class='ocr_carea' id='block_1_5' title="bbox 545 503 2152 576">
    <p class='ocr_par' dir='ltr' id='par_1_5' title="bbox 545 503 2152 576">
     <span class='ocr_line' id='line_1_5' title="bbox 545 503 2152 576; baseline -0.002 -16"><span class='ocrx_word' id='word_1_22' title='bbox 545 503 742 560; x_wconf 88' lang='lat' dir='ltr'>debeat</span> <span class='ocrx_word' id='word_1_23' title='bbox 773 503 1022 560; x_wconf 70' lang='lat' dir='ltr'>ecclesiae</span> <span class='ocrx_word' id='word_1_24' title='bbox 1053 503 1416 560; x_wconf 89' lang='lat' dir='ltr'>Laudunensi.</span> <span class='ocrx_word' id='word_1_25' title='bbox 1470 504 1538 559; x_wconf 89' lang='lat' dir='ltr'>Et</span> <span class='ocrx_word' id='word_1_26' title='bbox 1569 504 1845 576; x_wconf 89' lang='lat' dir='ltr'>quoniam,</span> <span class='ocrx_word' id='word_1_27' title='bbox 1901 511 1960 558; x_wconf 88' lang='lat' dir='ltr'>ut</span> <span class='ocrx_word' id='word_1_28' title='bbox 1985 517 2152 574; x_wconf 82' lang='lat' dir='ltr'><strong>supra</strong></span> 
     </span>
    </p>
   </div>
   <div class='ocr_carea' id='block_1_6' title="bbox 543 593 2146 664">
    <p class='ocr_par' dir='ltr' id='par_1_6' title="bbox 543 593 2146 664">
     <span class='ocr_line' id='line_1_6' title="bbox 543 593 2146 664; baseline -0.002 -16"><span class='ocrx_word' id='word_1_29' title='bbox 543 593 774 656; x_wconf 80' lang='lat' dir='ltr'>ostendi,</span> <span class='ocrx_word' id='word_1_30' title='bbox 807 593 974 648; x_wconf 87' lang='lat' dir='ltr'>verba</span> <span class='ocrx_word' id='word_1_31' title='bbox 1007 593 1149 647; x_wconf 91' lang='lat' dir='ltr'>beati</span> <span class='ocrx_word' id='word_1_32' title='bbox 1181 593 1430 664; x_wconf 82' lang='lat' dir='ltr'>Gregorii</span> <span class='ocrx_word' id='word_1_33' title='bbox 1451 609 1480 646; x_wconf 90' lang='lat' dir='ltr'>a</span> <span class='ocrx_word' id='word_1_34' title='bbox 1502 593 1724 663; x_wconf 89' lang='lat' dir='ltr'>proprio</span> <span class='ocrx_word' id='word_1_35' title='bbox 1747 608 1932 647; x_wconf 88' lang='lat' dir='ltr'>eorum</span> <span class='ocrx_word' id='word_1_36' title='bbox 1959 608 2146 654; x_wconf 90' lang='lat' dir='ltr'>sensu,</span> 
     </span>
    </p>
   </div>
   <div class='ocr_carea' id='block_1_7' title="bbox 544 680 2146 752">
    <p class='ocr_par' dir='ltr' id='par_1_7' title="bbox 544 680 2146 752">
     <span class='ocr_line' id='line_1_7' title="bbox 544 680 2146 752; baseline -0.002 -16"><span class='ocrx_word' id='word_1_37' title='bbox 544 689 806 752; x_wconf 90' lang='lat' dir='ltr'>quantum</span> <span class='ocrx_word' id='word_1_38' title='bbox 839 698 904 735; x_wconf 84' lang='lat' dir='ltr'>ex</span> <span class='ocrx_word' id='word_1_39' title='bbox 935 690 985 736; x_wconf 91' lang='lat' dir='ltr'>te</span> <span class='ocrx_word' id='word_1_40' title='bbox 1018 680 1134 747; x_wconf 81' lang='lat' dir='ltr'>fuit,</span> <span class='ocrx_word' id='word_1_41' title='bbox 1169 681 1440 744; x_wconf 89' lang='lat' dir='ltr'>alienasti,</span> <span class='ocrx_word' id='word_1_42' title='bbox 1475 689 1526 736; x_wconf 87' lang='lat' dir='ltr'>et</span> <span class='ocrx_word' id='word_1_43' title='bbox 1557 680 1947 751; x_wconf 88' lang='lat' dir='ltr'>imposturasti,</span> <span class='ocrx_word' id='word_1_44' title='bbox 1983 688 2146 750; x_wconf 90' lang='lat' dir='ltr'>atque</span> 
     </span>
    </p>
   </div>
   <div class='ocr_carea' id='block_1_8' title="bbox 545 767 2149 840">
    <p class='ocr_par' dir='ltr' id='par_1_8' title="bbox 545 767 2149 840">
     <span class='ocr_line' id='line_1_8' title="bbox 545 767 2149 840; baseline -0.002 -17"><span class='ocrx_word' id='word_1_45' title='bbox 545 769 896 836; x_wconf 89' lang='lat' dir='ltr'>detruncasti,</span> <span class='ocrx_word' id='word_1_46' title='bbox 928 778 986 823; x_wconf 89' lang='lat' dir='ltr'>ut</span> <span class='ocrx_word' id='word_1_47' title='bbox 1022 771 1328 834; x_wconf 81' lang='lat' dir='ltr'>anathema,</span> <span class='ocrx_word' id='word_1_48' title='bbox 1381 768 1528 840; x_wconf 86' lang='lat' dir='ltr'>quod</span> <span class='ocrx_word' id='word_1_49' title='bbox 1576 769 1630 822; x_wconf 90' lang='lat' dir='ltr'>in</span> <span class='ocrx_word' id='word_1_50' title='bbox 1679 769 1872 823; x_wconf 91' lang='lat' dir='ltr'>eodem</span> <span class='ocrx_word' id='word_1_51' title='bbox 1918 767 2149 838; x_wconf 90' lang='lat' dir='ltr'>capitulo</span> 
     </span>
    </p>
   </div>
   <div class='ocr_carea' id='block_1_9' title="bbox 547 857 2152 927">
    <p class='ocr_par' dir='ltr' id='par_1_9' title="bbox 547 857 2152 927">
     <span class='ocr_line' id='line_1_9' title="bbox 547 857 2152 927; baseline -0.002 -15"><span class='ocrx_word' id='word_1_52' title='bbox 547 857 892 912; x_wconf 82' lang='lat' dir='ltr'>convenienli</span> <span class='ocrx_word' id='word_1_53' title='bbox 925 874 1088 912; x_wconf 86' lang='lat' dir='ltr'>sensu</span> <span class='ocrx_word' id='word_1_54' title='bbox 1115 859 1358 920; x_wconf 88' lang='lat' dir='ltr'>miserat,</span> <span class='ocrx_word' id='word_1_55' title='bbox 1378 857 1444 910; x_wconf 91' lang='lat' dir='ltr'>ad</span> <span class='ocrx_word' id='word_1_56' title='bbox 1477 873 1572 911; x_wconf 92' lang='lat' dir='ltr'>eos</span> <span class='ocrx_word' id='word_1_57' title='bbox 1603 857 1799 927; x_wconf 87' lang='lat' dir='ltr'>quibus</span> <span class='ocrx_word' id='word_1_58' title='bbox 1820 871 1927 910; x_wconf 91' lang='lat' dir='ltr'>non</span> <span class='ocrx_word' id='word_1_59' title='bbox 1957 871 2152 910; x_wconf 86' lang='lat' dir='ltr'>conve-</span> 
     </span>
    </p>
   </div>
   <div class='ocr_carea' id='block_1_10' title="bbox 549 943 2178 1017">
    <p class='ocr_par' dir='ltr' id='par_1_10' title="bbox 549 943 2178 1017">
     <span class='ocr_line' id='line_1_10' title="bbox 549 943 2178 1017; baseline -0.001 -17"><span class='ocrx_word' id='word_1_60' title='bbox 549 953 708 1000; x_wconf 90' lang='lat' dir='ltr'>nerat</span> <span class='ocrx_word' id='word_1_61' title='bbox 735 954 1097 1017; x_wconf 89' lang='lat' dir='ltr'>retorqueres,</span> <span class='ocrx_word' id='word_1_62' title='bbox 1122 946 1214 999; x_wconf 89' lang='lat' dir='ltr'>tibi</span> <span class='ocrx_word' id='word_1_63' title='bbox 1241 946 1482 1000; x_wconf 78' lang='lat' dir='ltr'>scribere</span> <span class='ocrx_word' id='word_1_64' title='bbox 1503 945 1726 1016; x_wconf 86' lang='lat' dir='ltr'>dignum</span> <span class='ocrx_word' id='word_1_65' title='bbox 1744 943 1890 1010; x_wconf 86' lang='lat' dir='ltr'>duxi,</span> <span class='ocrx_word' id='word_1_66' title='bbox 1916 943 2060 1016; x_wconf 91' lang='lat' dir='ltr'>quod</span> <span class='ocrx_word' id='word_1_67' title='bbox 2081 943 2148 998; x_wconf 91' lang='lat' dir='ltr'>de</span> <span class='ocrx_word' id='word_1_68' title='bbox 2164 993 2178 1004; x_wconf 86' lang='grc'><em>,</em></span> 
     </span>
    </p>
   </div>
   <div class='ocr_carea' id='block_1_11' title="bbox 546 1033 2148 1104">
    <p class='ocr_par' dir='ltr' id='par_1_11' title="bbox 546 1033 2148 1104">
     <span class='ocr_line' id='line_1_11' title="bbox 546 1033 2148 1104; baseline -0.001 -17"><span class='ocrx_word' id='word_1_69' title='bbox 546 1035 886 1088; x_wconf 87' lang='lat' dir='ltr'>anathemate</span> <span class='ocrx_word' id='word_1_70' title='bbox 934 1034 987 1087; x_wconf 94' lang='lat' dir='ltr'>in</span> <span class='ocrx_word' id='word_1_71' title='bbox 1033 1034 1294 1104; x_wconf 88' lang='lat' dir='ltr'>synodica</span> <span class='ocrx_word' id='word_1_72' title='bbox 1342 1033 1587 1104; x_wconf 85' lang='lat' dir='ltr'>epistola,</span> <span class='ocrx_word' id='word_1_73' title='bbox 1641 1049 1802 1104; x_wconf 91' lang='lat' dir='ltr'>quam</span> <span class='ocrx_word' id='word_1_74' title='bbox 1851 1033 2148 1087; x_wconf 91' lang='lat' dir='ltr'>secundum</span> 
     </span>
    </p>
   </div>
   <div class='ocr_carea' id='block_1_12' title="bbox 547 1120 2144 1191">
    <p class='ocr_par' dir='ltr' id='par_1_12' title="bbox 547 1120 2144 1191">
     <span class='ocr_line' id='line_1_12' title="bbox 547 1120 2144 1191; baseline -0.002 -15"><span class='ocrx_word' id='word_1_75' title='bbox 547 1138 776 1185; x_wconf 89' lang='lat' dir='ltr'>morem,</span> <span class='ocrx_word' id='word_1_76' title='bbox 839 1121 893 1175; x_wconf 92' lang='lat' dir='ltr'>in</span> <span class='ocrx_word' id='word_1_77' title='bbox 952 1121 1304 1177; x_wconf 87' lang='lat' dir='ltr'>ordinationis</span> <span class='ocrx_word' id='word_1_78' title='bbox 1359 1138 1472 1176; x_wconf 75' lang='lat' dir='ltr'>suae</span> <span class='ocrx_word' id='word_1_79' title='bbox 1531 1121 1752 1176; x_wconf 87' lang='lat' dir='ltr'>exordio</span> <span class='ocrx_word' id='word_1_80' title='bbox 1799 1120 2144 1191; x_wconf 79' lang='lat' dir='ltr'>patriarcliis,</span> 
     </span>
    </p>
   </div>
   <div class='ocr_carea' id='block_1_13' title="bbox 547 1208 2144 1280">
    <p class='ocr_par' dir='ltr' id='par_1_13' title="bbox 547 1208 2144 1280">
     <span class='ocr_line' id='line_1_13' title="bbox 547 1208 2144 1280; baseline -0.002 -16"><span class='ocrx_word' id='word_1_81' title='bbox 547 1209 911 1264; x_wconf 81' lang='lat' dir='ltr'>Alexandrino</span> <span class='ocrx_word' id='word_1_82' title='bbox 955 1211 1180 1275; x_wconf 77' lang='lat' dir='ltr'>scilicet,</span> <span class='ocrx_word' id='word_1_83' title='bbox 1229 1209 1584 1272; x_wconf 80' lang='lat' dir='ltr'>Antioclxeno,</span> <span class='ocrx_word' id='word_1_84' title='bbox 1635 1208 2144 1280; x_wconf 75' lang='lat' dir='ltr'>Hierosolymitano,</span> 
     </span>
    </p>
   </div>
   <div class='ocr_carea' id='block_1_14' title="bbox 551 1297 2144 1368">
    <p class='ocr_par' dir='ltr' id='par_1_14' title="bbox 551 1297 2144 1368">
     <span class='ocr_line' id='line_1_14' title="bbox 551 1297 2144 1368; baseline -0.001 -16"><span class='ocrx_word' id='word_1_85' title='bbox 551 1307 602 1352; x_wconf 89' lang='lat' dir='ltr'>et</span> <span class='ocrx_word' id='word_1_86' title='bbox 652 1297 1250 1368; x_wconf 86' lang='lat' dir='ltr'>Constantinopolitano</span> <span class='ocrx_word' id='word_1_87' title='bbox 1307 1297 1598 1364; x_wconf 84' lang='lat' dir='ltr'>direxerat,</span> <span class='ocrx_word' id='word_1_88' title='bbox 1651 1297 1869 1367; x_wconf 88' lang='lat' dir='ltr'>scripsit</span> <span class='ocrx_word' id='word_1_89' title='bbox 1926 1297 2044 1367; x_wconf 88' lang='lat' dir='ltr'>(tib.</span> <span class='ocrx_word' id='word_1_90' title='bbox 2105 1311 2144 1361; x_wconf 87' lang='grc' dir='ltr'>ι,</span> 
     </span>
    </p>
   </div>
   <div class='ocr_carea' id='block_1_15' title="bbox 546 1384 2148 1458">
    <p class='ocr_par' dir='ltr' id='par_1_15' title="bbox 546 1384 2148 1458">
     <span class='ocr_line' id='line_1_15' title="bbox 546 1384 2148 1458; baseline -0.002 -17"><span class='ocrx_word' id='word_1_91' title='bbox 546 1402 633 1458; x_wconf 83' lang='lat' dir='ltr'>ep.</span> <span class='ocrx_word' id='word_1_92' title='bbox 668 1387 760 1454; x_wconf 75' lang='grc'>24)</span> <span class='ocrx_word' id='word_1_93' title='bbox 795 1405 808 1440; x_wconf 90' lang='lat'><strong>:</strong></span> <span class='ocrx_word' id='word_1_94' title='bbox 846 1409 866 1433; x_wconf 83' lang='lat'><strong>«</strong></span> <span class='ocrx_word' id='word_1_95' title='bbox 905 1387 1189 1450; x_wconf 72' lang='lat' dir='ltr'>Praeterea,</span> <span class='ocrx_word' id='word_1_96' title='bbox 1224 1385 1496 1456; x_wconf 89' lang='lat' dir='ltr'>inquiens,</span> <span class='ocrx_word' id='word_1_97' title='bbox 1529 1385 1654 1456; x_wconf 86' lang='lat' dir='ltr'>quia</span> <span class='ocrx_word' id='word_1_98' title='bbox 1701 1386 1867 1440; x_wconf 90' lang='lat' dir='ltr'>corde</span> <span class='ocrx_word' id='word_1_99' title='bbox 1911 1384 2148 1440; x_wconf 87' lang='lat' dir='ltr'>creditur</span> 
     </span>
    </p>
   </div>
   <div class='ocr_carea' id='block_1_16' title="bbox 546 1473 2142 1542">
    <p class='ocr_par' dir='ltr' id='par_1_16' title="bbox 546 1473 2142 1542">
     <span class='ocr_line' id='line_1_16' title="bbox 546 1473 2142 1542; baseline -0.001 -15"><span class='ocrx_word' id='word_1_100' title='bbox 546 1474 615 1528; x_wconf 93' lang='lat' dir='ltr'>ad</span> <span class='ocrx_word' id='word_1_101' title='bbox 658 1473 940 1542; x_wconf 87' lang='lat' dir='ltr'>justitiam,</span> <span class='ocrx_word' id='word_1_102' title='bbox 993 1490 1090 1528; x_wconf 90' lang='lat' dir='ltr'>ore</span> <span class='ocrx_word' id='word_1_103' title='bbox 1137 1481 1316 1528; x_wconf 88' lang='lat' dir='ltr'>autem</span> <span class='ocrx_word' id='word_1_104' title='bbox 1363 1473 1636 1528; x_wconf 86' lang='lat' dir='ltr'>confessio</span> <span class='ocrx_word' id='word_1_105' title='bbox 1685 1473 1743 1527; x_wconf 79' lang='lat' dir='ltr'>fit</span> <span class='ocrx_word' id='word_1_106' title='bbox 1778 1473 1847 1528; x_wconf 90' lang='lat' dir='ltr'>ad</span> <span class='ocrx_word' id='word_1_107' title='bbox 1892 1473 2142 1537; x_wconf 85' lang='lat' dir='ltr'>salutem,</span> 
     </span>
    </p>
   </div>
   <div class='ocr_carea' id='block_1_17' title="bbox 541 1561 2149 1634">
    <p class='ocr_par' dir='ltr' id='par_1_17' title="bbox 541 1561 2149 1634">
     <span class='ocr_line' id='line_1_17' title="bbox 541 1561 2149 1634; baseline -0.001 -18"><span class='ocrx_word' id='word_1_108' title='bbox 541 1561 678 1616; x_wconf 87' lang='lat' dir='ltr'>sicut</span> <span class='ocrx_word' id='word_1_109' title='bbox 727 1562 896 1616; x_wconf 86' lang='lat' dir='ltr'>sancti</span> <span class='ocrx_word' id='word_1_110' title='bbox 954 1562 1239 1634; x_wconf 81' lang='lat' dir='ltr'>Evangelii</span> <span class='ocrx_word' id='word_1_111' title='bbox 1285 1571 1518 1633; x_wconf 84' lang='lat' dir='ltr'>quatuor</span> <span class='ocrx_word' id='word_1_112' title='bbox 1555 1563 1745 1624; x_wconf 91' lang='lat' dir='ltr'>libros,</span> <span class='ocrx_word' id='word_1_113' title='bbox 1799 1561 1877 1616; x_wconf 92' lang='lat' dir='ltr'>sic</span> <span class='ocrx_word' id='word_1_114' title='bbox 1923 1569 2149 1633; x_wconf 86' lang='lat' dir='ltr'>quatuor</span> 
     </span>
    </p>
   </div>
   <div class='ocr_carea' id='block_1_18' title="bbox 543 1649 2146 1721">
    <p class='ocr_par' dir='ltr' id='par_1_18' title="bbox 543 1649 2146 1721">
     <span class='ocr_line' id='line_1_18' title="bbox 543 1649 2146 1721; baseline -0.001 -15"><span class='ocrx_word' id='word_1_115' title='bbox 543 1649 772 1706; x_wconf 84' lang='lat' dir='ltr'>concilia</span> <span class='ocrx_word' id='word_1_116' title='bbox 805 1651 1084 1721; x_wconf 89' lang='lat' dir='ltr'>suscipere</span> <span class='ocrx_word' id='word_1_117' title='bbox 1116 1659 1168 1705; x_wconf 91' lang='lat' dir='ltr'>et</span> <span class='ocrx_word' id='word_1_118' title='bbox 1198 1650 1448 1706; x_wconf 88' lang='lat' dir='ltr'>venerari</span> <span class='ocrx_word' id='word_1_119' title='bbox 1498 1667 1585 1704; x_wconf 91' lang='lat' dir='ltr'>me</span> <span class='ocrx_word' id='word_1_120' title='bbox 1629 1649 1888 1721; x_wconf 80' lang='lat' dir='ltr'>proﬁteor</span> <span class='ocrx_word' id='word_1_121' title='bbox 1919 1667 1931 1704; x_wconf 92' lang='lat'>:</span> <span class='ocrx_word' id='word_1_122' title='bbox 1963 1650 2146 1704; x_wconf 73' lang='lat' dir='ltr'>Nicae-</span> 
     </span>
    </p>
   </div>
   <div class='ocr_carea' id='block_1_19' title="bbox 539 1736 2227 1824">
    <p class='ocr_par' dir='ltr' id='par_1_19' title="bbox 539 1736 2227 1824">
     <span class='ocr_line' id='line_1_19' title="bbox 539 1736 2227 1824; baseline -0.001 -32"><span class='ocrx_word' id='word_1_123' title='bbox 539 1753 668 1792; x_wconf 91' lang='lat' dir='ltr'>num</span> <span class='ocrx_word' id='word_1_124' title='bbox 699 1738 926 1803; x_wconf 77' lang='lat' dir='ltr'>scilicet,</span> <span class='ocrx_word' id='word_1_125' title='bbox 961 1738 1016 1792; x_wconf 90' lang='lat' dir='ltr'>in</span> <span class='ocrx_word' id='word_1_126' title='bbox 1047 1753 1154 1809; x_wconf 91' lang='lat' dir='ltr'>quo</span> <span class='ocrx_word' id='word_1_127' title='bbox 1185 1753 1501 1808; x_wconf 90' lang='lat' dir='ltr'>perversum</span> <span class='ocrx_word' id='word_1_128' title='bbox 1535 1739 1649 1792; x_wconf 84' lang='lat' dir='ltr'>Arii</span> <span class='ocrx_word' id='word_1_129' title='bbox 1680 1738 1883 1808; x_wconf 83' lang='lat' dir='ltr'>dogma</span> <span class='ocrx_word' id='word_1_130' title='bbox 1911 1736 2145 1792; x_wconf 89' lang='lat' dir='ltr'>destrui-</span> <span class='ocrx_word' id='word_1_131' title='bbox 2173 1763 2227 1824; x_wconf 82' lang='grc' dir='ltr'>Β</span> 
     </span>
    </p>
   </div>
   <div class='ocr_carea' id='block_1_20' title="bbox 539 1824 2146 1897">
    <p class='ocr_par' dir='ltr' id='par_1_20' title="bbox 539 1824 2146 1897">
     <span class='ocr_line' id='line_1_20' title="bbox 539 1824 2146 1897; baseline -0.001 -17"><span class='ocrx_word' id='word_1_132' title='bbox 539 1835 648 1892; x_wconf 89' lang='lat' dir='ltr'>tur,</span> <span class='ocrx_word' id='word_1_133' title='bbox 682 1826 1339 1897; x_wconf 89' lang='lat' dir='ltr'>Constantinopolitanum</span> <span class='ocrx_word' id='word_1_134' title='bbox 1371 1841 1608 1896; x_wconf 90' lang='lat' dir='ltr'>quoque,</span> <span class='ocrx_word' id='word_1_135' title='bbox 1647 1826 1704 1880; x_wconf 93' lang='lat' dir='ltr'>in</span> <span class='ocrx_word' id='word_1_136' title='bbox 1737 1841 1845 1896; x_wconf 93' lang='lat' dir='ltr'>quo</span> <span class='ocrx_word' id='word_1_137' title='bbox 1892 1824 2146 1879; x_wconf 89' lang='lat' dir='ltr'>Eunomii</span> 
     </span>
    </p>
   </div>
   <div class='ocr_carea' id='block_1_21' title="bbox 544 1905 2146 1984">
    <p class='ocr_par' dir='ltr' id='par_1_21' title="bbox 544 1905 2146 1984">
     <span class='ocr_line' id='line_1_21' title="bbox 544 1905 2146 1984; baseline -0.002 -14"><span class='ocrx_word' id='word_1_138' title='bbox 544 1905 953 1970; x_wconf 67' lang='lat' dir='ltr'>et&#39;Macedonii</span> <span class='ocrx_word' id='word_1_139' title='bbox 995 1930 1152 1969; x_wconf 91' lang='lat' dir='ltr'>error</span> <span class='ocrx_word' id='word_1_140' title='bbox 1199 1913 1553 1979; x_wconf 85' lang='lat' dir='ltr'>convincitur,</span> <span class='ocrx_word' id='word_1_141' title='bbox 1599 1914 1934 1984; x_wconf 88' lang='lat' dir='ltr'>Ephesinum</span> <span class='ocrx_word' id='word_1_142' title='bbox 1985 1912 2146 1967; x_wconf 90' lang='lat' dir='ltr'>etiam</span> 
     </span>
    </p>
   </div>
   <div class='ocr_carea' id='block_1_22' title="bbox 541 1999 2141 2074">
    <p class='ocr_par' dir='ltr' id='par_1_22' title="bbox 541 1999 2141 2074">
     <span class='ocr_line' id='line_1_22' title="bbox 541 1999 2141 2074; baseline -0.002 -18"><span class='ocrx_word' id='word_1_143' title='bbox 541 2001 780 2072; x_wconf 89' lang='lat' dir='ltr'>primum</span> <span class='ocrx_word' id='word_1_144' title='bbox 811 2003 866 2056; x_wconf 93' lang='lat' dir='ltr'>in</span> <span class='ocrx_word' id='word_1_145' title='bbox 897 2017 1005 2074; x_wconf 92' lang='lat' dir='ltr'>quo</span> <span class='ocrx_word' id='word_1_146' title='bbox 1037 2002 1271 2056; x_wconf 89' lang='lat' dir='ltr'>Nestorii</span> <span class='ocrx_word' id='word_1_147' title='bbox 1302 2001 1549 2072; x_wconf 87' lang='lat' dir='ltr'>impietas</span> <span class='ocrx_word' id='word_1_148' title='bbox 1575 2001 1868 2070; x_wconf 89' lang='lat' dir='ltr'>judicatur,</span> <span class='ocrx_word' id='word_1_149' title='bbox 1915 1999 2141 2055; x_wconf 87' lang='lat' dir='ltr'>Chalce-</span> 
     </span>
    </p>
   </div>
   <div class='ocr_carea' id='block_1_23' title="bbox 543 2088 2144 2160">
    <p class='ocr_par' dir='ltr' id='par_1_23' title="bbox 543 2088 2144 2160">
     <span class='ocr_line' id='line_1_23' title="bbox 543 2088 2144 2160; baseline -0.001 -16"><span class='ocrx_word' id='word_1_150' title='bbox 543 2089 786 2146; x_wconf 90' lang='lat' dir='ltr'>donense</span> <span class='ocrx_word' id='word_1_151' title='bbox 817 2107 966 2155; x_wconf 89' lang='lat' dir='ltr'>vero,</span> <span class='ocrx_word' id='word_1_152' title='bbox 1001 2091 1056 2144; x_wconf 91' lang='lat' dir='ltr'>in</span> <span class='ocrx_word' id='word_1_153' title='bbox 1089 2107 1194 2160; x_wconf 91' lang='lat' dir='ltr'>quo</span> <span class='ocrx_word' id='word_1_154' title='bbox 1220 2089 1496 2160; x_wconf 75' lang='lat' dir='ltr'>Eutychis.</span> <span class='ocrx_word' id='word_1_155' title='bbox 1523 2089 1876 2160; x_wconf 90' lang='lat' dir='ltr'>Dioscorique</span> <span class='ocrx_word' id='word_1_156' title='bbox 1904 2088 2144 2159; x_wconf 84' lang='lat' dir='ltr'>pravitas</span> 
     </span>
    </p>
   </div>
   <div class='ocr_carea' id='block_1_24' title="bbox 544 2177 2144 2249">
    <p class='ocr_par' dir='ltr' id='par_1_24' title="bbox 544 2177 2144 2249">
     <span class='ocr_line' id='line_1_24' title="bbox 544 2177 2144 2249; baseline -0.001 -18"><span class='ocrx_word' id='word_1_157' title='bbox 544 2179 882 2248; x_wconf 90' lang='lat' dir='ltr'>reprobatur,</span> <span class='ocrx_word' id='word_1_158' title='bbox 916 2187 1024 2233; x_wconf 93' lang='lat' dir='ltr'>tota</span> <span class='ocrx_word' id='word_1_159' title='bbox 1056 2178 1344 2233; x_wconf 86' lang='lat' dir='ltr'>devotione</span> <span class='ocrx_word' id='word_1_160' title='bbox 1388 2178 1744 2248; x_wconf 87' lang='lat' dir='ltr'>complector,</span> <span class='ocrx_word' id='word_1_161' title='bbox 1792 2177 2144 2249; x_wconf 89' lang='lat' dir='ltr'>integerrima</span> 
     </span>
    </p>
   </div>
   <div class='ocr_carea' id='block_1_25' title="bbox 542 2265 2143 2338">
    <p class='ocr_par' dir='ltr' id='par_1_25' title="bbox 542 2265 2143 2338">
     <span class='ocr_line' id='line_1_25' title="bbox 542 2265 2143 2338; baseline -0.001 -19"><span class='ocrx_word' id='word_1_162' title='bbox 542 2266 862 2336; x_wconf 86' lang='lat' dir='ltr'>probatione</span> <span class='ocrx_word' id='word_1_163' title='bbox 890 2267 1157 2331; x_wconf 91' lang='lat' dir='ltr'>custodio,</span> <span class='ocrx_word' id='word_1_164' title='bbox 1193 2267 1317 2338; x_wconf 89' lang='lat' dir='ltr'>quia</span> <span class='ocrx_word' id='word_1_165' title='bbox 1349 2267 1404 2320; x_wconf 89' lang='lat' dir='ltr'>in</span> <span class='ocrx_word' id='word_1_166' title='bbox 1434 2267 1539 2331; x_wconf 90' lang='lat' dir='ltr'>his,</span> <span class='ocrx_word' id='word_1_167' title='bbox 1586 2267 1730 2320; x_wconf 89' lang='lat' dir='ltr'>velut</span> <span class='ocrx_word' id='word_1_168' title='bbox 1774 2265 1828 2318; x_wconf 92' lang='lat' dir='ltr'>in</span> <span class='ocrx_word' id='word_1_169' title='bbox 1877 2265 2143 2337; x_wconf 91' lang='lat' dir='ltr'>quadrato</span> 
     </span>
    </p>
   </div>
   <div class='ocr_carea' id='block_1_26' title="bbox 543 2353 2142 2426">
    <p class='ocr_par' dir='ltr' id='par_1_26' title="bbox 543 2353 2142 2426">
     <span class='ocr_line' id='line_1_26' title="bbox 543 2353 2142 2426; baseline -0.001 -19"><span class='ocrx_word' id='word_1_170' title='bbox 543 2353 745 2424; x_wconf 88' lang='lat' dir='ltr'>lapide,</span> <span class='ocrx_word' id='word_1_171' title='bbox 782 2363 983 2409; x_wconf 71' lang='lat' dir='ltr'>sanctae</span> <span class='ocrx_word' id='word_1_172' title='bbox 1013 2353 1139 2409; x_wconf 85' lang='lat' dir='ltr'>ﬁdei</span> <span class='ocrx_word' id='word_1_173' title='bbox 1167 2363 1438 2410; x_wconf 87' lang='lat' dir='ltr'>structura</span> <span class='ocrx_word' id='word_1_174' title='bbox 1486 2353 1783 2426; x_wconf 82' lang='lat' dir='ltr'>consurgit.</span> <span class='ocrx_word' id='word_1_175' title='bbox 1838 2353 1907 2406; x_wconf 88' lang='lat' dir='ltr'>Et</span> <span class='ocrx_word' id='word_1_176' title='bbox 1955 2353 2142 2420; x_wconf 91' lang='lat' dir='ltr'>cujus-</span> 
     </span>
    </p>
   </div>
   <div class='ocr_carea' id='block_1_27' title="bbox 540 2441 2140 2514">
    <p class='ocr_par' dir='ltr' id='par_1_27' title="bbox 540 2441 2140 2514">
     <span class='ocr_line' id='line_1_27' title="bbox 540 2441 2140 2514; baseline 0 -20"><span class='ocrx_word' id='word_1_177' title='bbox 540 2441 670 2495; x_wconf 88' lang='lat' dir='ltr'>libet</span> <span class='ocrx_word' id='word_1_178' title='bbox 715 2442 838 2496; x_wconf 72' lang='lat' dir='ltr'>vitze</span> <span class='ocrx_word' id='word_1_179' title='bbox 883 2451 1048 2514; x_wconf 87' lang='lat' dir='ltr'>atque</span> <span class='ocrx_word' id='word_1_180' title='bbox 1104 2442 1334 2497; x_wconf 86' lang='lat' dir='ltr'>actionis</span> <span class='ocrx_word' id='word_1_181' title='bbox 1389 2442 1603 2511; x_wconf 85' lang='lat' dir='ltr'>existat,</span> <span class='ocrx_word' id='word_1_182' title='bbox 1657 2441 1903 2513; x_wconf 86' lang='lat' dir='ltr'>quisquis</span> <span class='ocrx_word' id='word_1_183' title='bbox 1951 2457 2140 2495; x_wconf 91' lang='lat' dir='ltr'>eorum</span> 
     </span>
    </p>
   </div>
   <div class='ocr_carea' id='block_1_28' title="bbox 541 2529 2138 2600">
    <p class='ocr_par' dir='ltr' id='par_1_28' title="bbox 541 2529 2138 2600">
     <span class='ocr_line' id='line_1_28' title="bbox 541 2529 2138 2600; baseline 0 -19"><span class='ocrx_word' id='word_1_184' title='bbox 541 2529 865 2585; x_wconf 89' lang='lat' dir='ltr'>soliditatem</span> <span class='ocrx_word' id='word_1_185' title='bbox 896 2547 1002 2584; x_wconf 91' lang='lat' dir='ltr'>non</span> <span class='ocrx_word' id='word_1_186' title='bbox 1051 2538 1216 2596; x_wconf 88' lang='lat' dir='ltr'>tenet,</span> <span class='ocrx_word' id='word_1_187' title='bbox 1269 2531 1482 2584; x_wconf 90' lang='lat' dir='ltr'>etiamsi</span> <span class='ocrx_word' id='word_1_188' title='bbox 1527 2530 1664 2600; x_wconf 89' lang='lat' dir='ltr'>lapis</span> <span class='ocrx_word' id='word_1_189' title='bbox 1711 2546 1833 2584; x_wconf 90' lang='lat' dir='ltr'>esse</span> <span class='ocrx_word' id='word_1_190' title='bbox 1876 2529 2138 2594; x_wconf 92' lang='lat' dir='ltr'>cernitur,</span> 
     </span>
    </p>
   </div>
   <div class='ocr_carea' id='block_1_29' title="bbox 538 2617 2140 2689">
    <p class='ocr_par' dir='ltr' id='par_1_29' title="bbox 538 2617 2140 2689">
     <span class='ocr_line' id='line_1_29' title="bbox 538 2617 2140 2689; baseline 0.001 -19"><span class='ocrx_word' id='word_1_191' title='bbox 538 2625 715 2672; x_wconf 92' lang='lat' dir='ltr'>tamen</span> <span class='ocrx_word' id='word_1_192' title='bbox 749 2627 902 2673; x_wconf 85' lang='lat' dir='ltr'>extra</span> <span class='ocrx_word' id='word_1_193' title='bbox 931 2617 1218 2673; x_wconf 58' lang='lat' dir='ltr'>mdiﬁcnum</span> <span class='ocrx_word' id='word_1_194' title='bbox 1240 2618 1401 2686; x_wconf 85' lang='lat' dir='ltr'>jacet.</span> <span class='ocrx_word' id='word_1_195' title='bbox 1454 2617 1710 2686; x_wconf 88' lang='lat' dir='ltr'>Quintum</span> <span class='ocrx_word' id='word_1_196' title='bbox 1754 2633 1970 2689; x_wconf 89' lang='lat' dir='ltr'>quoque</span> <span class='ocrx_word' id='word_1_197' title='bbox 2003 2633 2140 2672; x_wconf 91' lang='lat' dir='ltr'>con-</span> 
     </span>
    </p>
   </div>
   <div class='ocr_carea' id='block_1_30' title="bbox 537 2705 2138 2778">
    <p class='ocr_par' dir='ltr' id='par_1_30' title="bbox 537 2705 2138 2778">
     <span class='ocr_line' id='line_1_30' title="bbox 537 2705 2138 2778; baseline -0.001 -16"><span class='ocrx_word' id='word_1_198' title='bbox 537 2706 718 2762; x_wconf 91' lang='lat' dir='ltr'>cilium</span> <span class='ocrx_word' id='word_1_199' title='bbox 748 2707 946 2776; x_wconf 89' lang='lat' dir='ltr'>pariter</span> <span class='ocrx_word' id='word_1_200' title='bbox 976 2722 1223 2772; x_wconf 88' lang='lat' dir='ltr'>veneror,</span> <span class='ocrx_word' id='word_1_201' title='bbox 1257 2705 1312 2760; x_wconf 92' lang='lat' dir='ltr'>in</span> <span class='ocrx_word' id='word_1_202' title='bbox 1344 2723 1452 2778; x_wconf 91' lang='lat' dir='ltr'>quo</span> <span class='ocrx_word' id='word_1_203' title='bbox 1483 2707 1709 2776; x_wconf 88' lang='lat' dir='ltr'>epistola</span> <span class='ocrx_word' id='word_1_204' title='bbox 1740 2723 1862 2776; x_wconf 62' lang='lat' dir='ltr'>quae</span> <span class='ocrx_word' id='word_1_205' title='bbox 1910 2706 2018 2760; x_wconf 72' lang='lat' dir='ltr'>lbae</span> <span class='ocrx_word' id='word_1_206' title='bbox 2058 2705 2138 2760; x_wconf 84' lang='lat' dir='ltr'>di-</span> 
     </span>
    </p>
   </div>
   <div class='ocr_carea' id='block_1_31' title="bbox 538 2793 2140 2865">
    <p class='ocr_par' dir='ltr' id='par_1_31' title="bbox 538 2793 2140 2865">
     <span class='ocr_line' id='line_1_31' title="bbox 538 2793 2140 2865; baseline 0 -17"><span class='ocrx_word' id='word_1_207' title='bbox 538 2793 682 2848; x_wconf 91' lang='lat' dir='ltr'>citur</span> <span class='ocrx_word' id='word_1_208' title='bbox 735 2794 940 2848; x_wconf 88' lang='lat' dir='ltr'>erroris</span> <span class='ocrx_word' id='word_1_209' title='bbox 989 2794 1148 2863; x_wconf 91' lang='lat' dir='ltr'>plena</span> <span class='ocrx_word' id='word_1_210' title='bbox 1203 2795 1539 2865; x_wconf 89' lang='lat' dir='ltr'>reprobatur,</span> <span class='ocrx_word' id='word_1_211' title='bbox 1581 2795 1899 2848; x_wconf 87' lang='lat' dir='ltr'>Theodorus</span> <span class='ocrx_word' id='word_1_212' title='bbox 1941 2809 2140 2864; x_wconf 87' lang='lat' dir='ltr'>perso-</span> 
     </span>
    </p>
   </div>
   <div class='ocr_carea' id='block_1_32' title="bbox 538 2881 2139 2936">
    <p class='ocr_par' dir='ltr' id='par_1_32' title="bbox 538 2881 2139 2936">
     <span class='ocr_line' id='line_1_32' title="bbox 538 2881 2139 2936; baseline -0.001 -1"><span class='ocrx_word' id='word_1_213' title='bbox 538 2897 661 2935; x_wconf 90' lang='lat' dir='ltr'>nam</span> <span class='ocrx_word' id='word_1_214' title='bbox 693 2881 1008 2936; x_wconf 86' lang='lat' dir='ltr'>mediatoris</span> <span class='ocrx_word' id='word_1_215' title='bbox 1039 2883 1138 2936; x_wconf 88' lang='lat' dir='ltr'>Dei</span> <span class='ocrx_word' id='word_1_216' title='bbox 1167 2890 1219 2936; x_wconf 91' lang='lat' dir='ltr'>et</span> <span class='ocrx_word' id='word_1_217' title='bbox 1261 2881 1538 2936; x_wconf 84' lang='lat' dir='ltr'>hominum</span> <span class='ocrx_word' id='word_1_218' title='bbox 1587 2881 1641 2934; x_wconf 89' lang='lat' dir='ltr'>in</span> <span class='ocrx_word' id='word_1_219' title='bbox 1690 2881 1902 2936; x_wconf 92' lang='lat' dir='ltr'>duabus</span> <span class='ocrx_word' id='word_1_220' title='bbox 1956 2881 2139 2934; x_wconf 91' lang='lat' dir='ltr'>subsi-</span> 
     </span>
    </p>
   </div>
   <div class='ocr_carea' id='block_1_33' title="bbox 538 2968 2139 3040">
    <p class='ocr_par' dir='ltr' id='par_1_33' title="bbox 538 2968 2139 3040">
     <span class='ocr_line' id='line_1_33' title="bbox 538 2968 2139 3040; baseline 0 -16"><span class='ocrx_word' id='word_1_221' title='bbox 538 2969 750 3024; x_wconf 89' lang='lat' dir='ltr'>stentiis</span> <span class='ocrx_word' id='word_1_222' title='bbox 781 2985 1062 3040; x_wconf 87' lang='lat' dir='ltr'>separans,</span> <span class='ocrx_word' id='word_1_223' title='bbox 1103 2970 1174 3024; x_wconf 92' lang='lat' dir='ltr'>ad</span> <span class='ocrx_word' id='word_1_224' title='bbox 1203 2970 1495 3040; x_wconf 88' lang='lat' dir='ltr'>impietatis</span> <span class='ocrx_word' id='word_1_225' title='bbox 1544 2969 1826 3040; x_wconf 71' lang='lat' dir='ltr'>perfidiam</span> <span class='ocrx_word' id='word_1_226' title='bbox 1876 2968 2139 3024; x_wconf 88' lang='lat' dir='ltr'>cecidisse</span> 
     </span>
    </p>
   </div>
   <div class='ocr_carea' id='block_1_34' title="bbox 535 3057 2138 3128">
    <p class='ocr_par' dir='ltr' id='par_1_34' title="bbox 535 3057 2138 3128">
     <span class='ocr_line' id='line_1_34' title="bbox 535 3057 2138 3128; baseline -0.001 -15"><span class='ocrx_word' id='word_1_227' title='bbox 535 3057 894 3123; x_wconf 84' lang='lat' dir='ltr'>convincitur,</span> <span class='ocrx_word' id='word_1_228' title='bbox 944 3058 1146 3128; x_wconf 89' lang='lat' dir='ltr'>scripta</span> <span class='ocrx_word' id='word_1_229' title='bbox 1206 3073 1422 3128; x_wconf 91' lang='lat' dir='ltr'>quoque</span> <span class='ocrx_word' id='word_1_230' title='bbox 1477 3057 1808 3122; x_wconf 88' lang='lat' dir='ltr'>Theodoriti,</span> <span class='ocrx_word' id='word_1_231' title='bbox 1860 3073 1958 3128; x_wconf 90' lang='lat' dir='ltr'>per</span> <span class='ocrx_word' id='word_1_232' title='bbox 2017 3073 2138 3128; x_wconf 66' lang='lat' dir='ltr'>quae</span> 
     </span>
    </p>
   </div>
   <div class='ocr_carea' id='block_1_35' title="bbox 534 3144 2135 3218">
    <p class='ocr_par' dir='ltr' id='par_1_35' title="bbox 534 3144 2135 3218">
     <span class='ocr_line' id='line_1_35' title="bbox 534 3144 2135 3218; baseline -0.001 -18"><span class='ocrx_word' id='word_1_233' title='bbox 534 3145 678 3200; x_wconf 89' lang='lat' dir='ltr'>beati</span> <span class='ocrx_word' id='word_1_234' title='bbox 732 3145 918 3216; x_wconf 79' lang='lat' dir='ltr'>Cyrilli</span> <span class='ocrx_word' id='word_1_235' title='bbox 975 3144 1111 3200; x_wconf 77' lang='lat' dir='ltr'>fides</span> <span class='ocrx_word' id='word_1_236' title='bbox 1172 3145 1625 3218; x_wconf 78' lang='lat' dir='ltr'>reprehenditur,</span> <span class='ocrx_word' id='word_1_237' title='bbox 1699 3161 1837 3199; x_wconf 89' lang='lat' dir='ltr'>ausu</span> <span class='ocrx_word' id='word_1_238' title='bbox 1905 3145 2135 3199; x_wconf 76' lang='lat' dir='ltr'>demen-</span> 
     </span>
    </p>
   </div>
   <div class='ocr_carea' id='block_1_36' title="bbox 535 3233 2137 3305">
    <p class='ocr_par' dir='ltr' id='par_1_36' title="bbox 535 3233 2137 3305">
     <span class='ocr_line' id='line_1_36' title="bbox 535 3233 2137 3305; baseline -0.001 -17"><span class='ocrx_word' id='word_1_239' title='bbox 535 3234 624 3289; x_wconf 66' lang='lat' dir='ltr'>tia:</span> <span class='ocrx_word' id='word_1_240' title='bbox 651 3234 863 3304; x_wconf 89' lang='lat' dir='ltr'>prolata</span> <span class='ocrx_word' id='word_1_241' title='bbox 894 3233 1215 3288; x_wconf 80' lang='lat' dir='ltr'>refutantur.</span> <span class='ocrx_word' id='word_1_242' title='bbox 1266 3235 1500 3288; x_wconf 87' lang='lat' dir='ltr'>Cunctas</span> <span class='ocrx_word' id='word_1_243' title='bbox 1549 3249 1680 3289; x_wconf 91' lang='lat' dir='ltr'>vero</span> <span class='ocrx_word' id='word_1_244' title='bbox 1729 3249 1867 3305; x_wconf 87' lang='lat' dir='ltr'>quas</span> <span class='ocrx_word' id='word_1_245' title='bbox 1913 3233 2137 3304; x_wconf 69' lang='lat' dir='ltr'>praefata</span> 
     </span>
    </p>
   </div>
   <div class='ocr_carea' id='block_1_37' title="bbox 535 3322 2135 3393">
    <p class='ocr_par' dir='ltr' id='par_1_37' title="bbox 535 3322 2135 3393">
     <span class='ocr_line' id='line_1_37' title="bbox 535 3322 2135 3393; baseline 0 -16"><span class='ocrx_word' id='word_1_246' title='bbox 535 3323 842 3377; x_wconf 87' lang='lat' dir='ltr'>veneranda</span> <span class='ocrx_word' id='word_1_247' title='bbox 874 3322 1105 3376; x_wconf 88' lang='lat' dir='ltr'>concilia</span> <span class='ocrx_word' id='word_1_248' title='bbox 1136 3338 1398 3392; x_wconf 86' lang='lat' dir='ltr'>personas</span> <span class='ocrx_word' id='word_1_249' title='bbox 1447 3330 1702 3392; x_wconf 89' lang='lat' dir='ltr'>respuunt</span> <span class='ocrx_word' id='word_1_250' title='bbox 1733 3337 1949 3392; x_wconf 89' lang='lat' dir='ltr'>respuo,</span> <span class='ocrx_word' id='word_1_251' title='bbox 1998 3337 2135 3393; x_wconf 91' lang='lat' dir='ltr'>quas</span> 
     </span>
    </p>
   </div>
   <div class='ocr_carea' id='block_1_38' title="bbox 533 3409 2137 3481">
    <p class='ocr_par' dir='ltr' id='par_1_38' title="bbox 533 3409 2137 3481">
     <span class='ocr_line' id='line_1_38' title="bbox 533 3409 2137 3481; baseline 0 -17"><span class='ocrx_word' id='word_1_252' title='bbox 533 3417 860 3465; x_wconf 86' lang='lat' dir='ltr'>venerantur</span> <span class='ocrx_word' id='word_1_253' title='bbox 906 3409 1210 3480; x_wconf 86' lang='lat' dir='ltr'>amplector</span> <span class='ocrx_word' id='word_1_254' title='bbox 1260 3427 1272 3463; x_wconf 92' lang='lat'><strong>:</strong></span> <span class='ocrx_word' id='word_1_255' title='bbox 1319 3410 1447 3481; x_wconf 91' lang='lat' dir='ltr'>quia</span> <span class='ocrx_word' id='word_1_256' title='bbox 1493 3410 1620 3463; x_wconf 91' lang='lat' dir='ltr'>dum</span> <span class='ocrx_word' id='word_1_257' title='bbox 1672 3409 1966 3464; x_wconf 88' lang='lat' dir='ltr'>universali</span> <span class='ocrx_word' id='word_1_258' title='bbox 2013 3418 2137 3464; x_wconf 91' lang='lat' dir='ltr'>sunt</span> 
     </span>
    </p>
   </div>
   <div class='ocr_carea' id='block_1_39' title="bbox 534 3497 2134 3568">
    <p class='ocr_par' dir='ltr' id='par_1_39' title="bbox 534 3497 2134 3568">
     <span class='ocr_line' id='line_1_39' title="bbox 534 3497 2134 3568; baseline -0.001 -14"><span class='ocrx_word' id='word_1_259' title='bbox 534 3513 805 3554; x_wconf 87' lang='lat' dir='ltr'>consensu</span> <span class='ocrx_word' id='word_1_260' title='bbox 835 3498 1143 3566; x_wconf 88' lang='lat' dir='ltr'>constituta,</span> <span class='ocrx_word' id='word_1_261' title='bbox 1180 3515 1238 3552; x_wconf 90' lang='lat' dir='ltr'>se</span> <span class='ocrx_word' id='word_1_262' title='bbox 1269 3507 1321 3553; x_wconf 91' lang='lat' dir='ltr'>et</span> <span class='ocrx_word' id='word_1_263' title='bbox 1351 3513 1460 3552; x_wconf 91' lang='lat' dir='ltr'>non</span> <span class='ocrx_word' id='word_1_264' title='bbox 1490 3497 1580 3552; x_wconf 90' lang='lat' dir='ltr'>illa</span> <span class='ocrx_word' id='word_1_265' title='bbox 1609 3497 1862 3563; x_wconf 85' lang='lat' dir='ltr'>destruit,</span> <span class='ocrx_word' id='word_1_266' title='bbox 1887 3497 2134 3568; x_wconf 86' lang='lat' dir='ltr'>quisquis</span> 
     </span>
    </p>
   </div>
   <div class='ocr_carea' id='block_1_40' title="bbox 531 3585 2134 3659">
    <p class='ocr_par' dir='ltr' id='par_1_40' title="bbox 531 3585 2134 3659">
     <span class='ocr_line' id='line_1_40' title="bbox 531 3585 2134 3659; baseline -0.002 -17"><span class='ocrx_word' id='word_1_267' title='bbox 531 3587 805 3657; x_wconf 75' lang='lat' dir='ltr'>praesumit</span> <span class='ocrx_word' id='word_1_268' title='bbox 835 3595 923 3640; x_wconf 91' lang='lat' dir='ltr'>aut</span> <span class='ocrx_word' id='word_1_269' title='bbox 954 3587 1169 3642; x_wconf 88' lang='lat' dir='ltr'>solvere</span> <span class='ocrx_word' id='word_1_270' title='bbox 1200 3603 1338 3657; x_wconf 93' lang='lat' dir='ltr'>quos</span> <span class='ocrx_word' id='word_1_271' title='bbox 1369 3585 1622 3659; x_wconf 81' lang='lat' dir='ltr'>religant,</span> <span class='ocrx_word' id='word_1_272' title='bbox 1655 3595 1746 3641; x_wconf 86' lang='lat' dir='ltr'>aut</span> <span class='ocrx_word' id='word_1_273' title='bbox 1776 3585 1947 3658; x_wconf 79' lang='lat' dir='ltr'>ligare</span> <span class='ocrx_word' id='word_1_274' title='bbox 1997 3602 2134 3656; x_wconf 92' lang='lat' dir='ltr'>quos</span> 
     </span>
    </p>
   </div>
   <div class='ocr_carea' id='block_1_41' title="bbox 533 3673 2129 3746">
    <p class='ocr_par' dir='ltr' id='par_1_41' title="bbox 533 3673 2129 3746">
     <span class='ocr_line' id='line_1_41' title="bbox 533 3673 2129 3746; baseline -0.001 -18"><span class='ocrx_word' id='word_1_275' title='bbox 533 3675 768 3729; x_wconf 81' lang='lat' dir='ltr'>solvunt.</span> <span class='ocrx_word' id='word_1_276' title='bbox 809 3673 1068 3746; x_wconf 86' lang='lat' dir='ltr'>Quisquis</span> <span class='ocrx_word' id='word_1_277' title='bbox 1117 3690 1250 3746; x_wconf 87' lang='lat' dir='ltr'>ergo</span> <span class='ocrx_word' id='word_1_278' title='bbox 1299 3674 1446 3728; x_wconf 86' lang='lat' dir='ltr'>aliud</span> <span class='ocrx_word' id='word_1_279' title='bbox 1494 3674 1654 3744; x_wconf 87' lang='lat' dir='ltr'>sapit,</span> <span class='ocrx_word' id='word_1_280' title='bbox 1706 3675 1994 3728; x_wconf 89' lang='lat' dir='ltr'>anathema</span> <span class='ocrx_word' id='word_1_281' title='bbox 2042 3673 2129 3727; x_wconf 92' lang='lat' dir='ltr'>sit.</span> 
     </span>
    </p>
   </div>
   <div class='ocr_carea' id='block_1_42' title="bbox 533 3759 2130 3832">
    <p class='ocr_par' dir='ltr' id='par_1_42' title="bbox 533 3759 2130 3832">
     <span class='ocr_line' id='line_1_42' title="bbox 533 3759 2130 3832; baseline 0.001 -18"><span class='ocrx_word' id='word_1_282' title='bbox 533 3759 793 3832; x_wconf 89' lang='lat' dir='ltr'>Quisquis</span> <span class='ocrx_word' id='word_1_283' title='bbox 823 3777 955 3816; x_wconf 88' lang='lat' dir='ltr'>vero</span> <span class='ocrx_word' id='word_1_284' title='bbox 982 3762 1332 3832; x_wconf 67' lang='lat' dir='ltr'>prtefatarum</span> <span class='ocrx_word' id='word_1_285' title='bbox 1369 3763 1704 3832; x_wconf 77' lang='lat' dir='ltr'>synodorum</span> <span class='ocrx_word' id='word_1_286' title='bbox 1752 3761 1915 3816; x_wconf 83' lang='lat' dir='ltr'>ﬁdem</span> <span class='ocrx_word' id='word_1_287' title='bbox 1963 3769 2130 3832; x_wconf 89' lang='lat' dir='ltr'>tenet,</span> 
     </span>
    </p>
   </div>
   <div class='ocr_carea' id='block_1_43' title="bbox 532 3849 2132 3920">
    <p class='ocr_par' dir='ltr' id='par_1_43' title="bbox 532 3849 2132 3920">
     <span class='ocr_line' id='line_1_43' title="bbox 532 3849 2132 3920; baseline 0 -16"><span class='ocrx_word' id='word_1_288' title='bbox 532 3865 639 3919; x_wconf 84' lang='lat' dir='ltr'>pax</span> <span class='ocrx_word' id='word_1_289' title='bbox 669 3849 720 3903; x_wconf 91' lang='lat' dir='ltr'>ei</span> <span class='ocrx_word' id='word_1_290' title='bbox 751 3850 819 3903; x_wconf 92' lang='lat' dir='ltr'>sit</span> <span class='ocrx_word' id='word_1_291' title='bbox 846 3865 876 3902; x_wconf 88' lang='lat' dir='ltr'>a</span> <span class='ocrx_word' id='word_1_292' title='bbox 904 3851 1020 3904; x_wconf 91' lang='lat' dir='ltr'>Deo</span> <span class='ocrx_word' id='word_1_293' title='bbox 1051 3851 1209 3904; x_wconf 87' lang='lat' dir='ltr'>Patre</span> <span class='ocrx_word' id='word_1_294' title='bbox 1239 3867 1336 3920; x_wconf 90' lang='lat' dir='ltr'>per</span> <span class='ocrx_word' id='word_1_295' title='bbox 1389 3851 1574 3904; x_wconf 86' lang='lat' dir='ltr'>Jesum</span> <span class='ocrx_word' id='word_1_296' title='bbox 1621 3850 1894 3904; x_wconf 88' lang='lat' dir='ltr'>Christum</span> <span class='ocrx_word' id='word_1_297' title='bbox 1941 3849 2132 3904; x_wconf 90' lang='lat' dir='ltr'>Filium</span> 
     </span>
    </p>
   </div>
   <div class='ocr_carea' id='block_1_44' title="bbox 533 3937 2136 4010">
    <p class='ocr_par' dir='ltr' id='par_1_44' title="bbox 533 3937 2136 4010">
     <span class='ocr_line' id='line_1_44' title="bbox 533 3937 2136 4010; baseline 0 -18"><span class='ocrx_word' id='word_1_298' title='bbox 533 3937 671 4006; x_wconf 90' lang='lat' dir='ltr'>ejus,</span> <span class='ocrx_word' id='word_1_299' title='bbox 706 3937 797 4009; x_wconf 90' lang='lat' dir='ltr'>qui</span> <span class='ocrx_word' id='word_1_300' title='bbox 827 3953 950 3993; x_wconf 90' lang='lat' dir='ltr'>cum</span> <span class='ocrx_word' id='word_1_301' title='bbox 982 3953 1048 3992; x_wconf 91' lang='lat' dir='ltr'>eo</span> <span class='ocrx_word' id='word_1_302' title='bbox 1086 3937 1216 3991; x_wconf 88' lang='lat' dir='ltr'>vivit</span> <span class='ocrx_word' id='word_1_303' title='bbox 1263 3946 1316 3992; x_wconf 91' lang='lat' dir='ltr'>et</span> <span class='ocrx_word' id='word_1_304' title='bbox 1360 3946 1554 4010; x_wconf 85' lang='lat' dir='ltr'>regnat</span> <span class='ocrx_word' id='word_1_305' title='bbox 1601 3938 2136 3993; x_wconf 88' lang='lat' dir='ltr'>consubstantialiter</span> 
     </span>
    </p>
   </div>
   <div class='ocr_carea' id='block_1_45' title="bbox 530 4025 2134 4096">
    <p class='ocr_par' dir='ltr' id='par_1_45' title="bbox 530 4025 2134 4096">
     <span class='ocr_line' id='line_1_45' title="bbox 530 4025 2134 4096; baseline 0 -16"><span class='ocrx_word' id='word_1_306' title='bbox 530 4025 678 4080; x_wconf 89' lang='lat' dir='ltr'>Deus</span> <span class='ocrx_word' id='word_1_307' title='bbox 709 4026 765 4080; x_wconf 91' lang='lat' dir='ltr'>in</span> <span class='ocrx_word' id='word_1_308' title='bbox 794 4025 996 4080; x_wconf 89' lang='lat' dir='ltr'>unitate</span> <span class='ocrx_word' id='word_1_309' title='bbox 1038 4025 1272 4096; x_wconf 89' lang='lat' dir='ltr'>Spiritus</span> <span class='ocrx_word' id='word_1_310' title='bbox 1321 4026 1514 4094; x_wconf 87' lang='lat' dir='ltr'>sancti,</span> <span class='ocrx_word' id='word_1_311' title='bbox 1564 4043 1662 4096; x_wconf 90' lang='lat' dir='ltr'>per</span> <span class='ocrx_word' id='word_1_312' title='bbox 1707 4026 1886 4080; x_wconf 90' lang='lat' dir='ltr'>omnia</span> <span class='ocrx_word' id='word_1_313' title='bbox 1935 4027 2134 4081; x_wconf 65' lang='lat' dir='ltr'>saecula</span> 
     </span>
    </p>
   </div>
   <div class='ocr_carea' id='block_1_46' title="bbox 529 4113 2130 4170">
    <p class='ocr_par' dir='ltr' id='par_1_46' title="bbox 529 4113 2130 4170">
     <span class='ocr_line' id='line_1_46' title="bbox 529 4113 2130 4170; baseline 0 -2"><span class='ocrx_word' id='word_1_314' title='bbox 529 4113 877 4169; x_wconf 78' lang='lat' dir='ltr'>saeculorum.</span> <span class='ocrx_word' id='word_1_315' title='bbox 910 4117 1099 4169; x_wconf 80' lang='lat' dir='ltr'>Amen.</span> <span class='ocrx_word' id='word_1_316' title='bbox 1135 4139 1154 4161; x_wconf 84' lang='lat'><strong>»</strong></span> <span class='ocrx_word' id='word_1_317' title='bbox 1191 4115 1260 4168; x_wconf 90' lang='lat' dir='ltr'>Et</span> <span class='ocrx_word' id='word_1_318' title='bbox 1289 4130 1508 4170; x_wconf 90' lang='lat' dir='ltr'>sacrum</span> <span class='ocrx_word' id='word_1_319' title='bbox 1528 4115 1810 4170; x_wconf 69' lang='lat' dir='ltr'>Niczenum</span> <span class='ocrx_word' id='word_1_320' title='bbox 1841 4115 2130 4170; x_wconf 87' lang='lat' dir='ltr'>concilium</span> 
     </span>
    </p>
   </div>
   <div class='ocr_carea' id='block_1_47' title="bbox 529 4202 2127 4275">
    <p class='ocr_par' dir='ltr' id='par_1_47' title="bbox 529 4202 2127 4275">
     <span class='ocr_line' id='line_1_47' title="bbox 529 4202 2127 4275; baseline 0 -18"><span class='ocrx_word' id='word_1_321' title='bbox 529 4202 659 4258; x_wconf 89' lang='lat' dir='ltr'>dicit</span> <span class='ocrx_word' id='word_1_322' title='bbox 689 4203 840 4270; x_wconf 83' lang='lat' dir='ltr'>(can.</span> <span class='ocrx_word' id='word_1_323' title='bbox 877 4204 966 4268; x_wconf 84' lang='lat' dir='ltr'>l3)</span> <span class='ocrx_word' id='word_1_324' title='bbox 999 4221 1012 4258; x_wconf 90' lang='lat'><strong>:</strong></span> <span class='ocrx_word' id='word_1_325' title='bbox 1050 4225 1071 4254; x_wconf 86' lang='grc'><strong>«</strong></span> <span class='ocrx_word' id='word_1_326' title='bbox 1109 4204 1188 4258; x_wconf 92' lang='lat' dir='ltr'>De</span> <span class='ocrx_word' id='word_1_327' title='bbox 1227 4203 1330 4269; x_wconf 89' lang='lat' dir='ltr'>his,</span> <span class='ocrx_word' id='word_1_328' title='bbox 1385 4204 1476 4275; x_wconf 91' lang='lat' dir='ltr'>qui</span> <span class='ocrx_word' id='word_1_329' title='bbox 1528 4203 1598 4258; x_wconf 91' lang='lat' dir='ltr'>ad</span> <span class='ocrx_word' id='word_1_330' title='bbox 1645 4203 1848 4258; x_wconf 77' lang='lat' dir='ltr'>exitum</span> <span class='ocrx_word' id='word_1_331' title='bbox 1886 4205 2127 4268; x_wconf 89' lang='lat' dir='ltr'>veniunt,</span> 
     </span>
    </p>
   </div>
   <div class='ocr_carea' id='block_1_48' title="bbox 531 4292 2130 4370">
    <p class='ocr_par' dir='ltr' id='par_1_48' title="bbox 531 4292 2130 4370">
     <span class='ocr_line' id='line_1_48' title="bbox 531 4292 2130 4370; baseline 0 -24"><span class='ocrx_word' id='word_1_332' title='bbox 531 4292 694 4346; x_wconf 90' lang='lat' dir='ltr'>etiam</span> <span class='ocrx_word' id='word_1_333' title='bbox 725 4308 868 4347; x_wconf 93' lang='lat' dir='ltr'>nunc</span> <span class='ocrx_word' id='word_1_334' title='bbox 896 4292 988 4346; x_wconf 84' lang='lat' dir='ltr'>lex</span> <span class='ocrx_word' id='word_1_335' title='bbox 1020 4293 1240 4364; x_wconf 89' lang='lat' dir='ltr'>antiqua</span> <span class='ocrx_word' id='word_1_336' title='bbox 1270 4292 1644 4370; x_wconf 78' lang='lat' dir='ltr'>regularisque</span> <span class='ocrx_word' id='word_1_337' title='bbox 1686 4293 2008 4358; x_wconf 89' lang='lat' dir='ltr'>servabitur,</span> <span class='ocrx_word' id='word_1_338' title='bbox 2058 4292 2130 4346; x_wconf 89' lang='lat' dir='ltr'>ita</span> 
     </span>
    </p>
   </div>
   <div class='ocr_carea' id='block_1_49' title="bbox 534 4381 2130 4450">
    <p class='ocr_par' dir='ltr' id='par_1_49' title="bbox 534 4381 2130 4450">
     <span class='ocr_line' id='line_1_49' title="bbox 534 4381 2130 4450; baseline 0.001 -17"><span class='ocrx_word' id='word_1_339' title='bbox 534 4389 591 4434; x_wconf 93' lang='lat' dir='ltr'>ut</span> <span class='ocrx_word' id='word_1_340' title='bbox 621 4381 665 4433; x_wconf 91' lang='lat' dir='ltr'>si</span> <span class='ocrx_word' id='word_1_341' title='bbox 695 4381 814 4450; x_wconf 89' lang='lat' dir='ltr'>quis</span> <span class='ocrx_word' id='word_1_342' title='bbox 844 4381 1124 4450; x_wconf 83' lang='lat' dir='ltr'>egreditur</span> <span class='ocrx_word' id='word_1_343' title='bbox 1153 4396 1183 4434; x_wconf 92' lang='lat' dir='ltr'>e</span> <span class='ocrx_word' id='word_1_344' title='bbox 1211 4396 1464 4450; x_wconf 89' lang='lat' dir='ltr'>corpore,</span> <span class='ocrx_word' id='word_1_345' title='bbox 1517 4381 1703 4434; x_wconf 90' lang='lat' dir='ltr'>ultimo</span> <span class='ocrx_word' id='word_1_346' title='bbox 1734 4389 1787 4434; x_wconf 90' lang='lat' dir='ltr'>et</span> <span class='ocrx_word' id='word_1_347' title='bbox 1818 4381 2130 4436; x_wconf 86' lang='lat' dir='ltr'>necessario</span> 
     </span>
    </p>
   </div>
   <div class='ocr_carea' id='block_1_50' title="bbox 536 4465 2215 4537">
    <p class='ocr_par' dir='ltr' id='par_1_50' title="bbox 536 4465 2215 4537">
     <span class='ocr_line' id='line_1_50' title="bbox 536 4465 2215 4537; baseline 0.002 -14"><span class='ocrx_word' id='word_1_348' title='bbox 536 4467 733 4523; x_wconf 87' lang='lat' dir='ltr'>viatico</span> <span class='ocrx_word' id='word_1_349' title='bbox 762 4468 983 4520; x_wconf 89' lang='lat' dir='ltr'>minime</span> <span class='ocrx_word' id='word_1_350' title='bbox 1010 4467 1270 4537; x_wconf 87' lang='lat' dir='ltr'>privetur.</span> <span class='ocrx_word' id='word_1_351' title='bbox 1311 4468 1466 4536; x_wconf 88' lang='lat' dir='ltr'>Quod</span> <span class='ocrx_word' id='word_1_352' title='bbox 1485 4469 1531 4521; x_wconf 91' lang='lat' dir='ltr'>si</span> <span class='ocrx_word' id='word_1_353' title='bbox 1557 4469 1880 4537; x_wconf 85' lang='lat' dir='ltr'>desperatus</span> <span class='ocrx_word' id='word_1_354' title='bbox 1911 4479 1960 4522; x_wconf 88' lang='lat' dir='ltr'>et</span> <span class='ocrx_word' id='word_1_355' title='bbox 1992 4486 2122 4524; x_wconf 89' lang='lat' dir='ltr'>con-</span> <span class='ocrx_word' id='word_1_356' title='bbox 2159 4465 2215 4527; x_wconf 91' lang='lat' dir='ltr'>D</span> 
     </span>
    </p>
   </div>
   <div class='ocr_carea' id='block_1_51' title="bbox 533 4555 2126 4626">
    <p class='ocr_par' dir='ltr' id='par_1_51' title="bbox 533 4555 2126 4626">
     <span class='ocr_line' id='line_1_51' title="bbox 533 4555 2126 4626; baseline 0 -16"><span class='ocrx_word' id='word_1_357' title='bbox 533 4564 748 4611; x_wconf 89' lang='lat' dir='ltr'>secutus</span> <span class='ocrx_word' id='word_1_358' title='bbox 779 4555 1239 4620; x_wconf 87' lang='lat' dir='ltr'>communionem,</span> <span class='ocrx_word' id='word_1_359' title='bbox 1291 4555 1685 4626; x_wconf 88' lang='lat' dir='ltr'>oblationisque</span> <span class='ocrx_word' id='word_1_360' title='bbox 1733 4556 2003 4626; x_wconf 88' lang='lat' dir='ltr'>particeps</span> <span class='ocrx_word' id='word_1_361' title='bbox 2050 4555 2126 4610; x_wconf 85' lang='lat' dir='ltr'>fa-</span> 
     </span>
    </p>
   </div>
   <div class='ocr_carea' id='block_1_52' title="bbox 531 4641 2127 4714">
    <p class='ocr_par' dir='ltr' id='par_1_52' title="bbox 531 4641 2127 4714">
     <span class='ocr_line' id='line_1_52' title="bbox 531 4641 2127 4714; baseline -0.001 -16"><span class='ocrx_word' id='word_1_362' title='bbox 531 4652 668 4709; x_wconf 87' lang='lat' dir='ltr'>ctus,</span> <span class='ocrx_word' id='word_1_363' title='bbox 702 4643 898 4698; x_wconf 91' lang='lat' dir='ltr'>iterum</span> <span class='ocrx_word' id='word_1_364' title='bbox 931 4641 1288 4707; x_wconf 78' lang='lat' dir='ltr'>convaluerit,</span> <span class='ocrx_word' id='word_1_365' title='bbox 1323 4642 1389 4696; x_wconf 90' lang='lat' dir='ltr'>sit</span> <span class='ocrx_word' id='word_1_366' title='bbox 1417 4641 1556 4696; x_wconf 90' lang='lat' dir='ltr'>inter</span> <span class='ocrx_word' id='word_1_367' title='bbox 1597 4658 1693 4696; x_wconf 89' lang='lat' dir='ltr'>eos</span> <span class='ocrx_word' id='word_1_368' title='bbox 1741 4643 1832 4714; x_wconf 91' lang='lat' dir='ltr'>qui</span> <span class='ocrx_word' id='word_1_369' title='bbox 1879 4660 2127 4698; x_wconf 77' lang='lat' dir='ltr'>commu-</span> 
     </span>
    </p>
   </div>
   <div class='ocr_carea' id='block_1_53' title="bbox 531 4731 2128 4802">
    <p class='ocr_par' dir='ltr' id='par_1_53' title="bbox 531 4731 2128 4802">
     <span class='ocr_line' id='line_1_53' title="bbox 531 4731 2128 4802; baseline 0.001 -18"><span class='ocrx_word' id='word_1_370' title='bbox 531 4731 750 4786; x_wconf 91' lang='lat' dir='ltr'>nionem</span> <span class='ocrx_word' id='word_1_371' title='bbox 780 4732 1040 4787; x_wconf 89' lang='lat' dir='ltr'>orationis</span> <span class='ocrx_word' id='word_1_372' title='bbox 1071 4733 1446 4785; x_wconf 90' lang='lat' dir='ltr'>tantummodo</span> <span class='ocrx_word' id='word_1_373' title='bbox 1476 4739 1902 4802; x_wconf 89' lang='lat' dir='ltr'>consequuntur.</span> <span class='ocrx_word' id='word_1_374' title='bbox 1949 4732 2128 4786; x_wconf 90' lang='lat' dir='ltr'>Gene—</span> 
     </span>
    </p>
   </div>
   <div class='ocr_carea' id='block_1_54' title="bbox 528 4817 2126 4890">
    <p class='ocr_par' dir='ltr' id='par_1_54' title="bbox 528 4817 2126 4890">
     <span class='ocr_line' id='line_1_54' title="bbox 528 4817 2126 4890; baseline 0.002 -20"><span class='ocrx_word' id='word_1_375' title='bbox 528 4817 714 4872; x_wconf 88' lang='lat' dir='ltr'>raliter</span> <span class='ocrx_word' id='word_1_376' title='bbox 743 4827 926 4873; x_wconf 90' lang='lat' dir='ltr'>autem</span> <span class='ocrx_word' id='word_1_377' title='bbox 955 4819 1102 4874; x_wconf 88' lang='lat' dir='ltr'>omni</span> <span class='ocrx_word' id='word_1_378' title='bbox 1152 4819 1373 4874; x_wconf 90' lang='lat' dir='ltr'>cuilibet</span> <span class='ocrx_word' id='word_1_379' title='bbox 1401 4819 1456 4872; x_wconf 90' lang='lat' dir='ltr'>in</span> <span class='ocrx_word' id='word_1_380' title='bbox 1487 4818 1631 4872; x_wconf 84' lang='lat' dir='ltr'>exitu</span> <span class='ocrx_word' id='word_1_381' title='bbox 1677 4819 1874 4888; x_wconf 89' lang='lat' dir='ltr'>posito,</span> <span class='ocrx_word' id='word_1_382' title='bbox 1923 4827 1974 4873; x_wconf 90' lang='lat' dir='ltr'>et</span> <span class='ocrx_word' id='word_1_383' title='bbox 2022 4835 2126 4890; x_wconf 90' lang='lat' dir='ltr'>po-</span> 
     </span>
    </p>
   </div>
   <div class='ocr_carea' id='block_1_55' title="bbox 531 4904 2128 4980">
    <p class='ocr_par' dir='ltr' id='par_1_55' title="bbox 531 4904 2128 4980">
     <span class='ocr_line' id='line_1_55' title="bbox 531 4904 2128 4980; baseline 0.003 -22"><span class='ocrx_word' id='word_1_384' title='bbox 531 4904 702 4958; x_wconf 90' lang='lat' dir='ltr'>scenti</span> <span class='ocrx_word' id='word_1_385' title='bbox 735 4906 836 4958; x_wconf 89' lang='lat' dir='ltr'>sibi</span> <span class='ocrx_word' id='word_1_386' title='bbox 883 4907 1281 4962; x_wconf 90' lang='lat' dir='ltr'>communionis</span> <span class='ocrx_word' id='word_1_387' title='bbox 1327 4907 1560 4980; x_wconf 82' lang='lat' dir='ltr'>gratiam</span> <span class='ocrx_word' id='word_1_388' title='bbox 1606 4906 1788 4972; x_wconf 90' lang='lat' dir='ltr'>tribui,</span> <span class='ocrx_word' id='word_1_389' title='bbox 1840 4907 2128 4978; x_wconf 90' lang='lat' dir='ltr'>episcopus</span> 
     </span>
    </p>
   </div>
   <div class='ocr_carea' id='block_1_56' title="bbox 534 4992 2125 5064">
    <p class='ocr_par' dir='ltr' id='par_1_56' title="bbox 534 4992 2125 5064">
     <span class='ocr_line' id='line_1_56' title="bbox 534 4992 2125 5064; baseline 0.004 -19"><span class='ocrx_word' id='word_1_390' title='bbox 534 4992 888 5064; x_wconf 89' lang='lat' dir='ltr'>probabiliter</span> <span class='ocrx_word' id='word_1_391' title='bbox 913 5010 976 5048; x_wconf 88' lang='lat' dir='ltr'>ex</span> <span class='ocrx_word' id='word_1_392' title='bbox 1005 4996 1277 5050; x_wconf 88' lang='lat' dir='ltr'>oblatione</span> <span class='ocrx_word' id='word_1_393' title='bbox 1323 4997 1454 5050; x_wconf 91' lang='lat' dir='ltr'>dare</span> <span class='ocrx_word' id='word_1_394' title='bbox 1502 4995 1740 5050; x_wconf 86' lang='lat' dir='ltr'>debebit.</span> <span class='ocrx_word' id='word_1_395' title='bbox 1785 5021 1803 5040; x_wconf 79' lang='grc' dir='ltr'><strong><em>η</em></strong></span> <span class='ocrx_word' id='word_1_396' title='bbox 1835 4996 1978 5051; x_wconf 88' lang='lat' dir='ltr'>Ecce</span> <span class='ocrx_word' id='word_1_397' title='bbox 2025 5013 2125 5050; x_wconf 90' lang='lat' dir='ltr'>au-</span> 
     </span>
    </p>
   </div>
   <div class='ocr_carea' id='block_1_57' title="bbox 527 5081 2130 5156">
    <p class='ocr_par' dir='ltr' id='par_1_57' title="bbox 527 5081 2130 5156">
     <span class='ocr_line' id='line_1_57' title="bbox 527 5081 2130 5156; baseline 0.002 -20"><span class='ocrx_word' id='word_1_398' title='bbox 527 5081 678 5145; x_wconf 90' lang='lat' dir='ltr'>disti,</span> <span class='ocrx_word' id='word_1_399' title='bbox 708 5081 892 5146; x_wconf 82' lang='lat' dir='ltr'>frater,</span> <span class='ocrx_word' id='word_1_400' title='bbox 928 5083 1072 5152; x_wconf 92' lang='lat' dir='ltr'>quod</span> <span class='ocrx_word' id='word_1_401' title='bbox 1105 5085 1243 5138; x_wconf 88' lang='lat' dir='ltr'>sacri</span> <span class='ocrx_word' id='word_1_402' title='bbox 1274 5085 1481 5139; x_wconf 76' lang='lat' dir='ltr'>Nicami</span> <span class='ocrx_word' id='word_1_403' title='bbox 1526 5099 1766 5139; x_wconf 90' lang='lat' dir='ltr'>canones</span> <span class='ocrx_word' id='word_1_404' title='bbox 1799 5085 2130 5156; x_wconf 87' lang='lat' dir='ltr'>generaliter</span> 
     </span>
    </p>
   </div>
   <div class='ocr_carea' id='block_1_58' title="bbox 525 5169 2124 5241">
    <p class='ocr_par' dir='ltr' id='par_1_58' title="bbox 525 5169 2124 5241">
     <span class='ocr_line' id='line_1_58' title="bbox 525 5169 2124 5241; baseline 0.001 -15"><span class='ocrx_word' id='word_1_405' title='bbox 525 5169 673 5226; x_wconf 90' lang='lat' dir='ltr'>omni</span> <span class='ocrx_word' id='word_1_406' title='bbox 701 5169 922 5224; x_wconf 90' lang='lat' dir='ltr'>cuilibet</span> <span class='ocrx_word' id='word_1_407' title='bbox 951 5170 1003 5223; x_wconf 93' lang='lat' dir='ltr'>in</span> <span class='ocrx_word' id='word_1_408' title='bbox 1035 5171 1177 5224; x_wconf 80' lang='lat' dir='ltr'>exitu</span> <span class='ocrx_word' id='word_1_409' title='bbox 1226 5173 1424 5240; x_wconf 91' lang='lat' dir='ltr'>posito,</span> <span class='ocrx_word' id='word_1_410' title='bbox 1479 5180 1532 5226; x_wconf 89' lang='lat' dir='ltr'>et</span> <span class='ocrx_word' id='word_1_411' title='bbox 1580 5173 1826 5241; x_wconf 85' lang='lat' dir='ltr'>poscenti</span> <span class='ocrx_word' id='word_1_412' title='bbox 1876 5189 2124 5228; x_wconf 89' lang='lat' dir='ltr'>commu-</span> 
     </span>
    </p>
   </div>
   <div class='ocr_carea' id='block_1_59' title="bbox 522 5257 2129 5331">
    <p class='ocr_par' dir='ltr' id='par_1_59' title="bbox 522 5257 2129 5331">
     <span class='ocr_line' id='line_1_59' title="bbox 522 5257 2129 5331; baseline 0.002 -19"><span class='ocrx_word' id='word_1_413' title='bbox 522 5257 702 5312; x_wconf 92' lang='lat' dir='ltr'>nionis</span> <span class='ocrx_word' id='word_1_414' title='bbox 731 5258 979 5329; x_wconf 83' lang='lat' dir='ltr'>gratiam,</span> <span class='ocrx_word' id='word_1_415' title='bbox 1014 5274 1121 5312; x_wconf 91' lang='lat' dir='ltr'>non</span> <span class='ocrx_word' id='word_1_416' title='bbox 1152 5259 1433 5331; x_wconf 89' lang='lat' dir='ltr'>denegari,</span> <span class='ocrx_word' id='word_1_417' title='bbox 1467 5259 1563 5314; x_wconf 88' lang='lat' dir='ltr'>sed</span> <span class='ocrx_word' id='word_1_418' title='bbox 1594 5277 1693 5330; x_wconf 89' lang='lat' dir='ltr'>per</span> <span class='ocrx_word' id='word_1_419' title='bbox 1711 5262 1960 5316; x_wconf 85' lang='lat' dir='ltr'>eamdem</span> <span class='ocrx_word' id='word_1_420' title='bbox 1984 5279 2129 5317; x_wconf 86' lang='lat' dir='ltr'>com-</span> 
     </span>
    </p>
   </div>
   <div class='ocr_carea' id='block_1_60' title="bbox 525 5339 2124 5415">
    <p class='ocr_par' dir='ltr' id='par_1_60' title="bbox 525 5339 2124 5415">
     <span class='ocr_line' id='line_1_60' title="bbox 525 5339 2124 5415; baseline 0.004 -21"><span class='ocrx_word' id='word_1_421' title='bbox 525 5339 837 5395; x_wconf 86' lang='lat' dir='ltr'>munionem</span> <span class='ocrx_word' id='word_1_422' title='bbox 867 5341 1157 5395; x_wconf 89' lang='lat' dir='ltr'>obeuntem</span> <span class='ocrx_word' id='word_1_423' title='bbox 1187 5341 1397 5395; x_wconf 81' lang='lat' dir='ltr'>absolvi</span> <span class='ocrx_word' id='word_1_424' title='bbox 1439 5343 1772 5415; x_wconf 70' lang='lat' dir='ltr'>praecipiunt.</span> <span class='ocrx_word' id='word_1_425' title='bbox 1813 5369 1833 5392; x_wconf 87' lang='lat'>»</span> <span class='ocrx_word' id='word_1_426' title='bbox 1883 5347 1948 5400; x_wconf 86' lang='lat' dir='ltr'>Et</span> <span class='ocrx_word' id='word_1_427' title='bbox 1995 5362 2124 5402; x_wconf 91' lang='lat' dir='ltr'>ecce</span> 
     </span>
    </p>
   </div>
   <div class='ocr_carea' id='block_1_61' title="bbox 518 5427 2124 5507">
    <p class='ocr_par' dir='ltr' id='par_1_61' title="bbox 518 5427 2124 5507">
     <span class='ocr_line' id='line_1_61' title="bbox 518 5427 2124 5507; baseline 0.004 -24"><span class='ocrx_word' id='word_1_428' title='bbox 518 5427 716 5483; x_wconf 86' lang='lat' dir='ltr'>audisti</span> <span class='ocrx_word' id='word_1_429' title='bbox 745 5427 1131 5484; x_wconf 88' lang='lat' dir='ltr'>decernentem</span> <span class='ocrx_word' id='word_1_430' title='bbox 1162 5429 1382 5484; x_wconf 90' lang='lat' dir='ltr'>beatum</span> <span class='ocrx_word' id='word_1_431' title='bbox 1413 5431 1777 5505; x_wconf 88' lang='lat' dir='ltr'>Gregorium:</span> <span class='ocrx_word' id='word_1_432' title='bbox 1805 5455 1826 5484; x_wconf 71' lang='grc' dir='ltr'><strong><em>α</em></strong></span> <span class='ocrx_word' id='word_1_433' title='bbox 1863 5433 2124 5507; x_wconf 85' lang='lat' dir='ltr'>Quisquis</span> 
     </span>
    </p>
   </div>
   <div class='ocr_carea' id='block_1_62' title="bbox 517 5525 2114 5602">
    <p class='ocr_par' dir='ltr' id='par_1_62' title="bbox 517 5525 2114 5602">
     <span class='ocr_line' id='line_1_62' title="bbox 517 5525 2114 5602; baseline 0.005 -24"><span class='ocrx_word' id='word_1_434' title='bbox 517 5525 817 5595; x_wconf 66' lang='lat' dir='ltr'>presumit,</span> <span class='ocrx_word' id='word_1_435' title='bbox 850 5534 942 5579; x_wconf 85' lang='lat' dir='ltr'>aut</span> <span class='ocrx_word' id='word_1_436' title='bbox 973 5526 1184 5580; x_wconf 90' lang='lat' dir='ltr'>solvere</span> <span class='ocrx_word' id='word_1_437' title='bbox 1205 5543 1344 5598; x_wconf 90' lang='lat' dir='ltr'>quos</span> <span class='ocrx_word' id='word_1_438' title='bbox 1362 5528 1587 5597; x_wconf 63' lang='lat' dir='ltr'>praefata</span> <span class='ocrx_word' id='word_1_439' title='bbox 1607 5531 1854 5593; x_wconf 84' lang='lat' dir='ltr'>concilia,</span> <span class='ocrx_word' id='word_1_440' title='bbox 1879 5549 2114 5602; x_wconf 72' lang='lat' dir='ltr'>quorum</span> 
     </span>
    </p>
   </div>
   <div class='ocr_carea' id='block_1_63' title="bbox 2249 502 3846 576">
    <p class='ocr_par' dir='ltr' id='par_1_63' title="bbox 2249 502 3846 576">
     <span class='ocr_line' id='line_1_63' title="bbox 2249 502 3846 576; baseline 0.003 -20"><span class='ocrx_word' id='word_1_441' title='bbox 2249 510 2381 556; x_wconf 92' lang='lat' dir='ltr'>vunt</span> <span class='ocrx_word' id='word_1_442' title='bbox 2415 521 2428 556; x_wconf 92' lang='lat'>:</span> <span class='ocrx_word' id='word_1_443' title='bbox 2462 503 2707 576; x_wconf 90' lang='lat' dir='ltr'>quisquis</span> <span class='ocrx_word' id='word_1_444' title='bbox 2753 519 2890 576; x_wconf 89' lang='lat' dir='ltr'>ergo</span> <span class='ocrx_word' id='word_1_445' title='bbox 2935 502 3083 559; x_wconf 91' lang='lat' dir='ltr'>aliud</span> <span class='ocrx_word' id='word_1_446' title='bbox 3133 504 3290 575; x_wconf 91' lang='lat' dir='ltr'>sapit,</span> <span class='ocrx_word' id='word_1_447' title='bbox 3340 505 3629 561; x_wconf 87' lang='lat' dir='ltr'>anathema</span> <span class='ocrx_word' id='word_1_448' title='bbox 3678 508 3764 562; x_wconf 90' lang='lat' dir='ltr'>sit.</span> <span class='ocrx_word' id='word_1_449' title='bbox 3823 531 3846 555; x_wconf 71' lang='grc' dir='ltr'>ι)</span> 
     </span>
    </p>
   </div>
   <div class='ocr_carea' id='block_1_64' title="bbox 2249 590 3848 664">
    <p class='ocr_par' dir='ltr' id='par_1_64' title="bbox 2249 590 3848 664">
     <span class='ocr_line' id='line_1_64' title="bbox 2249 590 3848 664; baseline 0.004 -20"><span class='ocrx_word' id='word_1_450' title='bbox 2249 590 2466 646; x_wconf 88' lang='lat' dir='ltr'>Imitare</span> <span class='ocrx_word' id='word_1_451' title='bbox 2495 591 2662 663; x_wconf 89' lang='lat' dir='ltr'>igitur</span> <span class='ocrx_word' id='word_1_452' title='bbox 2691 601 2938 646; x_wconf 90' lang='lat' dir='ltr'>sanctum</span> <span class='ocrx_word' id='word_1_453' title='bbox 2971 592 3162 656; x_wconf 87' lang='lat' dir='ltr'>David,</span> <span class='ocrx_word' id='word_1_454' title='bbox 3193 593 3282 664; x_wconf 90' lang='lat' dir='ltr'>qui</span> <span class='ocrx_word' id='word_1_455' title='bbox 3313 593 3538 649; x_wconf 90' lang='lat' dir='ltr'>audiens</span> <span class='ocrx_word' id='word_1_456' title='bbox 3566 609 3600 648; x_wconf 95' lang='lat' dir='ltr'>a</span> <span class='ocrx_word' id='word_1_457' title='bbox 3629 595 3848 650; x_wconf 88' lang='lat' dir='ltr'>Nathan</span> 
     </span>
    </p>
   </div>
   <div class='ocr_carea' id='block_1_65' title="bbox 2248 679 3847 751">
    <p class='ocr_par' dir='ltr' id='par_1_65' title="bbox 2248 679 3847 751">
     <span class='ocr_line' id='line_1_65' title="bbox 2248 679 3847 751; baseline 0.003 -19"><span class='ocrx_word' id='word_1_458' title='bbox 2248 679 2514 748; x_wconf 87' lang='lat' dir='ltr'>propheta</span> <span class='ocrx_word' id='word_1_459' title='bbox 2543 679 2610 732; x_wconf 91' lang='lat' dir='ltr'>de</span> <span class='ocrx_word' id='word_1_460' title='bbox 2639 688 2864 749; x_wconf 88' lang='lat' dir='ltr'>peccato</span> <span class='ocrx_word' id='word_1_461' title='bbox 2892 681 3038 751; x_wconf 91' lang='lat' dir='ltr'>quod</span> <span class='ocrx_word' id='word_1_462' title='bbox 3065 679 3286 746; x_wconf 87' lang='lat' dir='ltr'>fecerat,</span> <span class='ocrx_word' id='word_1_463' title='bbox 3320 698 3386 736; x_wconf 88' lang='lat' dir='ltr'>ex</span> <span class='ocrx_word' id='word_1_464' title='bbox 3420 682 3602 736; x_wconf 86' lang='lat' dir='ltr'>cordis</span> <span class='ocrx_word' id='word_1_465' title='bbox 3648 683 3847 738; x_wconf 92' lang='lat' dir='ltr'>intimo</span> 
     </span>
    </p>
   </div>
   <div class='ocr_carea' id='block_1_66' title="bbox 2249 766 3850 840">
    <p class='ocr_par' dir='ltr' id='par_1_66' title="bbox 2249 766 3850 840">
     <span class='ocr_line' id='line_1_66' title="bbox 2249 766 3850 840; baseline 0.005 -21"><span class='ocrx_word' id='word_1_466' title='bbox 2249 766 2380 820; x_wconf 85' lang='lat' dir='ltr'>dixit</span> <span class='ocrx_word' id='word_1_467' title='bbox 2413 783 2426 820; x_wconf 87' lang='lat'><strong>:</strong></span> <span class='ocrx_word' id='word_1_468' title='bbox 2457 769 2690 822; x_wconf 80' lang='lat' dir='ltr'>Peccavi</span> <span class='ocrx_word' id='word_1_469' title='bbox 2719 769 2952 824; x_wconf 84' lang='lat' dir='ltr'>Domino</span> <span class='ocrx_word' id='word_1_470' title='bbox 2983 769 3059 836; x_wconf 91' lang='lat' dir='ltr'>(II</span> <span class='ocrx_word' id='word_1_471' title='bbox 3089 772 3214 840; x_wconf 85' lang='lat' dir='ltr'>Reg.</span> <span class='ocrx_word' id='word_1_472' title='bbox 3239 770 3342 839; x_wconf 86' lang='lat' dir='ltr'>xu)</span> <span class='ocrx_word' id='word_1_473' title='bbox 3367 788 3380 835; x_wconf 90' lang='lat'><strong>;</strong></span> <span class='ocrx_word' id='word_1_474' title='bbox 3430 779 3480 824; x_wconf 91' lang='lat' dir='ltr'>et</span> <span class='ocrx_word' id='word_1_475' title='bbox 3517 769 3680 825; x_wconf 88' lang='lat' dir='ltr'>item:</span> <span class='ocrx_word' id='word_1_476' title='bbox 3704 771 3850 838; x_wconf 80' lang='lat' dir='ltr'>Quia</span> 
     </span>
    </p>
   </div>
   <div class='ocr_carea' id='block_1_67' title="bbox 2247 850 3850 928">
    <p class='ocr_par' dir='ltr' id='par_1_67' title="bbox 2247 850 3850 928">
     <span class='ocr_line' id='line_1_67' title="bbox 2247 850 3850 928; baseline 0.003 -19"><span class='ocrx_word' id='word_1_477' title='bbox 2247 857 2526 926; x_wconf 75' lang='lat' dir='ltr'>percussit</span> <span class='ocrx_word' id='word_1_478' title='bbox 2545 871 2641 911; x_wconf 90' lang='lat' dir='ltr'>cor</span> <span class='ocrx_word' id='word_1_479' title='bbox 2659 872 2847 924; x_wconf 87' lang='lat' dir='ltr'>suum,</span> <span class='ocrx_word' id='word_1_480' title='bbox 2873 850 2934 911; x_wconf 66' lang='lat' dir='ltr'>eo</span> <span class='ocrx_word' id='word_1_481' title='bbox 2953 857 3094 928; x_wconf 90' lang='lat' dir='ltr'>quod</span> <span class='ocrx_word' id='word_1_482' title='bbox 3111 857 3376 928; x_wconf 72' lang='lat' dir='ltr'>fwdasset</span> <span class='ocrx_word' id='word_1_483' title='bbox 3398 863 3605 913; x_wconf 81' lang='lat' dir='ltr'>vestem</span> <span class='ocrx_word' id='word_1_484' title='bbox 3631 859 3850 915; x_wconf 75' lang='lat' dir='ltr'>Christi</span> 
     </span>
    </p>
   </div>
   <div class='ocr_carea' id='block_1_68' title="bbox 2248 943 3845 1015">
    <p class='ocr_par' dir='ltr' id='par_1_68' title="bbox 2248 943 3845 1015">
     <span class='ocr_line' id='line_1_68' title="bbox 2248 943 3845 1015; baseline 0.003 -19"><span class='ocrx_word' id='word_1_485' title='bbox 2248 943 2474 998; x_wconf 82' lang='lat' dir='ltr'>Domini</span> <span class='ocrx_word' id='word_1_486' title='bbox 2503 945 2554 1012; x_wconf 85' lang='grc' dir='ltr'>(ι</span> <span class='ocrx_word' id='word_1_487' title='bbox 2571 946 2697 1015; x_wconf 84' lang='lat' dir='ltr'>Reg.</span> <span class='ocrx_word' id='word_1_488' title='bbox 2722 947 2904 1015; x_wconf 80' lang='lat' dir='ltr'>xxiv).</span> <span class='ocrx_word' id='word_1_489' title='bbox 2929 944 2995 998; x_wconf 91' lang='lat' dir='ltr'>Et</span> <span class='ocrx_word' id='word_1_490' title='bbox 3027 943 3192 999; x_wconf 87' lang='lat' dir='ltr'>vestis</span> <span class='ocrx_word' id='word_1_491' title='bbox 3222 945 3440 1000; x_wconf 91' lang='lat' dir='ltr'>Domini</span> <span class='ocrx_word' id='word_1_492' title='bbox 3467 955 3551 1000; x_wconf 88' lang='lat' dir='ltr'>est</span> <span class='ocrx_word' id='word_1_493' title='bbox 3578 946 3845 1012; x_wconf 89' lang='lat' dir='ltr'>Ecclesia,</span> 
     </span>
    </p>
   </div>
   <div class='ocr_carea' id='block_1_69' title="bbox 2249 1030 3848 1108">
    <p class='ocr_par' dir='ltr' id='par_1_69' title="bbox 2249 1030 3848 1108">
     <span class='ocr_line' id='line_1_69' title="bbox 2249 1030 3848 1108; baseline 0.004 -24"><span class='ocrx_word' id='word_1_494' title='bbox 2249 1030 2316 1085; x_wconf 84' lang='lat' dir='ltr'>de</span> <span class='ocrx_word' id='word_1_495' title='bbox 2348 1047 2452 1102; x_wconf 90' lang='lat' dir='ltr'>qua</span> <span class='ocrx_word' id='word_1_496' title='bbox 2481 1031 2736 1102; x_wconf 90' lang='lat' dir='ltr'>scriptum</span> <span class='ocrx_word' id='word_1_497' title='bbox 2766 1041 2850 1087; x_wconf 91' lang='lat' dir='ltr'>est</span> <span class='ocrx_word' id='word_1_498' title='bbox 2883 1050 2896 1086; x_wconf 90' lang='lat'>:</span> <span class='ocrx_word' id='word_1_499' title='bbox 2936 1034 3057 1089; x_wconf 82' lang='lat' dir='ltr'>Vivo</span> <span class='ocrx_word' id='word_1_500' title='bbox 3089 1050 3204 1104; x_wconf 80' lang='lat' dir='ltr'>ego,</span> <span class='ocrx_word' id='word_1_501' title='bbox 3229 1034 3369 1090; x_wconf 82' lang='lat' dir='ltr'>dicit</span> <span class='ocrx_word' id='word_1_502' title='bbox 3395 1035 3691 1100; x_wconf 80' lang='lat' dir='ltr'>Dominus,</span> <span class='ocrx_word' id='word_1_503' title='bbox 3713 1036 3848 1108; x_wconf 85' lang='lat' dir='ltr'>quia</span> 
     </span>
    </p>
   </div>
   <div class='ocr_carea' id='block_1_70' title="bbox 2248 1120 3848 1192">
    <p class='ocr_par' dir='ltr' id='par_1_70' title="bbox 2248 1120 3848 1192">
     <span class='ocr_line' id='line_1_70' title="bbox 2248 1120 3848 1192; baseline 0.001 -18"><span class='ocrx_word' id='word_1_504' title='bbox 2248 1120 2504 1174; x_wconf 87' lang='lat' dir='ltr'>omnibus</span> <span class='ocrx_word' id='word_1_505' title='bbox 2522 1120 2608 1174; x_wconf 85' lang='lat' dir='ltr'>his</span> <span class='ocrx_word' id='word_1_506' title='bbox 2627 1121 2780 1176; x_wconf 86' lang='lat' dir='ltr'>velut</span> <span class='ocrx_word' id='word_1_507' title='bbox 2797 1125 3130 1176; x_wconf 83' lang='lat' dir='ltr'>ornamento</span> <span class='ocrx_word' id='word_1_508' title='bbox 3152 1123 3408 1177; x_wconf 86' lang='lat' dir='ltr'>vestieris</span> <span class='ocrx_word' id='word_1_509' title='bbox 3422 1123 3553 1191; x_wconf 88' lang='lat' dir='ltr'>(Isa.</span> <span class='ocrx_word' id='word_1_510' title='bbox 3573 1137 3718 1188; x_wconf 79' lang='lat' dir='ltr'>xux,</span> <span class='ocrx_word' id='word_1_511' title='bbox 3737 1123 3848 1192; x_wconf 77' lang='lat'>18).</span> 
     </span>
    </p>
   </div>
   <div class='ocr_carea' id='block_1_71' title="bbox 2247 1207 3847 1282">
    <p class='ocr_par' dir='ltr' id='par_1_71' title="bbox 2247 1207 3847 1282">
     <span class='ocr_line' id='line_1_71' title="bbox 2247 1207 3847 1282; baseline 0.003 -21"><span class='ocrx_word' id='word_1_512' title='bbox 2247 1208 2315 1261; x_wconf 90' lang='lat' dir='ltr'>Et</span> <span class='ocrx_word' id='word_1_513' title='bbox 2346 1207 2638 1278; x_wconf 85' lang='lat' dir='ltr'>Apostolus</span> <span class='ocrx_word' id='word_1_514' title='bbox 2671 1226 2684 1261; x_wconf 89' lang='lat'><strong>:</strong></span> <span class='ocrx_word' id='word_1_515' title='bbox 2729 1209 3006 1281; x_wconf 75' lang='lat' dir='ltr'>Quotquot</span> <span class='ocrx_word' id='word_1_516' title='bbox 3035 1212 3096 1264; x_wconf 88' lang='lat' dir='ltr'>in</span> <span class='ocrx_word' id='word_1_517' title='bbox 3138 1210 3356 1265; x_wconf 84' lang='lat' dir='ltr'>Christo</span> <span class='ocrx_word' id='word_1_518' title='bbox 3387 1211 3659 1282; x_wconf 70' lang='lat' dir='ltr'>baptizati</span> <span class='ocrx_word' id='word_1_519' title='bbox 3689 1213 3847 1280; x_wconf 83' lang='lat' dir='ltr'>estis,</span> 
     </span>
    </p>
   </div>
   <div class='ocr_carea' id='block_1_72' title="bbox 2251 1295 3850 1369">
    <p class='ocr_par' dir='ltr' id='par_1_72' title="bbox 2251 1295 3850 1369">
     <span class='ocr_line' id='line_1_72' title="bbox 2251 1295 3850 1369; baseline 0.002 -19"><span class='ocrx_word' id='word_1_520' title='bbox 2251 1295 2537 1350; x_wconf 85' lang='lat' dir='ltr'>Christum</span> <span class='ocrx_word' id='word_1_521' title='bbox 2574 1297 2845 1352; x_wconf 85' lang='lat' dir='ltr'>induistis</span> <span class='ocrx_word' id='word_1_522' title='bbox 2889 1297 3036 1367; x_wconf 85' lang='lat' dir='ltr'>(Cal.</span> <span class='ocrx_word' id='word_1_523' title='bbox 3089 1313 3168 1364; x_wconf 89' lang='grc' dir='ltr'>ιιι,</span> <span class='ocrx_word' id='word_1_524' title='bbox 3217 1298 3330 1368; x_wconf 78' lang='grc'>27).</span> <span class='ocrx_word' id='word_1_525' title='bbox 3386 1299 3611 1353; x_wconf 87' lang='lat' dir='ltr'>Percute</span> <span class='ocrx_word' id='word_1_526' title='bbox 3657 1307 3850 1369; x_wconf 88' lang='lat' dir='ltr'>pectus</span> 
     </span>
    </p>
   </div>
   <div class='ocr_carea' id='block_1_73' title="bbox 2247 1384 3850 1456">
    <p class='ocr_par' dir='ltr' id='par_1_73' title="bbox 2247 1384 3850 1456">
     <span class='ocr_line' id='line_1_73' title="bbox 2247 1384 3850 1456; baseline 0.002 -19"><span class='ocrx_word' id='word_1_527' title='bbox 2247 1390 2417 1448; x_wconf 92' lang='lat' dir='ltr'>tuum,</span> <span class='ocrx_word' id='word_1_528' title='bbox 2451 1384 2578 1454; x_wconf 90' lang='lat' dir='ltr'>quia</span> <span class='ocrx_word' id='word_1_529' title='bbox 2607 1384 2891 1454; x_wconf 88' lang='lat' dir='ltr'>percussio</span> <span class='ocrx_word' id='word_1_530' title='bbox 2922 1385 3157 1456; x_wconf 88' lang='lat' dir='ltr'>pectoris</span> <span class='ocrx_word' id='word_1_531' title='bbox 3187 1385 3426 1441; x_wconf 87' lang='lat' dir='ltr'>ostendit</span> <span class='ocrx_word' id='word_1_532' title='bbox 3472 1385 3850 1441; x_wconf 88' lang='lat' dir='ltr'>contritionem</span> 
     </span>
    </p>
   </div>
   <div class='ocr_carea' id='block_1_74' title="bbox 2247 1471 3849 1544">
    <p class='ocr_par' dir='ltr' id='par_1_74' title="bbox 2247 1471 3849 1544">
     <span class='ocr_line' id='line_1_74' title="bbox 2247 1471 3849 1544; baseline 0.002 -17"><span class='ocrx_word' id='word_1_533' title='bbox 2247 1471 2450 1538; x_wconf 84' lang='lat' dir='ltr'>cordis,</span> <span class='ocrx_word' id='word_1_534' title='bbox 2483 1479 2536 1526; x_wconf 92' lang='lat' dir='ltr'>et</span> <span class='ocrx_word' id='word_1_535' title='bbox 2566 1471 2652 1526; x_wconf 90' lang='lat' dir='ltr'>dic</span> <span class='ocrx_word' id='word_1_536' title='bbox 2681 1488 2805 1527; x_wconf 89' lang='lat' dir='ltr'>cum</span> <span class='ocrx_word' id='word_1_537' title='bbox 2835 1471 3075 1542; x_wconf 80' lang='lat' dir='ltr'>profusis</span> <span class='ocrx_word' id='word_1_538' title='bbox 3122 1473 3377 1544; x_wconf 86' lang='lat' dir='ltr'>lacrymis</span> <span class='ocrx_word' id='word_1_539' title='bbox 3409 1492 3422 1527; x_wconf 92' lang='lat'>:</span> <span class='ocrx_word' id='word_1_540' title='bbox 3457 1475 3692 1530; x_wconf 82' lang='lat' dir='ltr'>Peccavi</span> <span class='ocrx_word' id='word_1_541' title='bbox 3737 1477 3849 1530; x_wconf 86' lang='lat' dir='ltr'>Do-</span> 
     </span>
    </p>
   </div>
   <div class='ocr_carea' id='block_1_75' title="bbox 2245 1560 3850 1633">
    <p class='ocr_par' dir='ltr' id='par_1_75' title="bbox 2245 1560 3850 1633">
     <span class='ocr_line' id='line_1_75' title="bbox 2245 1560 3850 1633; baseline 0.002 -19"><span class='ocrx_word' id='word_1_542' title='bbox 2245 1561 2422 1626; x_wconf 81' lang='lat' dir='ltr'>mino,</span> <span class='ocrx_word' id='word_1_543' title='bbox 2445 1567 2502 1613; x_wconf 93' lang='lat' dir='ltr'>ut</span> <span class='ocrx_word' id='word_1_544' title='bbox 2523 1560 2789 1615; x_wconf 88' lang='lat' dir='ltr'>merearis</span> <span class='ocrx_word' id='word_1_545' title='bbox 2811 1560 3018 1626; x_wconf 89' lang='lat' dir='ltr'>audire,</span> <span class='ocrx_word' id='word_1_546' title='bbox 3042 1562 3312 1617; x_wconf 81' lang='lat' dir='ltr'>Dominus</span> <span class='ocrx_word' id='word_1_547' title='bbox 3330 1563 3634 1618; x_wconf 81' lang='lat' dir='ltr'>transtulit</span> <span class='ocrx_word' id='word_1_548' title='bbox 3650 1578 3850 1633; x_wconf 82' lang='lat' dir='ltr'>pecca-</span> 
     </span>
    </p>
   </div>
   <div class='ocr_carea' id='block_1_76' title="bbox 2247 1649 3444 1721">
    <p class='ocr_par' dir='ltr' id='par_1_76' title="bbox 2247 1649 3444 1721">
     <span class='ocr_line' id='line_1_76' title="bbox 2247 1649 3444 1721; baseline 0.001 -19"><span class='ocrx_word' id='word_1_549' title='bbox 2247 1652 2372 1703; x_wconf 88' lang='lat' dir='ltr'>tum</span> <span class='ocrx_word' id='word_1_550' title='bbox 2402 1651 2582 1712; x_wconf 88' lang='lat' dir='ltr'>tuum,</span> <span class='ocrx_word' id='word_1_551' title='bbox 2616 1665 2732 1704; x_wconf 88' lang='lat' dir='ltr'>non</span> <span class='ocrx_word' id='word_1_552' title='bbox 2765 1649 3020 1704; x_wconf 85' lang='lat' dir='ltr'>morieris</span> <span class='ocrx_word' id='word_1_553' title='bbox 3049 1650 3127 1720; x_wconf 89' lang='lat' dir='ltr'>(II</span> <span class='ocrx_word' id='word_1_554' title='bbox 3159 1651 3286 1721; x_wconf 85' lang='lat' dir='ltr'>Reg.</span> <span class='ocrx_word' id='word_1_555' title='bbox 3319 1650 3444 1718; x_wconf 88' lang='lat' dir='ltr'>xu).</span> 
     </span>
    </p>
   </div>
   <div class='ocr_carea' id='block_1_77' title="bbox 2782 1781 3310 1838">
    <p class='ocr_par' dir='ltr' id='par_1_77' title="bbox 2782 1781 3310 1838">
     <span class='ocr_line' id='line_1_77' title="bbox 2782 1781 3310 1838; baseline 0.002 -2"><span class='ocrx_word' id='word_1_556' title='bbox 2782 1781 3008 1838; x_wconf 82' lang='lat' dir='ltr'>CAPUT</span> <span class='ocrx_word' id='word_1_557' title='bbox 3050 1782 3310 1837; x_wconf 79' lang='lat' dir='ltr'>XXXIII.</span> 
     </span>
    </p>
   </div>
   <div class='ocr_carea' id='block_1_78' title="bbox 2292 1868 3821 1942">
    <p class='ocr_par' dir='ltr' id='par_1_78' title="bbox 2292 1868 3821 1942">
     <span class='ocr_line' id='line_1_78' title="bbox 2292 1868 3821 1942; baseline 0.001 -18"><span class='ocrx_word' id='word_1_558' title='bbox 2292 1870 2368 1924; x_wconf 90' lang='lat' dir='ltr'>De</span> <span class='ocrx_word' id='word_1_559' title='bbox 2401 1883 2461 1925; x_wconf 90' lang='lat' dir='ltr'>eo</span> <span class='ocrx_word' id='word_1_560' title='bbox 2490 1868 2632 1940; x_wconf 86' lang='lat' dir='ltr'>quod</span> <span class='ocrx_word' id='word_1_561' title='bbox 2661 1871 3020 1942; x_wconf 83' lang='lat' dir='ltr'>sepulturam</span> <span class='ocrx_word' id='word_1_562' title='bbox 3049 1873 3292 1926; x_wconf 87' lang='lat' dir='ltr'>mortuis</span> <span class='ocrx_word' id='word_1_563' title='bbox 3317 1872 3381 1926; x_wconf 87' lang='lat' dir='ltr'>in</span> <span class='ocrx_word' id='word_1_564' title='bbox 3401 1873 3673 1942; x_wconf 81' lang='lat' dir='ltr'>parochta</span> <span class='ocrx_word' id='word_1_565' title='bbox 3703 1889 3821 1928; x_wconf 86' lang='lat' dir='ltr'>sua.</span> 
     </span>
    </p>
   </div>
   <div class='ocr_carea' id='block_1_79' title="bbox 2741 1941 3342 2014">
    <p class='ocr_par' dir='ltr' id='par_1_79' title="bbox 2741 1941 3342 2014">
     <span class='ocr_line' id='line_1_79' title="bbox 2741 1941 3342 2014; baseline 0.003 -20"><span class='ocrx_word' id='word_1_566' title='bbox 2741 1941 3009 2012; x_wconf 81' lang='lat' dir='ltr'>denegari</span> <span class='ocrx_word' id='word_1_567' title='bbox 3053 1959 3076 2012; x_wconf 66' lang='grc' dir='ltr'>ι</span> <span class='ocrx_word' id='word_1_568' title='bbox 3095 1943 3342 2014; x_wconf 70' lang='lat' dir='ltr'>rwcepit.</span> 
     </span>
    </p>
   </div>
   <div class='ocr_carea' id='block_1_80' title="bbox 2317 2045 3852 2117">
    <p class='ocr_par' dir='ltr' id='par_1_80' title="bbox 2317 2045 3852 2117">
     <span class='ocr_line' id='line_1_80' title="bbox 2317 2045 3852 2117; baseline 0.003 -18"><span class='ocrx_word' id='word_1_569' title='bbox 2317 2046 2377 2099; x_wconf 86' lang='lat' dir='ltr'>In</span> <span class='ocrx_word' id='word_1_570' title='bbox 2407 2060 2472 2100; x_wconf 90' lang='lat' dir='ltr'>eo</span> <span class='ocrx_word' id='word_1_571' title='bbox 2500 2061 2630 2099; x_wconf 91' lang='lat' dir='ltr'>vero</span> <span class='ocrx_word' id='word_1_572' title='bbox 2661 2045 2919 2116; x_wconf 88' lang='lat' dir='ltr'>capitulo,</span> <span class='ocrx_word' id='word_1_573' title='bbox 2949 2061 3058 2116; x_wconf 92' lang='lat' dir='ltr'>quo</span> <span class='ocrx_word' id='word_1_574' title='bbox 3079 2046 3413 2117; x_wconf 88' lang='lat' dir='ltr'>sepulturam</span> <span class='ocrx_word' id='word_1_575' title='bbox 3437 2049 3685 2114; x_wconf 88' lang='lat' dir='ltr'>mortuis,</span> <span class='ocrx_word' id='word_1_576' title='bbox 3711 2050 3852 2105; x_wconf 89' lang='lat' dir='ltr'>sicut</span> 
     </span>
    </p>
   </div>
   <div class='ocr_carea' id='block_1_81' title="bbox 2245 2131 3853 2207">
    <p class='ocr_par' dir='ltr' id='par_1_81' title="bbox 2245 2131 3853 2207">
     <span class='ocr_line' id='line_1_81' title="bbox 2245 2131 3853 2207; baseline 0.004 -21"><span class='ocrx_word' id='word_1_577' title='bbox 2245 2131 2300 2186; x_wconf 90' lang='lat' dir='ltr'>in</span> <span class='ocrx_word' id='word_1_578' title='bbox 2354 2133 2612 2202; x_wconf 89' lang='lat' dir='ltr'>petitione</span> <span class='ocrx_word' id='word_1_579' title='bbox 2655 2148 2688 2188; x_wconf 90' lang='lat' dir='ltr'>a</span> <span class='ocrx_word' id='word_1_580' title='bbox 2736 2133 3080 2188; x_wconf 88' lang='lat' dir='ltr'>Laudunensi</span> <span class='ocrx_word' id='word_1_581' title='bbox 3139 2135 3373 2190; x_wconf 89' lang='lat' dir='ltr'>ecclesia</span> <span class='ocrx_word' id='word_1_582' title='bbox 3417 2135 3545 2190; x_wconf 87' lang='lat' dir='ltr'>mihi</span> <span class='ocrx_word' id='word_1_583' title='bbox 3594 2146 3853 2207; x_wconf 87' lang='lat' dir='ltr'>porrecta</span> 
     </span>
    </p>
   </div>
   <div class='ocr_carea' id='block_1_82' title="bbox 2245 2222 3850 2294">
    <p class='ocr_par' dir='ltr' id='par_1_82' title="bbox 2245 2222 3850 2294">
     <span class='ocr_line' id='line_1_82' title="bbox 2245 2222 3850 2294; baseline 0.004 -18"><span class='ocrx_word' id='word_1_584' title='bbox 2245 2223 2570 2288; x_wconf 60' lang='lat' dir='ltr'>continetur,</span> <span class='ocrx_word' id='word_1_585' title='bbox 2629 2222 2889 2294; x_wconf 83' lang='lat' dir='ltr'>denegari</span> <span class='ocrx_word' id='word_1_586' title='bbox 2942 2223 3174 2292; x_wconf 92' lang='lat' dir='ltr'>jussisti,</span> <span class='ocrx_word' id='word_1_587' title='bbox 3233 2225 3397 2278; x_wconf 89' lang='lat' dir='ltr'>nimia</span> <span class='ocrx_word' id='word_1_588' title='bbox 3454 2225 3850 2282; x_wconf 87' lang='lat' dir='ltr'>inhumanitate</span> 
     </span>
    </p>
   </div>
   <div class='ocr_carea' id='block_1_83' title="bbox 2244 2310 3848 2386">
    <p class='ocr_par' dir='ltr' id='par_1_83' title="bbox 2244 2310 3848 2386">
     <span class='ocr_line' id='line_1_83' title="bbox 2244 2310 3848 2386; baseline 0.004 -22"><span class='ocrx_word' id='word_1_589' title='bbox 2244 2319 2433 2364; x_wconf 86' lang='lat' dir='ltr'>contra</span> <span class='ocrx_word' id='word_1_590' title='bbox 2461 2326 2645 2365; x_wconf 88' lang='lat' dir='ltr'>sacras</span> <span class='ocrx_word' id='word_1_591' title='bbox 2675 2310 2927 2365; x_wconf 88' lang='lat' dir='ltr'>historias</span> <span class='ocrx_word' id='word_1_592' title='bbox 2958 2326 3256 2382; x_wconf 89' lang='lat' dir='ltr'>sacrosque</span> <span class='ocrx_word' id='word_1_593' title='bbox 3286 2327 3524 2368; x_wconf 89' lang='lat' dir='ltr'>canones</span> <span class='ocrx_word' id='word_1_594' title='bbox 3543 2329 3714 2386; x_wconf 90' lang='lat' dir='ltr'>agere</span> <span class='ocrx_word' id='word_1_595' title='bbox 3736 2330 3848 2370; x_wconf 92' lang='lat' dir='ltr'>non</span> 
     </span>
    </p>
   </div>
   <div class='ocr_carea' id='block_1_84' title="bbox 2243 2396 3852 2462">
    <p class='ocr_par' dir='ltr' id='par_1_84' title="bbox 2243 2396 3852 2462">
     <span class='ocr_line' id='line_1_84' title="bbox 2243 2396 3852 2462; baseline 0.003 -10"><span class='ocrx_word' id='word_1_596' title='bbox 2243 2396 2527 2462; x_wconf 89' lang='lat' dir='ltr'>erubuisti,</span> <span class='ocrx_word' id='word_1_597' title='bbox 2583 2413 2708 2452; x_wconf 92' lang='lat' dir='ltr'>cum</span> <span class='ocrx_word' id='word_1_598' title='bbox 2760 2398 2897 2452; x_wconf 91' lang='lat' dir='ltr'>sicut</span> <span class='ocrx_word' id='word_1_599' title='bbox 2951 2399 3006 2452; x_wconf 91' lang='lat' dir='ltr'>in</span> <span class='ocrx_word' id='word_1_600' title='bbox 3066 2399 3288 2454; x_wconf 87' lang='lat' dir='ltr'>historia</span> <span class='ocrx_word' id='word_1_601' title='bbox 3353 2402 3667 2456; x_wconf 88' lang='lat' dir='ltr'>veneranda</span> <span class='ocrx_word' id='word_1_602' title='bbox 3725 2403 3852 2458; x_wconf 87' lang='lat' dir='ltr'>libri</span> 
     </span>
    </p>
   </div>
   <div class='ocr_carea' id='block_1_85' title="bbox 2243 2485 3848 2560">
    <p class='ocr_par' dir='ltr' id='par_1_85' title="bbox 2243 2485 3848 2560">
     <span class='ocr_line' id='line_1_85' title="bbox 2243 2485 3848 2560; baseline 0.004 -20"><span class='ocrx_word' id='word_1_603' title='bbox 2243 2486 2454 2557; x_wconf 80' lang='lat' dir='ltr'>Regum</span> <span class='ocrx_word' id='word_1_604' title='bbox 2485 2485 2720 2558; x_wconf 89' lang='lat' dir='ltr'>legimus</span> <span class='ocrx_word' id='word_1_605' title='bbox 2748 2486 2909 2540; x_wconf 90' lang='lat' dir='ltr'>etiam</span> <span class='ocrx_word' id='word_1_606' title='bbox 2941 2502 3128 2542; x_wconf 89' lang='lat' dir='ltr'>eorum</span> <span class='ocrx_word' id='word_1_607' title='bbox 3161 2503 3410 2558; x_wconf 88' lang='lat' dir='ltr'>corpora,</span> <span class='ocrx_word' id='word_1_608' title='bbox 3465 2489 3557 2560; x_wconf 90' lang='lat' dir='ltr'>qui</span> <span class='ocrx_word' id='word_1_609' title='bbox 3601 2491 3669 2544; x_wconf 89' lang='lat' dir='ltr'>ad</span> <span class='ocrx_word' id='word_1_610' title='bbox 3708 2505 3848 2546; x_wconf 89' lang='lat' dir='ltr'>con-</span> 
     </span>
    </p>
   </div>
   <div class='ocr_carea' id='block_1_86' title="bbox 2243 2573 3848 2650">
    <p class='ocr_par' dir='ltr' id='par_1_86' title="bbox 2243 2573 3848 2650">
     <span class='ocr_line' id='line_1_86' title="bbox 2243 2573 3848 2650; baseline 0.004 -23"><span class='ocrx_word' id='word_1_611' title='bbox 2243 2574 2443 2628; x_wconf 91' lang='lat' dir='ltr'>sultum</span> <span class='ocrx_word' id='word_1_612' title='bbox 2499 2573 2714 2628; x_wconf 90' lang='lat' dir='ltr'>Domini</span> <span class='ocrx_word' id='word_1_613' title='bbox 2771 2582 2994 2644; x_wconf 89' lang='lat' dir='ltr'>propter</span> <span class='ocrx_word' id='word_1_614' title='bbox 3049 2583 3328 2644; x_wconf 87' lang='lat' dir='ltr'>peccatum</span> <span class='ocrx_word' id='word_1_615' title='bbox 3375 2576 3522 2643; x_wconf 91' lang='lat' dir='ltr'>Saul,</span> <span class='ocrx_word' id='word_1_616' title='bbox 3567 2578 3638 2632; x_wconf 91' lang='lat' dir='ltr'>ob</span> <span class='ocrx_word' id='word_1_617' title='bbox 3697 2580 3848 2650; x_wconf 88' lang='lat' dir='ltr'>quod</span> 
     </span>
    </p>
   </div>
   <div class='ocr_carea' id='block_1_87' title="bbox 2243 2659 3843 2738">
    <p class='ocr_par' dir='ltr' id='par_1_87' title="bbox 2243 2659 3843 2738">
     <span class='ocr_line' id='line_1_87' title="bbox 2243 2659 3843 2738; baseline 0.004 -24"><span class='ocrx_word' id='word_1_618' title='bbox 2243 2659 2387 2716; x_wconf 85' lang='lat' dir='ltr'>facta</span> <span class='ocrx_word' id='word_1_619' title='bbox 2416 2670 2497 2715; x_wconf 86' lang='lat' dir='ltr'>est</span> <span class='ocrx_word' id='word_1_620' title='bbox 2526 2660 2698 2716; x_wconf 83' lang='lat' dir='ltr'>fames</span> <span class='ocrx_word' id='word_1_621' title='bbox 2729 2662 2784 2715; x_wconf 90' lang='lat' dir='ltr'>in</span> <span class='ocrx_word' id='word_1_622' title='bbox 2813 2661 3008 2716; x_wconf 90' lang='lat' dir='ltr'>diebus</span> <span class='ocrx_word' id='word_1_623' title='bbox 3039 2663 3208 2716; x_wconf 84' lang='lat' dir='ltr'>David</span> <span class='ocrx_word' id='word_1_624' title='bbox 3249 2663 3424 2718; x_wconf 91' lang='lat' dir='ltr'>tribus</span> <span class='ocrx_word' id='word_1_625' title='bbox 3443 2665 3600 2719; x_wconf 90' lang='lat' dir='ltr'>annis</span> <span class='ocrx_word' id='word_1_626' title='bbox 3613 2665 3843 2738; x_wconf 85' lang='lat' dir='ltr'>jugiter,</span> 
     </span>
    </p>
   </div>
   <div class='ocr_carea' id='block_1_88' title="bbox 2240 2748 3847 2825">
    <p class='ocr_par' dir='ltr' id='par_1_88' title="bbox 2240 2748 3847 2825">
     <span class='ocr_line' id='line_1_88' title="bbox 2240 2748 3847 2825; baseline 0.002 -20"><span class='ocrx_word' id='word_1_627' title='bbox 2240 2748 2482 2805; x_wconf 83' lang='lat' dir='ltr'>crucifixi</span> <span class='ocrx_word' id='word_1_628' title='bbox 2530 2749 2762 2812; x_wconf 82' lang='lat' dir='ltr'>fuerant,</span> <span class='ocrx_word' id='word_1_629' title='bbox 2815 2750 3158 2806; x_wconf 85' lang='lat' dir='ltr'>laudabiliter</span> <span class='ocrx_word' id='word_1_630' title='bbox 3204 2753 3474 2806; x_wconf 89' lang='lat' dir='ltr'>custodita</span> <span class='ocrx_word' id='word_1_631' title='bbox 3522 2754 3772 2825; x_wconf 84' lang='lat' dir='ltr'>legamus</span> <span class='ocrx_word' id='word_1_632' title='bbox 3815 2772 3847 2809; x_wconf 88' lang='lat' dir='ltr'>a</span> 
     </span>
    </p>
   </div>
   <div class='ocr_carea' id='block_1_89' title="bbox 2241 2837 3844 2912">
    <p class='ocr_par' dir='ltr' id='par_1_89' title="bbox 2241 2837 3844 2912">
     <span class='ocr_line' id='line_1_89' title="bbox 2241 2837 3844 2912; baseline 0.003 -19"><span class='ocrx_word' id='word_1_633' title='bbox 2241 2837 2544 2893; x_wconf 88' lang='lat' dir='ltr'>concubina</span> <span class='ocrx_word' id='word_1_634' title='bbox 2573 2838 2718 2906; x_wconf 90' lang='lat' dir='ltr'>Saul,</span> <span class='ocrx_word' id='word_1_635' title='bbox 2752 2855 2822 2893; x_wconf 90' lang='lat' dir='ltr'>ne</span> <span class='ocrx_word' id='word_1_636' title='bbox 2852 2838 3223 2894; x_wconf 90' lang='lat' dir='ltr'>lacerarentur</span> <span class='ocrx_word' id='word_1_637' title='bbox 3242 2841 3308 2893; x_wconf 88' lang='lat' dir='ltr'>ab</span> <span class='ocrx_word' id='word_1_638' title='bbox 3329 2841 3523 2895; x_wconf 90' lang='lat' dir='ltr'>avibus</span> <span class='ocrx_word' id='word_1_639' title='bbox 3551 2858 3650 2912; x_wconf 90' lang='lat' dir='ltr'>per</span> <span class='ocrx_word' id='word_1_640' title='bbox 3673 2843 3844 2909; x_wconf 88' lang='lat' dir='ltr'>diem,</span> 
     </span>
    </p>
   </div>
   <div class='ocr_carea' id='block_1_90' title="bbox 2239 2927 3850 3004">
    <p class='ocr_par' dir='ltr' id='par_1_90' title="bbox 2239 2927 3850 3004">
     <span class='ocr_line' id='line_1_90' title="bbox 2239 2927 3850 3004; baseline 0.005 -24"><span class='ocrx_word' id='word_1_641' title='bbox 2239 2942 2418 2997; x_wconf 90' lang='lat' dir='ltr'>neque</span> <span class='ocrx_word' id='word_1_642' title='bbox 2449 2941 2480 2980; x_wconf 89' lang='lat' dir='ltr'>a</span> <span class='ocrx_word' id='word_1_643' title='bbox 2512 2927 2700 2981; x_wconf 89' lang='lat' dir='ltr'>bestiis</span> <span class='ocrx_word' id='word_1_644' title='bbox 2739 2943 2838 2997; x_wconf 91' lang='lat' dir='ltr'>per</span> <span class='ocrx_word' id='word_1_645' title='bbox 2886 2937 3120 2993; x_wconf 87' lang='lat' dir='ltr'>noctem,</span> <span class='ocrx_word' id='word_1_646' title='bbox 3172 2931 3356 2985; x_wconf 88' lang='lat' dir='ltr'>Donec</span> <span class='ocrx_word' id='word_1_647' title='bbox 3399 2931 3651 2986; x_wconf 83' lang='lat' dir='ltr'>stillaret</span> <span class='ocrx_word' id='word_1_648' title='bbox 3698 2949 3850 3004; x_wconf 86' lang='lat' dir='ltr'>aqua</span> 
     </span>
    </p>
   </div>
   <div class='ocr_carea' id='block_1_91' title="bbox 2239 3015 3850 3090">
    <p class='ocr_par' dir='ltr' id='par_1_91' title="bbox 2239 3015 3850 3090">
     <span class='ocr_line' id='line_1_91' title="bbox 2239 3015 3850 3090; baseline 0.004 -21"><span class='ocrx_word' id='word_1_649' title='bbox 2239 3030 2410 3086; x_wconf 85' lang='lat' dir='ltr'>super</span> <span class='ocrx_word' id='word_1_650' title='bbox 2439 3031 2528 3071; x_wconf 85' lang='lat' dir='ltr'>eos</span> <span class='ocrx_word' id='word_1_651' title='bbox 2557 3015 2622 3069; x_wconf 89' lang='lat' dir='ltr'>de</span> <span class='ocrx_word' id='word_1_652' title='bbox 2653 3016 2786 3071; x_wconf 62' lang='lat' dir='ltr'>caelo</span> <span class='ocrx_word' id='word_1_653' title='bbox 2808 3017 2886 3083; x_wconf 86' lang='lat' dir='ltr'>(II</span> <span class='ocrx_word' id='word_1_654' title='bbox 2912 3019 3034 3087; x_wconf 81' lang='lat' dir='ltr'>Reg.</span> <span class='ocrx_word' id='word_1_655' title='bbox 3061 3017 3206 3088; x_wconf 72' lang='lat' dir='ltr'>xxx).</span> <span class='ocrx_word' id='word_1_656' title='bbox 3245 3017 3440 3089; x_wconf 89' lang='lat' dir='ltr'>Sicque</span> <span class='ocrx_word' id='word_1_657' title='bbox 3479 3019 3689 3090; x_wconf 87' lang='lat' dir='ltr'>sepulta</span> <span class='ocrx_word' id='word_1_658' title='bbox 3721 3031 3850 3076; x_wconf 87' lang='lat' dir='ltr'>sunt</span> 
     </span>
    </p>
   </div>
   <div class='ocr_carea' id='block_1_92' title="bbox 2168 3103 3846 3180">
    <p class='ocr_par' dir='ltr' id='par_1_92' title="bbox 2168 3103 3846 3180">
     <span class='ocr_line' id='line_1_92' title="bbox 2168 3103 3846 3180; baseline 0.004 -24"><span class='ocrx_word' id='word_1_659' title='bbox 2168 3115 2218 3178; x_wconf 72' lang='grc' dir='ltr'>α</span> <span class='ocrx_word' id='word_1_660' title='bbox 2241 3117 2361 3157; x_wconf 90' lang='lat' dir='ltr'>cum</span> <span class='ocrx_word' id='word_1_661' title='bbox 2393 3103 2610 3157; x_wconf 90' lang='lat' dir='ltr'>ossibus</span> <span class='ocrx_word' id='word_1_662' title='bbox 2640 3103 2767 3157; x_wconf 91' lang='lat' dir='ltr'>Saul</span> <span class='ocrx_word' id='word_1_663' title='bbox 2797 3112 2849 3158; x_wconf 93' lang='lat' dir='ltr'>et</span> <span class='ocrx_word' id='word_1_664' title='bbox 2879 3105 3140 3160; x_wconf 57' lang='lat' dir='ltr'>Jonathag.</span> <span class='ocrx_word' id='word_1_665' title='bbox 3185 3106 3252 3160; x_wconf 90' lang='lat' dir='ltr'>Et</span> <span class='ocrx_word' id='word_1_666' title='bbox 3283 3106 3337 3159; x_wconf 90' lang='lat' dir='ltr'>in</span> <span class='ocrx_word' id='word_1_667' title='bbox 3367 3107 3667 3180; x_wconf 89' lang='lat' dir='ltr'>Evangelio</span> <span class='ocrx_word' id='word_1_668' title='bbox 3696 3108 3846 3180; x_wconf 87' lang='lat' dir='ltr'>legi-</span> 
     </span>
    </p>
   </div>
   <div class='ocr_carea' id='block_1_93' title="bbox 2237 3191 3846 3267">
    <p class='ocr_par' dir='ltr' id='par_1_93' title="bbox 2237 3191 3846 3267">
     <span class='ocr_line' id='line_1_93' title="bbox 2237 3191 3846 3267; baseline 0.006 -24"><span class='ocrx_word' id='word_1_669' title='bbox 2237 3207 2378 3258; x_wconf 90' lang='lat' dir='ltr'>mus,</span> <span class='ocrx_word' id='word_1_670' title='bbox 2411 3191 2532 3261; x_wconf 90' lang='lat' dir='ltr'>quia</span> <span class='ocrx_word' id='word_1_671' title='bbox 2562 3200 2780 3261; x_wconf 87' lang='lat' dir='ltr'>petente</span> <span class='ocrx_word' id='word_1_672' title='bbox 2809 3193 3032 3263; x_wconf 88' lang='lat' dir='ltr'>Joseph,</span> <span class='ocrx_word' id='word_1_673' title='bbox 3083 3195 3305 3249; x_wconf 83' lang='lat' dir='ltr'>Pilatus</span> <span class='ocrx_word' id='word_1_674' title='bbox 3327 3197 3506 3267; x_wconf 86' lang='lat' dir='ltr'>jussit</span> <span class='ocrx_word' id='word_1_675' title='bbox 3531 3196 3692 3252; x_wconf 82' lang='lat' dir='ltr'>reddi</span> <span class='ocrx_word' id='word_1_676' title='bbox 3713 3214 3846 3254; x_wconf 90' lang='lat' dir='ltr'>cor-</span> 
     </span>
    </p>
   </div>
   <div class='ocr_carea' id='block_1_94' title="bbox 2232 3280 3844 3354">
    <p class='ocr_par' dir='ltr' id='par_1_94' title="bbox 2232 3280 3844 3354">
     <span class='ocr_line' id='line_1_94' title="bbox 2232 3280 3844 3354; baseline 0.004 -20"><span class='ocrx_word' id='word_1_677' title='bbox 2232 3296 2340 3352; x_wconf 89' lang='lat' dir='ltr'>pus</span> <span class='ocrx_word' id='word_1_678' title='bbox 2367 3281 2595 3334; x_wconf 87' lang='lat' dir='ltr'>Domini</span> <span class='ocrx_word' id='word_1_679' title='bbox 2617 3280 2842 3349; x_wconf 80' lang='lat' dir='ltr'>(Matth.</span> <span class='ocrx_word' id='word_1_680' title='bbox 2862 3295 3044 3347; x_wconf 80' lang='lat' dir='ltr'>xxvn,</span> <span class='ocrx_word' id='word_1_681' title='bbox 3070 3283 3180 3349; x_wconf 82' lang='lat'>58),</span> <span class='ocrx_word' id='word_1_682' title='bbox 3207 3299 3369 3354; x_wconf 92' lang='lat' dir='ltr'>quem</span> <span class='ocrx_word' id='word_1_683' title='bbox 3391 3286 3547 3354; x_wconf 86' lang='lat' dir='ltr'>quasi</span> <span class='ocrx_word' id='word_1_684' title='bbox 3577 3285 3844 3340; x_wconf 87' lang='lat' dir='ltr'>nefarium</span> 
     </span>
    </p>
   </div>
   <div class='ocr_carea' id='block_1_95' title="bbox 2233 3367 3846 3442">
    <p class='ocr_par' dir='ltr' id='par_1_95' title="bbox 2233 3367 3846 3442">
     <span class='ocr_line' id='line_1_95' title="bbox 2233 3367 3846 3442; baseline 0.006 -20"><span class='ocrx_word' id='word_1_685' title='bbox 2233 3367 2542 3438; x_wconf 89' lang='lat' dir='ltr'>petentibus</span> <span class='ocrx_word' id='word_1_686' title='bbox 2569 3368 2774 3424; x_wconf 56' lang='lat' dir='ltr'>Iudaeis</span> <span class='ocrx_word' id='word_1_687' title='bbox 2805 3368 3048 3442; x_wconf 85' lang='lat' dir='ltr'>cruciﬁgi</span> <span class='ocrx_word' id='word_1_688' title='bbox 3077 3371 3438 3439; x_wconf 87' lang='lat' dir='ltr'>adjudicavit;</span> <span class='ocrx_word' id='word_1_689' title='bbox 3471 3373 3616 3428; x_wconf 90' lang='lat' dir='ltr'>unde</span> <span class='ocrx_word' id='word_1_690' title='bbox 3632 3379 3690 3428; x_wconf 82' lang='lat' dir='ltr'>et</span> <span class='ocrx_word' id='word_1_691' title='bbox 3707 3390 3846 3430; x_wconf 85' lang='lat' dir='ltr'>cum</span> 
     </span>
    </p>
   </div>
   <div class='ocr_carea' id='block_1_96' title="bbox 2234 3457 3836 3532">
    <p class='ocr_par' dir='ltr' id='par_1_96' title="bbox 2234 3457 3836 3532">
     <span class='ocr_line' id='line_1_96' title="bbox 2234 3457 3836 3532; baseline 0.005 -22"><span class='ocrx_word' id='word_1_692' title='bbox 2234 3458 2467 3528; x_wconf 84' lang='lat' dir='ltr'>iniquis,</span> <span class='ocrx_word' id='word_1_693' title='bbox 2501 3457 2804 3512; x_wconf 84' lang='lat' dir='ltr'>secundum</span> <span class='ocrx_word' id='word_1_694' title='bbox 2837 3457 3189 3528; x_wconf 82' lang='lat' dir='ltr'>Scripturam,</span> <span class='ocrx_word' id='word_1_695' title='bbox 3224 3459 3532 3532; x_wconf 86' lang='lat' dir='ltr'>deputatus</span> <span class='ocrx_word' id='word_1_696' title='bbox 3570 3467 3654 3517; x_wconf 80' lang='lat' dir='ltr'>est</span> <span class='ocrx_word' id='word_1_697' title='bbox 3699 3465 3836 3532; x_wconf 88' lang='lat' dir='ltr'>(Isa.</span> 
     </span>
    </p>
   </div>
   <div class='ocr_carea' id='block_1_97' title="bbox 2234 3545 3840 3610">
    <p class='ocr_par' dir='ltr' id='par_1_97' title="bbox 2234 3545 3840 3610">
     <span class='ocr_line' id='line_1_97' title="bbox 2234 3545 3840 3610; baseline 0.006 -14"><span class='ocrx_word' id='word_1_698' title='bbox 2234 3558 2347 3608; x_wconf 82' lang='lat' dir='ltr'>un,</span> <span class='ocrx_word' id='word_1_699' title='bbox 2383 3545 2491 3608; x_wconf 70' lang='lat'>1,2).</span> <span class='ocrx_word' id='word_1_700' title='bbox 2525 3545 2593 3598; x_wconf 90' lang='lat' dir='ltr'>Et</span> <span class='ocrx_word' id='word_1_701' title='bbox 2621 3545 2814 3610; x_wconf 67' lang='lat' dir='ltr'>Judaei,</span> <span class='ocrx_word' id='word_1_702' title='bbox 2850 3561 2918 3600; x_wconf 91' lang='lat' dir='ltr'>ne</span> <span class='ocrx_word' id='word_1_703' title='bbox 2948 3556 3298 3602; x_wconf 90' lang='lat' dir='ltr'>remanerent</span> <span class='ocrx_word' id='word_1_704' title='bbox 3326 3549 3486 3603; x_wconf 88' lang='lat' dir='ltr'>etiam</span> <span class='ocrx_word' id='word_1_705' title='bbox 3535 3550 3840 3606; x_wconf 86' lang='lat' dir='ltr'>scelerato-</span> 
     </span>
    </p>
   </div>
   <div class='ocr_carea' id='block_1_98' title="bbox 2236 3632 3841 3703">
    <p class='ocr_par' dir='ltr' id='par_1_98' title="bbox 2236 3632 3841 3703">
     <span class='ocr_line' id='line_1_98' title="bbox 2236 3632 3841 3703; baseline 0.006 -19"><span class='ocrx_word' id='word_1_706' title='bbox 2236 3647 2353 3684; x_wconf 91' lang='lat' dir='ltr'>rum</span> <span class='ocrx_word' id='word_1_707' title='bbox 2383 3647 2611 3702; x_wconf 88' lang='lat' dir='ltr'>corpora</span> <span class='ocrx_word' id='word_1_708' title='bbox 2643 3632 2698 3686; x_wconf 92' lang='lat' dir='ltr'>in</span> <span class='ocrx_word' id='word_1_709' title='bbox 2741 3648 2902 3688; x_wconf 89' lang='lat' dir='ltr'>cruce</span> <span class='ocrx_word' id='word_1_710' title='bbox 2947 3633 3036 3688; x_wconf 92' lang='lat' dir='ltr'>die</span> <span class='ocrx_word' id='word_1_711' title='bbox 3079 3635 3291 3689; x_wconf 91' lang='lat' dir='ltr'>sabbati</span> <span class='ocrx_word' id='word_1_712' title='bbox 3339 3637 3638 3703; x_wconf 87' lang='lat' dir='ltr'>inhumata,</span> <span class='ocrx_word' id='word_1_713' title='bbox 3689 3639 3841 3694; x_wconf 88' lang='lat' dir='ltr'>obti-</span> 
     </span>
    </p>
   </div>
   <div class='ocr_carea' id='block_1_99' title="bbox 2234 3720 3842 3793">
    <p class='ocr_par' dir='ltr' id='par_1_99' title="bbox 2234 3720 3842 3793">
     <span class='ocr_line' id='line_1_99' title="bbox 2234 3720 3842 3793; baseline 0.006 -21"><span class='ocrx_word' id='word_1_714' title='bbox 2234 3729 2464 3774; x_wconf 90' lang='lat' dir='ltr'>nuerunt</span> <span class='ocrx_word' id='word_1_715' title='bbox 2490 3736 2523 3774; x_wconf 88' lang='lat' dir='ltr'>a</span> <span class='ocrx_word' id='word_1_716' title='bbox 2571 3720 2743 3775; x_wconf 85' lang='lat' dir='ltr'>Pilato</span> <span class='ocrx_word' id='word_1_717' title='bbox 2787 3729 2846 3775; x_wconf 92' lang='lat' dir='ltr'>ut</span> <span class='ocrx_word' id='word_1_718' title='bbox 2893 3721 3278 3792; x_wconf 88' lang='lat' dir='ltr'>frangerentur</span> <span class='ocrx_word' id='word_1_719' title='bbox 3320 3740 3505 3780; x_wconf 90' lang='lat' dir='ltr'>eorum</span> <span class='ocrx_word' id='word_1_720' title='bbox 3552 3741 3731 3793; x_wconf 82' lang='lat' dir='ltr'>crura,</span> <span class='ocrx_word' id='word_1_721' title='bbox 3781 3737 3842 3782; x_wconf 87' lang='lat' dir='ltr'>et</span> 
     </span>
    </p>
   </div>
   <div class='ocr_carea' id='block_1_100' title="bbox 2233 3807 3840 3885">
    <p class='ocr_par' dir='ltr' id='par_1_100' title="bbox 2233 3807 3840 3885">
     <span class='ocr_line' id='line_1_100' title="bbox 2233 3807 3840 3885; baseline 0.006 -24"><span class='ocrx_word' id='word_1_722' title='bbox 2233 3807 2554 3862; x_wconf 91' lang='lat' dir='ltr'>tollerentur</span> <span class='ocrx_word' id='word_1_723' title='bbox 2599 3809 2754 3877; x_wconf 88' lang='lat' dir='ltr'>(Luc.</span> <span class='ocrx_word' id='word_1_724' title='bbox 2789 3824 2913 3875; x_wconf 83' lang='lat' dir='ltr'>xxr,</span> <span class='ocrx_word' id='word_1_725' title='bbox 2948 3811 3058 3880; x_wconf 91' lang='lat'>38).</span> <span class='ocrx_word' id='word_1_726' title='bbox 3118 3811 3184 3865; x_wconf 89' lang='lat' dir='ltr'>Et</span> <span class='ocrx_word' id='word_1_727' title='bbox 3231 3812 3577 3884; x_wconf 88' lang='lat' dir='ltr'>antiquorum</span> <span class='ocrx_word' id='word_1_728' title='bbox 3621 3823 3840 3885; x_wconf 88' lang='lat' dir='ltr'>patrum</span> 
     </span>
    </p>
   </div>
   <div class='ocr_carea' id='block_1_101' title="bbox 2235 3895 3841 3974">
    <p class='ocr_par' dir='ltr' id='par_1_101' title="bbox 2235 3895 3841 3974">
     <span class='ocr_line' id='line_1_101' title="bbox 2235 3895 3841 3974; baseline 0.006 -25"><span class='ocrx_word' id='word_1_729' title='bbox 2235 3895 2462 3966; x_wconf 67' lang='lat' dir='ltr'>regulm,</span> <span class='ocrx_word' id='word_1_730' title='bbox 2510 3896 2668 3950; x_wconf 89' lang='lat' dir='ltr'>etiam</span> <span class='ocrx_word' id='word_1_731' title='bbox 2727 3913 2918 3952; x_wconf 87' lang='lat' dir='ltr'>eorum</span> <span class='ocrx_word' id='word_1_732' title='bbox 2973 3914 3227 3969; x_wconf 89' lang='lat' dir='ltr'>corpora,</span> <span class='ocrx_word' id='word_1_733' title='bbox 3287 3901 3377 3972; x_wconf 88' lang='lat' dir='ltr'>qui</span> <span class='ocrx_word' id='word_1_734' title='bbox 3433 3901 3536 3956; x_wconf 92' lang='lat' dir='ltr'>sibi</span> <span class='ocrx_word' id='word_1_735' title='bbox 3592 3903 3841 3974; x_wconf 86' lang='lat' dir='ltr'>quolibet</span> 
     </span>
    </p>
   </div>
   <div class='ocr_carea' id='block_1_102' title="bbox 2233 3983 3838 4058">
    <p class='ocr_par' dir='ltr' id='par_1_102' title="bbox 2233 3983 3838 4058">
     <span class='ocr_line' id='line_1_102' title="bbox 2233 3983 3838 4058; baseline 0.006 -22"><span class='ocrx_word' id='word_1_736' title='bbox 2233 3983 2396 4038; x_wconf 93' lang='lat' dir='ltr'>modo</span> <span class='ocrx_word' id='word_1_737' title='bbox 2426 3992 2656 4038; x_wconf 90' lang='lat' dir='ltr'>mortem</span> <span class='ocrx_word' id='word_1_738' title='bbox 2683 3984 2980 4050; x_wconf 89' lang='lat' dir='ltr'>intulerint,</span> <span class='ocrx_word' id='word_1_739' title='bbox 3014 3987 3102 4040; x_wconf 90' lang='lat' dir='ltr'>vel</span> <span class='ocrx_word' id='word_1_740' title='bbox 3131 3987 3221 4058; x_wconf 90' lang='lat' dir='ltr'>qui</span> <span class='ocrx_word' id='word_1_741' title='bbox 3251 4003 3352 4058; x_wconf 91' lang='lat' dir='ltr'>pro</span> <span class='ocrx_word' id='word_1_742' title='bbox 3381 3989 3496 4042; x_wconf 92' lang='lat' dir='ltr'>suis</span> <span class='ocrx_word' id='word_1_743' title='bbox 3529 3990 3838 4046; x_wconf 88' lang='lat' dir='ltr'>sceleribus</span> 
     </span>
    </p>
   </div>
   <div class='ocr_carea' id='block_1_103' title="bbox 2233 4072 3838 4149">
    <p class='ocr_par' dir='ltr' id='par_1_103' title="bbox 2233 4072 3838 4149">
     <span class='ocr_line' id='line_1_103' title="bbox 2233 4072 3838 4149; baseline 0.006 -25"><span class='ocrx_word' id='word_1_744' title='bbox 2233 4072 2543 4142; x_wconf 88' lang='lat' dir='ltr'>puniuntur,</span> <span class='ocrx_word' id='word_1_745' title='bbox 2576 4073 2648 4128; x_wconf 91' lang='lat' dir='ltr'>ad</span> <span class='ocrx_word' id='word_1_746' title='bbox 2679 4073 3028 4143; x_wconf 87' lang='lat' dir='ltr'>sepulturam,</span> <span class='ocrx_word' id='word_1_747' title='bbox 3063 4074 3188 4130; x_wconf 89' lang='lat' dir='ltr'>licet</span> <span class='ocrx_word' id='word_1_748' title='bbox 3217 4076 3335 4132; x_wconf 91' lang='lat' dir='ltr'>sine</span> <span class='ocrx_word' id='word_1_749' title='bbox 3356 4077 3572 4148; x_wconf 77' lang='lat' dir='ltr'>hymnis</span> <span class='ocrx_word' id='word_1_750' title='bbox 3603 4086 3658 4133; x_wconf 93' lang='lat' dir='ltr'>et</span> <span class='ocrx_word' id='word_1_751' title='bbox 3685 4080 3838 4149; x_wconf 86' lang='lat' dir='ltr'>psal-</span> 
     </span>
    </p>
   </div>
   <div class='ocr_carea' id='block_1_104' title="bbox 2232 4159 3834 4236">
    <p class='ocr_par' dir='ltr' id='par_1_104' title="bbox 2232 4159 3834 4236">
     <span class='ocr_line' id='line_1_104' title="bbox 2232 4159 3834 4236; baseline 0.006 -23"><span class='ocrx_word' id='word_1_752' title='bbox 2232 4160 2354 4224; x_wconf 90' lang='lat' dir='ltr'>mis,</span> <span class='ocrx_word' id='word_1_753' title='bbox 2390 4159 2585 4215; x_wconf 80' lang='lat' dir='ltr'>deferri</span> <span class='ocrx_word' id='word_1_754' title='bbox 2615 4162 2952 4232; x_wconf 67' lang='lat' dir='ltr'>praacipiunt,</span> <span class='ocrx_word' id='word_1_755' title='bbox 2989 4170 3041 4218; x_wconf 89' lang='lat' dir='ltr'>et</span> <span class='ocrx_word' id='word_1_756' title='bbox 3069 4179 3177 4218; x_wconf 89' lang='lat' dir='ltr'>non</span> <span class='ocrx_word' id='word_1_757' title='bbox 3216 4165 3488 4236; x_wconf 89' lang='lat' dir='ltr'>sepultura</span> <span class='ocrx_word' id='word_1_758' title='bbox 3535 4167 3589 4220; x_wconf 91' lang='lat' dir='ltr'>in</span> <span class='ocrx_word' id='word_1_759' title='bbox 3639 4177 3834 4224; x_wconf 90' lang='lat' dir='ltr'>ventre</span> 
     </span>
    </p>
   </div>
   <div class='ocr_carea' id='block_1_105' title="bbox 2232 4249 3833 4316">
    <p class='ocr_par' dir='ltr' id='par_1_105' title="bbox 2232 4249 3833 4316">
     <span class='ocr_line' id='line_1_105' title="bbox 2232 4249 3833 4316; baseline 0.005 -14"><span class='ocrx_word' id='word_1_760' title='bbox 2232 4249 2421 4303; x_wconf 88' lang='lat' dir='ltr'>matris</span> <span class='ocrx_word' id='word_1_761' title='bbox 2450 4249 2710 4316; x_wconf 89' lang='lat' dir='ltr'>omnium,</span> <span class='ocrx_word' id='word_1_762' title='bbox 2762 4251 2817 4305; x_wconf 90' lang='lat' dir='ltr'>id</span> <span class='ocrx_word' id='word_1_763' title='bbox 2856 4259 2938 4305; x_wconf 89' lang='lat' dir='ltr'>est</span> <span class='ocrx_word' id='word_1_764' title='bbox 2985 4260 3154 4315; x_wconf 59' lang='lat' dir='ltr'>terra),</span> <span class='ocrx_word' id='word_1_765' title='bbox 3203 4269 3389 4308; x_wconf 90' lang='lat' dir='ltr'>carere</span> <span class='ocrx_word' id='word_1_766' title='bbox 3437 4255 3594 4309; x_wconf 89' lang='lat' dir='ltr'>etiam</span> <span class='ocrx_word' id='word_1_767' title='bbox 3643 4255 3833 4310; x_wconf 88' lang='lat' dir='ltr'>talium</span> 
     </span>
    </p>
   </div>
   <div class='ocr_carea' id='block_1_106' title="bbox 2233 4339 3830 4413">
    <p class='ocr_par' dir='ltr' id='par_1_106' title="bbox 2233 4339 3830 4413">
     <span class='ocr_line' id='line_1_106' title="bbox 2233 4339 3830 4413; baseline 0.004 -21"><span class='ocrx_word' id='word_1_768' title='bbox 2233 4339 2492 4392; x_wconf 80' lang='lat' dir='ltr'>cadavera</span> <span class='ocrx_word' id='word_1_769' title='bbox 2524 4347 2913 4408; x_wconf 62' lang='lat' dir='ltr'>praiceperunt.</span> <span class='ocrx_word' id='word_1_770' title='bbox 2945 4339 2999 4392; x_wconf 89' lang='lat' dir='ltr'>Si</span> <span class='ocrx_word' id='word_1_771' title='bbox 3031 4356 3160 4394; x_wconf 88' lang='lat' dir='ltr'>vere</span> <span class='ocrx_word' id='word_1_772' title='bbox 3205 4341 3385 4413; x_wconf 90' lang='lat' dir='ltr'>utique</span> <span class='ocrx_word' id='word_1_773' title='bbox 3424 4343 3689 4412; x_wconf 88' lang='lat' dir='ltr'>justitiam</span> <span class='ocrx_word' id='word_1_774' title='bbox 3742 4345 3830 4398; x_wconf 82' lang='lat' dir='ltr'>lo-</span> 
     </span>
    </p>
   </div>
   <div class='ocr_carea' id='block_1_107' title="bbox 2234 4421 3828 4492">
    <p class='ocr_par' dir='ltr' id='par_1_107' title="bbox 2234 4421 3828 4492">
     <span class='ocr_line' id='line_1_107' title="bbox 2234 4421 3828 4492; baseline 0.005 -18"><span class='ocrx_word' id='word_1_775' title='bbox 2234 4438 2438 4492; x_wconf 82' lang='lat' dir='ltr'>quens,</span> <span class='ocrx_word' id='word_1_776' title='bbox 2455 4422 2600 4490; x_wconf 88' lang='lat' dir='ltr'>juste</span> <span class='ocrx_word' id='word_1_777' title='bbox 2623 4423 2826 4490; x_wconf 88' lang='lat' dir='ltr'>judica,</span> <span class='ocrx_word' id='word_1_778' title='bbox 2851 4421 2926 4476; x_wconf 86' lang='lat' dir='ltr'>fili</span> <span class='ocrx_word' id='word_1_779' title='bbox 2956 4423 3208 4488; x_wconf 88' lang='lat' dir='ltr'>hominis,</span> <span class='ocrx_word' id='word_1_780' title='bbox 3231 4434 3284 4479; x_wconf 93' lang='lat' dir='ltr'>et</span> <span class='ocrx_word' id='word_1_781' title='bbox 3306 4425 3428 4480; x_wconf 91' lang='lat' dir='ltr'>vide</span> <span class='ocrx_word' id='word_1_782' title='bbox 3449 4426 3494 4479; x_wconf 92' lang='lat' dir='ltr'>si</span> <span class='ocrx_word' id='word_1_783' title='bbox 3523 4427 3828 4482; x_wconf 91' lang='lat' dir='ltr'>secundum</span> 
     </span>
    </p>
   </div>
   <div class='ocr_carea' id='block_1_108' title="bbox 2233 4509 3828 4582">
    <p class='ocr_par' dir='ltr' id='par_1_108' title="bbox 2233 4509 3828 4582">
     <span class='ocr_line' id='line_1_108' title="bbox 2233 4509 3828 4582; baseline 0.006 -21"><span class='ocrx_word' id='word_1_784' title='bbox 2233 4509 2484 4578; x_wconf 70' lang='lat' dir='ltr'>praefatas</span> <span class='ocrx_word' id='word_1_785' title='bbox 2515 4510 2736 4582; x_wconf 84' lang='lat' dir='ltr'>regulas</span> <span class='ocrx_word' id='word_1_786' title='bbox 2763 4526 2828 4565; x_wconf 90' lang='lat' dir='ltr'>ac</span> <span class='ocrx_word' id='word_1_787' title='bbox 2857 4511 3029 4582; x_wconf 88' lang='lat' dir='ltr'>leges,</span> <span class='ocrx_word' id='word_1_788' title='bbox 3063 4513 3474 4582; x_wconf 88' lang='lat' dir='ltr'>metropolitana</span> <span class='ocrx_word' id='word_1_789' title='bbox 3512 4515 3828 4570; x_wconf 89' lang='lat' dir='ltr'>auctoritate</span> 
     </span>
    </p>
   </div>
   <div class='ocr_carea' id='block_1_109' title="bbox 2227 4595 3826 4674">
    <p class='ocr_par' dir='ltr' id='par_1_109' title="bbox 2227 4595 3826 4674">
     <span class='ocr_line' id='line_1_109' title="bbox 2227 4595 3826 4674; baseline 0.005 -24"><span class='ocrx_word' id='word_1_790' title='bbox 2227 4595 2561 4665; x_wconf 86' lang='lat' dir='ltr'>pontificium</span> <span class='ocrx_word' id='word_1_791' title='bbox 2616 4599 2897 4652; x_wconf 89' lang='lat' dir='ltr'>habuerim</span> <span class='ocrx_word' id='word_1_792' title='bbox 2953 4600 3071 4655; x_wconf 68' lang='lat' dir='ltr'>haec</span> <span class='ocrx_word' id='word_1_793' title='bbox 3113 4600 3416 4671; x_wconf 90' lang='lat' dir='ltr'>corrigere,</span> <span class='ocrx_word' id='word_1_794' title='bbox 3469 4619 3588 4674; x_wconf 85' lang='lat' dir='ltr'>quae</span> <span class='ocrx_word' id='word_1_795' title='bbox 3634 4611 3826 4658; x_wconf 84' lang='lat' dir='ltr'>contra</span> 
     </span>
    </p>
   </div>
   <div class='ocr_carea' id='block_1_110' title="bbox 2229 4685 3100 4759">
    <p class='ocr_par' dir='ltr' id='par_1_110' title="bbox 2229 4685 3100 4759">
     <span class='ocr_line' id='line_1_110' title="bbox 2229 4685 3100 4759; baseline 0.007 -23"><span class='ocrx_word' id='word_1_796' title='bbox 2229 4698 2416 4738; x_wconf 89' lang='lat' dir='ltr'>sacras</span> <span class='ocrx_word' id='word_1_797' title='bbox 2445 4685 2660 4756; x_wconf 86' lang='lat' dir='ltr'>regulas</span> <span class='ocrx_word' id='word_1_798' title='bbox 2690 4689 3100 4759; x_wconf 72' lang='lat' dir='ltr'>praesumpsisti.</span> 
     </span>
    </p>
   </div>
   <div class='ocr_carea' id='block_1_111' title="bbox 2759 4828 3286 4885">
    <p class='ocr_par' dir='ltr' id='par_1_111' title="bbox 2759 4828 3286 4885">
     <span class='ocr_line' id='line_1_111' title="bbox 2759 4828 3286 4885; baseline 0.004 -2"><span class='ocrx_word' id='word_1_799' title='bbox 2759 4828 2982 4884; x_wconf 84' lang='lat' dir='ltr'>CAPUT</span> <span class='ocrx_word' id='word_1_800' title='bbox 3031 4830 3286 4885; x_wconf 81' lang='lat' dir='ltr'>XXXIV.</span> 
     </span>
    </p>
   </div>
   <div class='ocr_carea' id='block_1_112' title="bbox 2231 4929 3821 5008">
    <p class='ocr_par' dir='ltr' id='par_1_112' title="bbox 2231 4929 3821 5008">
     <span class='ocr_line' id='line_1_112' title="bbox 2231 4929 3821 5008; baseline 0.006 -24"><span class='ocrx_word' id='word_1_801' title='bbox 2231 4929 2380 4996; x_wconf 83' lang='lat' dir='ltr'>Quod</span> <span class='ocrx_word' id='word_1_802' title='bbox 2408 4934 2470 5008; x_wconf 75' lang='lat' dir='ltr'>in</span> <span class='ocrx_word' id='word_1_803' title='bbox 2501 4933 2662 4987; x_wconf 80' lang='lat' dir='ltr'>rebus</span> <span class='ocrx_word' id='word_1_804' title='bbox 2689 4935 2860 5008; x_wconf 80' lang='lat' dir='ltr'>certis</span> <span class='ocrx_word' id='word_1_805' title='bbox 2881 4939 2937 4989; x_wconf 90' lang='lat' dir='ltr'>et</span> <span class='ocrx_word' id='word_1_806' title='bbox 2957 4936 3229 5002; x_wconf 80' lang='lat' dir='ltr'>deﬁnitis,</span> <span class='ocrx_word' id='word_1_807' title='bbox 3245 4952 3348 4992; x_wconf 85' lang='lat' dir='ltr'>nec</span> <span class='ocrx_word' id='word_1_808' title='bbox 3370 4938 3615 5008; x_wconf 82' lang='lat' dir='ltr'>synodus</span> <span class='ocrx_word' id='word_1_809' title='bbox 3626 4953 3821 4994; x_wconf 81' lang='lat' dir='ltr'>convo-</span> 
     </span>
    </p>
   </div>
   <div class='ocr_carea' id='block_1_113' title="bbox 2298 5002 3822 5080">
    <p class='ocr_par' dir='ltr' id='par_1_113' title="bbox 2298 5002 3822 5080">
     <span class='ocr_line' id='line_1_113' title="bbox 2298 5002 3822 5080; baseline 0.005 -25"><span class='ocrx_word' id='word_1_810' title='bbox 2298 5002 2499 5080; x_wconf 76' lang='lat' dir='ltr'>cando,</span> <span class='ocrx_word' id='word_1_811' title='bbox 2535 5020 2635 5080; x_wconf 76' lang='lat' dir='ltr'>nec</span> <span class='ocrx_word' id='word_1_812' title='bbox 2665 5005 2820 5060; x_wconf 82' lang='lat' dir='ltr'>sedes</span> <span class='ocrx_word' id='word_1_813' title='bbox 2849 5008 3164 5080; x_wconf 17' lang='lat' dir='ltr'>apostolica,</span> <span class='ocrx_word' id='word_1_814' title='bbox 3187 5002 3559 5080; x_wconf 78' lang='lat' dir='ltr'>inquietanda</span> <span class='ocrx_word' id='word_1_815' title='bbox 3595 5009 3692 5070; x_wconf 90' lang='lat' dir='ltr'>sit,</span> <span class='ocrx_word' id='word_1_816' title='bbox 3727 5009 3822 5063; x_wconf 84' lang='lat' dir='ltr'>sed</span> 
     </span>
    </p>
   </div>
   <div class='ocr_carea' id='block_1_114' title="bbox 2298 5077 3220 5140">
    <p class='ocr_par' dir='ltr' id='par_1_114' title="bbox 2298 5077 3220 5140">
     <span class='ocr_line' id='line_1_114' title="bbox 2298 5077 3220 5140; baseline 0.005 -13"><span class='ocrx_word' id='word_1_817' title='bbox 2298 5089 2420 5140; x_wconf 68' lang='lat' dir='ltr'>quae</span> <span class='ocrx_word' id='word_1_818' title='bbox 2448 5077 2669 5128; x_wconf 81' lang='lat' dir='ltr'>statuta</span> <span class='ocrx_word' id='word_1_819' title='bbox 2697 5080 2835 5130; x_wconf 86' lang='lat' dir='ltr'>sunt</span> <span class='ocrx_word' id='word_1_820' title='bbox 2862 5078 3220 5132; x_wconf 76' lang='lat' dir='ltr'>observanda.</span> 
     </span>
    </p>
   </div>
   <div class='ocr_carea' id='block_1_115' title="bbox 2299 5178 3826 5254">
    <p class='ocr_par' dir='ltr' id='par_1_115' title="bbox 2299 5178 3826 5254">
     <span class='ocr_line' id='line_1_115' title="bbox 2299 5178 3826 5254; baseline 0.007 -25"><span class='ocrx_word' id='word_1_821' title='bbox 2299 5179 2365 5229; x_wconf 76' lang='lat' dir='ltr'>At</span> <span class='ocrx_word' id='word_1_822' title='bbox 2393 5178 2440 5231; x_wconf 91' lang='lat' dir='ltr'>si</span> <span class='ocrx_word' id='word_1_823' title='bbox 2471 5187 2523 5232; x_wconf 88' lang='lat' dir='ltr'>tu</span> <span class='ocrx_word' id='word_1_824' title='bbox 2555 5180 2606 5234; x_wconf 92' lang='lat' dir='ltr'>in</span> <span class='ocrx_word' id='word_1_825' title='bbox 2637 5185 2977 5238; x_wconf 89' lang='lat' dir='ltr'>contumacia</span> <span class='ocrx_word' id='word_1_826' title='bbox 3005 5185 3110 5248; x_wconf 81' lang='lat' dir='ltr'>tua,</span> <span class='ocrx_word' id='word_1_827' title='bbox 3145 5192 3196 5238; x_wconf 92' lang='lat' dir='ltr'>et</span> <span class='ocrx_word' id='word_1_828' title='bbox 3241 5183 3296 5237; x_wconf 88' lang='lat' dir='ltr'>in</span> <span class='ocrx_word' id='word_1_829' title='bbox 3339 5192 3654 5254; x_wconf 87' lang='lat' dir='ltr'>contemptu</span> <span class='ocrx_word' id='word_1_830' title='bbox 3697 5201 3826 5240; x_wconf 90' lang='lat' dir='ltr'>meo</span> 
     </span>
    </p>
   </div>
   <div class='ocr_carea' id='block_1_116' title="bbox 2226 5269 3828 5344">
    <p class='ocr_par' dir='ltr' id='par_1_116' title="bbox 2226 5269 3828 5344">
     <span class='ocr_line' id='line_1_116' title="bbox 2226 5269 3828 5344; baseline 0.004 -24"><span class='ocrx_word' id='word_1_831' title='bbox 2226 5281 2552 5335; x_wconf 87' lang='lat' dir='ltr'>permanere</span> <span class='ocrx_word' id='word_1_832' title='bbox 2582 5269 2874 5342; x_wconf 88' lang='lat' dir='ltr'>delegeris,</span> <span class='ocrx_word' id='word_1_833' title='bbox 2899 5279 2951 5325; x_wconf 91' lang='lat' dir='ltr'>et</span> <span class='ocrx_word' id='word_1_834' title='bbox 2974 5288 3094 5342; x_wconf 67' lang='lat' dir='ltr'>qua:</span> <span class='ocrx_word' id='word_1_835' title='bbox 3115 5271 3241 5327; x_wconf 92' lang='lat' dir='ltr'>hinc</span> <span class='ocrx_word' id='word_1_836' title='bbox 3271 5289 3395 5326; x_wconf 89' lang='lat' dir='ltr'>vera</span> <span class='ocrx_word' id='word_1_837' title='bbox 3425 5281 3549 5327; x_wconf 91' lang='lat' dir='ltr'>sunt</span> <span class='ocrx_word' id='word_1_838' title='bbox 3578 5271 3828 5344; x_wconf 84' lang='lat' dir='ltr'>profiteri</span> 
     </span>
    </p>
   </div>
   <div class='ocr_carea' id='block_1_117' title="bbox 2229 5353 3824 5434">
    <p class='ocr_par' dir='ltr' id='par_1_117' title="bbox 2229 5353 3824 5434">
     <span class='ocr_line' id='line_1_117' title="bbox 2229 5353 3824 5434; baseline 0.005 -28"><span class='ocrx_word' id='word_1_839' title='bbox 2229 5353 2488 5419; x_wconf 90' lang='lat' dir='ltr'>nolueris,</span> <span class='ocrx_word' id='word_1_840' title='bbox 2522 5357 2644 5428; x_wconf 92' lang='lat' dir='ltr'>quia</span> <span class='ocrx_word' id='word_1_841' title='bbox 2676 5358 2743 5412; x_wconf 90' lang='lat' dir='ltr'>dc</span> <span class='ocrx_word' id='word_1_842' title='bbox 2773 5354 3016 5413; x_wconf 61' lang='lat' dir='ltr'>certis&#39;et</span> <span class='ocrx_word' id='word_1_843' title='bbox 3046 5358 3344 5420; x_wconf 81' lang='lat' dir='ltr'>manifestis</span> <span class='ocrx_word' id='word_1_844' title='bbox 3371 5361 3571 5428; x_wconf 90' lang='lat' dir='ltr'>causis,</span> <span class='ocrx_word' id='word_1_845' title='bbox 3613 5379 3736 5434; x_wconf 72' lang='lat' dir='ltr'>quae</span> <span class='ocrx_word' id='word_1_846' title='bbox 3765 5362 3824 5416; x_wconf 89' lang='lat' dir='ltr'>in</span> 
     </span>
    </p>
   </div>
   <div class='ocr_carea' id='block_1_118' title="bbox 2227 5442 3826 5522">
    <p class='ocr_par' dir='ltr' id='par_1_118' title="bbox 2227 5442 3826 5522">
     <span class='ocr_line' id='line_1_118' title="bbox 2227 5442 3826 5522; baseline 0.005 -26"><span class='ocrx_word' id='word_1_847' title='bbox 2227 5442 2373 5498; x_wconf 91' lang='lat' dir='ltr'>nullo</span> <span class='ocrx_word' id='word_1_848' title='bbox 2402 5445 2559 5500; x_wconf 88' lang='lat' dir='ltr'>nobis</span> <span class='ocrx_word' id='word_1_849' title='bbox 2591 5455 2714 5500; x_wconf 89' lang='lat' dir='ltr'>sunt</span> <span class='ocrx_word' id='word_1_850' title='bbox 2743 5447 2905 5502; x_wconf 90' lang='lat' dir='ltr'>dubia</span> <span class='ocrx_word' id='word_1_851' title='bbox 2927 5447 3012 5503; x_wconf 89' lang='lat' dir='ltr'>vel</span> <span class='ocrx_word' id='word_1_852' title='bbox 3037 5449 3287 5514; x_wconf 89' lang='lat' dir='ltr'>obscura,</span> <span class='ocrx_word' id='word_1_853' title='bbox 3315 5449 3384 5504; x_wconf 89' lang='lat' dir='ltr'>de</span> <span class='ocrx_word' id='word_1_854' title='bbox 3412 5449 3609 5522; x_wconf 86' lang='lat' dir='ltr'>quibus</span> <span class='ocrx_word' id='word_1_855' title='bbox 3629 5448 3826 5506; x_wconf 75' lang='lat' dir='ltr'>difﬁni-</span> 
     </span>
    </p>
   </div>
   <div class='ocr_carea' id='block_1_119' title="bbox 2226 5529 3820 5607">
    <p class='ocr_par' dir='ltr' id='par_1_119' title="bbox 2226 5529 3820 5607">
     <span class='ocr_line' id='line_1_119' title="bbox 2226 5529 3820 5607; baseline 0.005 -23"><span class='ocrx_word' id='word_1_856' title='bbox 2226 5529 2359 5584; x_wconf 87' lang='lat' dir='ltr'>tivas</span> <span class='ocrx_word' id='word_1_857' title='bbox 2389 5535 2704 5599; x_wconf 88' lang='lat' dir='ltr'>sententias,</span> <span class='ocrx_word' id='word_1_858' title='bbox 2735 5552 2857 5606; x_wconf 73' lang='lat' dir='ltr'>quae</span> <span class='ocrx_word' id='word_1_859' title='bbox 2885 5536 3033 5591; x_wconf 91' lang='lat' dir='ltr'>nulla</span> <span class='ocrx_word' id='word_1_860' title='bbox 3060 5545 3290 5607; x_wconf 90' lang='lat' dir='ltr'>possunt</span> <span class='ocrx_word' id='word_1_861' title='bbox 3331 5537 3536 5592; x_wconf 89' lang='lat' dir='ltr'>ratione</span> <span class='ocrx_word' id='word_1_862' title='bbox 3583 5537 3820 5593; x_wconf 89' lang='lat' dir='ltr'>convelli</span> 
     </span>
    </p>
   </div>
  </div>
