4164 6310
260 258 361 310 417
1003 254 1243 310 OPUSC.
1303 253 1393 309 ET
1439 252 1656 309 EPIST.
1716 251 1790 306 IN
1843 249 2072 305 CAUSA
2117 250 2460 306 HINCMARI
2523 251 2833 308 LAUDUN.
3487 255 3590 308 418

260 396 291 434 a
329 387 538 436 sanctis
577 377 830 434 Patribus
871 377 1248 450 promulgatas
1290 377 1577 442 habemus,
1609 371 1950 446 synodaleA
1977 379 2189 428 ctarum
2220 372 2568 428 traditionum
2597 373 2930 444 delinquitur
2974 375 3302 443 sanctiones,
3344 389 3510 446 quam
3539 375 3595 429 in

274 467 602 533 consultum,
626 465 712 522 vel
735 465 1183 536 coepiscOporum
1205 465 1504 536 provinciae
1522 473 1724 520 nostra
1746 478 1876 519 con-
1975 460 2234 530 injuriam
2273 461 2442 532 ipsius
2497 461 2714 517 Domini
2761 461 3058 532 prosilitur.
3115 485 3135 512 »
3179 464 3246 518 Et
3291 461 3590 518 Gelasius:

275 555 454 611 silium
483 555 572 609 vel
602 570 953 619 consensum,
985 569 1093 610 non
1123 554 1300 609 debeo
1330 561 1668 624 exspectare,
1712 567 1813 607 nec
1843 567 1878 606 a

273 643 476 716 regulis
504 642 825 713 praestitutis
855 641 967 696 ulla
996 651 1088 696 aut
1133 641 1465 714 negligentia
1493 649 1583 695 aut
1613 657 1876 711 praesum-

272 731 455 802 ptione
484 730 789 794 discedere,
825 746 926 786 nec
954 731 1115 784 etiam
1147 730 1334 785 sedem
1364 729 1721 800 apostolicam
1752 727 1880 782 inde
1923 744 1936 752 ’

273 818 606 890 requirendo
664 818 988 888 inquietare,
1050 818 1198 874 dicat
1255 826 1476 873 sanctus
1533 815 1880 872 Innocentius

272 907 522 962 scribens
534 907 606 961 ad
621 906 949 962 Macedones
961 906 1407 976 archiepiscopos
1419 913 1582 976 atque
1595 905 1881 974 episcopos

270 995 393 1050 inde
423 995 557 1066 quid
579 993 773 1049 sentiat
795 995 981 1066 (epist.
1006 994 1098 1063 27)
1123 1012 1136 1048 :
1165 1015 1186 1044 α
1209 994 1342 1050 Cum
1361 993 1668 1048 tradidisset
1689 992 1882 1062 episto-

272 1082 371 1150 las,
398 1083 532 1153 quin
553 1082 747 1136 Vitalis
767 1082 1205 1147 archidiaconus,
1230 1090 1536 1137 vestrarum
1561 1080 1788 1151 portitor
1806 1079 1884 1134 lit-

273 1179 518 1225 terarum
539 1185 636 1224 eas
658 1169 894 1240 prtecepi
923 1169 1072 1224 illico
1093 1170 1367 1225 recenseri
1389 1187 1402 1224 :
1423 1169 1477 1224 in
1497 1169 1692 1240 quibus
1713 1167 1885 1222 multa

273 1257 449 1329 posita
483 1274 607 1312 esse
637 1257 864 1328 pervidi,
902 1273 1025 1328 quae
1055 1266 1335 1328 stuporem
1363 1258 1635 1312 mentibus
1683 1255 1886 1326 nostris

275 1347 618 1407 inducerent,
657 1345 1010 1416 facerentque
1035 1361 1134 1401 nos
1175 1362 1283 1401 non
1313 1345 1587 1401 modicum
1615 1345 1883 1408 dubitare,

277 1443 461 1490 utrum
513 1434 671 1488 aliter
727 1442 1074 1504 putaremus,
1125 1449 1192 1488 an
1240 1433 1311 1488 ita
1356 1433 1452 1488 illa
1489 1441 1672 1488 essent
1711 1432 1889 1502 posita

1981 570 2002 598 α
2049 549 2193 604 Satis
2227 549 2510 621 indignum
2543 558 2625 604 est
2656 565 2983 621 quemquam
3013 550 3099 604 vel
3131 549 3468 620 pontiﬁcum,
3503 545 3590 606 vel

1977 637 2232 692 ordinum
2281 638 2752 708 subsequentium,
2795 639 2935 693 hanc
2983 639 3384 693 observantiam
3435 639 3590 695 refu-

1979 733 2125 791 tare,
2179 742 2343 798 quam
2389 725 2531 781 beati
2583 726 2728 780 Petri
2775 726 2963 780 sedem
3009 733 3061 780 et
3106 726 3264 803 segni
3312 727 3492 782 videat
3539 735 3590 783 et

1979 813 2218 878 docere,
2261 814 2503 886 satisque
2563 814 2896 870 conveniens
2935 814 3032 880 sit,
3081 823 3137 868 ut
3175 822 3346 868 totum
3397 831 3592 886 corpus

1980 901 2246 957 Ecclesia:
2302 902 2356 955 in
2415 903 2520 958 hac
2577 902 2794 957 sibimet
2851 903 3235 957 observatione
3275 903 3590 970 concordet,

1981 1005 2145 1060 quam
2175 989 2283 1044 illic
2315 990 2502 1061 vigere
2533 989 2852 1060 conspiciat,
2888 991 2976 1044 ubi
3011 991 3276 1046 Dominus
3330 990 3594 1046 Ecclesiae

1981 1078 2146 1133 totius
2192 1078 2375 1148 posuit
2417 1079 2796 1149 principatum.
2837 1101 2858 1128 »
2894 1080 2963 1133 Ει
3012 1079 3139 1134 item
3188 1080 3256 1133 ad
3305 1080 3592 1135 universos

1983 1165 2272 1237 episcopos
2295 1183 2394 1236 per
2413 1167 2743 1221 Dardaniam
2761 1167 3082 1222 constitutos
3102 1187 3120 1223 :
3143 1189 3165 1217 α
3190 1169 3400 1233 Patres,
3422 1167 3593 1239 inquit

1983 1253 2172 1324 (epist.
2211 1257 2295 1319 11,
2327 1254 2380 1308 in
2410 1255 2690 1325 princip.),
2715 1255 2906 1320 nostri,
2944 1255 3193 1310 catholici
3225 1256 3476 1330 videlicet
3497 1256 3594 1311 do-

1984 1343 2165 1413 ctique
2193 1341 2501 1413 pontiﬁces,
2533 1343 2586 1396 in
2617 1359 2941 1414 unaquaque
2963 1343 3159 1398 haeresi
3193 1344 3434 1415 quolibet
3465 1352 3594 1400 tem-

1985 1445 2120 1500 pore
2153 1430 2433 1498 suscitata,
2466 1430 2729 1502 quidquid
2773 1447 2874 1501 pro
2924 1431 3050 1498 ﬁde,
3084 1448 3185 1502 pro
3215 1432 3457 1498 veritate,
3490 1449 3593 1503 pro

274 1522 741 1594 quemadmodum
784 1521 1175 1592 personabant.
1231 1521 1367 1589 Quae
1406 1538 1530 1576 cum
1561 1520 1766 1591 saepius
1795 1536 1889 1574 re-
1988 1519 2370 1573 communione
2409 1519 2675 1574 catholica
2712 1528 2873 1589 atque
2913 1519 3246 1590 apostolica,
3289 1521 3593 1576 secundum

275 1610 382 1681 peti
437 1608 696 1665 fecissem
723 1652 737 1674 ,
791 1609 1001 1664 adverti
1055 1609 1171 1664 sedi
1221 1609 1574 1680 apostolicae,
1617 1609 1688 1663 ad
1727 1623 1891 1680 quam
1989 1606 2381 1676 Scripturarum
2445 1607 2746 1676 tramitem,
2799 1608 3352 1679 praedicationemque
3415 1609 3591 1678 majo-

282 1698 476 1754 relatio
520 1697 677 1770 quasi
705 1698 773 1752 ad
803 1705 964 1768 caput
1002 1697 1355 1753 ecclesiarum
1399 1699 1569 1752 missa
1612 1697 1883 1762 currebat,
1908 1720 1960 1778 Β
1991 1710 2132 1759 rum,
2168 1694 2306 1749 facta
2336 1695 2506 1750 semel
2555 1695 2983 1768 congregatione
3032 1705 3348 1760 sanxerunt,
3398 1696 3592 1752 incon-

279 1785 399 1841 ﬁeri
430 1786 709 1855 injuriam,
742 1786 896 1855 cujus
938 1786 1116 1842 adhuc
1153 1786 1208 1840 in
1258 1786 1574 1859 ambiguum
1623 1784 1887 1840 sententia
1989 1783 2204 1838 vulsum
2233 1783 2518 1838 voluerunt
2550 1783 2810 1854 deinceps
2838 1783 3158 1856 ﬁrmumque
3187 1794 3454 1854 constare,
3489 1801 3593 1842 nec

278 1875 596 1930 duceretur.
631 1874 784 1931 Unde
813 1874 884 1928 de
913 1873 1110 1946 quibus
1123 1874 1237 1943 jam
1259 1874 1460 1930 dudum
1483 1873 1769 1944 scripsisse
1799 1889 1888 1928 me
1985 1869 2042 1924 in
2073 1871 2263 1925 eadem
2295 1887 2463 1926 causa
2511 1871 2690 1926 denuo
2741 1889 2860 1943 quae
2902 1871 3126 1943 praeﬁxa
3173 1872 3384 1928 fuerant
3413 1882 3590 1929 retra-

280 1962 527 2026 memini,
559 1978 703 2017 nunc
732 1961 931 2030 iterare
961 1961 1191 2017 formam
1223 1962 1560 2034 argumentis
1589 1961 1888 2017 evidentio-

283 2049 437 2105 ribus
458 2049 734 2105 relationis
755 2058 948 2105 vestrm
967 2051 1340 2120 percunctatio
1359 2051 1630 2124 geminata
1651 2049 1890 2120 compel-

281 2138 358 2193 lit.
381 2159 405 2188 ι
431 2139 498 2194 Et
519 2139 590 2193 ad
613 2137 847 2194 Felicem
869 2138 1184 2209 episc0pum
1204 2139 1572 2194 Nucerianum
1589 2140 1774 2210 (epist.
1799 2139 1885 2210 3):

286 2251 308 2278 ε
345 2226 664 2298 Stupuimus
711 2226 1034 2297 prudentem
1065 2227 1242 2282 virum
1274 2228 1342 2282 de
1373 2228 1457 2282 his
1487 2227 1724 2282 voluisse
1753 2243 1889 2282 con-

283 2315 488 2380 sulere,
522 2331 646 2386 qua:
674 2315 927 2370 omnibus
957 2323 1084 2370 sunt
1112 2324 1262 2370 certa
1289 2315 1497 2370 ratione
1535 2324 1834 2386 comperta.
1865 2337 1886 2362 »

284 2404 352 2458 Et
381 2411 613 2458 sanctus
643 2403 890 2458 Zozimus
921 2405 1108 2476 (epist.
1141 2405 1430 2476 Hesychia)
1465 2423 1478 2459 :
1517 2426 1538 2453 α
1576 2405 1720 2459 Sciet
1751 2403 1891 2475 quis-

289 2491 416 2563 quis
445 2492 548 2547 hoc
577 2491 874 2562 postposita
918 2493 1139 2546 Patrum
1165 2500 1218 2547 et
1246 2491 1558 2562 apostolicae
1597 2493 1744 2546 sedis
1789 2507 1892 2546 au-

289 2579 542 2636 ctoritate
569 2579 892 2650 neglexerit,
915 2595 948 2635 a
969 2581 1128 2636 nobis
1157 2580 1456 2636 districtius
1483 2580 1888 2644 vindicandum,

288 2677 350 2723 ut
377 2668 485 2724 loci
516 2667 600 2722 sui
629 2667 851 2722 minime
881 2668 1091 2723 dubitet
1120 2668 1223 2722 sibi
1267 2684 1376 2724 non
1425 2677 1674 2724 constare
1721 2668 1889 2723 ratio-

289 2772 450 2824 nem,
501 2755 550 2810 si
597 2757 702 2812 hoc
749 2763 901 2826 putat
946 2764 1070 2826 post
1115 2764 1191 2811 tot
1236 2757 1626 2826 prohibitiones
1674 2757 1892 2827 impune

289 2859 459 2914 posse
499 2843 734 2902 tentari~
751 2843 1102 2900 Contumelias
1146 2844 1291 2900 enim
1337 2845 1514 2899 studio
1545 2843 1602 2898 ﬁt
1633 2844 1895 2916 quidquid

287 2931 643 2986 interdictum
682 2931 842 2986 toties
872 2940 1184 3002 usurpatur.
1227 2953 1249 2982 »
1281 2933 1349 2987 Et
1377 2941 1600 2989 sanctus
1641 2932 1894 2988 leesti-

285 3036 394 3074 nus
423 3019 571 3090 quod
591 3027 645 3074 et
665 3026 721 3074 tu
741 3020 796 3074 in
818 3020 924 3074 tuis
957 3019 1386 3089 collectionibus,
1416 3029 1472 3076 ut
1505 3021 1882 3091 praemisimus,
1922 3067 1975 3132 α

287 3107 518 3132 -.ι-.-Ζηιζ
545 3107 713 3132 l--..‘-4
757 3111 809 3132 ΑΔ
869 3109 1132 3132 -_.'---...'_
1172 3109 1302 3132 1..--)
1356 3113 1402 3132 ,Α
1431 3110 1592 3132 Π--1..1.
1630 3109 1674 3132 1.
1710 3131 1715 3132 ,
1749 3109 1890 3132 λγ--ιιξ

287 3107 522 3178 posuisti
544 3107 732 3179 (epist.
755 3111 840 3173 11,
860 3109 1132 3182 episcopis
1155 3109 1322 3180 Apul.
1347 3113 1402 3165 et
1429 3109 1674 3177 Calab.):
1703 3131 1724 3159 α
1749 3109 1895 3163 Nulli

289 3196 636 3252 sacerdotum
667 3211 795 3250 suos
821 3196 984 3252 liceat
1029 3211 1270 3252 canones
1297 3197 1570 3268 ignorare,
1603 3213 1703 3252 nec
1732 3197 1895 3268 quid-

293 3299 463 3356 quam
509 3281 694 3338 facere
735 3284 883 3355 quod
930 3285 1152 3339 Patrum
1194 3285 1368 3355 possit
1408 3285 1614 3358 regulis
1651 3285 1891 3340 obviare.

295 3371 436 3441 Quae
463 3371 612 3428 enim
639 3387 670 3426 a
699 3372 857 3427 nobis
886 3388 975 3427 res
1003 3373 1169 3446 digna
1213 3373 1536 3438 servabitur,
1571 3373 1616 3428 si
1647 3373 1897 3428 decreta-

291 3460 427 3515 lium
476 3475 671 3515 norma
725 3460 1170 3526 constitutorum,
1213 3477 1312 3532 pro
1349 3461 1658 3533 aliquorum
1712 3461 1895 3526 libitu,

291 3547 518 3605 licentia
557 3547 774 3618 populis
811 3549 1075 3620 permissa
1116 3548 1442 3622 frangatur?
1479 3573 1500 3598 ι»
1536 3551 1604 3606 Ει
1633 3557 1755 3620 post
1793 3549 1898 3604 ali-

296 3644 506 3708 quanta
537 3652 550 3691 :
588 3658 611 3687 ‹
647 3635 780 3705 Quae
816 3636 961 3692 enim
1003 3637 1117 3692 sola
1159 3637 1543 3693 admonitionis
1588 3638 1900 3694 auctoritate

295 3740 407 3780 non
463 3724 810 3797 corrigimus,
869 3741 1098 3781 necesse
1127 3734 1206 3780 est
1249 3743 1351 3796 per
1392 3727 1730 3781 severitatem
1762 3742 1900 3782 con-

297 3820 592 3885 gruentem
630 3813 835 3885 regulis
874 3813 1233 3870 vindicemus.
1281 3835 1303 3864 »
1345 3816 1413 3870 Et
1451 3816 1559 3870 Leo
1597 3816 1784 3886 (epist.
1839 3819 1898 3880 1,

297 3899 621 3970 episcopis),
655 3897 800 3968 quod
833 3897 1032 3953 iterare
1061 3915 1171 3954 non
1199 3899 1348 3972 piget
1381 3916 1394 3952 :
1431 3921 1454 3950 ι
1487 3899 1680 3954 Omnia
1711 3900 1901 3954 decre-

298 3985 432 4040 talia
461 3985 768 4052 constituta,
802 3994 912 4040 tam
942 3987 1117 4042 beatae
1144 3987 1535 4044 recordationis
1581 3988 1898 4054 Innocentii,

299 4089 464 4144 quam
501 4073 746 4129 omnium
793 4074 1148 4130 decessorum
1195 4083 1526 4141 nostrorum,
1559 4093 1678 4148 quae
1709 4077 1776 4130 de
1805 4091 1901 4132 ec-

300 4161 628 4218 clesiasticis
672 4161 954 4217 ordinibus
984 4171 1037 4217 et
1074 4179 1343 4218 canonum
1390 4164 1733 4235 promulgata
1780 4171 1905 4218 sunt

302 4249 631 4320 disciplinis,
676 4249 748 4304 ita
777 4266 808 4304 a
837 4258 1018 4305 vestra
1061 4251 1354 4307 dilectione
1398 4251 1659 4306 custodiri
1706 4252 1904 4306 debere

301 4338 651 4406 mandamus,
683 4346 740 4393 ut
785 4339 832 4394 si
877 4339 999 4410 quis
1046 4339 1101 4394 in
1147 4339 1240 4394 illa
1287 4339 1647 4404 commiserit,
1691 4339 1902 4394 veniam

1989 1957 2118 2015 ctari
2158 1957 2397 2030 qualibet
2445 1961 2650 2014 recenti
2698 1961 3123 2031 prmsumptione
3160 1961 3523 2031 permiserunt
3573 1980 3586 2016 :

1989 2046 2389 2118 sapientissime
2435 2049 2784 2118 pervidentes
2807 2091 2819 2114 ,
2867 2049 3124 2120 quoniam
3155 2049 3201 2104 si
3229 2049 3452 2106 decreta
3501 2067 3592 2105 sa-

1989 2134 2220 2190 lubriter
2247 2136 2498 2208 cuiquam
2527 2136 2717 2192 liceret
2766 2137 2984 2205 iterare,
3017 2136 3223 2192 nullum
3254 2147 3446 2194 contra
3475 2139 3593 2194 sin-

1989 2223 2148 2294 gulos
2196 2240 2441 2295 quosque
2491 2241 2718 2296 prorsus
2766 2241 2978 2280 errores
3032 2227 3226 2281 stabile
3275 2227 3595 2297 persisteret

1991 2311 2254 2367 Ecclesia:
2296 2313 2665 2379 constitutum,
2696 2330 2758 2367 ac
2801 2330 3021 2384 semper
3071 2313 3278 2368 eisdem
3317 2314 3594 2370 furoribus

1991 2399 2248 2454 redivivis
2285 2401 2462 2454 omnis
2505 2401 2714 2474 integra
2770 2401 3012 2456 diﬁinitio
3070 2403 3397 2456 turbaretur.
3453 2403 3592 2456 Nam

1993 2487 2038 2541 si
2070 2487 2329 2542 limitibus
2359 2489 2516 2542 etiam
2547 2487 2782 2559 prmﬁxis
2820 2489 3122 2559 positarum
3153 2490 3320 2546 semel
3351 2490 3591 2561 synoda-

1995 2575 2123 2629 lium
2155 2575 2492 2646 regularum,
2524 2593 2633 2631 non
2664 2584 2879 2631 cessant
2909 2577 3057 2632 elisae
3085 2586 3268 2648 pestes
3299 2578 3592 2648 resumptis

1995 2663 2381 2718 certaminibus
2446 2673 2632 2720 contra
2700 2665 3108 2720 fundamentum
3173 2682 3294 2720 sese
3349 2667 3593 2721 veritatis

1993 2751 2255 2817 attollere,
2291 2760 2343 2806 et
2369 2752 2634 2822 simplicia
2663 2769 2892 2824 qumque
2929 2753 3095 2808 corda
3123 2761 3429 2824 percutere,
3465 2753 3593 2826 quid

1995 2837 2152 2894 fieret
2177 2839 2224 2893 si
2253 2839 2484 2894 subinde
2515 2840 2595 2894 fas
2633 2850 2779 2895 esset
2824 2839 3051 2911 perﬁdis
3096 2841 3230 2896 inire
3279 2841 3592 2912 concilium,

1999 2944 2121 2982 cum
2167 2928 2466 2999 quamlibet
2494 2928 2586 2983 illa
2615 2928 2903 2983 manifesta
2933 2929 3000 2982 sit
3030 2929 3252 2995 veritas,
3298 2946 3593 3002 numquam

1997 3015 2135 3070 desit
2163 3017 2307 3087 quod
2335 3016 2643 3087 perniciosa
2672 3017 2954 3087 depromat
2983 3016 3205 3082 falsitas,
3230 3025 3284 3072 et
3313 3019 3357 3071 si
3388 3018 3596 3073 ratione

1999 3103 2080 3158 vel
2109 3104 2426 3158 auctoritate
2457 3102 2736 3168 deﬁciens,
2764 3105 2880 3159 sola
2909 3112 3089 3159 tamen
3119 3105 3464 3160 contentione
3485 3122 3595 3161 non

1995 3191 2236 3246 cedens?
2268 3190 2400 3259 Quae
2429 3192 2662 3260 majores
2692 3192 2862 3246 nostri
2891 3192 3070 3247 divina
3101 3193 3452 3264 inspiratione
3483 3209 3595 3249 cer-

1995 3287 2204 3345 nentes,
2228 3280 2535 3334 necessarie
2552 3289 2947 3350 praecaverunt,
2964 3289 3020 3335 ut
3039 3289 3230 3338 contra
3244 3298 3597 3354 unamquam-

1995 3385 2100 3440 que
2127 3368 2381 3423 haeresim
2413 3369 2557 3440 quod
2585 3377 2702 3425 acta
2733 3369 2900 3424 semel
2923 3371 3163 3440 synodus
3179 3386 3276 3440 pro
3305 3370 3430 3437 ﬁde,
3453 3387 3598 3426 com-

1996 3457 2269 3522 munione,
2305 3465 2358 3512 et
2388 3457 2617 3512 veritate
2649 3458 2917 3512 catholica
2943 3466 3104 3530 atque
3132 3459 3432 3528 apostolica
3459 3475 3594 3530 pro-

1997 3545 2316 3618 mulgasset,
2349 3562 2458 3600 non
2487 3545 2728 3600 sinerent
2756 3545 2911 3600 novis
2939 3554 3060 3616 post
3105 3547 3220 3602 haec
3252 3548 3595 3604 retractatio-

1999 3633 2159 3688 nibus
2205 3634 2458 3699 mutilari,
2499 3650 2566 3688 ne
2610 3633 2788 3704 pravis
2835 3634 3050 3690 occasio
3098 3635 3431 3705 praeberetur
3476 3652 3597 3708 quae

1996 3721 2392 3778 medicinaliter
2421 3721 2618 3776 fuerint
2666 3730 2866 3778 statuta
2897 3723 3151 3792 pulsandi
3183 3741 3196 3777 :
3230 3723 3327 3779 sed
3373 3733 3598 3780 auctore

1998 3809 2286 3879 cujuslibet
2317 3809 2542 3866 insanire
2569 3826 2631 3865 ac
2661 3809 2866 3881 pariter
2903 3827 3094 3866 errore
3140 3812 3416 3882 damnato,
3447 3811 3599 3867 suﬂi-

1999 3915 2125 3953 cere
2147 3899 2472 3966 judicarunt,
2505 3906 2563 3954 ut
2591 3899 2822 3971 quisque
2853 3900 3149 3971 aliquando
3189 3901 3347 3970 hujus
3395 3901 3599 3957 erroris

1998 3987 2427 4043 communicator
2455 3988 2725 4053 existeret,
2759 3989 3043 4059 principali
3073 3989 3337 4044 sententia
3367 3989 3600 4044 damna-

2002 4075 2164 4129 tionis
2195 4077 2310 4144 ejus
2339 4085 2484 4130 esset
2514 4076 2828 4142 obstrictus,
2858 4077 3112 4148 quoniam
3161 4077 3444 4133 manifeste
3474 4079 3600 4150 qui-

2003 4163 2168 4228 libet,
2225 4162 2710 4233 vel‘professioue
2785 4179 2906 4224 sua.
2976 4165 3360 4220 communione
3418 4174 3603 4235 posset

2001 4250 2247 4322 agnosci.
2287 4274 2307 4298 ιι
2343 4251 2486 4305 Etsi
2531 4250 2766 4305 volueris
2812 4251 2916 4306 hoc
2964 4259 3169 4306 tantum
3216 4253 3284 4306 de
3331 4252 3604 4308 suscitatis

2001 4339 2302 4394 haeresibus
2333 4338 2657 4410 intelligere,
2691 4338 2897 4409 pariter
2925 4355 3141 4412 quoque
3173 4341 3320 4411 quod
3357 4340 3488 4396 dicit
3514 4339 3604 4394 in-

301 4427 407 4481 sibi
437 4427 704 4498 deinceps
732 4427 944 4482 noverit
988 4428 1272 4498 denegari.
1312 4449 1333 4477 »
1368 4429 1434 4482 Et
1464 4427 1594 4482 item
1621 4427 1766 4482 idem
1797 4415 1980 4482 LeoD
2009 4427 2192 4499 tellige
2225 4445 2238 4481 :
2274 4451 2295 4474 ι
2329 4429 2593 4492 Auctore,
2627 4427 2876 4498 inquiens
2901 4471 2914 4494 ,
2946 4428 3231 4498 cujuslibet
3274 4428 3498 4484 insaniae
3539 4444 3604 4484 ac

302 4515 372 4569 ad
401 4515 642 4570 Leonem
671 4519 976 4588 Augustum
1009 4533 1021 4569 :
1059 4536 1079 4567 ι
1117 4515 1249 4586 Qua:
1279 4515 1549 4587 patefacta
1585 4525 1709 4570 sunt
1751 4532 1906 4587 quaa-

305 4619 449 4669 rere,
484 4611 539 4658 et
567 4619 689 4674 quae
737 4604 980 4674 perfecta
1027 4614 1150 4659 sunt
1194 4613 1506 4668 retractare,
1539 4613 1592 4660 ει
1622 4621 1743 4677 quae
1775 4613 1909 4659 "sunt

301 4689 532 4746 diﬂinita
561 4692 888 4759 convellere,
925 4693 1054 4765 quid
1084 4693 1230 4748 aliud
1273 4702 1374 4763 est,
1409 4710 1573 4766 quam
1599 4695 1667 4748 de
1698 4694 1908 4764 adeptis

305 4780 540 4852 gratiam
581 4796 690 4836 non
727 4780 951 4848 referre,
1003 4790 1055 4837 et
1101 4781 1172 4837 ad
1224 4782 1522 4839 interdictae
1567 4782 1778 4838 arboris
1825 4782 1906 4838 ci-

305 4869 438 4923 bum
484 4868 768 4940 improbos
812 4871 1084 4940 appetitus
1128 4870 1420 4927 mortifera}
1465 4871 1768 4943 cupiditatis
1809 4887 1908 4926 ex-

307 4957 583 5012 tendere?
611 4976 633 5008 ι
669 4958 737 5012 Et
763 4957 892 5013 item
935 4957 1081 5014 idem
1131 4967 1346 5016 sanctus
1390 4961 1498 5015 Leo
1541 4961 1608 5014 ad
1657 4961 1908 5016 eumdem

309 5045 551 5101 Leonem
582 5048 883 5118 Augustum
913 5047 1043 5102 dicit
1062 5047 1248 5120 (epist.
1282 5049 1406 5118 84):
1433 5071 1453 5098 α
1477 5048 1617 5117 Quia
1646 5049 1714 5103 de
1745 5049 1909 5104 rebus

309 5142 365 5189 et
402 5134 549 5204 apud
599 5133 865 5205 Nicaeam,
910 5143 964 5190 et
999 5136 1143 5206 apud
1181 5136 1581 5192 Chalcedonam
1620 5137 1758 5194 sicut
1797 5139 1910 5192 Deo

309 5221 517 5292 placuit
559 5221 819 5290 difﬁnitis,
859 5224 1066 5279 nullum
1110 5225 1376 5281 audemus
1419 5225 1558 5280 inire
1602 5233 1906 5294 tractatum,

307 5318 567 5383 tanquam
597 5310 764 5366 dubia
791 5312 877 5368 vel
906 5310 1124 5368 inﬁrma
1151 5313 1276 5377 sint,
1313 5330 1434 5386 quae
1463 5322 1612 5369 tanta
1651 5330 1750 5385 per
1777 5331 1908 5370 san-

310 5401 460 5450 ctum
499 5393 761 5466 Spiritum
813 5393 927 5451 ﬁxit
979 5397 1292 5454 auctoritas.
1345 5417 1368 5447 ι
1411 5395 1481 5453 Et
1518 5397 1733 5454 Hilarus
1768 5413 1911 5471 papa

307 5488 442 5546 dicit
472 5489 664 5563 (epist.
698 5494 784 5558 11,
823 5492 1053 5564 Verano)
1078 5509 1092 5550 :
1129 5515 1152 5546 ι
1177 5492 1318 5564 Quia
1345 5509 1455 5551 non
1483 5493 1662 5550 minus
1691 5494 1746 5550 in
1774 5510 1908 5552 san-

2005 4515 2211 4586 pariter
2251 4531 2440 4570 errore
2499 4516 2787 4579 damnato,
2849 4516 3094 4574 sufficere
3139 4517 3486 4586 judicarunt,
3547 4523 3606 4570 ut

2007 4603 2234 4676 quisque
2265 4605 2558 4676 aliquando
2587 4606 2744 4676 hujus
2788 4607 2992 4661 erroris
3040 4605 3464 4662 communicator
3493 4605 3607 4660 exi-

2007 4701 2205 4760 steret,
2251 4693 2536 4765 principali
2581 4694 2845 4749 sententia
2892 4693 3248 4749 damnationis
3295 4694 3413 4762 ejus
3459 4701 3609 4750 esset

2008 4783 2320 4838 obstrictus.
2370 4807 2390 4830 ιι
2432 4781 2567 4852 Quae
2611 4783 2754 4838 enim
2783 4783 2956 4852 major
2981 4790 3160 4853 potest
3189 4798 3311 4837 esse
3342 4783 3562 4839 vesania
3585 4827 3600 4850 ,

2007 4871 2094 4926 vel
2115 4870 2234 4943 quis
2255 4871 2492 4926 deterior
2513 4889 2682 4940 error,
2707 4880 2799 4926 aut
2819 4871 3042 4943 gravius
3063 4878 3250 4926 contra
3280 4872 3604 4930 catholicam

2008 4959 2312 5014 Ecclesiam
2341 4959 2601 5028 schisma,
2633 4976 2796 5032 quam
2828 4967 3140 5015 sanctorum
3171 4961 3523 5017 conciliorum
3553 4970 3606 5017 et

2008 5048 2320 5118 apostolica:
2348 5048 2494 5103 sedis
2533 5049 2750 5104 decreta
2797 5055 3167 5115 contemnere,
3202 5058 3254 5104 et
3283 5049 3437 5123 leges
3469 5066 3606 5122 quas

2008 5132 2200 5203 probat
2224 5133 2472 5188 Ecclesia
2501 5132 2841 5198 conculcare,
2876 5141 2930 5187 et
2959 5133 3319 5189 Christianam
3349 5135 3602 5206 pietatem

2009 5221 2286 5286 abdicare,
2321 5230 2371 5277 et
2401 5221 2648 5276 innoxios
2681 5229 2872 5276 contra
2897 5238 3088 5282 omnes
3130 5223 3282 5296 leges
3310 5223 3525 5280 divinas
3553 5230 3606 5278 et

2009 5310 2272 5365 humanas
2319 5309 2496 5382 gradu
2525 5325 2589 5365 ac
2614 5311 2995 5368 communione
3041 5313 3280 5384 privare,
3331 5319 3492 5384 atque
3541 5327 3605 5368 ex

2009 5398 2234 5470 proprio
2263 5397 2490 5454 crimine
2519 5398 2840 5456 innocentes
2872 5400 2927 5456 in
2955 5401 3144 5458 mortis
3185 5401 3431 5473 urgentis
3457 5399 3604 5472 peri-

2009 5493 2133 5551 culo
2161 5510 2262 5566 per
2287 5493 2544 5565 baptismi
2570 5496 2797 5567 gratiam
2826 5513 2935 5554 non
2957 5497 3248 5564 subveniri,
3281 5495 3605 5552 abeuntibus
