4164 6362
598 294 700 359 tia
1623 294 1964 360 uinctum
2001 289 2399 360 sumamus
2435 297 2986 363 mcmarlsc‘orr.
3599 328 3603 336 -
3784 305 3890 368 nl

596 426 970 498 etpetentibus
989 425 1387 482 communienis
1405 426 1640 500 gratiam
1659 427 1941 501 denegari,
1965 427 2188 484 mortuis
2217 421 2276 491 Α
2293 428 2378 484 lus
2406 428 2637 502 ambigit
2663 429 3016 508 Christianus,
3038 428 3053 445 '
3068 442 3260 486 eam
3307 431 3623 502 conplices,
3653 438 3892 489 sectato-

597 515 880 586 sepultarz‘e
909 513 1298 570 humanitatem
1326 531 1436 570 non
1465 513 1662 571 tribui?
1689 537 1710 565 α
1736 514 2013 588 Quidquid
2034 531 2187 588 ergo,
2289 533 2400 583 res,
2435 517 2920 575 communicatore‘s
2947 519 3215 575 damnatae
3257 519 3428 575 semel
3456 519 3743 591 pravitatis
3767 522 3892 593 pali

594 603 768 676 inquit
813 603 1083 669 Gelasius,
1133 615 1232 674 pro
1273 601 1398 672 ﬁde,
1449 604 1849 678 communione,
1883 612 1937 660 et
1963 605 2189 660 veritate
2290 613 2434 660 sorte
2463 613 2774 662 censentur.
2807 627 2827 654 ιν
2862 608 2930 662 Et
2955 607 3083 663 item
3109 625 3122 662 :
3151 630 3172 654 ιι
3199 607 3494 676 Inanditos,
3526 607 3889 680 indiscussa,

595 691 856 748 catholica
886 699 1049 764 atque
1079 691 1375 763 apostolica
1401 693 1636 762 majores
1666 693 1838 748 nostri
1867 692 2188 765 promulga-
2289 694 2628 750 inconvictos
2657 711 2766 750 non
2797 695 3000 751 debere
3042 696 3283 768 percelli,
3317 697 3551 752 maxime
3575 711 3703 753 cum
3733 703 3894 754 nova

592 789 804 850 verunt,
837 796 948 835 non
979 781 1219 836 siverunt
1245 781 1403 837 novis
1432 781 1672 852 posthaec
1720 781 2190 840 retractationibus
2289 797 2468 838 causae
2497 789 2550 838 et
2579 797 2716 838 nova
2754 799 2942 840 rerum
2984 783 3154 841 facies
3195 793 3512 856 appareret,
3553 793 3610 840 ut
3642 793 3892 842 rectores

592 869 850 940 mutilari,
882 885 951 924 ne
983 869 1166 940 pravis
1195 869 1415 926 occasio
1444 871 1786 941 praeberetur
1814 887 1934 943 quae
1964 869 2188 927 medici-

591 958 788 1013 naliter
843 965 1041 1013 statuta
1094 957 1312 1014 fuerunt
1357 957 1608 1029 pulsandi
1653 975 1666 1012 :
1715 959 1812 1013 sed
1858 959 2188 1031 generaliter

592 1053 815 1103 auctore
844 1046 1131 1116 cujuslibet
1159 1046 1382 1101 insania:
1401 1061 1464 1102 ac
1483 1046 1681 1118 pariter
1701 1062 1885 1102 errore
1905 1047 2182 1114 damnato,

592 1134 834 1191 sufﬁcere
859 1133 1190 1204 judicarunt,
1223 1143 1284 1189 ut
1311 1134 1544 1206 quisque
1583 1134 1874 1206 aliquando
1904 1135 2065 1204 hujus
2095 1151 2186 1190 er-

591 1223 728 1280 roris
785 1223 1211 1280 communicator
1263 1221 1534 1289 existeret,
1585 1222 1872 1296 principali
1921 1227 2186 1280 sententia

591 1313 950 1368 damnationis
979 1313 1094 1382 ejus
1125 1320 1270 1366 esset
1290 1310 1602 1379 obstrictus,
1627 1311 1882 1384 quoniam
1901 1311 2186 1368 manifeste

592 1400 816 1472 quilibet
845 1401 928 1455 vel
958 1398 1300 1471 professione
1331 1417 1446 1466 sua,
1473 1401 1560 1456 vel
1591 1401 1972 1456 communione
2001 1409 2188 1472 posset

589 1489 834 1562 agnosci.
864 1511 886 1538 »
912 1489 980 1542 Et
998 1487 1126 1544 item
1155 1488 1302 1544 idem
1331 1488 1581 1544 Gelasius
1611 1489 1739 1544 dicit
1767 1490 1852 1560 (in
1881 1491 2186 1546 commoni-

589 1577 791 1648 torio):
821 1597 842 1628 κ
879 1579 1260 1642 Decessorem,
1293 1577 1565 1648 inquiens,
1597 1590 1781 1633 meum
1809 1585 2187 1634 exsecutorem

587 1663 752 1721 fuisse
789 1664 992 1721 veteris
1051 1665 1361 1736 constituti,
1411 1679 1521 1721 non
1573 1681 1728 1722 novae
1786 1666 2184 1723 constitutionis

2284 870 2377 925 isti
2407 871 2648 942 plebium
2679 873 2979 943 repentinis
3016 873 3436 941 incursionibus,
3465 887 3569 945 pro
3593 876 3891 931 mundana

2286 959 2544 1030 potentiae
2573 961 2846 1016 voluntate
2866 1004 2879 1027 ,
2913 961 3082 1017 sacris
3123 961 3478 1036 dignitatibus
3505 963 3856 1034 privarentur
3873 999 3890 1034 ,

2288 1063 2353 1103 ex
2381 1047 2528 1103 nulla
2553 1049 2727 1104 veteri
2752 1063 2934 1115 causa,
2977 1065 3046 1104 ex
3083 1051 3231 1106 nullo
3267 1050 3504 1123 collegio
3549 1057 3755 1118 ranas,
3785 1061 3891 1109 nec

2287 1136 2702 1208 participatione
2755 1137 3041 1208 cujuslibet
3067 1139 3268 1194 erroris
3291 1141 3405 1208 jam
3447 1143 3573 1194 ante
3618 1139 3880 1210 damnati,

2287 1225 2457 1280 teneri
2503 1216 2600 1281 eos
2649 1227 3006 1299 convincique
3049 1235 3364 1296 consortes,
3417 1235 3473 1283 ut
3817 1240 3886 1285 ett

2286 1313 2562 1384 printer-ita
2591 1313 2909 1370 ditiinitionc
2932 1314 3302 1384 judicarentur
3323 1316 3592 1374 abetricti.
3634 1335 3656 1365 ιι
3691 1317 3801 1372 Sed
3830 1325 3886 1373 et

2289 1402 2432 1458 beati
2489 1401 2745 1474 Gregorii
2802 1403 3072 1475 condigna
3141 1404 3376 1460 invectio
3431 1404 3500 1460 ad
3558 1404 3792 1460 vitam
3792 1418 3830 1461 η·
3833 1413 3883 1461 ιη

2287 1491 2605 1562 episcopum
2631 1489 2968 1561 Sipontinum
2988 1491 3304 1547 memoriam
3325 1502 3504 1548 meam
3521 1501 3630 1548 non
3647 1492 3886 1558 transiit,

2289 1579 2504 1648 quando
2559 1587 2704 1633 tuam
2760 1578 3147 1652 alligationem,
3193 1580 3434 1652 quinimo
3488 1580 3888 1637 exsecrabilem

2287 1657 2726 1723 maledictionein
2755 1666 3002 1734 dissolvi,
3035 1668 3314 1740 qua°idem
3342 1669 3533 1724 beatas
3561 1671 3726 1725 homo
3756 1667 3890 1726 dicit

587 1762 861 1810 auctorem
886 1771 900 1808 :
924 1754 1070 1826 quod
1091 1771 1200 1810 non
1222 1754 1398 1842 solum
1425 1755 1648 1842 praesuli
1673 1755 1974 1826 apostolico
2001 1755 2185 1812 facere
2203 1781 2260 1842 Β
2288 1757 2407 1829 (lib.
2439 1770 2558 1824 vm,
2593 1757 2756 1828 epist.
2791 1757 2846 1825 9)
2873 1771 2885 1810 :
2914 1775 2937 1806 α
2964 1755 3022 1812 Si
3049 1764 3234 1812 custos
3264 1756 3510 1830 religiosi
3537 1757 3775 1842 habitus,
3797 1766 3892 1813 aut

587 1843 730 1909 licet,
757 1843 856 1898 sed
884 1844 1190 1914 cuicunque
1217 1841 1476 1914 pontifici.
1501 1865 1522 1898 ι
1552 1841 1687 1912 Quia
1707 1859 1836 1900 vero
1863 1859 1974 1899 non
2001 1851 2186 1900 vetera
2205 1839 2250 1842 _
2289 1857 2412 1900 esse
2441 1857 2635 1900 nosses
2663 1843 2974 1916 episcOpus,
3009 1843 3133 1900 filim
3161 1844 3415 1916 gloriosa
3443 1845 3724 1902 memorie
3753 1839 3891 1900 Tul-

587 1931 874 1988 c‘onstituta
903 1930 1185 1986 retractari
1204 1931 1291 1986 vel
1319 1929 1590 2004 refragari
1619 1931 1798 1999 liceat,
1824 1932 1922 1988 sed
1943 1933 2012 1988 dc
2031 1932 2189 1988 novis

587 2019 996 2092 emergentibus
1027 2019 1194 2075 rebus
1222 2033 1380 2075 nova
1407 2019 1818 2076 constitutiones
1849 2020 2054 2092 requiri
2085 2021 2188 2076 de-

588 2107 769 2175 beant,
795 2121 916 2180 quae
945 2113 1130 2164 tamen
1161 2107 1490 2180 evangelicae
1509 2107 1724 2164 veritati
1753 2123 1864 2164 non
1887 2108 2188 2164 habeantur

585 2195 879 2260 contraria,
937 2211 1040 2252 nec
1083 2195 1322 2264 decretis
1371 2204 1682 2252 sanctorum
1729 2197 1996 2264 adversa;
2041 2197 2186 2252 idem

586 2291 804 2341 sanctus
830 2261 1166 2339 Gelasius‘in
1196 2283 1433 2340 decretis
1463 2284 1597 2353 suis,
1620 2285 1705 2340 his
1734 2284 2066 2341 enumeratis
2095 2286 2189 2357 qui

583 2371 898 2427 ditiinitione
937 2372 1225 2428 constituta
1259 2372 1459 2427 viritim
1486 2380 1542 2428 et
1570 2389 1668 2444 per
1695 2373 1916 2428 diversa
1944 2381 2185 2445 tempora
2219 2374 2223 2378 ’

583 2459 732 2516 fuere
763 2460 1024 2527 damnati,
1048 2461 1153 2516 hoc
1183 2461 1348 2516 modo
1378 2461 1714 2517 demonstrat
1743 2461 1928 2534 (epist.
1963 2465 2049 2529 tt,
2085 2462 2184 2516 sub

581 2548 814 2619 initium)
839 2567 852 2604 :
881 2570 903 2599 α
929 2548 1202 2620 Synodus,
1237 2547 1510 2620 inquiens,
1540 2549 1712 2605 semel
1739 2557 1894 2622 gesta
1925 2549 2184 2606 condem-

578 2652 733 2704 nans,
763 2637 892 2708 quin
920 2635 1201 2708 praefatos,
1232 2636 1460 2692 ulterius
1481 2637 1550 2692 ad
1570 2653 1709 2693 nova
1737 2637 1970 2694 concilia
1999 2638 2183 2694 venire

580 2740 690 2780 non
737 2725 880 2792 sivit,
925 2726 1022 2780 sed
1067 2725 1353 2781 universos
1401 2741 1728 2798 quocunque
1773 2726 1936 2782 modo
1983 2725 2038 2780 in
2086 2727 2184 2782 has

579 2813 946 2885 blasphemias
975 2813 1283 2870 recidentes
1319 2814 1515 2869 tradito
1561 2814 1663 2870 sibi
1709 2813 1879 2869 limite
1935 2814 2184 2886 synodali

581 2901 832 2957 refutavit
857 2901 1146 2958 Ecclesia:
1171 2917 1274 2958 nec
1301 2918 1538 2974 unquam
1569 2910 1718 2958 recte
1747 2902 1981 2959 cessisse
2009 2903 2185 2958 mani-

579 2987 776 3046 festum
809 2998 910 3057 est,
935 2989 1174 3062 qualibet
1205 2989 1528 3046 necessitate
1551 2998 1800 3062 cogente,
1827 2991 2040 3046 noviter
2061 3009 2182 3063 quae

579 3077 789 3134 fuerant
844 3078 1132 3133 salubriter
1185 3078 1478 3134 constituta
1533 3087 1851 3134 temerasse.
1892 3103 1914 3127 υ
1946 3079 2016 3134 Ει
2058 3089 2179 3152 post
2183 3119 2254 3201 θ

579 3167 845 3201 ηιίηηαιιςο
885 3185 896 3197 ο
937 3188 957 3201 α
994 3163 1258 3201 Πηηπῖοηη
1318 3166 1459 3201 ἰδοπι
1518 3167 1635 3201 inca
1679 3183 1835 3201 ονε-νην
1888 3167 1975 3201 ητις
2009 3170 2174 3201 οη-ιηηι

573 3167 846 3238 aliquanta
885 3185 897 3221 :
937 3188 958 3216 α
994 3163 1261 3234 Quoniam
1317 3166 1462 3222 idem
1517 3167 1635 3238 ipse
1678 3183 1852 3235 error,
1887 3167 1978 3240 qui
2009 3170 2178 3224 semel

575 3264 655 3311 est
685 3271 810 3311 cum
841 3271 942 3311 suo
971 3262 1192 3311 auctore
1223 3255 1526 3322 damnatus,
1561 3255 1618 3310 in
1647 3256 1908 3327 participe
1937 3256 2178 3328 quolibet

575 3359 760 3415 prava:
782 3343 1183 3400 communionis
1203 3343 1425 3408 effecto;
1441 3345 1874 3400 exsecrationem
1897 3345 1982 3400 sui
2003 3352 2178 3416 gestat

575 3439 628 3486 et
655 3445 894 3501 poenam.
935 3451 957 3479 ν
989 3431 1059 3484 Εῑ
1102 3429 1226 3485 iten:
1267 3447 1278 3486 :
1317 3453 1338 3479 α
1375 3431 1512 3500 Quia
1559 3439 1611 3486 et
1655 3447 1797 3486 nova
1843 3432 1894 3486 in
1946 3441 2176 3504 utroque

573 3516 828 3590 pontiﬁce
859 3533 1022 3574 causa
1052 3527 1198 3574 esset
1227 3526 1430 3589 exorta,
1465 3527 1517 3574 et
1544 3533 1741 3575 novam
1781 3519 2176 3576 discussionem

573 3615 973 3679 consequenter
1013 3605 1326 3678 inquireret,
1369 3617 1424 3662 ut
1456 3607 1593 3662 sicut
1623 3623 1839 3678 semper
1865 3616 2010 3663 esset
2039 3606 2175 3663 etl‘e-

573 3703 740 3760 ctum,
795 3695 1118 3752 sacerdotali
1163 3695 1392 3752 concilio
1439 3696 1510 3751 de
1557 3695 1936 3752 sacerdotibus
1975 3695 2176 3765 judicia

573 3783 940 3855 provenirent.
981 3805 1002 3833 ››
1038 3783 1108 3838 Ει
1137 3783 1264 3839 item
1300 3802 1312 3838 :
1351 3810 1374 3834 α
1407 3785 1542 3839 Cum
1573 3799 1730 3840 novae
1760 3791 1944 3839 essent
1972 3797 2172 3850 causas,

574 3886 720 3928 nova
763 3871 949 3927 debuit
995 3872 1370 3929 ecclesiastica
1393 3872 1686 3944 provenire
1727 3871 2014 3927 discussio.
2055 3893 2076 3921 r
2109 3874 2177 3928 Et

572 3961 700 4016 item
739 3977 751 4017 :
791 3983 811 4010 α
847 3961 1017 4018 Novae
1047 3970 1196 4018 certe
1225 3968 1376 4016 erant
1403 3977 1598 4026 causa),
1631 3968 1684 4014 et
1713 3961 1800 4016 his
1831 3975 2176 4032 consequen-

571 4057 656 4106 te‘r
685 4065 826 4106 nova
871 4051 1112 4122 synodus
1160 4049 1484 4106 debebatur.
1524 4070 1546 4100 ιο
1581 4049 1650 4104 Et
1676 4049 1806 4104 item
1839 4066 1853 4103 :
1893 4071 1914 4096 ι‹
1945 4051 2029 4104 An
2057 4051 2178 4107 haec

573 4138 722 4194 licuit
750 4138 998 4196 saeculari
1025 4135 1296 4210 potestati,
1329 4146 1383 4192 et
1411 4137 1548 4194 actis
1577 4137 1780 4194 talibus
1811 4137 2010 4194 Acacio
2039 4151 2174 4196 con-

569 4227 870 4296 sentiente,
922 4228 1129 4298 absque
1174 4226 1286 4282 ulla
1333 4227 1570 4298 synodo,
1618 4243 1777 4299 quam
1821 4226 1942 4298 ipsa
1989 4241 2175 4282 rerum

570 4317 782 4372 novitas
813 4304 1084 4388 exigebai,
1120 4315 1326 4386 absque
1371 4315 1517 4370 sedis
1559 4315 1872 4387 apostolicae
1901 4315 2175 4372 consulta—

570 4406 716 4460 tione
743 4403 1029 4477 perﬁcere,
1064 4411 1116 4458 et
1146 4403 1264 4459 sedi
1292 4404 1605 4474 apostolica:
1632 4420 1741 4460 non
1771 4403 1938 4474 licuit,
1974 4420 2174 4460 secun-

2287 1932 2418 1988 liani
2461 1932 2709 2006 magistri
2754 1932 2976 2002 militim,
3007 1939 3064 1988 te
3091 1932 3201 1988 illic
3240 1933 3420 2004 posito
3439 1976 3452 2001 ,
3485 1941 3588 1990 nec
3629 1934 3892 2005 projectis

2287 2021 2565 2094 religiosis
2611 2020 2853 2077 vestibus
2891 2021 2962 2076 ad
2992 2021 3310 2077 saecularem
3358 2023 3560 2077 reverti
3605 2023 3852 2078 habitum
3867 2066 3886 2091 ,

2285 2124 2390 2166 nec
2419 2111 2490 2165 ad
2518 2123 2620 2166 nos
2651 2109 2896 2166 licuisset
2919 2119 3238 2182 perversam
3267 2109 3550 2182 epistolam
3581 2110 3884 2167 destinam.

2283 2199 2426 2254 Nam
2447 2199 2512 2268 si,
2537 2206 2591 2254 ut
2611 2197 2824 2270 praefati
2853 2213 3060 2265 sumus,
3093 2197 3358 2254 sollicitus
3385 2197 3710 2269 exstitisset},
3735 2199 3892 2271 prius

2285 2288 2356 2342 ad
2384 2301 2484 2343 nos
2512 2287 2646 2342 ultio
2674 2287 2916 2342 mulieris
2957 2287 3295 2358 pravissimm
3323 2299 3483 2359 quam
3511 2288 3672 2359 culpa
3701 2288 3892 2345 debuit

2283 2376 2590 2446 pervenire.
2633 2399 2655 2424 »
2688 2377 2757 2430 Et
2784 2375 2910 2431 hinc
2947 2376 3018 2430 ad
3064 2373 3318 2449 Sergium
3365 2375 3713 2432 detensorem
3761 2377 3884 2449 (lto.

2285 2464 2492 2529 eodem,
2519 2464 2681 2536 epist.
2708 2465 2797 2532 10)
2823 2481 2836 2517 :
2865 2483 2888 2513 α
2915 2462 2972 2519 Si
2993 2463 3154 2518 homo
3173 2475 3345 2530 esses,
3378 2471 3470 2518 aut
3495 2463 3887 2520 discretionem

2283 2547 2523 2619 aliquam
2550 2547 2852 2615 habuisses,
2884 2546 2956 2600 ita
2983 2546 3256 2619 regularis
3303 2547 3608 2618 discile
3647 2547 3886 2604 debuisti

2282 2641 2466 2690 custos
2495 2635 2747 2700 exiétere,
2781 2641 2840 2688 ut
2868 2648 2936 2690 ea
2963 2649 3086 2706 quae
3112 2634 3226 2690 illic
3252 2633 3440 2690 illicita
3453 2635 3886 2704 committuntur,

2282 2731 2404 2778 ante
2435 2723 2674 2778 vindicta
2701 2721 3024 2795 corrigeret,
3051 2737 3216 2794 quam
3234 2724 3307 2779 ad
3326 2736 3428 2780 nos
3446 2737 3633 2780 eorum
3660 2725 3886 2780 nuntius

2279 2811 2606 2883 perveniret.
2645 2831 2668 2864 ι
2700 2809 2768 2866 Et
2821 2819 2944 2882 post
2998 2825 3220 2882 pauca:
3275 2830 3299 2864 ι
3342 2813 3482 2868 Nam
3535 2812 3584 2868 si
3639 2812 3888 2884 quolibsit

2280 2901 2446 2956 modo
2469 2901 2525 2954 in
2553 2900 2660 2956 hac
2689 2915 2745 2954 re
2773 2899 3062 2972 negligens
3105 2900 3193 2956 vel
3241 2899 3427 2956 lentus
3471 2901 3763 2968 exstiteris,
3813 2901 3887 2957 ita

2280 2989 2337 3044 in
2365 2997 2417 3044 te
2447 2988 2664 3044 noveris
2691 2987 3090 3044 districtissime
3118 2988 3522 3055 vindicandum,
3551 2996 3610 3044 ut
3637 2991 3786 3062 quod
3817 3002 3886 3046 ex

2279 3085 2332 3133 te
2363 3078 2562 3144 nescis,
2594 3092 2756 3148 poena
2783 3075 2964 3147 possis
3009 3085 3289 3132 reserante
3337 3085 3681 3150 cognoscere
3709 3095 3722 3130 :
3755 3077 3884 3148 quia

2280 3166 2418 3222 sicut
2471 3165 2723 3232 diximus,
2783 3165 2826 3218 si
2885 3164 3220 3222 intellectum
3275 3164 3510 3220 hominis
3566 3165 3878 3236 habuisses,

2277 3255 2394 3310 haec
2425 3269 2546 3326 quae
2574 3254 2738 3309 modo
2783 3252 2958 3309 facere
3001 3253 3338 3325 precipcris,
3371 3267 3407 3308 a
3433 3261 3487 3309 te
3511 3253 3882 3309 dubitaremus

2277 3343 2442 3398 etiam
2489 3357 2615 3398 cum
2660 3341 2863 3398 ultione
2912 3349 3038 3396 ante
3085 3340 3228 3396 facta
3269 3351 3624 3412 cognoscere.
3673 3365 3696 3389 ι»
3737 3342 3883 3410 Quid

2276 3431 2438 3486 etiam
2467 3431 2594 3486 hinc
2622 3430 2764 3486 sacri
2791 3443 3032 3485 canones
3061 3444 3159 3500 per
3189 3429 3402 3503 singula
3429 3426 3659 3486 concilia
3688 3430 3884 3486 declar-

2276 3527 2426 3585 nant,
2459 3519 2706 3574 devitans
2741 3517 3126 3589 prolixitatem,
3160 3526 3214 3574 et
3243 3518 3367 3590 quia
3405 3518 3688 3574 notissime
3729 3527 3877 3586 sunt,

2276 3607 2362 3663 hic
2409 3621 2616 3678 ponere
2647 3607 3020 3678 praetermitto.
3056 3607 3288 3662 Tantum
3340 3606 3410 3662 de
3456 3605 3880 3680 Carthaginian

2276 3695 2508 3752 concilio
2556 3694 2942 3764 testimonium,
2996 3695 3142 3766 quod
3187 3701 3241 3750 et
3286 3705 3455 3766 supra
3499 3695 3680 3766 posui,
3711 3705 3880 3752 unum

2276 3799 2440 3855 pono,
2466 3784 2666 3840 Gratus
2687 3783 2978 3854 episcopus
2997 3782 3132 3837 dixit
3153 3784 3334 3853 (conc.
3358 3797 3398 3847 ι,
3415 3793 3544 3839 an.
3569 3783 3664 3854 49)
3688 3801 3701 3837 :
3730 3806 3754 3831 κ
3775 3785 3882 3840 No-

2276 3872 2431 3927 vella:
2480 3871 2882 3942 suggestiones,
2919 3887 3040 3942 qua:
3069 3871 3155 3926 vel
3185 3871 3436 3928 obscure
3478 3879 3624 3936 sunt,
3657 3872 3750 3928 vel
3777 3872 3878 3928 sub

2275 3973 2476 4031 genere
2522 3960 2705 4025 latent,
2749 3959 3010 4030 inspectae
3039 3973 3074 4013 a
3101 3959 3260 4014 nobis
3307 3958 3539 4016 fortnam
3583 3959 3876 4032 accipiat.

2275 4049 2542 4104 Caeterum
2597 4049 2666 4103 de
2721 4047 2918 4120 quibus
2973 4047 3318 4119 apertissime
3363 4047 3548 4103 divina
3603 4049 3881 4120 scriptura

2274 4137 2471 4204 sanxit,
2530 4153 2640 4192 non
2693 4135 2994 4192 diﬂ‘erenda
3051 4137 3322 4193 sententia
3373 4143 3475 4203 est,
3528 4137 3633 4192 seu
3695 4137 3878 4208 Ms

2275 4226 2638 4299 exsequenda.
2687 4245 2708 4274 κ
2759 4225 2906 4298 Lege
2951 4221 3290 4280 Breviarium
3335 4223 3536 4282 Attice
3578 4226 3876 4296 promote

2273 4329 2558 4382 canonum,
2591 4313 2712 4370 sedi
2739 4313 3052 4386 apostolicae
3077 4313 3326 4382 missum,
3347 4313 3490 4368 etab
3521 4313 3718 4369 eadem
3745 4313 3876 4370 ede

2273 4403 2699 4469 corroboratum,
2751 4409 2803 4458 et
2848 4403 2966 4458 haec
3005 4400 3061 4456 in
3109 4401 3283 4456 fronte
3324 4401 3874 4472 caacmtpsmu

569 4495 698 4548 dum
729 4475 975 4548 tenorem
997 4491 1191 4564 synodi
1213 4492 1696 4556 Chalcedonensis,
1722 4491 1778 4546 in
1795 4493 1970 4548 veteri
1987 4475 2244 4564 u'tique'b
2275 4492 2541 4548 invenies.

569 4595 756 4648 causa,
805 4591 858 4637 et
900 4581 1070 4637 veteri
1122 4580 1435 4648 constituto,
1477 4579 1622 4648 justa
1667 4579 1981 4636 diﬂinitione
2021 4581 2175 4636 dam-

567 4679 712 4740 nata,
740 4669 974 4726 inimicis
1003 4667 1197 4741 synodi
1231 4667 1689 4724 Chalcedonensis
1730 4668 1990 4724 Acacium
2017 4683 2171 4724 com-

570 4743 936 4814 municantem
991 4775 1020 4813 a
1077 4773 1175 4814 sua
1227 4756 1609 4814 communione
1666 4755 1986 4826 depellere?
2021 4777 2043 4806 ιθ
2102 4757 2172 4811 Et

570 4846 696 4901 item
735 4864 746 4902 :
785 4867 804 4900 ι
837 4849 953 4904 Nec
983 4863 1120 4918 opus
1177 4845 1277 4901 fuit
1327 4861 1470 4902 nova
1527 4845 1756 4917 synodo,
1817 4859 1941 4900 cum
1971 4845 2172 4901 veteris

569 4935 845 4991 constituti
875 4935 1201 4992 sufﬁcienter
1242 4935 1347 4991 hoc
1393 4935 1568 4990 forma
1608 4933 2009 5005 praescriberet.
2048 4954 2070 4983 ››
2101 4935 2172 4989 Ει

569 5021 697 5078 item
721 5040 732 5077 :
763 5045 785 5073 α
813 5021 948 5092 Quae
977 5024 1333 5098 congregatio
1364 5023 1506 5080 facta
1533 5021 1869 5094 pontificum,
1903 5037 2012 5077 non
2041 5037 2170 5078 con—

567 5117 653 5166 tra
709 5111 1228 5182 Chalcedonensem,
1281 5127 1391 5168 non
1438 5120 1696 5184 tanquam
1741 5127 1881 5168 nova
1929 5112 2170 5186 synodus

568 5207 755 5255 contra
806 5209 1047 5256 veterem
1102 5201 1448 5272 primamque
1502 5200 1802 5256 convenit:
1837 5201 1936 5257 sed
1991 5201 2170 5273 potius

567 5289 864 5344 secundum
899 5297 1142 5345 tenorem
1170 5289 1371 5345 veteris
1415 5289 1688 5346 constituti
1730 5289 2004 5362 particeps
2037 5306 2168 5361 apo-

569 5377 774 5434 stolicze
828 5378 1194 5436 exsecutionis
1251 5376 1440 5434 effecta
1489 5386 1590 5434 est.
1629 5400 1650 5428 ι)
1686 5380 1754 5435 Et
1779 5379 1907 5447 item
1944 5397 1956 5434 :
1995 5401 2017 5429 α
2051 5380 2170 5435 Nec

569 5467 792 5523 dubium
843 5468 989 5540 quod
1019 5467 1157 5524 sicut
1187 5467 1242 5522 in
1271 5481 1590 5541 unaquaque
1638 5468 1850 5539 haeresi,
1901 5468 2046 5540 quod
2086 5467 2168 5522 in-

569 5564 910 5623 Cessabiliter
947 5566 1301 5637 repetendum
1329 5573 1430 5633 eSt,
1464 5567 1586 5638 quia
1629 5565 1842 5622 ﬁrmum
1871 5569 2007 5622 esse
2049 5564 2167 5620 nul-

2825 4604 3049 4661 CAPUT
3086 4595 3316 4662 XXXV.

2279 4713 2430 4783 Quod
2457 4713 2764 4786 apostolica
2787 4713 2942 4768 sedes
2963 4712 3388 4786 cuchpiscOpi:
3416 4713 3762 4786 conjudicet,
3779 4714 3873 4786 qui

2343 4784 2654 4840 secundum
2700 4798 2942 4838 canones
2976 4783 3266 4856 judicent,
3297 4783 3360 4856 et,
3382 4783 3527 4856 quod
3573 4799 3703 4856 non,
3740 4783 3872 4839 bene

2343 4856 2660 4926 intelligat,
2692 4857 2759 4908 ut
2799 4853 3266 4925 metropolitanus
3301 4853 3508 4926 absque
3547 4855 3870 4924 provincia-

2345 4928 2488 4982 lium
2515 4925 2800 4980 instantta
2829 4938 3030 4980 causas
3057 4939 3174 4982 non
3201 4925 3420 4980 audiat.

2343 5031 2666 5101 Quicunque
2720 5028 2888 5102 igitur
2940 5029 3198 5101 primates
3251 5029 3653 5100 previnciamm
3683 5043 3719 5084 a
3755 5028 3869 5084 Do-

2269 5121 2420 5175 mino
2485 5118 2794 5185 constituti,
2861 5126 2914 5174 et
2979 5117 3281 5189 aposwlica
3345 5117 3672 5173 auctoritate
3731 5126 3867 5174 con-

2271 5207 2502 5274 ﬁrmati,
2581 5207 2676 5262 sed
2733 5214 2787 5262 et
2851 5206 3053 5278 quique
3127 5203 3380 5262 catholici
3451 5205 3723 5276 episcopi,
3797 5203 3869 5260 de

2271 5297 2432 5353 certis
2497 5303 2549 5351 et
2613 5294 2912 5350 manifestis
2975 5294 3168 5361 rebus,
3238 5293 3310 5350 de
3371 5293 3569 5366 quibus
3615 5299 3871 5365 expressa

2265 5385 2490 5456 judicia,
2533 5391 2587 5440 et
2623 5381 3075 5457 irrefragabiliter
3138 5389 3301 5454 atque
3362 5381 3682 5438 inconvulse
3732 5387 3870 5439 ecu-

2271 5475 2565 5530 servandas
2639 5472 2944 5528 difﬁnit'rvas
3014 5471 3279 5527 habemus
3353 5470 3649 5527 mea
3685 5514 3698 5538 ,
3775 5479 3868 5527 se-

2255 5565 2506 5620 cundum
2553 5566 2754 5619 sacros
2821 5566 3079 5625 uacuas,
3134 5565 3201 5614 Ἠ
3249 5557 3488 5618 lieth
3549 5553 3715 5616 sunt
3750 5552 3870 5616 ilo-
