4164 6314
321 308 412 363 421

1147 306 1390 364 OPUSC.
1424 306 1515 361 ET
1543 307 1763 362 EPIST.
1800 306 1870 359 [Ν
1900 304 2127 359 CAUSA
2160 305 2505 361 HINCMARI
2534 306 2840 363 LAUDUN.

3532 312 3634 365 422

324 445 497 486 meum
549 430 899 502 pontiﬁcum,
967 444 1197 501 queque
1238 429 1589 486 decernimus
1635 438 1688 485 et
1712 428 1930 499 judica-
1951 429 2007 489 A
2037 429 2129 500 qui
2159 429 2467 484 nullatenus
2496 445 2556 484 se
2586 438 2849 485 noverant
2877 433 3150 502 potiorem
3199 433 3302 488 sibi
3325 434 3443 490 sine
3462 436 3645 507 prima

325 535 446 574 mus
468 559 483 588 ,
516 517 814 590 apostolica
868 518 1031 573 sedes
1055 562 1067 583 ,
1091 526 1144 573 et
1191 519 1455 574 catholica
1484 517 1758 583 Ecclesia,
1789 533 1927 589 apo-

327 606 599 663 stolorum
647 606 1003 663 fundamento
1056 605 1280 662 fundata
1326 622 1493 677 super
1551 606 1796 678 angulari
1843 607 1929 661 la-

324 695 451 766 pide
480 694 700 752 Christo
718 696 848 750 Jesu
867 738 880 762 ,
905 695 960 748 in
989 711 1098 766 quo
1118 695 1296 750 omnis
1311 694 1598 751 aediﬁcatio
1618 703 1932 752 constructa

324 783 522 840 crescit
576 782 633 839 in
680 783 941 854 templum
978 791 1228 840 sanctum
1268 783 1326 838 in
1370 784 1605 840 Domino
1624 826 1640 852 ,
1671 784 1727 839 in
1772 783 1932 839 nobis

322 888 421 944 pro
452 872 703 944 patribus
732 872 875 927 natis
916 870 1041 926 ﬁliis
1058 914 1072 938 ,
1100 872 1154 926 id
1183 879 1267 928 est
1293 888 1395 943 pro
1424 872 1684 944 apostolis
1731 872 1933 928 creatis

326 960 622 1032 episcOpis,
656 967 715 1015 ut
743 960 801 1014 in
854 959 1168 1015 ordinandis
1221 960 1524 1028 coordinat,
1556 960 1633 1015 ita
1662 968 1717 1016 et
1744 961 1801 1015 in
1829 962 1931 1016 de-

323 1049 613 1105 cernendis
674 1047 935 1106 canonice
992 1048 1344 1105 condecernit
1363 1091 1376 1115 ,
1411 1057 1466 1105 et
1527 1050 1583 1104 in
1626 1048 1935 1118 judicandis

324 1138 653 1207 conjudicat.
706 1138 820 1193 Nos
848 1144 1031 1193 autem
1057 1179 1070 1203 ,
1100 1137 1192 1208 qui
1239 1153 1430 1194 sacros
1463 1153 1723 1203 canones,
1757 1145 1811 1193 et
1838 1138 1935 1192 de-

325 1234 479 1282 creta
502 1225 652 1282 sedis
681 1226 942 1282 Romanae
971 1224 1290 1297 pontificum
1309 1226 1412 1280 sub
1428 1226 1600 1297 ipsius
1620 1225 1935 1296 apostolicae

323 1323 497 1385 petra
518 1314 725 1383 judicio
754 1313 1126 1385 exsequimur,
1148 1314 1282 1368 nihil
1310 1314 1457 1370 aliud
1487 1331 1651 1386 quam
1672 1315 1817 1383 juste
1841 1315 1933 1383 ju-

324 1401 625 1459 dicantium
671 1402 930 1470 fautores,
962 1410 1015 1458 et
1041 1403 1310 1471 justorum
1346 1402 1674 1471 judiciorum
1703 1418 1934 1458 exsecu-

325 1498 469 1547 tores
493 1532 508 1558 ,
542 1490 907 1547 obedientiam
957 1498 1149 1547 sancto
1196 1491 1440 1562 Spiritui,
1470 1490 1563 1562 qui
1590 1507 1693 1562 per
1719 1507 1817 1547 eos
1845 1490 1934 1547 lo—

325 1596 485 1644 cutus
511 1596 617 1654 est,
644 1596 696 1643 et
723 1587 842 1643 sedi
871 1587 1206 1659 apostolica,
1237 1603 1272 1642 a
1300 1604 1406 1659 qua
1432 1587 1581 1643 rivus
1628 1586 1930 1659 religionis,

325 1686 377 1731 et
414 1676 801 1733 ecclesiasticae
842 1676 1223 1743 ordinationis,
1268 1684 1431 1748 atque
1478 1676 1753 1732 canonica:
1790 1675 1935 1745 judi-

2034 518 2167 572 sede
2197 534 2363 588 posse
2392 517 2668 574 resolvere
2689 559 2702 586 ,
2736 518 3008 590 praecipue
3039 537 3199 592 quem
3231 522 3346 591 ejus
3378 525 3645 580 sententia

2032 615 2292 662 noverant
2323 606 2648 680 obligatum,
2695 608 3138 678 praevaricatoris
3164 611 3505 668 absolutione
3533 629 3643 669 non

2032 693 2184 749 illum
2213 695 2430 765 penitus
2461 704 2747 765 exuerunt,
2783 696 2883 751 sed
2901 713 2960 752 se
2989 698 3441 767 praevaricatione
3466 702 3645 772 potius

2034 792 2355 839 nexuerunt.
2393 784 2500 839 Sed
2531 791 2583 839 et
2614 784 2740 855 quia
2771 785 3037 841 Dominus
3066 786 3137 840 ad
3157 789 3446 858 quemdam
3475 789 3640 845 dicit:

2039 874 2128 928 Ea:
2169 873 2348 928 verbis
2380 875 2496 928 tuis
2544 878 2601 929 te
2634 874 2830 945 judico
2860 874 3019 945 (Luc.
3068 877 3234 946 xxxv)
3258 916 3271 943 ,
3302 876 3427 932 licet
3456 877 3513 931 in
3540 878 3645 932 tuis

2036 960 2522 1030 compilationibus
2578 978 2688 1017 non
2744 961 2981 1029 mittere,
3015 963 3113 1018 sed
3163 963 3345 1035 potius
3399 966 3648 1021 omittere

2036 1048 2314 1119 delegeris
2376 1066 2444 1104 ex
2503 1066 2688 1105 eorum
2756 1051 2936 1106 verbis
2968 1052 3037 1106 de
3083 1052 3278 1123 quibus
3342 1053 3652 1110 testimonia

2035 1137 2334 1209 collegisti,
2368 1154 2487 1209 quaa
2518 1146 2570 1193 te
2599 1138 2856 1193 mordere
2886 1154 2998 1194 non
3028 1139 3322 1212 ignorasti,
3353 1158 3518 1196 unum
3548 1159 3647 1212 pro

2036 1225 2290 1279 omnibus
2322 1226 2475 1296 quasi
2505 1227 2932 1297 peremptorium
2955 1228 3195 1283 edictum
3213 1229 3310 1283 tibi
3327 1246 3644 1301 proponam.

2037 1313 2173 1367 Cum
2226 1313 2370 1368 enim
2417 1316 2667 1385 quaedam
2710 1316 2939 1386 posuisti
2987 1317 3057 1371 de
3099 1317 3315 1372 diverse
3345 1319 3588 1374 collectis
3617 1336 3646 1373 a

2037 1401 2206 1457 Lucio
2236 1418 2382 1473 papa
2411 1420 2477 1457 ex
2508 1403 2742 1458 diversis
2790 1404 3144 1459 decessorum
3174 1421 3239 1462 ac
3268 1408 3648 1477 praedecesso-

2041 1506 2158 1544 rum
2203 1506 2428 1545 suorum
2458 1490 2656 1558 dictis,
2688 1492 3091 1563 interscripsisti
3123 1511 3136 1547 :
3173 1517 3193 1539 ιι
3247 1495 3523 1565 Similiter,
3556 1495 3644 1550 in-

2036 1578 2263 1648 quiens,
2297 1578 2617 1635 auctoritate
2647 1579 2766 1634 fulti
2833 1582 3134 1651 apostolica
3166 1582 3518 1653 praecipimus
3541 1626 3556 1653 ,
3591 1593 3648 1639 ut

2037 1667 2218 1722 nullus
2260 1668 2737 1739 metr0politanus,
2770 1669 2978 1741 absque
3035 1679 3360 1726 caeterorum
3401 1672 3645 1728 omnium

325 1764 555 1822 cuiauis
582 1764 861 1836 proﬂuxit,
910 1765 1282 1836 dependentes
1330 1764 1630 1820 θχίειίηιυε,
1664 1763 1934 1833 Quoniam
1966 1782 2017 1842 B
2041 1755 2582 1827 comprovincialium
2627 1757 3007 1828 episcoporum
3037 1759 3308 1825 instantia,
3341 1760 3645 1832 aliquorum

326 1853 641 1926 quicunque
697 1852 966 1925 baptismo
1021 1853 1287 1909 catholico
1346 1853 1636 1925 baptizent,
1671 1853 1809 1909 sicut
1863 1852 1934 1909 ad

325 1944 599 1999 Joannem
626 1942 925 2013 Baptistam
953 1941 1154 1999 dictum
1187 1950 1289 2008 est,
1322 1941 1441 2013 ipse
1472 1950 1557 1998 est
1584 1941 1828 1997 Christus
1847 1941 1932 1997 vi-

326 2031 529 2087 delicet
555 2033 720 2087 Jesus
748 2030 841 2103 qui
898 2030 1156 2101 baptizat,
1190 2037 1244 2086 et
1282 2030 1588 2101 quicunque
1604 2029 1931 2097 sacrificent,

326 2119 441 2191 ipse
468 2128 555 2175 est
592 2119 857 2175 sacerdos
905 2119 1207 2176 secundum
1234 2118 1485 2174 ordinem
1512 2118 1931 2186 Melchisedech,

328 2208 719 2279 sempiternum
771 2208 983 2263 habens
1039 2207 1407 2264 sacerdotium
1440 2249 1453 2276 ,
1489 2207 1581 2279 qui
1639 2206 1937 2262 sanctiﬁcat

329 2298 518 2367 (Iona.
556 2296 600 2367 ι)
626 2313 639 2352 :
664 2296 792 2368 quia
820 2305 878 2351 ut
899 2286 1121 2352 sanctus
1140 2297 1249 2351 Leo
1272 2296 1402 2352 dicit
1432 2295 1620 2368 (epist.
1653 2295 1745 2367 91)
1777 2313 1790 2350 :
1828 2316 1850 2346 α
1879 2294 1938 2351 Si

329 2385 456 2457 quid
484 2400 587 2457 per
628 2386 946 2441 servitutem
972 2392 1211 2441 nostram
1252 2385 1396 2440 bono
1440 2384 1633 2440 ordine
1662 2393 1713 2439 et
1742 2392 1936 2456 gratu-

326 2473 494 2530 lando
519 2474 778 2544 impletur
805 2472 1020 2540 effectu,
1053 2490 1166 2528 non
1196 2473 1527 2546 ambigimus
1555 2488 1656 2544 per
1682 2472 1939 2545 Spiritum

327 2570 589 2619 sanetum.
610 2563 769 2618 nobis
798 2561 968 2618 fuisse
1022 2563 1305 2630 donatum,
1338 2570 1392 2617 et
1421 2561 1577 2633 operi
1602 2569 1791 2617 nostro
1821 2561 1937 2633 ipse

331 2650 583 2707 Salvator
628 2651 939 2717 intervenit,
974 2666 1078 2707 nec
1121 2665 1363 2722 unquam
1391 2650 1459 2704 ab
1491 2650 1578 2704 his
1608 2650 1786 2716 abest,
1817 2667 1939 2721 quae

625 2739 737 2794 suis
765 2740 1118 2811 exsequenda
1134 2739 1406 2795 commisit
1426 2738 1617 2794 dicens
1641 2757 1653 2793 :
1676 2740 1815 2795 Ecce
1845 2755 1939 2811 ego

325 2829 609 2885 vobiscum
617 2845 748 2884 sum
757 2829 1019 2885 omnibus
1034 2828 1226 2884 diebus
1236 2844 1410 2900 usque
1421 2827 1495 2883 ad
1507 2828 1940 2884 consummatio-

326 2932 456 2973 nem
482 2917 682 2973 saeculi
702 2916 921 2986 (Matth.
936 2916 1164 2985 xxvm).
1206 2941 1225 2963 ιι
1256 2917 1326 2970 Ει
1353 2915 1485 2970 item
1512 2915 1621 2971 Leo
1655 2931 1668 2969 :
1698 2936 1719 2965 α
1746 2916 1827 2971 De
1855 2915 1941 2970 his

325 3005 417 3076 qui
447 3005 505 3059 in
534 3005 760 3062 Niceno
804 3004 1036 3060 concilio
1053 3047 1066 3071 ,
1118 3012 1453 3077 suggerente
1496 3004 1712 3059 sibimet
1754 3010 1941 3060 sancto

326 3092 547 3165 Spiritu,
580 3093 710 3164 quia
755 3092 911 3148 aliter
958 3092 1293 3149 credendum
1323 3108 1433 3147 non
1492 3099 1610 3157 est,
1656 3107 1942 3147 mansuras

327 3197 507 3253 usque
541 3181 599 3235 in
628 3180 792 3236 linem
819 3181 1009 3236 mundi
1036 3181 1191 3254 leges
1238 3180 1733 3237 ecclesiasticorum
1763 3195 1936 3235 cano-

324 3286 457 3327 nam
485 3269 863 3337 condiderunt,
896 3278 951 3324 et
980 3270 1125 3341 apud
1154 3285 1257 3325 nos
1285 3269 1341 3323 in
1362 3276 1476 3325 toto
1504 3269 1642 3324 orbe
1660 3276 1936 3324 terrarum

320 3358 377 3415 in
407 3359 526 3415 suis
580 3359 1054 3417 constitutionibus
1109 3359 1332 3426 vivunt,
1365 3366 1417 3413 et
1441 3357 1489 3413 si
1545 3356 1675 3429 quid
1704 3373 1935 3428 usquam

321 3444 481 3501 aliter
537 3460 700 3516 quam
728 3443 805 3498 illi
857 3452 1095 3499 statuere
1134 3442 1501 3515 praesumitur,
1537 3442 1659 3498 sine
1714 3450 1936 3499 cuncta-

320 3534 471 3590 tione
526 3539 796 3588 cassatur.
858 3531 904 3581 »ι’
929 3534 999 3588 Et
1035 3538 1259 3588 sanctus
1307 3530 1646 3604 Augustinus
1678 3530 1810 3586 dicit
1837 3532 1936 3595 (De

326 3638 459 3679 uera
485 3623 662 3693 Rch‘g.
696 3635 749 3677 c.
781 3620 874 3693 31)
903 3639 916 3675 :
942 3621 1266 3676 «1Eternam
1296 3619 1479 3692 legem
1498 3618 1716 3675 mundis
1738 3619 1936 3675 animis

324 3710 405 3766 fus
433 3718 518 3766 est
543 3724 905 3783 cognoscere,
942 3725 1053 3765 non
1079 3715 1164 3764 est
1191 3707 1275 3764 fas
1290 3708 1559 3778 judicare.
1593 3709 1656 3763 In
1684 3707 1802 3762 istis
1832 3723 1936 3764 au-

322 3800 459 3858 itam
482 3797 880 3870 temporalibus
906 3798 1143 3872 legibus,
1167 3812 1485 3870 quanquam
1504 3797 1572 3853 de
1588 3796 1673 3851 his
1689 3797 1937 3852 homines

316 3887 589 3958 juclicent,
617 3903 745 3943 cum
769 3902 866 3942 eas
894 3886 1201 3953 instituunt,
1230 3894 1411 3941 tamen
1439 3901 1562 3942 cum
1616 3883 1821 3940 fuerint
1847 3884 1936 3940 in-

322 3977 527 4034 stitutae
552 3983 718 4047 atque
748 3974 993 4045 firmata,
1024 3990 1136 4031 non
1173 3974 1357 4032 licebit
1381 3973 1553 4044 judici
1586 3973 1656 4030 de
1684 3973 1818 4044 ipsis
1841 3974 1936 4043 ju—

321 4066 536 4132 diure,
555 4063 655 4120 sed
684 4065 987 4121 secundum
1017 4064 1184 4134 ipsas.
1227 4087 1247 4111 »
1281 4065 1404 4119 Non
1425 4078 1560 4136 ergo
1581 4078 1667 4131 ea,
1693 4078 1815 4133 quae
1841 4077 1939 4131 per

320 4168 412 4210 me
467 4153 917 4226 qualemcunque.
956 4152 1442 4224 metropolitanum
1466 4191 1481 4220 ,
1547 4159 1600 4207 et
1654 4150 1938 4221 primatem

326 4245 666 4301 Marum
717 4242 1015 4314 prov'mciai
1035 4283 1048 4307 ,
1077 4242 1147 4296 ad
1177 4242 1332 4309 cujus
1390 4255 1602 4305 curam,
1636 4238 1937 4294 secundum

323 4346 519 4390 saeros
547 4346 790 4388 canones
819 4338 877 4386 et
902 4331 1127 4387 decreta
1156 4330 1306 4385 sedis
1324 4329 1584 4384 Romanae
1598 4326 1934 4398 pontificum,

323 4419 640 4478 sollicitudo
656 4419 893 4492 pertinet
913 4419 1077 4474 totius
1098 4417 1414 4489 provinciae,
1437 4416 1596 4473 sedes
1618 4415 1934 4487 apostolica,

2035 1844 2222 1899 audiat
2249 1859 2468 1915 causas,
2505 1845 2630 1916 quia
2656 1845 2825 1901 irritae
2855 1854 3034 1916 erunt,
3069 1854 3121 1901 et
3151 1846 3270 1918 ipse
3295 1864 3513 1904 causam
3541 1866 3643 1920 pro

2034 1930 2180 1988 facto
2206 1932 2354 1986 dabit
2386 1950 2399 1986 :
2431 1939 2629 2004 putans
2662 1940 2712 1988 te
2743 1933 2969 2004 alligare
2990 1950 3129 1989 onus
3159 1952 3330 2008 grave
3360 1944 3413 1991 et
3442 1937 3646 2008 impor-

2034 2020 2233 2087 tabile,
2266 2028 2323 2074 et
2365 2021 2650 2092 imponere
2693 2020 2748 2075 in
2795 2022 3057 2076 humeros
3088 2024 3646 2095 metropolitanormn,

2036 2109 2182 2179 quod
2214 2108 2308 2163 tibi
2340 2109 2669 2178 conjunctim
2696 2108 2843 2164 idem
2875 2110 3072 2166 Lucius
3103 2111 3339 2183 scripsit,
3362 2112 3533 2185 digito
3553 2121 3646 2169 tuo

2034 2212 2259 2252 movere
2316 2197 2554 2252 noluisti.
2606 2197 2695 2252 Ait
2723 2198 2867 2252 enim
2916 2208 3311 2271 consequenter
3369 2200 3485 2255 sine
3534 2202 3646 2257 ulla

2035 2284 2451 2356 interpositione
2476 2302 2489 2340 :
2510 2285 2769 2356 Episcopi
2786 2302 2920 2341 vero
2955 2304 3056 2357 per
3076 2287 3320 2359 singulas
3339 2289 3647 2358 provincias

2037 2374 2353 2442 observent,
2387 2390 2456 2429 ne
2487 2374 2823 2444 posteriores
2856 2392 2915 2429 se
2975 2375 3252 2445 prioribus
3309 2377 3423 2431 suis
3449 2376 3649 2447 praefe-
3676 2370 3685 2375 ’

2036 2470 2181 2527 rant,
2205 2478 2307 2517 nec
2352 2462 2432 2516 eis
2460 2461 2800 2531 inconsultis,
2834 2462 2941 2516 nisi
2992 2471 3251 2534 quantum
3276 2465 3343 2519 ad
3371 2465 3648 2535 propriam

2037 2550 2274 2620 pertinet
2322 2551 2640 2620 parochiam
2679 2590 2693 2618 ,
2727 2549 2933 2622 aliquid
2976 2559 3143 2623 agant
3172 2569 3185 2604 :
3219 2552 3318 2607 sed
3346 2568 3537 2608 omnes
3577 2554 3647 2609 de

2038 2637 2424 2694 communibus
2485 2654 2675 2693 eorum
2742 2638 2925 2694 causis
2974 2654 3271 2695 consonam
3327 2641 3648 2696 sententiam

2036 2725 2320 2797 proferant
2351 2733 2402 2780 et
2432 2726 2824 2793 determinent,
2859 2726 3115 2798 quoniam
3135 2727 3287 2783 aliter
3310 2738 3446 2784 actae
3473 2729 3649 2785 nullas

2037 2814 2184 2869 vires
2227 2814 2545 2879 habebunt,
2571 2830 2675 2869 nec
2734 2814 3119 2870 ecclesiasticae
3173 2817 3584 2886 reputabuntur.
3622 2841 3643 2866 »ι

2039 2902 2178 2972 Quia
2197 2901 2364 2975 igitur
2382 2902 2587 2973 partim
2608 2902 2823 2967 Lucius,
2845 2909 2898 2957 et
2915 2911 3038 2973 post
3058 2919 3183 2958 eum
3201 2903 3414 2974 plenius
3451 2905 3647 2961 Antio-

2039 2992 2198 3046 cheni
2228 3006 2469 3046 canones
2490 2992 2848 3046 decreverunt
2878 2992 3027 3063 (can.
3061 2992 3117 3061 9)
3150 3009 3163 3045 :
3200 3014 3222 3039 ‹‹
3260 2993 3326 3048 Ut
3357 2993 3647 3065 episcopus

2039 3087 2235 3150 praeter
2287 3079 2757 3149 metropolitanum
2815 3078 2949 3133 nihil
3004 3088 3146 3149 agat,
3178 3079 3283 3134 nisi
3337 3096 3404 3135 ea
3445 3089 3650 3137 tantum

1961 3139 2011 3202 Ο
2041 3184 2163 3238 quae
2191 3167 2264 3222 ad
2291 3183 2444 3221 suam
2472 3167 2793 3237 parochiam
2820 3167 3113 3237 pertinent,
3162 3169 3650 3241 possessionesque

2039 3255 2331 3325 subjectas,
2363 3263 2421 3309 ut
2459 3264 2619 3328 regat
2642 3256 2797 3324 juxta
2845 3255 3208 3311 reverentiam
3237 3256 3468 3329 singulis
3498 3274 3649 3314 com-

2034 3350 2334 3414 petentem,
2369 3351 2421 3397 et
2454 3343 2856 3415 providentiam
2885 3352 3044 3415 gerat
3063 3345 3240 3399 omnis
3255 3346 3643 3416 possessionis,

2036 3449 2187 3505 quies
2218 3433 2319 3487 sub
2349 3433 2466 3502 ejus
2494 3440 2577 3487 est
2606 3432 2969 3504 potestate,ita
2993 3440 3052 3487 ut
3080 3434 3426 3505 presbyteros
3455 3444 3508 3489 et
3537 3435 3650 3491 dia-

2037 3536 2205 3577 cones
2238 3521 2471 3586 ordinet,
2506 3530 2557 3576 et
2587 3521 2801 3594 singula
2830 3537 2930 3577 suo
2967 3521 3171 3591 judicio
3200 3524 3644 3593 comprehendat,

2036 3610 2207 3665 debes
2242 3610 2427 3665 limate
2470 3610 2752 3666 attendere
2796 3611 2944 3680 quod
2985 3610 3183 3665 dicitur
3215 3627 3228 3665 :
3268 3612 3643 3683 Presbyteros,

2036 3698 2233 3770 inquit,
2266 3706 2318 3755 et
2348 3698 2611 3755 diacones
2644 3698 2893 3765 ordinet,
2928 3707 2981 3755 et
3009 3715 3120 3755 non
3157 3700 3442 3756 exordinet
3474 3718 3487 3755 :
3522 3701 3649 3773 quia

2036 3804 2175 3860 quos
2205 3788 2353 3843 solus
2373 3788 2663 3861 episcopus
2719 3788 2973 3844 ordinare
3028 3796 3187 3859 potes
3206 3832 3219 3856 ,
3254 3789 3423 3860 solus,
3456 3788 3562 3845 nisi
3590 3798 3650 3846 ut

2036 3876 2331 3932 venerandi
2370 3875 2664 3950 praeﬁgunt
2704 3892 2964 3943 canones,
2998 3892 3032 3932 a
3061 3877 3234 3933 sacris
3283 3876 3479 3935 officiis
3510 3879 3646 3933 sub-

2037 3981 2257 4021 movere
2274 3966 2362 4020 vel
2383 3966 2721 4036 suspendere
2748 3981 3091 4037 nequaquam
3115 3973 3291 4036 potes.
3322 3967 3397 4023 Et
3412 3967 3644 4040 singula,

2035 4054 2225 4125 inquit,
2241 4069 2353 4110 non
2389 4062 2567 4109 autem
2595 4055 2894 4126 generalia,
2933 4063 3025 4109 tuo
3043 4054 3248 4123 judicio
3279 4057 3644 4127 comprehen-

2036 4142 2157 4208 das,
2190 4158 2352 4214 quem
2409 4141 2661 4196 convenit
2714 4157 2877 4195 nosse
2917 4142 3392 4212 metropolitanum
3424 4144 3644 4213 episco-

2037 4246 2166 4300 pum
2197 4228 2618 4285 sollicitudinem
2648 4227 2811 4282 totius
2841 4229 3140 4299 provinciaa
3170 4245 3386 4300 gerere,
3417 4239 3645 4301 propter

2038 4317 2181 4388 quod
2203 4318 2271 4371 ad
2302 4316 2647 4387 metropolim
2678 4331 2869 4371 omnes
2916 4316 3154 4387 undique
3184 4317 3277 4387 qui
3313 4318 3534 4389 negotia
3562 4320 3647 4373 vi-

2037 4406 2236 4461 dentur
2252 4406 2458 4461 habere
2487 4413 2834 4461 concurrant.
2864 4428 2884 4453 ››
2908 4406 2979 4461 Et
3007 4405 3118 4460 Leo
3149 4405 3246 4461 tibi
3273 4405 3404 4463 dicit
3432 4408 3645 4478 (ibid.):

324 4517 381 4566 et
402 4508 585 4566 sancti
610 4515 797 4579 patres
818 4508 1012 4572 nostri,
1047 4507 1140 4579 qui
1159 4522 1283 4562 cum
1301 4507 1419 4561 Deo
1435 4505 1490 4560 in
1508 4504 1668 4571 οωιο,
1691 4511 1940 4575 regnant,
1962 4495 2018 4557 D
2053 4519 2073 4543 «
2110 4495 2377 4564 Quoniam
2407 4494 2463 4549 in
2491 4494 2689 4561 causis,
2732 4511 2852 4565 quae
2881 4495 2953 4549 ad
2995 4495 3312 4567 generalem
3342 4496 3647 4551 observan-

322 4605 378 4653 et
404 4599 462 4653 in
493 4598 655 4652 terris
684 4595 963 4652 miraculis
993 4602 1296 4661 coruscant,
1332 4595 1465 4665 quin
1494 4593 1612 4664 ipse
1642 4600 1699 4647 ut
1727 4591 1939 4664 praemi-

324 4702 510 4743 seram
527 4685 780 4742 Salvator
808 4692 996 4740 noster
1038 4683 1308 4750 dissolvit,
1345 4699 1412 4738 ex
1443 4683 1527 4737 his
1560 4699 1681 4754 quae
1709 4682 1937 4753 provin-

323 4775 481 4832 cialis
509 4774 804 4846 episcopus
832 4781 1018 4830 contra
1048 4772 1356 4827 diﬂinitivas
1388 4779 1695 4828 sanctarum
1718 4771 1939 4843 regula-

325 4880 444 4920 rum
477 4863 777 4920 sententias
807 4862 1063 4935 alligasti,
1092 4868 1516 4935 quantacunque
1546 4869 1598 4917 et
1647 4859 1939 4931 qualicun-

325 4968 435 5024 que
477 4960 577 5008 tua
615 4960 666 5007 et
710 4951 1037 5023 complicum
1087 4959 1301 5007 tuorum
1353 4948 1751 5020 subscriptione
1784 4954 1939 5019 potes

322 5041 532 5113 ligare,
564 5055 669 5097 nec
695 5055 759 5095 ea
786 5083 799 5107 ,
835 5055 957 5112 quae
1014 5041 1316 5096 secundum
1371 5038 1629 5110 praefixas
1656 5036 1881 5109 regulas
1910 5051 1941 5090 a

325 5130 533 5186 sanctis
563 5129 814 5184 Patribus
840 5129 974 5203 ligo,
1006 5136 1163 5200 potes
1191 5128 1480 5184 absolvere
1514 5144 1526 5181 :
1571 5125 1701 5197 quia
1729 5133 1787 5179 ut
1821 5124 1936 5180 Ge-

326 5218 501 5274 lanius
555 5217 611 5272 in
658 5218 897 5274 decretis
923 5218 1039 5273 suis
1088 5217 1249 5283 dicit,
1279 5215 1445 5272 veluti
1498 5222 1657 5286 potes
1687 5213 1743 5268 in
1772 5213 1936 5279 libro,

327 5323 495 5379 quem
522 5306 620 5361 tibi
666 5315 791 5364 ante
816 5307 987 5362 altare
1045 5314 1249 5362 sanctae
1276 5303 1457 5360 Maria!
1512 5303 1568 5357 in
1596 5303 1685 5357 die
1718 5302 1940 5358 ordina-

324 5396 492 5453 tionis
527 5404 636 5451 tum
663 5396 933 5462 commisi,
962 5395 1211 5469 relegere
1242 5410 1254 5449 :
1289 5392 1453 5449 Inferi
1462 5407 1525 5447 or
1551 5391 1823 5463 potiorem
1842 5392 1937 5447 ab-

320 5485 550 5544 solvere
575 5500 689 5541 non
727 5493 933 5557 potest,
965 5485 1143 5557 potior
1168 5492 1350 5540 autem
1398 5480 1711 5538 inferiorem
1739 5496 1939 5545 conse-

326 5582 560 5646 quenter
588 5573 838 5633 absolvit.
871 5573 1108 5631 Proinde
1150 5569 1424 5630 inferioris
1480 5568 1587 5626 loci
1628 5568 1937 5642 pontifices,

2044 4585 2177 4638 tiam
2235 4584 2509 4655 pertinent
2552 4583 2791 4639 omnium
2843 4582 3059 4639 Domini
3103 4584 3480 4649 sacerdotum,
3516 4583 3651 4638 nihil

2042 4673 2160 4729 sine
2220 4672 2548 4744 primatibus
2606 4680 2821 4743 oportet
2878 4671 3155 4743 impleri.»
3190 4672 3258 4724 Et
3311 4671 3509 4727 Lucius
3552 4672 3650 4727 tibi

2041 4771 2165 4817 ante
2195 4764 2432 4817 Leonem
2461 4761 2731 4832 praedixit,
2765 4760 2910 4832 quod
2940 4768 2992 4815 et
3022 4774 3262 4814 canones
3290 4758 3489 4816 Africae
3516 4777 3649 4831 pro-

2043 4851 2237 4907 vinciae
2293 4851 2527 4907 dicunt:
2566 4872 2588 4900 κ
2650 4850 2732 4903 Ne
2783 4847 2889 4901 tuis
2944 4846 3219 4917 prioribus
3275 4847 3603 4906 inconsultis
3633 4893 3648 4920 ,

2040 4940 2149 4993 nisi
2205 4947 2469 5010 quantum
2524 4938 2594 4993 ad
2636 4935 2910 5008 propriam
2968 4934 3204 5005 pertinet
3277 4939 3594 5008 parochiam
3629 4981 3642 5003 ,

2042 5028 2245 5099 aliquid
2319 5043 2473 5101 agas,
2522 5025 2781 5097 quoniam
2855 5023 3013 5079 aliter
3068 5033 3201 5080 acta:
3263 5027 3440 5082 nullas
3506 5027 3649 5083 vires

2040 5117 2339 5183 habebunt,
2386 5131 2488 5171 nec
2546 5111 2930 5169 ecclesiasticae
2987 5114 3401 5185 reputabuntur.
3431 5141 3453 5165 ››
3514 5114 3649 5185 Quia

2043 5222 2179 5280 ergo
2252 5206 2340 5260 illa
2392 5219 2511 5275 quae
2595 5203 2739 5258 male
2823 5210 3009 5257 contra
3080 5204 3453 5276 evangelicam
3499 5206 3647 5259 veri-

2044 5304 2244 5364 tatem,
2276 5302 2330 5349 et
2373 5290 2727 5363 apostolicam
2775 5292 3181 5362 auctoritatem,
3217 5303 3515 5364 contraque
3561 5311 3649 5348 sa-

2045 5399 2263 5441 crorum
2339 5394 2609 5437 canonum
2687 5388 2740 5437 et
2786 5381 3104 5453 apostolica:
3172 5382 3321 5437 sedis
3379 5382 3644 5438 constitu-

2043 5472 2219 5528 tiones
2242 5512 2255 5537 ,
2291 5470 2407 5525 sine
2439 5469 2670 5526 concilio
2717 5470 3134 5544 metropolitani,
3169 5470 3225 5525 in
3254 5487 3363 5543 quo
3393 5470 3488 5526 tibi
3514 5485 3646 5526 con-

2044 5563 2244 5619 sentire
2276 5576 2384 5617 non
2414 5562 2618 5631 debuit,
2652 5563 2790 5619 sicut
2810 5579 2911 5619 nec
2942 5561 3087 5630 fecit,
3112 5558 3311 5633 ligasti,
3347 5561 3642 5616 secundum
