4164 6350
837 20 912 23 .__
935 22 1017 40 κζ
1040 24 1121 33 ᾑ-

511 245 613 310 623

1449 250 1789 306 HINCMARI
1847 251 2246 307 RHEMENSIS
2285 252 2834 310 ARCHIEPISCOPI.

3707 253 3818 314 ιιι

507 361 676 433 Lucili
708 374 873 430 verba
919 373 1097 428 nullas
1144 373 1290 428 vires
1327 373 1552 435 habent,
1592 390 1694 430 nec
1723 374 2112 432 ecclesiasticae
2130 376 2188 438 A
2208 367 2418 448 poralia
2447 377 2602 434 lucra
2629 377 2923 434 cumulare.
2957 376 3065 432 Cur
3102 392 3238 449 ergo
3264 377 3334 432 ad
3359 377 3681 432 memoriam
3709 393 3814 433 ve-
3887 371 3896 380 ’

507 471 846 536 repetantur,
882 461 1052 517 libere
1073 461 1223 532 potui
1251 461 1466 518 solvere
1497 463 1643 534 quod
1688 479 1797 540 non
1826 463 1978 520 licuit
2009 462 2108 519 tibi

502 553 696 626 ligare.
730 551 836 607 Sed
857 559 911 606 et
939 552 1043 606 hoc
1072 550 1230 616 bene,
1262 559 1318 605 ut
1348 559 1512 621 patet,
1547 567 1652 606 non
1683 551 2019 617 intellexisti,
2055 561 2109 608 et

503 650 708 697 certum
729 648 812 695 est
828 639 956 710 quia
977 655 1086 694 non
1106 647 1257 694 recto
1295 655 1458 694 sensu
1498 638 1727 710 posuisti
1748 641 1893 711 quod
1912 641 2108 696 Lucius

503 729 635 784 dixit
667 745 679 784 :
717 752 738 776 α
776 729 846 784 Ut
865 727 1043 782 nullus
1067 727 1512 797 metr0politanus
1543 729 1752 799 absque
1781 738 2106 784 cancrorum

503 817 748 874 omnium
776 817 1316 888 comprovincialium
1347 817 1725 888 episcoporum
1747 816 1995 871 instantia
2016 817 2109 872 ali-

503 908 733 978 quorum
762 906 941 961 audiat
957 921 1172 960 causas.
1212 926 1233 954 ιι
1267 903 1409 972 Quia
1424 921 1525 975 pro
1545 905 1799 960 omnibus
1820 907 2110 976 reprehen-

505 995 772 1063 sibilibus,
793 1011 916 1066 quae
942 993 1011 1048 de
1041 1001 1094 1049 te
1113 1009 1209 1064 per
1237 993 1496 1058 omnium,
1531 1001 1588 1048 ut
1617 993 1690 1048 ita
1719 993 1974 1060 dixerim,
2006 1009 2107 1048 ora

501 1085 745 1148 volitant,
777 1091 828 1138 et
857 1083 926 1137 ad
955 1099 1044 1153 me
1073 1098 1182 1137 non
1222 1081 1507 1152 pervenire
1535 1097 1643 1137 non
1675 1090 1922 1153 possunt,
1953 1099 2104 1138 sem-

504 1189 604 1244 per
659 1172 874 1244 quando
931 1172 1152 1226 easdem
1208 1170 1663 1240 reprehensiones
1704 1179 1827 1226 tuas
1857 1171 2100 1236 audiero,

505 1277 697 1316 omnes
753 1261 1040 1330 episcopos
1074 1258 1452 1330 provinciales,
1487 1267 1545 1312 ut
1598 1275 1693 1314 eas
1748 1274 1962 1314 mecum
2000 1275 2104 1313 au-

501 1350 668 1416 diant,
693 1363 1036 1421 congregare
1068 1364 1176 1402 non
1197 1363 1464 1418 possum.
1501 1347 1558 1402 Si
1603 1347 1746 1402 enim
1776 1347 1918 1402 bene
1946 1347 2106 1401 intel-

500 1438 730 1494 lexisses
761 1436 1218 1508 Carthaginenses
1241 1451 1479 1490 canones
1497 1435 1693 1507 quibus
1711 1435 1908 1490 dicitur
1923 1437 2101 1502 (conc.

499 1526 786 1597 (Carthag.
807 1541 884 1590 tv,
908 1541 1026 1580 can.
1059 1526 1183 1591 23):
1209 1546 1229 1574 ιι
1255 1525 1321 1579 Ut
1351 1524 1642 1594 episcopus
1665 1523 1860 1578 nullius
1881 1539 2106 1579 causam

497 1615 678 1670 audiat
709 1613 826 1668 sine
857 1613 1147 1684 praesentia
1167 1611 1491 1668 clericorum
1515 1629 1759 1678 suorum,
1793 1637 1814 1660 ιι
1840 1612 1893 1666 in
1912 1613 2014 1667 hac
2035 1613 2104 1667 de

498 1703 770 1758 auditione
803 1701 1066 1756 sententia
1095 1717 1203 1755 non
1235 1717 1448 1755 errares
1483 1719 1494 1755 :
1528 1717 1652 1757 cum
1679 1701 1785 1756 alio
1815 1717 1979 1756 sensu
2010 1716 2098 1755 aco
2121 1730 2174 1790 B

501 1791 812 1862 cipiendum
835 1791 904 1844 sit
959 1790 1104 1860 quod
1141 1789 1376 1844 Jacobus
1423 1789 1558 1843 dixit
1589 1791 1659 1844 ad
1687 1788 1914 1843 Paulum
1949 1806 1962 1842 :
1997 1789 2103 1844 Au-

502 1881 630 1934 dien
640 1879 817 1950 t,quin
836 1878 1090 1942 JudzeiJe
1111 1877 1806 1949 supervenisse(Act.xxt);
1831 1885 1884 1931 et
1906 1876 2103 1931 Paulus

499 1967 568 2024 de
590 1984 649 2022 se
674 1985 686 2022 :
711 1967 964 2023 Audiant
983 1983 1174 2022 omnes
1185 1969 1402 2036 gentes,
1427 1969 1484 2021 et
1505 1966 1770 2020 liberatus
1783 1982 1911 2020 sum
1927 1965 1992 2020 de
2009 1981 2102 2021 ore

501 2057 676 2112 leonis
699 2057 774 2124 (ΙΙ
804 2057 940 2110 Tim.
966 2054 1083 2124 tv);
1119 2062 1169 2110 et
1194 2054 1301 2108 alio
1334 2069 1497 2108 sensu
1527 2053 1671 2124 quod
1718 2053 1848 2108 dicit
1877 2052 1944 2107 ad
1989 2053 2098 2108 Co-

497 2143 728 2200 rinthios
761 2161 773 2196 :
807 2143 984 2198 Audio
1014 2143 1168 2198 inter
1192 2158 1280 2197 vos
1311 2142 1588 2197 scissuras
1605 2157 1743 2207 esse,
1777 2141 1831 2196 id
1853 2148 1933 2196 est
1951 2141 2100 2196 schi-

499 2241 694 2300 smata,
731 2237 786 2287 et
815 2235 1074 2304 exparte
1095 2231 1256 2286 credo
1277 2231 1327 2300 (ι
1346 2231 1466 2286 Cor.
1503 2234 1562 2300 ι).
1587 2229 1656 2284 Ει
1674 2229 1778 2284 alio
1795 2231 1940 2301 quod
1970 2230 2099 2285 item

439 2381 452 2392 _
495 2321 562 2375 ad
595 2336 691 2376 eos
720 2320 850 2375 dicit
881 2320 1158 2375 :Auditur
1177 2321 1333 2374 inter
1362 2335 1454 2375 vos
1482 2320 1786 2390 fornicatio
1810 2319 1990 2387 (lCor.
2016 2318 2094 2387 v);

494 2417 546 2463 et
575 2406 792 2463 Elifiliis
815 2409 928 2462 suis
963 2423 976 2462 :
1008 2408 1128 2464 Non
1158 2408 1297 2464 bona
1315 2411 1400 2462 est
1417 2410 1596 2478 fama,
1627 2425 1796 2480 quam
1813 2424 1907 2478 ego
1929 2407 2098 2463 audio

497 2497 564 2552 de
593 2497 741 2552 vobis
769 2497 952 2568 (Ilteg.
989 2494 1068 2566 ιι).
1101 2495 1254 2550 Unde
1267 2495 1574 2566 intelligere
1605 2495 1797 2562 debes,
1828 2495 1970 2550 inter
1999 2510 2096 2550 au-

494 2585 751 2640 ditionem
783 2593 832 2639 et
862 2583 1194 2638 auditionem
1221 2583 1306 2638 vel
1319 2583 1649 2638 audientiam
1681 2600 1804 2638 esse
1835 2582 2094 2638 differen-

496 2673 646 2738 tiam,
681 2673 816 2727 sicut
860 2680 914 2728 et
962 2671 1257 2742 Scriptura:
1287 2673 1676 2727 demonstrant.
1716 2673 1797 2726 De
1823 2671 2094 2726 audientia

495 2761 695 2833 quippe
723 2761 872 2815 Felix
891 2761 958 2814 ad
979 2760 1201 2814 Paulum
1238 2777 1250 2813 :
1285 2760 1526 2815 Audiam
1548 2765 1622 2826 te,
1643 2760 1834 2831 inquit,
1856 2777 1986 2816 cum
2005 2777 2092 2816 ae-

495 2853 780 2906 cusatores
795 2849 882 2903 tui
897 2849 1157 2904 venerint
1178 2848 1323 2911 (Act.
1356 2847 1528 2918 xxm)
1553 2866 1566 2912 ;
1587 2855 1640 2901 et
1660 2863 1897 2902 canones
1931 2863 1944 2902 ε
1969 2849 2093 2902 Νοιι

495 2946 708 3010 oportet
737 2953 941 3008 negare
969 2935 1298 2991 audientiam
1322 2935 1536 3008 roganti
1571 2953 1583 2989 :
1616 2944 1667 2990 et
1699 2936 1858 2990 aliter
1884 2935 2090 2991 intelli-

493 3027 672 3100 genda
702 3034 784 3082 est
812 3025 1016 3080 auditio
1060 3025 1114 3078 in
1150 3039 1215 3078 eo
1258 3023 1381 3079 loco
1426 3024 1516 3078 ubi
1561 3023 1754 3078 dicitur
1787 3042 1800 3077 :
1834 3025 2089 3090 Domine,

494 3117 685 3173 audivi
701 3115 1054 3171 auditionem
1079 3116 1243 3168 tuam
1265 3115 1319 3168 et
1339 3114 1508 3168 timui
1525 3113 1748 3180 (Habac.
1771 3113 1933 3182 m);et
1944 3112 2099 3167 aliter

493 3203 584 3258 ubi
623 3203 820 3259 dicitur
845 3204 1072 3258 :Justus
1107 3202 1173 3256 ab
1215 3202 1506 3256 auditione
1538 3202 1694 3256 mala
1723 3218 1840 3256 non
1878 3202 2099 3257 timebit

493 3292 668 3361 (Psal.
702 3293 806 3361 ιιι).
832 3289 1092 3346 Similiter
1107 3288 1472 3344 differentiam
1492 3289 1801 3362 intelligere
1818 3289 1987 3344 debes
2008 3289 2096 3343 in-

492 3389 577 3435 ter
604 3371 1134 3443 nominationemfet
1168 3377 1593 3432 nominationem
1625 3387 1787 3449 atque
1819 3378 2095 3450 cognitio-

493 3484 638 3532 nem,
662 3474 720 3522 ut
749 3467 876 3521 item
907 3465 1104 3520 Paulus
1135 3465 1261 3521 dicit
1297 3483 1310 3518 :
1345 3466 1402 3522 Si
1417 3466 1540 3538 quis
1559 3469 1744 3536 frater
1766 3468 2098 3522 nominatur

491 3558 808 3628 fornicator
826 3555 879 3626 (Ι
905 3556 1025 3610 Cor.
1056 3554 1114 3626 ν)
1146 3573 1159 3620 ;
1194 3562 1247 3608 et
1280 3571 1293 3608 :
1327 3556 1465 3610 Ecce
1494 3571 1590 3624 ego
1611 3555 1825 3609 Paulus
1851 3554 1972 3610 dico
1992 3570 2094 3610 vo-

493 3645 594 3701 bis.
610 3647 678 3700 Et
700 3645 924 3700 veniam
947 3645 1058 3699 cito
1079 3643 1151 3698 ad
1167 3661 1278 3712 vos,
1296 3643 1344 3698 si
1364 3643 1636 3699 Dominus
1660 3643 1919 3707 voluerit,
1941 3647 1996 3698 et
2011 3659 2098 3699 co-

492 3749 757 3803 gnoscam
785 3749 900 3788 non
921 3747 1236 3787 sermonem
1248 3747 1440 3786 eorum
1461 3731 1558 3803 qui
1589 3732 1782 3799 inﬂati
1811 3735 1967 3796 sunt,
1999 3732 2096 3788 sed

493 3823 766 3876 virtutem
789 3821 836 3889 (ξι
869 3821 988 3876 Cor.
1023 3819 1124 3888 ιν).
1175 3819 1312 3874 Hinc
1332 3819 1467 3874 sicut
1510 3819 1564 3872 in
1595 3819 1806 3890 legibus
1851 3827 2013 3890 atque
2040 3819 2097 3874 in

492 3908 794 3964 canonibus
848 3907 1140 3972 invenitur,
1177 3906 1316 3961 inter
1365 3905 1733 3980 COgnitionem
1795 3923 2012 3979 quoque
2043 3917 2096 3963 et

492 3997 827 4068 agnitionem
857 4013 980 4052 esse
1009 3993 1374 4051 differentiam
1395 3995 1702 4067 intelligere
1732 3996 1922 4062 debes,
1956 3997 2096 4053 sicut

491 4087 795 4141 ostenditur
824 4085 880 4139 in
910 4084 1108 4140 Africae
1137 4083 1436 4154 provinciae
1457 4083 1776 4150 canonibus,
1812 4085 1866 4139 in
1899 4085 2094 4157 quibus

493 4176 752 4246 scriptum
783 4184 866 4230 est
895 4179 1046 4245 (can.
1079 4173 1172 4244 ’71)
1205 4191 1216 4229 :
1257 4195 1280 4225 ‹‹
1317 4173 1639 4245 Quicunque
1669 4174 1738 4229 ab
1768 4173 2092 4244 imperatore

491 4265 860 4339 cognitionem
883 4263 1212 4334 judiciorum
1239 4263 1575 4334 publicorum
1625 4263 1964 4334 expetiverit,
1995 4264 2094 4318 ho-

490 4369 621 4409 nore
651 4353 875 4424 pr0prio
906 4353 1163 4423 privetur.
1194 4376 1215 4399 ιν
1251 4351 1357 4407 Sed
1386 4360 1437 4406 et
1476 4352 1603 4407 alibi
1634 4353 1798 4407 iidem
1829 4368 1891 4409 ac
1909 4352 2093 4408 Sardi-

2210 474 2377 520 stram
2408 482 2516 522 non
2553 468 2694 522 redit
2747 465 2891 539 quod
2921 481 3023 521 vox
3053 464 3238 521 divina
3284 465 3605 537 praecipiens
3632 465 3764 522 dicit
3795 484 3811 520 :
3885 499 3892 506 ο

2212 555 2399 610 Gratis
2429 556 2742 627 accepistis,
2776 555 2954 627 gratis
2983 555 3114 610 date
3154 555 3416 624 ?(Matth.
3447 557 3532 623 x.)
3563 556 3671 610 Cur
3699 570 3812 610 non

2208 650 2330 697 ante
2361 643 2558 697 mentis
2587 643 2777 698 oculos
2805 643 3096 707 revocatis,
3131 643 3277 714 quod
3305 642 3560 712 templum
3581 643 3815 698 Redem-

2209 739 2332 800 ptor
2348 739 2534 785 noster
2546 731 3148 801 ingressus,cathedras
3164 731 3512 786 vendentium
3529 729 3816 786 columbas

2208 819 2420 882 evertit,
2454 827 2506 873 et
2528 818 3005 874 nummulariorum
3040 817 3229 874 effudit
3258 835 3336 874 tes
3365 820 3394 874 ?
3425 818 3657 888 Quinam
3686 827 3816 873 sunt

2206 906 2263 960 in
2295 907 2492 978 templo
2521 907 2622 962 Dei
2651 907 2832 972 hodie,
2862 906 2952 978 qui
2983 907 3266 963 columbas
3294 908 3552 974 vendunt,
3585 907 3687 962 nisi
3718 907 3814 980 qui

2207 993 2262 1049 in
2291 995 2535 1051 Ecclesia
2562 994 2794 1066 pretium
2825 995 2893 1050 de
2922 995 3268 1065 impositione
3297 1011 3494 1050 manus
3513 995 3808 1066 accipiunt,

2205 1099 2306 1153 per
2363 1100 2527 1154 quam
2583 1082 2832 1138 videlicet
2890 1099 3080 1139 manus
3133 1083 3535 1154 impositionem
3573 1083 3812 1154 Spiritus

2206 1179 2426 1226 sanctus
2452 1171 2664 1226 caelitus
2691 1172 2850 1226 datur
2868 1171 2897 1226 ?
2924 1171 3189 1226 Columba
3215 1171 3376 1242 igitur
3393 1171 3660 1239 venditur,
3682 1171 3812 1242 quia

2206 1275 2398 1313 manus
2428 1259 2719 1329 impositio,
2753 1275 2852 1330 per
2881 1275 3040 1330 quam
3089 1259 3324 1330 Spiritus
3353 1268 3572 1316 sanctus
3599 1259 3810 1330 accipi-

2205 1356 2306 1415 tur,
2339 1348 2406 1402 ad
2465 1347 2700 1417 pretium
2758 1347 3037 1417 praebetur
3067 1365 3081 1401 :
3113 1347 3211 1402 sed
3267 1347 3598 1418 Redemptor
3623 1356 3814 1403 noster

2205 1435 2491 1490 cathedras
2521 1435 2868 1490 vendentium
2915 1435 3197 1491 columbas
3225 1435 3436 1504 evertit,
3469 1435 3593 1508 quia
3621 1435 3809 1491 talium

2203 1523 2601 1594 negotiatorum
2642 1523 3006 1580 sacerdotium
3052 1523 3298 1578 destruit.
3361 1524 3498 1579 Hinc
3551 1531 3636 1579 est
3663 1521 3811 1594 quod

2206 1611 2346 1666 sacri
2375 1627 2613 1667 canones
2657 1611 3006 1667 simoniacam
3036 1612 3289 1667 haeresim
3319 1612 3600 1678 damnant,
3630 1619 3683 1666 et
3710 1625 3809 1666 eos

2207 1699 2518 1756 sacerdotio
2564 1699 2764 1770 privari
2795 1700 3146 1771 praecipiunt,
3171 1700 3264 1772 qui
3290 1700 3358 1756 de
3387 1699 3682 1771 largiendis
3709 1715 3809 1755 or-

2203 1787 2420 1842 dinibus
2446 1787 2679 1858 pretium
2707 1797 2974 1860 quaerunt.
3009 1788 3274 1844 Cathedra
3299 1804 3432 1861 ergo
3457 1787 3809 1844 vendentium

2204 1876 2488 1930 columbas
2515 1876 2792 1942 evertitur,
2843 1877 3064 1948 quando
3093 1877 3170 1946 hi,
3205 1876 3298 1948 qui
3344 1876 3640 1948 spiritalem
3669 1892 3808 1948 gra-

2201 1963 2334 2019 tiam
2366 1965 2694 2032 venundant,
2728 1964 2814 2020 vel
2842 1973 2968 2020 ante
2997 1967 3286 2032 humanos,
3305 1965 3532 2021 velante
3547 1964 3648 2020 Dei
3674 1979 3806 2020 ocu-

2200 2052 2284 2108 los
2313 2053 2928 2124 sacerdotiOprivantur.
2959 2053 3077 2126 »:De
3109 2054 3208 2110 hac
3229 2053 3506 2128 agnitione
3534 2063 3586 2110 et
3608 2053 3805 2108 beatus

2199 2143 2536 2214 Augustinus
2580 2142 2636 2196 in
2691 2141 2832 2198 libro
2860 2142 2929 2198 de
2983 2143 3306 2198 Pmnitentia
3353 2143 3484 2198 dicit
3513 2144 3657 2212 (cap.
3691 2143 3749 2212 3)
3783 2159 3798 2196 :

2204 2252 2226 2280 α
2261 2229 2534 2302 Plerique,
2566 2229 2838 2302 inquiens.
2871 2231 3000 2286 boni
3029 2231 3318 2286 Christiani
3347 2239 3547 2298 tacent,
3568 2239 3623 2285 et
3645 2228 3808 2286 suffe-

2198 2327 2322 2373 runt
2351 2309 2578 2374 aliorum
2607 2328 2834 2389 peccata
2855 2336 2977 2392 quae
2999 2327 3289 2386 noverunt,
3317 2319 3444 2392 quia
3462 2317 3806 2375 documentis

2198 2423 2342 2478 smpe
2371 2407 2716 2475 deseruntur,
2755 2415 2812 2462 ut
2842 2424 2909 2462 ea
2939 2425 3060 2480 qum
3080 2408 3183 2479 ipsi
3213 2409 3389 2464 sciunt
3403 2407 3678 2477 judicibus
3705 2422 3800 2464 eo—

2197 2495 2520 2552 clesiasticis
2549 2496 2784 2566 probare
2815 2512 2924 2550 non
2953 2497 3182 2567 possint.
3215 2495 3474 2566 Quamvis
3503 2496 3647 2551 enim
3669 2509 3806 2551 vera

2197 2583 2304 2638 sint
2333 2584 2602 2655 quaedam,
2637 2600 2744 2639 non
2773 2593 2953 2640 tamen
2976 2584 3146 2653 judici
3175 2583 3334 2640 facile
3365 2584 3634 2641 credenda
3647 2592 3796 2652 sunt,

2193 2671 2298 2726 nisi
2327 2673 2490 2728 certis
2520 2671 2735 2728 indiciis
2758 2720 2760 2724 ν
2785 2673 3243 2728 demonstrentur.
3277 2674 3396 2728 Nos
3420 2687 3551 2728 vero
3579 2687 3614 2726 a
3641 2686 3799 2728 com-

2193 2760 2450 2816 munione
2478 2777 2808 2832 quemquam
2825 2761 3118 2832 prohibere
3151 2776 3259 2816 non
3280 2777 3590 2832 possumus,
3611 2775 3804 2832 quam-

2197 2849 2280 2903 vis
2309 2848 2428 2904 haec
2455 2849 2752 2919 prohibitio
2779 2849 3020 2904 nondum
3049 2849 3116 2904 sit
3145 2849 3406 2915 mortalis,
3439 2849 3534 2904 sed
3563 2849 3802 2904 medici-

2191 2936 2372 3001 nalis,-
2411 2936 2515 2990 nisi
2545 2945 2634 2991 aut
2682 2945 2874 3008 sponte
2929 2936 3238 2993 confessum
3260 2979 3276 3007 ,
3305 2946 3399 2992 aut
3428 2937 3631 3009 aliquo,
3681 2937 3802 2994 sive

2197 3025 2460 3090 saeculari,
2503 3025 2618 3080 sive
2649 3025 3018 3081 ecclesiastico
3057 3026 3264 3096 judicio
3291 3034 3603 3082 accusatum
3631 3033 3803 3097 atque

2126 3082 2176 3145 Ο
2196 3113 2520 3170 convictum.
2573 3113 2706 3182 Quis
2761 3114 2906 3169 enim
2937 3114 3040 3169 sibi
3080 3123 3371 3186 utrumque
3399 3115 3600 3170 audeat
3629 3130 3798 3169 assu-

2195 3217 2367 3269 mere,
2399 3209 2457 3256 ut
2511 3201 2763 3274 cuiquam
2821 3201 2938 3274 ipse
2995 3202 3066 3257 sit
3109 3211 3162 3258 et
3189 3211 3474 3260 accusator
3504 3211 3558 3258 et
3581 3203 3800 3272 judex?

2194 3291 2315 3345 Non
2346 3291 2488 3346 enim
2509 3298 2717 3346 temere
2747 3299 2799 3346 et
2830 3291 3258 3363 quomodolibet,
3281 3292 3379 3346 sed
3407 3307 3508 3362 per
3529 3291 3802 3361 judicium

2195 3378 2264 3433 ab
2291 3379 2554 3434 Ecclesiae
2599 3379 2983 3436 communione
3013 3379 3307 3451 separandi
3327 3389 3454 3435 sunt
3481 3379 3628 3444 mali,
3660 3387 3720 3434 ut
3748 3378 3802 3434 si

2195 3482 2292 3537 per
2311 3467 2576 3537 judicium
2607 3467 2810 3524 auferri
2855 3483 2966 3524 non
2997 3477 3258 3538 possunt,
3293 3467 3586 3524 tolerantur
3613 3467 3802 3540 potius

2195 3555 2341 3610 velut
2383 3557 2537 3626 palea
2567 3573 2693 3612 cum
2740 3556 2938 3622 tritico,
2979 3573 3154 3628 usque
3182 3558 3252 3612 ad
3284 3557 3529 3612 ultimum
3557 3557 3800 3612 ventila-

2197 3644 2373 3709 brum,
2407 3644 2492 3700 vel
2521 3645 2700 3716 pisces
2730 3645 2856 3701 mali
2878 3661 3000 3702 cum
3037 3645 3195 3701 bonis
3221 3661 3394 3717 usque
3421 3645 3490 3701 ad
3520 3660 3798 3718 segrega-

2197 3733 2418 3796 tionem,
2450 3749 2572 3804 quae
2587 3733 2766 3788 futura
2787 3743 2868 3788 est
2895 3733 3160 3801 inlittore,
3195 3735 3298 3790 hoc
3327 3733 3495 3789 estin
3527 3731 3636 3788 fine
3684 3750 3798 3790 saa-

2195 3821 2320 3876 culi.
2363 3845 2382 3868 ιι
2412 3823 2493 3876 De
2539 3838 2643 3892 qua
2671 3821 2948 3894 agnitione
3005 3822 3076 3876 ad
3105 3838 3190 3877 me
3218 3830 3502 3893 perventa,
3535 3821 3678 3878 bene
3706 3838 3801 3878 re-

2195 3909 2408 3965 minisci
2438 3918 2594 3980 potes
2621 3926 2708 3966 me
2729 3911 2844 3980 jam
2876 3918 2926 3965 te
2953 3910 3378 3977 commonuisse,
3409 3909 3666 3982 quoniam
3695 3927 3802 3981 per

2193 3998 2394 4053 multos
2441 3998 2643 4066 audivi,
2685 3999 2781 4055 sed
2811 4007 2865 4054 et
2890 4015 3066 4071 usque
3095 3999 3166 4054 ad
3208 4015 3369 4054 aures
3397 3999 3604 4054 domini
3640 3998 3799 4070 regis
3835 4027 3843 4034 -

2193 4082 2456 4153 pervenit,
2490 4082 2612 4154 quia
2659 4091 2712 4137 et
2754 4083 2822 4138 de
2851 4083 3196 4154 impositione
3223 4098 3416 4138 manus
3467 4083 3523 4137 in
3563 4083 3798 4138 ordina-

2194 4171 2338 4226 tione
2379 4171 2873 4228 ecclesiasticorum
2904 4173 3172 4245 graduum
3197 4215 3211 4239 ,
3236 4172 3395 4227 etiam
3423 4187 3458 4227 a
3487 4187 3653 4227 manu
3683 4188 3802 4226 mu-

2193 4276 2326 4316 nera
2380 4260 2716 4332 accipiebas,
2777 4269 2830 4316 et
2887 4261 2957 4316 de
3001 4260 3353 4317 ecclesiarum
3382 4261 3622 4328 datione,
3671 4276 3796 4333 qua

2193 4349 2352 4404 etiam
2369 4364 2494 4414 .non
2535 4349 2769 4420 amplius
2799 4363 2961 4420 quam
3009 4349 3189 4404 dotem
3221 4365 3395 4414 suam,
3428 4349 3484 4404 id
3527 4357 3610 4404 est
3637 4364 3798 4404 man-

490 4458 684 4498 censes
723 4457 965 4496 canones
1011 4440 1251 4510 glossam
1292 4440 1616 4510 cognitionis
1653 4441 1978 4512 exprimunt.
2025 4442 2092 4496 Et
2121 4435 2332 4501 Dsum,
2355 4454 2517 4509 quem
2549 4439 2647 4492 sub
2675 4437 3034 4501 immunitate,
3069 4437 3208 4494 sicut
3235 4438 3292 4492 in
3337 4437 3588 4508 capitulis
3617 4437 3800 4494 eccle-

493 4538 716 4586 sanctus
747 4528 1050 4601 Gregorius
1080 4528 1132 4580 in
1164 4527 1382 4582 homilia
1413 4528 1697 4600 Evangelii
1727 4528 2092 4584 differentiam

495 4618 806 4692 agnitionis,
851 4633 975 4688 qua:
1014 4614 1506 4688 significationibus
1533 4616 1619 4671 vel
1649 4616 1825 4671 relatu
1855 4617 2090 4688 percipi-

495 4716 595 4774 tur,
627 4717 685 4762 ut
708 4707 902 4762 Paulus
937 4723 950 4759 :
982 4705 1379 4778 Signiﬁcatum
1399 4709 1483 4760 est
1499 4705 1642 4760 mihi
1670 4705 1736 4760 de
1753 4705 1898 4761 vobis
1918 4707 1985 4761 ab
2005 4705 2092 4760 his

494 4797 590 4865 qui
606 4801 742 4850 sunt
796 4797 988 4852 Chloes
1020 4795 1067 4864 (Ι
1101 4795 1221 4850 Cor.
1253 4792 1314 4864 ι),
1343 4801 1395 4848 et
1434 4793 1662 4864 reliqua,
1697 4808 1729 4848 a
1759 4793 2090 4866 cognitione,

495 4898 615 4952 quae
646 4883 808 4952 legali
825 4899 889 4939 ac
912 4883 1370 4958 regularijudicio
1395 4882 1743 4954 comperitur,
1763 4881 2094 4938 demonstrat

495 4969 724 5042 loquens
755 4971 821 5024 ad
853 4973 1140 5044 episcOpos
1169 4972 1238 5026 de
1269 4970 1580 5027 Simoniaca
1611 4970 1828 5037 haeresi,
1861 4988 2022 5044 quam
2047 4971 2094 5026 si

493 5075 593 5129 per
619 5059 983 5130 cognitionem
1013 5060 1066 5114 in
1088 5060 1339 5130 personis
1369 5060 1535 5115 certis
1553 5068 1860 5130 compertus
1883 5060 2090 5130 fuisset,

494 5147 610 5202 sine
635 5147 838 5217 judicio
867 5148 1238 5205 ecclesiastico
1266 5165 1377 5204 non
1408 5148 1722 5204 dimisisset.
1745 5173 1767 5196 «
1790 5145 1976 5216 Vobis,
2010 5151 2093 5205 in-

494 5236 608 5308 quit
637 5235 831 5310 (Greg.
866 5238 1012 5292 hom.
1053 5239 1119 5290 l7
1147 5239 1211 5292 in
1235 5237 1502 5308 Evang.),
1537 5237 1874 5304 sacerdotes,
1900 5239 2093 5312 lugens

493 5325 704 5399 loquor,
735 5328 861 5399 qu'a
890 5325 1181 5382 nonnullos
1215 5334 1460 5382 vestrum
1489 5341 1614 5382 cum
1643 5327 1882 5398 prmmiis
1913 5327 2094 5386 facere

493 5413 862 5474 ordinationes
890 5415 1234 5490 agnovimus,
1269 5415 1561 5495 spiritalem
1577 5416 1810 5490 gratiam
1831 5419 2091 5485 vendere,

494 5520 544 5568 et
573 5512 641 5570 de
676 5511 870 5569 alienis
889 5511 1260 5586 iniquitatibus
1304 5527 1427 5569 cum
1469 5514 1676 5584 peccati
1721 5515 1922 5572 damno
1949 5505 2093 5571 tem-

2190 4525 2425 4582 siasticis
2444 4526 2769 4593 continetur,
2801 4527 3002 4582 habent
3031 4543 3154 4582 cum
3175 4526 3383 4582 decima
3401 4526 3644 4582 ﬁdelium
3662 4543 3801 4598 prte-

2191 4615 2301 4668 mia
2321 4613 2663 4685 requirebas,
2696 4622 2749 4669 et
2777 4630 2810 4669 a
2838 4613 3131 4670 diffamatis
3147 4615 3498 4688 presbyteris,
3523 4630 3594 4671 ne
3609 4616 3798 4672 discu-

2191 4710 2434 4757 terentur
2456 4745 2468 4769 ,
2530 4702 2962 4774 redemptionem
3019 4704 3348 4776 accipiebas.
3412 4703 3568 4761 Unde
3627 4713 3679 4761 et
3724 4705 3797 4760 ab

2193 4790 2440 4847 ecclesiae
2461 4799 2565 4846 tua:
2586 4789 2709 4846 ﬁliis
2727 4792 2900 4848 isdem
2919 4793 3153 4848 domnus
3177 4809 3273 4849 rex
3295 4793 3576 4849 veritatem
3599 4793 3794 4850 audire

2191 4878 2458 4952 quaesivit,
2493 4887 2544 4934 et
2574 4879 2984 4951 requisitionem
3005 4925 3018 4947 ,
3053 4881 3446 4938 interveniente
3494 4881 3588 4938 tali
3623 4897 3796 4938 causa

2193 4985 2315 5040 qua:
2345 4977 2474 5024 nota
2505 4976 2607 5033 est,
2638 4971 2894 5043 prosequi
2925 4971 3144 5040 destitit,
3180 4971 3384 5043 tibique
3440 4983 3602 5044 quam
3631 4970 3792 5026 terri-

2131 5062 2134 5067 '
2191 5057 2351 5112 bilius
2379 5058 2549 5130 potui,
2581 5057 2854 5126 interdixi,
2887 5069 2944 5114 ut
2964 5061 3048 5115 his
3077 5059 3410 5116 facinoribus
3438 5059 3588 5116 nullo
3624 5060 3791 5116 modo

2191 5147 2640 5202 communicares.
2664 5147 2771 5203 Sed
2801 5157 2855 5204 et
2875 5157 3000 5204 ante
3028 5149 3202 5204 altare
3214 5157 3417 5205 sach
3437 5147 3640 5216 Marini,
3665 5157 3792 5204 ante

2193 5235 2339 5307 quod
2381 5235 2669 5308 episcopus
2711 5253 2772 5292 es
2799 5238 3099 5304 ordinatus,
3135 5254 3167 5292 a
3209 5255 3298 5294 me
3329 5238 3536 5294 dictum
3565 5237 3789 5305 audisti,

2193 5332 2246 5381 et
2275 5325 2550 5398 accepisti,
2575 5325 2622 5381 si
2653 5325 2791 5382 forte
2827 5327 3120 5397 obaudisti,
3153 5335 3208 5383 et
3252 5335 3437 5384 mente
3475 5325 3790 5395 condidisti,

2193 5421 2250 5469 ut
2266 5414 2413 5486 quod
2441 5415 2612 5491 gratis
2661 5416 2940 5489 accepisti,
2969 5417 3138 5492 gratis
3165 5416 3330 5474 etiam
3349 5417 3469 5474 aliis
3487 5417 3796 5474 secundum

2192 5519 2525 5585 praeceptum
2552 5513 2770 5569 Domini
2801 5513 2962 5570 dares
3010 5513 3229 5586 (Matth.
3261 5513 3324 5583 χ)
3356 5531 3370 5568 :
3404 5513 3534 5586 quia
3562 5513 3797 5572 dextera
