  <div class='ocr_page' id='page_1' title='image "/cluster/home/n/w/nwhite01/storage/ocr_20150623/126/umn.31951002477419r/246.png"; bbox 0 0 4164 6298; ppageno 0'>
   <div class='ocr_carea' id='block_1_1' title="bbox 257 299 359 353">
    <p class='ocr_par' dir='ltr' id='par_1_1' title="bbox 257 299 359 353">
     <span class='ocr_line' id='line_1_1' title="bbox 257 299 359 353; baseline 0 -2"><span class='ocrx_word' id='word_1_1' title='bbox 257 299 359 353; x_wconf 69' lang='grc'><strong>418</strong></span> 
     </span>
    </p>
   </div>
   <div class='ocr_carea' id='block_1_2' title="bbox 947 293 2742 353">
    <p class='ocr_par' dir='ltr' id='par_1_2' title="bbox 947 293 2742 353">
     <span class='ocr_line' id='line_1_2' title="bbox 947 293 2742 353; baseline 0 -3"><span class='ocrx_word' id='word_1_2' title='bbox 947 296 1196 353; x_wconf 83' lang='lat' dir='ltr'><strong>OPUSC.</strong></span> <span class='ocrx_word' id='word_1_3' title='bbox 1249 297 1341 352; x_wconf 84' lang='lat' dir='ltr'><strong>ET</strong></span> <span class='ocrx_word' id='word_1_4' title='bbox 1394 297 1614 353; x_wconf 85' lang='lat' dir='ltr'><strong>EPIST.</strong></span> <span class='ocrx_word' id='word_1_5' title='bbox 1647 296 1720 350; x_wconf 83' lang='lat' dir='ltr'><strong>IN</strong></span> <span class='ocrx_word' id='word_1_6' title='bbox 1767 293 1993 350; x_wconf 76' lang='lat' dir='ltr'><strong>CAUSA</strong></span> <span class='ocrx_word' id='word_1_7' title='bbox 2049 296 2389 352; x_wconf 78' lang='lat' dir='ltr'><strong>HINCMARI</strong></span> <span class='ocrx_word' id='word_1_8' title='bbox 2437 298 2742 353; x_wconf 83' lang='lat' dir='ltr'><strong>LAUDUN.</strong></span> 
     </span>
    </p>
   </div>
   <div class='ocr_carea' id='block_1_3' title="bbox 3467 303 3572 359">
    <p class='ocr_par' dir='ltr' id='par_1_3' title="bbox 3467 303 3572 359">
     <span class='ocr_line' id='line_1_3' title="bbox 3467 303 3572 359; baseline 0.029 -3"><span class='ocrx_word' id='word_1_9' title='bbox 3467 303 3572 359; x_wconf 66' lang='grc' dir='ltr'><strong>ηε</strong></span> 
     </span>
    </p>
   </div>
   <div class='ocr_carea' id='block_1_4' title="bbox 265 415 3574 496">
    <p class='ocr_par' dir='ltr' id='par_1_4' title="bbox 265 415 3574 496">
     <span class='ocr_line' id='line_1_4' title="bbox 265 415 3574 496; baseline 0.001 -20"><span class='ocrx_word' id='word_1_10' title='bbox 265 421 330 476; x_wconf 75' lang='grc' dir='ltr'>ιὰ</span> <span class='ocrx_word' id='word_1_11' title='bbox 357 421 596 492; x_wconf 76' lang='lat' dir='ltr'><strong>pretium</strong></span> <span class='ocrx_word' id='word_1_12' title='bbox 626 419 1012 486; x_wconf 88' lang='lat' dir='ltr'><strong>ordinantium,</strong></span> <span class='ocrx_word' id='word_1_13' title='bbox 1045 421 1265 476; x_wconf 78' lang='lat' dir='ltr'><strong>dextera</strong></span> <span class='ocrx_word' id='word_1_14' title='bbox 1293 429 1376 475; x_wconf 90' lang='lat' dir='ltr'><strong>est</strong></span> <span class='ocrx_word' id='word_1_15' title='bbox 1404 420 1717 492; x_wconf 78' lang='lat' dir='ltr'><strong>iniquitatis.</strong></span> <span class='ocrx_word' id='word_1_16' title='bbox 1753 419 1863 476; x_wconf 85' lang='lat' dir='ltr'><strong>Sed</strong></span> <span class='ocrx_word' id='word_1_17' title='bbox 1891 415 1948 477; x_wconf 80' lang='grc' dir='ltr'><strong>Α</strong></span> <span class='ocrx_word' id='word_1_18' title='bbox 1967 419 2099 475; x_wconf 89' lang='lat' dir='ltr'><strong>foris</strong></span> <span class='ocrx_word' id='word_1_19' title='bbox 2127 435 2344 492; x_wconf 91' lang='lat' dir='ltr'><strong>quoque</strong></span> <span class='ocrx_word' id='word_1_20' title='bbox 2375 419 2468 475; x_wconf 89' lang='lat' dir='ltr'><strong>diu</strong></span> <span class='ocrx_word' id='word_1_21' title='bbox 2498 427 2642 475; x_wconf 86' lang='lat' dir='ltr'><strong>stare</strong></span> <span class='ocrx_word' id='word_1_22' title='bbox 2691 435 2800 474; x_wconf 90' lang='lat' dir='ltr'><strong>non</strong></span> <span class='ocrx_word' id='word_1_23' title='bbox 2847 421 3063 490; x_wconf 89' lang='lat' dir='ltr'><strong>poterit.</strong></span> <span class='ocrx_word' id='word_1_24' title='bbox 3108 422 3323 478; x_wconf 84' lang='lat' dir='ltr'><strong>Scimus</strong></span> <span class='ocrx_word' id='word_1_25' title='bbox 3369 424 3574 496; x_wconf 85' lang='lat' dir='ltr'><strong>quippe</strong></span> 
     </span>
    </p>
   </div>
   <div class='ocr_carea' id='block_1_5' title="bbox 269 507 1876 581">
    <p class='ocr_par' dir='ltr' id='par_1_5' title="bbox 269 507 1876 581">
     <span class='ocr_line' id='line_1_5' title="bbox 269 507 1876 581; baseline -0.002 -15"><span class='ocrx_word' id='word_1_26' title='bbox 269 517 320 566; x_wconf 83' lang='lat' dir='ltr'><strong>et</strong></span> <span class='ocrx_word' id='word_1_27' title='bbox 339 508 563 581; x_wconf 87' lang='lat' dir='ltr'><strong>quando</strong></span> <span class='ocrx_word' id='word_1_28' title='bbox 594 508 712 564; x_wconf 65' lang='lat' dir='ltr'><strong>haec</strong></span> <span class='ocrx_word' id='word_1_29' title='bbox 742 507 810 562; x_wconf 92' lang='lat' dir='ltr'><strong>de</strong></span> <span class='ocrx_word' id='word_1_30' title='bbox 859 515 910 562; x_wconf 89' lang='lat' dir='ltr'><strong>te</strong></span> <span class='ocrx_word' id='word_1_31' title='bbox 937 507 1139 573; x_wconf 87' lang='lat' dir='ltr'><strong>audivi,</strong></span> <span class='ocrx_word' id='word_1_32' title='bbox 1173 517 1224 563; x_wconf 90' lang='lat' dir='ltr'><strong>et</strong></span> <span class='ocrx_word' id='word_1_33' title='bbox 1264 524 1295 562; x_wconf 91' lang='lat' dir='ltr'><strong>a</strong></span> <span class='ocrx_word' id='word_1_34' title='bbox 1341 509 1542 564; x_wconf 91' lang='lat' dir='ltr'><strong>domno</strong></span> <span class='ocrx_word' id='word_1_35' title='bbox 1590 524 1724 581; x_wconf 87' lang='lat' dir='ltr'><strong>rege</strong></span> <span class='ocrx_word' id='word_1_36' title='bbox 1761 508 1876 563; x_wconf 62' lang='lat' dir='ltr'><strong>hac</strong></span> 
     </span>
    </p>
   </div>
   <div class='ocr_carea' id='block_1_6' title="bbox 272 596 1874 670">
    <p class='ocr_par' dir='ltr' id='par_1_6' title="bbox 272 596 1874 670">
     <span class='ocr_line' id='line_1_6' title="bbox 272 596 1874 670; baseline -0.001 -17"><span class='ocrx_word' id='word_1_37' title='bbox 272 598 571 670; x_wconf 82' lang='lat' dir='ltr'><strong>requisisse</strong></span> <span class='ocrx_word' id='word_1_38' title='bbox 592 596 948 668; x_wconf 86' lang='lat' dir='ltr'><strong>cognovi,tibi</strong></span> <span class='ocrx_word' id='word_1_39' title='bbox 967 605 1018 651; x_wconf 89' lang='lat' dir='ltr'><strong>et</strong></span> <span class='ocrx_word' id='word_1_40' title='bbox 1037 598 1351 668; x_wconf 73' lang='lat' dir='ltr'><strong>prmscripta</strong></span> <span class='ocrx_word' id='word_1_41' title='bbox 1373 599 1542 652; x_wconf 89' lang='lat' dir='ltr'><strong>verba</strong></span> <span class='ocrx_word' id='word_1_42' title='bbox 1559 597 1704 653; x_wconf 82' lang='lat' dir='ltr'><strong>beati</strong></span> <span class='ocrx_word' id='word_1_43' title='bbox 1729 598 1874 652; x_wconf 93' lang='lat' dir='ltr'><strong>Gre-</strong></span> 
     </span>
    </p>
   </div>
   <div class='ocr_carea' id='block_1_7' title="bbox 273 685 1874 759">
    <p class='ocr_par' dir='ltr' id='par_1_7' title="bbox 273 685 1874 759">
     <span class='ocr_line' id='line_1_7' title="bbox 273 685 1874 759; baseline -0.002 -17"><span class='ocrx_word' id='word_1_44' title='bbox 273 687 414 759; x_wconf 91' lang='lat' dir='ltr'><strong>gorii</strong></span> <span class='ocrx_word' id='word_1_45' title='bbox 439 685 573 751; x_wconf 83' lang='lat' dir='ltr'><strong>dixi,</strong></span> <span class='ocrx_word' id='word_1_46' title='bbox 595 693 649 740; x_wconf 90' lang='lat' dir='ltr'><strong>et</strong></span> <span class='ocrx_word' id='word_1_47' title='bbox 665 687 782 740; x_wconf 69' lang='lat' dir='ltr'><strong>haec</strong></span> <span class='ocrx_word' id='word_1_48' title='bbox 805 702 927 757; x_wconf 66' lang='lat' dir='ltr'><strong>quae</strong></span> <span class='ocrx_word' id='word_1_49' title='bbox 942 685 1344 757; x_wconf 90' lang='lat' dir='ltr'><strong>subsequuntur</strong></span> <span class='ocrx_word' id='word_1_50' title='bbox 1364 687 1642 742; x_wconf 78' lang='lat' dir='ltr'><strong>inculcare</strong></span> <span class='ocrx_word' id='word_1_51' title='bbox 1665 685 1874 750; x_wconf 81' lang='lat' dir='ltr'><strong>curavi,</strong></span> 
     </span>
    </p>
   </div>
   <div class='ocr_carea' id='block_1_8' title="bbox 273 772 1875 846">
    <p class='ocr_par' dir='ltr' id='par_1_8' title="bbox 273 772 1875 846">
     <span class='ocr_line' id='line_1_8' title="bbox 273 772 1875 846; baseline -0.002 -16"><span class='ocrx_word' id='word_1_52' title='bbox 273 775 472 846; x_wconf 85' lang='lat' dir='ltr'><strong>quibus</strong></span> <span class='ocrx_word' id='word_1_53' title='bbox 502 775 556 829; x_wconf 93' lang='lat' dir='ltr'><strong>in</strong></span> <span class='ocrx_word' id='word_1_54' title='bbox 606 772 827 828; x_wconf 90' lang='lat' dir='ltr'><strong>homilia</strong></span> <span class='ocrx_word' id='word_1_55' title='bbox 860 773 1142 846; x_wconf 80' lang='lat' dir='ltr'><strong>Evangelii</strong></span> <span class='ocrx_word' id='word_1_56' title='bbox 1190 774 1471 844; x_wconf 89' lang='lat' dir='ltr'><strong>trigesima</strong></span> <span class='ocrx_word' id='word_1_57' title='bbox 1507 789 1649 828; x_wconf 91' lang='lat' dir='ltr'><strong>nona</strong></span> <span class='ocrx_word' id='word_1_58' title='bbox 1699 773 1829 828; x_wconf 91' lang='lat' dir='ltr'><strong>dicit</strong></span> <span class='ocrx_word' id='word_1_59' title='bbox 1863 791 1875 827; x_wconf 94' lang='lat'>:</span> 
     </span>
    </p>
   </div>
   <div class='ocr_carea' id='block_1_9' title="bbox 277 861 1881 933">
    <p class='ocr_par' dir='ltr' id='par_1_9' title="bbox 277 861 1881 933">
     <span class='ocr_line' id='line_1_9' title="bbox 277 861 1881 933; baseline 0.002 -21"><span class='ocrx_word' id='word_1_60' title='bbox 277 885 297 912; x_wconf 73' lang='grc' dir='ltr'><strong>α</strong></span> <span class='ocrx_word' id='word_1_61' title='bbox 333 864 642 933; x_wconf 88' lang='lat' dir='ltr'><strong>Ingressus,</strong></span> <span class='ocrx_word' id='word_1_62' title='bbox 676 861 869 932; x_wconf 87' lang='lat' dir='ltr'><strong>inquit,</strong></span> <span class='ocrx_word' id='word_1_63' title='bbox 900 861 1164 916; x_wconf 81' lang='lat' dir='ltr'><strong>Dominus</strong></span> <span class='ocrx_word' id='word_1_64' title='bbox 1193 862 1351 916; x_wconf 87' lang='lat' dir='ltr'><strong>Jesus</strong></span> <span class='ocrx_word' id='word_1_65' title='bbox 1382 863 1664 932; x_wconf 89' lang='lat' dir='ltr'><strong>templum,</strong></span> <span class='ocrx_word' id='word_1_66' title='bbox 1715 875 1881 931; x_wconf 73' lang='lat' dir='ltr'><strong>cceptt</strong></span> 
     </span>
    </p>
   </div>
   <div class='ocr_carea' id='block_1_10' title="bbox 272 945 1880 1015">
    <p class='ocr_par' dir='ltr' id='par_1_10' title="bbox 272 945 1880 1015">
     <span class='ocr_line' id='line_1_10' title="bbox 272 945 1880 1015; baseline -0.003 -13"><span class='ocrx_word' id='word_1_67' title='bbox 272 947 470 1015; x_wconf 80' lang='lat' dir='ltr'><strong>ejicere</strong></span> <span class='ocrx_word' id='word_1_68' title='bbox 486 946 786 1000; x_wconf 89' lang='lat' dir='ltr'><strong>vendentes</strong></span> <span class='ocrx_word' id='word_1_69' title='bbox 805 952 858 1000; x_wconf 91' lang='lat' dir='ltr'><strong>et</strong></span> <span class='ocrx_word' id='word_1_70' title='bbox 880 952 1125 1000; x_wconf 83' lang='lat' dir='ltr'><strong>ementes</strong></span> <span class='ocrx_word' id='word_1_71' title='bbox 1143 945 1212 1000; x_wconf 92' lang='lat' dir='ltr'><strong>de</strong></span> <span class='ocrx_word' id='word_1_72' title='bbox 1232 945 1323 1000; x_wconf 91' lang='lat' dir='ltr'><strong>illo</strong></span> <span class='ocrx_word' id='word_1_73' title='bbox 1349 948 1502 1011; x_wconf 81' lang='lat' dir='ltr'><strong>(Luc.</strong></span> <span class='ocrx_word' id='word_1_74' title='bbox 1540 946 1687 1012; x_wconf 70' lang='lat' dir='ltr'><strong>xxx).</strong></span> <span class='ocrx_word' id='word_1_75' title='bbox 1729 945 1880 1000; x_wconf 91' lang='lat' dir='ltr'><strong>Sicut</strong></span> 
     </span>
    </p>
   </div>
   <div class='ocr_carea' id='block_1_11' title="bbox 273 1032 1883 1105">
    <p class='ocr_par' dir='ltr' id='par_1_11' title="bbox 273 1032 1883 1105">
     <span class='ocr_line' id='line_1_11' title="bbox 273 1032 1883 1105; baseline -0.002 -16"><span class='ocrx_word' id='word_1_76' title='bbox 273 1035 536 1105; x_wconf 90' lang='lat' dir='ltr'><strong>templum</strong></span> <span class='ocrx_word' id='word_1_77' title='bbox 567 1034 668 1089; x_wconf 89' lang='lat' dir='ltr'><strong>Dei</strong></span> <span class='ocrx_word' id='word_1_78' title='bbox 697 1034 753 1088; x_wconf 93' lang='lat' dir='ltr'><strong>in</strong></span> <span class='ocrx_word' id='word_1_79' title='bbox 781 1033 997 1088; x_wconf 87' lang='lat' dir='ltr'><strong>civitate</strong></span> <span class='ocrx_word' id='word_1_80' title='bbox 1042 1041 1144 1101; x_wconf 89' lang='lat' dir='ltr'><strong>est,</strong></span> <span class='ocrx_word' id='word_1_81' title='bbox 1193 1033 1263 1086; x_wconf 90' lang='lat' dir='ltr'><strong>ita</strong></span> <span class='ocrx_word' id='word_1_82' title='bbox 1320 1042 1374 1088; x_wconf 90' lang='lat' dir='ltr'><strong>et</strong></span> <span class='ocrx_word' id='word_1_83' title='bbox 1429 1035 1483 1086; x_wconf 90' lang='lat' dir='ltr'><strong>in</strong></span> <span class='ocrx_word' id='word_1_84' title='bbox 1521 1035 1682 1104; x_wconf 88' lang='lat' dir='ltr'><strong>plebe</strong></span> <span class='ocrx_word' id='word_1_85' title='bbox 1734 1032 1883 1103; x_wconf 71' lang='lat' dir='ltr'><strong>fideli</strong></span> 
     </span>
    </p>
   </div>
   <div class='ocr_carea' id='block_1_12' title="bbox 274 1121 1881 1194">
    <p class='ocr_par' dir='ltr' id='par_1_12' title="bbox 274 1121 1881 1194">
     <span class='ocr_line' id='line_1_12' title="bbox 274 1121 1881 1194; baseline -0.002 -16"><span class='ocrx_word' id='word_1_86' title='bbox 274 1125 376 1178; x_wconf 89' lang='lat' dir='ltr'><strong>vita</strong></span> <span class='ocrx_word' id='word_1_87' title='bbox 408 1122 809 1194; x_wconf 83' lang='lat' dir='ltr'><strong>religiosorum.</strong></span> <span class='ocrx_word' id='word_1_88' title='bbox 842 1122 910 1175; x_wconf 90' lang='lat' dir='ltr'><strong>Et</strong></span> <span class='ocrx_word' id='word_1_89' title='bbox 952 1137 1098 1191; x_wconf 66' lang='lat' dir='ltr'><strong>saepe</strong></span> <span class='ocrx_word' id='word_1_90' title='bbox 1146 1121 1390 1176; x_wconf 88' lang='lat' dir='ltr'><strong>nonnulli</strong></span> <span class='ocrx_word' id='word_1_91' title='bbox 1436 1121 1678 1193; x_wconf 81' lang='lat' dir='ltr'><strong>regionis</strong></span> <span class='ocrx_word' id='word_1_92' title='bbox 1719 1121 1881 1175; x_wconf 89' lang='lat' dir='ltr'><strong>habi-</strong></span> 
     </span>
    </p>
   </div>
   <div class='ocr_carea' id='block_1_13' title="bbox 275 1209 1881 1276">
    <p class='ocr_par' dir='ltr' id='par_1_13' title="bbox 275 1209 1881 1276">
     <span class='ocr_line' id='line_1_13' title="bbox 275 1209 1881 1276; baseline -0.003 -9"><span class='ocrx_word' id='word_1_93' title='bbox 275 1221 385 1267; x_wconf 90' lang='lat' dir='ltr'><strong>tum</strong></span> <span class='ocrx_word' id='word_1_94' title='bbox 443 1218 682 1276; x_wconf 90' lang='lat' dir='ltr'><strong>sumunt,</strong></span> <span class='ocrx_word' id='word_1_95' title='bbox 761 1218 814 1264; x_wconf 91' lang='lat' dir='ltr'><strong>et</strong></span> <span class='ocrx_word' id='word_1_96' title='bbox 873 1209 1004 1263; x_wconf 90' lang='lat' dir='ltr'><strong>dum</strong></span> <span class='ocrx_word' id='word_1_97' title='bbox 1059 1225 1338 1264; x_wconf 89' lang='lat' dir='ltr'><strong>sacrorum</strong></span> <span class='ocrx_word' id='word_1_98' title='bbox 1393 1209 1641 1263; x_wconf 90' lang='lat' dir='ltr'><strong>ordinum</strong></span> <span class='ocrx_word' id='word_1_99' title='bbox 1702 1210 1881 1264; x_wconf 91' lang='lat' dir='ltr'><strong>locum</strong></span> 
     </span>
    </p>
   </div>
   <div class='ocr_carea' id='block_1_14' title="bbox 275 1295 1882 1371">
    <p class='ocr_par' dir='ltr' id='par_1_14' title="bbox 275 1295 1882 1371">
     <span class='ocr_line' id='line_1_14' title="bbox 275 1295 1882 1371; baseline -0.003 -16"><span class='ocrx_word' id='word_1_100' title='bbox 275 1300 603 1371; x_wconf 90' lang='lat' dir='ltr'><strong>percipiunt,</strong></span> <span class='ocrx_word' id='word_1_101' title='bbox 637 1305 838 1352; x_wconf 65' lang='lat' dir='ltr'><strong>sanctas</strong></span> <span class='ocrx_word' id='word_1_102' title='bbox 885 1297 1165 1367; x_wconf 88' lang='lat' dir='ltr'><strong>religionis</strong></span> <span class='ocrx_word' id='word_1_103' title='bbox 1213 1295 1447 1352; x_wconf 74' lang='lat' dir='ltr'><strong>ofﬁcium</strong></span> <span class='ocrx_word' id='word_1_104' title='bbox 1495 1297 1549 1350; x_wconf 93' lang='lat' dir='ltr'><strong>in</strong></span> <span class='ocrx_word' id='word_1_105' title='bbox 1606 1313 1882 1352; x_wconf 89' lang='lat' dir='ltr'><strong>commer-</strong></span> 
     </span>
    </p>
   </div>
   <div class='ocr_carea' id='block_1_15' title="bbox 276 1384 1882 1458">
    <p class='ocr_par' dir='ltr' id='par_1_15' title="bbox 276 1384 1882 1458">
     <span class='ocr_line' id='line_1_15' title="bbox 276 1384 1882 1458; baseline -0.003 -15"><span class='ocrx_word' id='word_1_106' title='bbox 276 1388 416 1444; x_wconf 87' lang='lat' dir='ltr'><strong>cium</strong></span> <span class='ocrx_word' id='word_1_107' title='bbox 435 1396 667 1442; x_wconf 68' lang='lat' dir='ltr'><strong>terrenaa</strong></span> <span class='ocrx_word' id='word_1_108' title='bbox 684 1384 1071 1458; x_wconf 83' lang='lat' dir='ltr'><strong>negotiationis</strong></span> <span class='ocrx_word' id='word_1_109' title='bbox 1087 1385 1322 1439; x_wconf 89' lang='lat' dir='ltr'><strong>trahunt.</strong></span> <span class='ocrx_word' id='word_1_110' title='bbox 1351 1385 1659 1438; x_wconf 87' lang='lat' dir='ltr'><strong>Vendentes</strong></span> <span class='ocrx_word' id='word_1_111' title='bbox 1682 1385 1882 1456; x_wconf 89' lang='lat' dir='ltr'><strong>quippe</strong></span> 
     </span>
    </p>
   </div>
   <div class='ocr_carea' id='block_1_16' title="bbox 274 1472 1884 1546">
    <p class='ocr_par' dir='ltr' id='par_1_16' title="bbox 274 1472 1884 1546">
     <span class='ocr_line' id='line_1_16' title="bbox 274 1472 1884 1546; baseline -0.002 -16"><span class='ocrx_word' id='word_1_112' title='bbox 274 1476 330 1531; x_wconf 90' lang='lat' dir='ltr'><strong>in</strong></span> <span class='ocrx_word' id='word_1_113' title='bbox 358 1476 565 1546; x_wconf 88' lang='lat' dir='ltr'><strong>templo</strong></span> <span class='ocrx_word' id='word_1_114' title='bbox 603 1482 743 1538; x_wconf 89' lang='lat' dir='ltr'><strong>sunt,</strong></span> <span class='ocrx_word' id='word_1_115' title='bbox 779 1473 870 1544; x_wconf 85' lang='lat' dir='ltr'><strong>qui</strong></span> <span class='ocrx_word' id='word_1_116' title='bbox 899 1474 1003 1527; x_wconf 90' lang='lat' dir='ltr'><strong>hoc</strong></span> <span class='ocrx_word' id='word_1_117' title='bbox 1024 1473 1170 1543; x_wconf 91' lang='lat' dir='ltr'><strong>quod</strong></span> <span class='ocrx_word' id='word_1_118' title='bbox 1188 1472 1646 1543; x_wconf 89' lang='lat' dir='ltr'><strong>quibusdamjure</strong></span> <span class='ocrx_word' id='word_1_119' title='bbox 1669 1488 1884 1542; x_wconf 88' lang='lat' dir='ltr'><strong>compe-</strong></span> 
     </span>
    </p>
   </div>
   <div class='ocr_carea' id='block_1_17' title="bbox 275 1561 1886 1633">
    <p class='ocr_par' dir='ltr' id='par_1_17' title="bbox 275 1561 1886 1633">
     <span class='ocr_line' id='line_1_17' title="bbox 275 1561 1886 1633; baseline -0.003 -14"><span class='ocrx_word' id='word_1_120' title='bbox 275 1566 352 1630; x_wconf 90' lang='lat' dir='ltr'><strong>tit,</strong></span> <span class='ocrx_word' id='word_1_121' title='bbox 375 1564 447 1619; x_wconf 91' lang='lat' dir='ltr'><strong>ad</strong></span> <span class='ocrx_word' id='word_1_122' title='bbox 475 1563 757 1633; x_wconf 78' lang='lat' dir='ltr'><strong>praemium</strong></span> <span class='ocrx_word' id='word_1_123' title='bbox 787 1561 1110 1632; x_wconf 86' lang='lat' dir='ltr'><strong>largiuntur.</strong></span> <span class='ocrx_word' id='word_1_124' title='bbox 1162 1561 1440 1614; x_wconf 89' lang='lat' dir='ltr'><strong>Justitiam</strong></span> <span class='ocrx_word' id='word_1_125' title='bbox 1472 1561 1618 1615; x_wconf 90' lang='lat' dir='ltr'><strong>enim</strong></span> <span class='ocrx_word' id='word_1_126' title='bbox 1645 1561 1886 1615; x_wconf 87' lang='lat' dir='ltr'><strong>vendere</strong></span> 
     </span>
    </p>
   </div>
   <div class='ocr_carea' id='block_1_18' title="bbox 277 1648 1885 1721">
    <p class='ocr_par' dir='ltr' id='par_1_18' title="bbox 277 1648 1885 1721">
     <span class='ocr_line' id='line_1_18' title="bbox 277 1648 1885 1721; baseline -0.004 -13"><span class='ocrx_word' id='word_1_127' title='bbox 277 1661 377 1717; x_wconf 87' lang='lat' dir='ltr'><strong>est,</strong></span> <span class='ocrx_word' id='word_1_128' title='bbox 410 1653 551 1707; x_wconf 89' lang='lat' dir='ltr'><strong>hanc</strong></span> <span class='ocrx_word' id='word_1_129' title='bbox 581 1667 679 1721; x_wconf 92' lang='lat' dir='ltr'><strong>pro</strong></span> <span class='ocrx_word' id='word_1_130' title='bbox 709 1650 915 1721; x_wconf 65' lang='lat' dir='ltr'><strong>praemii</strong></span> <span class='ocrx_word' id='word_1_131' title='bbox 962 1648 1281 1718; x_wconf 89' lang='lat' dir='ltr'><strong>acceptione</strong></span> <span class='ocrx_word' id='word_1_132' title='bbox 1330 1664 1576 1703; x_wconf 90' lang='lat' dir='ltr'><strong>servare.</strong></span> <span class='ocrx_word' id='word_1_133' title='bbox 1623 1650 1885 1704; x_wconf 88' lang='lat' dir='ltr'><strong>Ementes</strong></span> 
     </span>
    </p>
   </div>
   <div class='ocr_carea' id='block_1_19' title="bbox 1977 508 3572 581">
    <p class='ocr_par' dir='ltr' id='par_1_19' title="bbox 1977 508 3572 581">
     <span class='ocr_line' id='line_1_19' title="bbox 1977 508 3572 581; baseline 0.003 -18"><span class='ocrx_word' id='word_1_134' title='bbox 1977 525 2042 563; x_wconf 88' lang='lat' dir='ltr'><strong>ex</strong></span> <span class='ocrx_word' id='word_1_135' title='bbox 2073 509 2390 581; x_wconf 79' lang='lat' dir='ltr'><strong>Evangelia,</strong></span> <span class='ocrx_word' id='word_1_136' title='bbox 2441 508 2570 580; x_wconf 91' lang='lat' dir='ltr'><strong>quid</strong></span> <span class='ocrx_word' id='word_1_137' title='bbox 2614 508 2947 578; x_wconf 82' lang='lat' dir='ltr'><strong>Redemptor</strong></span> <span class='ocrx_word' id='word_1_138' title='bbox 2991 519 3177 565; x_wconf 90' lang='lat' dir='ltr'><strong>noster</strong></span> <span class='ocrx_word' id='word_1_139' title='bbox 3223 527 3323 580; x_wconf 90' lang='lat' dir='ltr'><strong>per</strong></span> <span class='ocrx_word' id='word_1_140' title='bbox 3367 520 3572 567; x_wconf 81' lang='lat' dir='ltr'><strong>semet—</strong></span> 
     </span>
    </p>
   </div>
   <div class='ocr_carea' id='block_1_20' title="bbox 1976 597 3576 668">
    <p class='ocr_par' dir='ltr' id='par_1_20' title="bbox 1976 597 3576 668">
     <span class='ocr_line' id='line_1_20' title="bbox 1976 597 3576 668; baseline 0.004 -18"><span class='ocrx_word' id='word_1_141' title='bbox 1976 597 2154 668; x_wconf 89' lang='lat' dir='ltr'><strong>ipsum</strong></span> <span class='ocrx_word' id='word_1_142' title='bbox 2203 597 2407 662; x_wconf 84' lang='lat' dir='ltr'><strong>fecerit,</strong></span> <span class='ocrx_word' id='word_1_143' title='bbox 2470 597 2594 668; x_wconf 89' lang='lat' dir='ltr'><strong>quia</strong></span> <span class='ocrx_word' id='word_1_144' title='bbox 2655 597 2936 667; x_wconf 91' lang='lat' dir='ltr'><strong>ingressus</strong></span> <span class='ocrx_word' id='word_1_145' title='bbox 2974 599 3233 667; x_wconf 90' lang='lat' dir='ltr'><strong>templum</strong></span> <span class='ocrx_word' id='word_1_146' title='bbox 3288 601 3576 656; x_wconf 79' lang='lat' dir='ltr'><strong>cathedras</strong></span> 
     </span>
    </p>
   </div>
   <div class='ocr_carea' id='block_1_21' title="bbox 1977 685 3576 743">
    <p class='ocr_par' dir='ltr' id='par_1_21' title="bbox 1977 685 3576 743">
     <span class='ocr_line' id='line_1_21' title="bbox 1977 685 3576 743; baseline 0.003 -4"><span class='ocrx_word' id='word_1_147' title='bbox 1977 686 2324 740; x_wconf 89' lang='lat' dir='ltr'><strong>vendentium</strong></span> <span class='ocrx_word' id='word_1_148' title='bbox 2355 686 2634 740; x_wconf 87' lang='lat' dir='ltr'><strong>columbas</strong></span> <span class='ocrx_word' id='word_1_149' title='bbox 2663 685 2876 740; x_wconf 89' lang='lat' dir='ltr'><strong>evertit.</strong></span> <span class='ocrx_word' id='word_1_150' title='bbox 2910 685 3203 740; x_wconf 88' lang='lat' dir='ltr'><strong>Columbas</strong></span> <span class='ocrx_word' id='word_1_151' title='bbox 3238 686 3383 741; x_wconf 89' lang='lat' dir='ltr'><strong>enim</strong></span> <span class='ocrx_word' id='word_1_152' title='bbox 3438 704 3576 743; x_wconf 84' lang='lat' dir='ltr'><strong>ven-</strong></span> 
     </span>
    </p>
   </div>
   <div class='ocr_carea' id='block_1_22' title="bbox 1978 775 3578 845">
    <p class='ocr_par' dir='ltr' id='par_1_22' title="bbox 1978 775 3578 845">
     <span class='ocr_line' id='line_1_22' title="bbox 1978 775 3578 845; baseline 0.002 -17"><span class='ocrx_word' id='word_1_153' title='bbox 1978 775 2110 829; x_wconf 90' lang='lat' dir='ltr'><strong>dere</strong></span> <span class='ocrx_word' id='word_1_154' title='bbox 2139 783 2241 839; x_wconf 91' lang='lat' dir='ltr'><strong>est,</strong></span> <span class='ocrx_word' id='word_1_155' title='bbox 2275 775 2342 829; x_wconf 90' lang='lat' dir='ltr'><strong>de</strong></span> <span class='ocrx_word' id='word_1_156' title='bbox 2371 775 2572 844; x_wconf 89' lang='lat' dir='ltr'><strong>Spiritu</strong></span> <span class='ocrx_word' id='word_1_157' title='bbox 2603 782 2807 838; x_wconf 91' lang='lat' dir='ltr'><strong>sancto,</strong></span> <span class='ocrx_word' id='word_1_158' title='bbox 2839 791 3000 845; x_wconf 89' lang='lat' dir='ltr'><strong>quem</strong></span> <span class='ocrx_word' id='word_1_159' title='bbox 3031 776 3178 829; x_wconf 90' lang='lat' dir='ltr'><strong>Deus</strong></span> <span class='ocrx_word' id='word_1_160' title='bbox 3233 775 3578 844; x_wconf 87' lang='lat' dir='ltr'><strong>omnipotens</strong></span> 
     </span>
    </p>
   </div>
   <div class='ocr_carea' id='block_1_23' title="bbox 1980 862 3580 932">
    <p class='ocr_par' dir='ltr' id='par_1_23' title="bbox 1980 862 3580 932">
     <span class='ocr_line' id='line_1_23' title="bbox 1980 862 3580 932; baseline 0.001 -14"><span class='ocrx_word' id='word_1_161' title='bbox 1980 863 2498 918; x_wconf 88' lang='lat' dir='ltr'><strong>consubstantialem</strong></span> <span class='ocrx_word' id='word_1_162' title='bbox 2557 863 2657 917; x_wconf 89' lang='lat' dir='ltr'><strong>sibi</strong></span> <span class='ocrx_word' id='word_1_163' title='bbox 2717 879 2813 932; x_wconf 88' lang='lat' dir='ltr'><strong>per</strong></span> <span class='ocrx_word' id='word_1_164' title='bbox 2871 862 3273 932; x_wconf 88' lang='lat' dir='ltr'><strong>impositionem</strong></span> <span class='ocrx_word' id='word_1_165' title='bbox 3326 879 3580 920; x_wconf 87' lang='lat' dir='ltr'><strong>manuum</strong></span> 
     </span>
    </p>
   </div>
   <div class='ocr_carea' id='block_1_24' title="bbox 1979 951 3579 1022">
    <p class='ocr_par' dir='ltr' id='par_1_24' title="bbox 1979 951 3579 1022">
     <span class='ocr_line' id='line_1_24' title="bbox 1979 951 3579 1022; baseline 0.001 -17"><span class='ocrx_word' id='word_1_166' title='bbox 1979 951 2288 1006; x_wconf 88' lang='lat' dir='ltr'><strong>hominibus</strong></span> <span class='ocrx_word' id='word_1_167' title='bbox 2321 951 2526 1019; x_wconf 89' lang='lat' dir='ltr'><strong>tribuit,</strong></span> <span class='ocrx_word' id='word_1_168' title='bbox 2561 951 2907 1005; x_wconf 91' lang='lat' dir='ltr'><strong>commodum</strong></span> <span class='ocrx_word' id='word_1_169' title='bbox 2937 951 3234 1020; x_wconf 87' lang='lat' dir='ltr'><strong>temporale</strong></span> <span class='ocrx_word' id='word_1_170' title='bbox 3275 951 3579 1022; x_wconf 88' lang='lat' dir='ltr'><strong>percipere.</strong></span> 
     </span>
    </p>
   </div>
   <div class='ocr_carea' id='block_1_25' title="bbox 1979 1039 3580 1111">
    <p class='ocr_par' dir='ltr' id='par_1_25' title="bbox 1979 1039 3580 1111">
     <span class='ocr_line' id='line_1_25' title="bbox 1979 1039 3580 1111; baseline 0 -18"><span class='ocrx_word' id='word_1_171' title='bbox 1979 1040 2061 1094; x_wconf 83' lang='lat' dir='ltr'><strong>Ex</strong></span> <span class='ocrx_word' id='word_1_172' title='bbox 2079 1055 2204 1109; x_wconf 89' lang='lat' dir='ltr'><strong>quo,</strong></span> <span class='ocrx_word' id='word_1_173' title='bbox 2223 1047 2278 1093; x_wconf 92' lang='lat' dir='ltr'><strong>ut</strong></span> <span class='ocrx_word' id='word_1_174' title='bbox 2291 1039 2538 1109; x_wconf 60' lang='lat' dir='ltr'><strong>praedixi,</strong></span> <span class='ocrx_word' id='word_1_175' title='bbox 2557 1040 2702 1092; x_wconf 92' lang='lat' dir='ltr'><strong>malo</strong></span> <span class='ocrx_word' id='word_1_176' title='bbox 2727 1039 2842 1106; x_wconf 89' lang='lat' dir='ltr'><strong>jam</strong></span> <span class='ocrx_word' id='word_1_177' title='bbox 2869 1039 3106 1093; x_wconf 90' lang='lat' dir='ltr'><strong>innuitur</strong></span> <span class='ocrx_word' id='word_1_178' title='bbox 3139 1039 3270 1110; x_wconf 90' lang='lat' dir='ltr'><strong>quid</strong></span> <span class='ocrx_word' id='word_1_179' title='bbox 3304 1048 3580 1111; x_wconf 87' lang='lat' dir='ltr'><strong>sequatur,</strong></span> 
     </span>
    </p>
   </div>
   <div class='ocr_carea' id='block_1_26' title="bbox 1983 1127 3580 1198">
    <p class='ocr_par' dir='ltr' id='par_1_26' title="bbox 1983 1127 3580 1198">
     <span class='ocr_line' id='line_1_26' title="bbox 1983 1127 3580 1198; baseline 0.001 -18"><span class='ocrx_word' id='word_1_180' title='bbox 1983 1128 2109 1198; x_wconf 88' lang='lat' dir='ltr'><strong>quia</strong></span> <span class='ocrx_word' id='word_1_181' title='bbox 2137 1128 2228 1198; x_wconf 91' lang='lat' dir='ltr'><strong>qui</strong></span> <span class='ocrx_word' id='word_1_182' title='bbox 2258 1127 2312 1181; x_wconf 91' lang='lat' dir='ltr'><strong>in</strong></span> <span class='ocrx_word' id='word_1_183' title='bbox 2343 1127 2542 1197; x_wconf 90' lang='lat' dir='ltr'><strong>templo</strong></span> <span class='ocrx_word' id='word_1_184' title='bbox 2572 1127 2673 1182; x_wconf 90' lang='lat' dir='ltr'><strong>Dei</strong></span> <span class='ocrx_word' id='word_1_185' title='bbox 2702 1127 2980 1181; x_wconf 91' lang='lat' dir='ltr'><strong>columbas</strong></span> <span class='ocrx_word' id='word_1_186' title='bbox 3012 1127 3250 1182; x_wconf 90' lang='lat' dir='ltr'><strong>vendere</strong></span> <span class='ocrx_word' id='word_1_187' title='bbox 3309 1143 3580 1197; x_wconf 64' lang='lat' dir='ltr'><strong>praesum-</strong></span> 
     </span>
    </p>
   </div>
   <div class='ocr_carea' id='block_1_27' title="bbox 1981 1212 3583 1283">
    <p class='ocr_par' dir='ltr' id='par_1_27' title="bbox 1981 1212 3583 1283">
     <span class='ocr_line' id='line_1_27' title="bbox 1981 1212 3583 1283; baseline 0.001 -16"><span class='ocrx_word' id='word_1_188' title='bbox 1981 1222 2228 1283; x_wconf 90' lang='lat' dir='ltr'><strong>pserunt,</strong></span> <span class='ocrx_word' id='word_1_189' title='bbox 2250 1229 2438 1268; x_wconf 91' lang='lat' dir='ltr'><strong>eorum</strong></span> <span class='ocrx_word' id='word_1_190' title='bbox 2461 1215 2574 1268; x_wconf 90' lang='lat' dir='ltr'><strong>Deo</strong></span> <span class='ocrx_word' id='word_1_191' title='bbox 2591 1214 2775 1282; x_wconf 89' lang='lat' dir='ltr'><strong>judice</strong></span> <span class='ocrx_word' id='word_1_192' title='bbox 2797 1215 3076 1269; x_wconf 65' lang='lat' dir='ltr'><strong>cathedra:</strong></span> <span class='ocrx_word' id='word_1_193' title='bbox 3096 1223 3436 1270; x_wconf 91' lang='lat' dir='ltr'><strong>corruerunt.</strong></span> <span class='ocrx_word' id='word_1_194' title='bbox 3476 1212 3583 1283; x_wconf 87' lang='lat' dir='ltr'><strong>Qui</strong></span> 
     </span>
    </p>
   </div>
   <div class='ocr_carea' id='block_1_28' title="bbox 1983 1302 3582 1374">
    <p class='ocr_par' dir='ltr' id='par_1_28' title="bbox 1983 1302 3582 1374">
     <span class='ocr_line' id='line_1_28' title="bbox 1983 1302 3582 1374; baseline 0.002 -19"><span class='ocrx_word' id='word_1_195' title='bbox 1983 1302 2233 1356; x_wconf 88' lang='lat' dir='ltr'><strong>videlicet</strong></span> <span class='ocrx_word' id='word_1_196' title='bbox 2262 1318 2420 1356; x_wconf 91' lang='lat' dir='ltr'><strong>error</strong></span> <span class='ocrx_word' id='word_1_197' title='bbox 2444 1302 2498 1355; x_wconf 91' lang='lat' dir='ltr'><strong>in</strong></span> <span class='ocrx_word' id='word_1_198' title='bbox 2529 1302 2759 1356; x_wconf 90' lang='lat' dir='ltr'><strong>subditis</strong></span> <span class='ocrx_word' id='word_1_199' title='bbox 2789 1318 2913 1356; x_wconf 90' lang='lat' dir='ltr'><strong>cum</strong></span> <span class='ocrx_word' id='word_1_200' title='bbox 2960 1311 3254 1374; x_wconf 89' lang='lat' dir='ltr'><strong>augmento</strong></span> <span class='ocrx_word' id='word_1_201' title='bbox 3301 1317 3582 1374; x_wconf 83' lang='lat' dir='ltr'><strong>propaga-</strong></span> 
     </span>
    </p>
   </div>
   <div class='ocr_carea' id='block_1_29' title="bbox 1981 1389 3583 1461">
    <p class='ocr_par' dir='ltr' id='par_1_29' title="bbox 1981 1389 3583 1461">
     <span class='ocr_line' id='line_1_29' title="bbox 1981 1389 3583 1461; baseline 0.002 -19"><span class='ocrx_word' id='word_1_202' title='bbox 1981 1396 2089 1443; x_wconf 90' lang='lat' dir='ltr'><strong>tur.</strong></span> <span class='ocrx_word' id='word_1_203' title='bbox 2123 1390 2262 1443; x_wconf 91' lang='lat' dir='ltr'><strong>Nam</strong></span> <span class='ocrx_word' id='word_1_204' title='bbox 2295 1389 2410 1458; x_wconf 93' lang='lat' dir='ltr'><strong>ipse</strong></span> <span class='ocrx_word' id='word_1_205' title='bbox 2442 1405 2674 1461; x_wconf 91' lang='lat' dir='ltr'><strong>quoque,</strong></span> <span class='ocrx_word' id='word_1_206' title='bbox 2711 1390 2800 1460; x_wconf 91' lang='lat' dir='ltr'><strong>qui</strong></span> <span class='ocrx_word' id='word_1_207' title='bbox 2831 1390 3059 1459; x_wconf 69' lang='lat' dir='ltr'><strong>praemio</strong></span> <span class='ocrx_word' id='word_1_208' title='bbox 3090 1390 3159 1444; x_wconf 91' lang='lat' dir='ltr'><strong>ad</strong></span> <span class='ocrx_word' id='word_1_209' title='bbox 3180 1405 3398 1445; x_wconf 89' lang='lat' dir='ltr'><strong>sacrum</strong></span> <span class='ocrx_word' id='word_1_210' title='bbox 3419 1391 3583 1446; x_wconf 84' lang='lat' dir='ltr'><strong>hono-</strong></span> 
     </span>
    </p>
   </div>
   <div class='ocr_carea' id='block_1_30' title="bbox 1984 1477 3585 1548">
    <p class='ocr_par' dir='ltr' id='par_1_30' title="bbox 1984 1477 3585 1548">
     <span class='ocr_line' id='line_1_30' title="bbox 1984 1477 3585 1548; baseline 0.002 -18"><span class='ocrx_word' id='word_1_211' title='bbox 1984 1493 2101 1532; x_wconf 89' lang='lat' dir='ltr'><strong>rem</strong></span> <span class='ocrx_word' id='word_1_212' title='bbox 2130 1477 2466 1547; x_wconf 87' lang='lat' dir='ltr'><strong>perducitur,</strong></span> <span class='ocrx_word' id='word_1_213' title='bbox 2506 1478 2617 1544; x_wconf 89' lang='lat' dir='ltr'><strong>jam</strong></span> <span class='ocrx_word' id='word_1_214' title='bbox 2664 1477 2719 1529; x_wconf 92' lang='lat' dir='ltr'><strong>in</strong></span> <span class='ocrx_word' id='word_1_215' title='bbox 2765 1477 2878 1546; x_wconf 86' lang='lat' dir='ltr'><strong>ipsa</strong></span> <span class='ocrx_word' id='word_1_216' title='bbox 2921 1486 3210 1548; x_wconf 90' lang='lat' dir='ltr'><strong>provectus</strong></span> <span class='ocrx_word' id='word_1_217' title='bbox 3257 1478 3342 1532; x_wconf 92' lang='lat' dir='ltr'><strong>sui</strong></span> <span class='ocrx_word' id='word_1_218' title='bbox 3395 1477 3585 1534; x_wconf 88' lang='lat' dir='ltr'><strong>radice</strong></span> 
     </span>
    </p>
   </div>
   <div class='ocr_carea' id='block_1_31' title="bbox 1985 1563 3587 1634">
    <p class='ocr_par' dir='ltr' id='par_1_31' title="bbox 1985 1563 3587 1634">
     <span class='ocr_line' id='line_1_31' title="bbox 1985 1563 3587 1634; baseline 0.001 -16"><span class='ocrx_word' id='word_1_219' title='bbox 1985 1564 2224 1628; x_wconf 89' lang='lat' dir='ltr'><strong>vitiatus,</strong></span> <span class='ocrx_word' id='word_1_220' title='bbox 2256 1565 2493 1633; x_wconf 88' lang='lat' dir='ltr'><strong>paratior</strong></span> <span class='ocrx_word' id='word_1_221' title='bbox 2536 1572 2619 1618; x_wconf 91' lang='lat' dir='ltr'><strong>est</strong></span> <span class='ocrx_word' id='word_1_222' title='bbox 2665 1563 2784 1617; x_wconf 91' lang='lat' dir='ltr'><strong>aliis</strong></span> <span class='ocrx_word' id='word_1_223' title='bbox 2813 1564 3127 1618; x_wconf 88' lang='lat' dir='ltr'><strong>venundare</strong></span> <span class='ocrx_word' id='word_1_224' title='bbox 3159 1565 3303 1634; x_wconf 90' lang='lat' dir='ltr'><strong>quod</strong></span> <span class='ocrx_word' id='word_1_225' title='bbox 3334 1565 3498 1630; x_wconf 83' lang='lat' dir='ltr'><strong>emit;</strong></span> <span class='ocrx_word' id='word_1_226' title='bbox 3533 1572 3587 1620; x_wconf 84' lang='lat' dir='ltr'><strong>et</strong></span> 
     </span>
    </p>
   </div>
   <div class='ocr_carea' id='block_1_32' title="bbox 1985 1651 3586 1724">
    <p class='ocr_par' dir='ltr' id='par_1_32' title="bbox 1985 1651 3586 1724">
     <span class='ocr_line' id='line_1_32' title="bbox 1985 1651 3586 1724; baseline 0.001 -18"><span class='ocrx_word' id='word_1_227' title='bbox 1985 1653 2077 1706; x_wconf 91' lang='lat' dir='ltr'><strong>ubi</strong></span> <span class='ocrx_word' id='word_1_228' title='bbox 2108 1661 2192 1707; x_wconf 92' lang='lat' dir='ltr'><strong>est</strong></span> <span class='ocrx_word' id='word_1_229' title='bbox 2219 1653 2364 1722; x_wconf 91' lang='lat' dir='ltr'><strong>quod</strong></span> <span class='ocrx_word' id='word_1_230' title='bbox 2395 1651 2653 1722; x_wconf 90' lang='lat' dir='ltr'><strong>scriptum</strong></span> <span class='ocrx_word' id='word_1_231' title='bbox 2685 1660 2768 1706; x_wconf 91' lang='lat' dir='ltr'><strong>est</strong></span> <span class='ocrx_word' id='word_1_232' title='bbox 2799 1669 2811 1704; x_wconf 92' lang='lat'>:</span> <span class='ocrx_word' id='word_1_233' title='bbox 2855 1653 3041 1708; x_wconf 73' lang='lat' dir='ltr'><strong>Gratis</strong></span> <span class='ocrx_word' id='word_1_234' title='bbox 3061 1654 3380 1724; x_wconf 75' lang='lat' dir='ltr'><strong>accepistis.</strong></span> <span class='ocrx_word' id='word_1_235' title='bbox 3404 1653 3586 1723; x_wconf 77' lang='lat' dir='ltr'><strong>gratis</strong></span> 
     </span>
    </p>
   </div>
   <div class='ocr_carea' id='block_1_33' title="bbox 278 1735 3586 1826">
    <p class='ocr_par' dir='ltr' id='par_1_33' title="bbox 278 1735 3586 1826">
     <span class='ocr_line' id='line_1_33' title="bbox 278 1735 3586 1826; baseline 0 -31"><span class='ocrx_word' id='word_1_236' title='bbox 278 1754 408 1796; x_wconf 91' lang='lat' dir='ltr'><strong>vero</strong></span> <span class='ocrx_word' id='word_1_237' title='bbox 439 1740 497 1794; x_wconf 92' lang='lat' dir='ltr'><strong>in</strong></span> <span class='ocrx_word' id='word_1_238' title='bbox 526 1739 727 1809; x_wconf 92' lang='lat' dir='ltr'><strong>templo</strong></span> <span class='ocrx_word' id='word_1_239' title='bbox 744 1745 887 1806; x_wconf 93' lang='lat' dir='ltr'><strong>sunt,</strong></span> <span class='ocrx_word' id='word_1_240' title='bbox 912 1736 1005 1826; x_wconf 88' lang='lat' dir='ltr'><strong>qui</strong></span> <span class='ocrx_word' id='word_1_241' title='bbox 1023 1737 1150 1791; x_wconf 89' lang='lat' dir='ltr'><strong>dum</strong></span> <span class='ocrx_word' id='word_1_242' title='bbox 1168 1737 1270 1791; x_wconf 89' lang='lat' dir='ltr'><strong>hoc</strong></span> <span class='ocrx_word' id='word_1_243' title='bbox 1290 1736 1604 1806; x_wconf 82' lang='lat' dir='ltr'><strong>persolvere</strong></span> <span class='ocrx_word' id='word_1_244' title='bbox 1636 1735 1884 1806; x_wconf 73' lang='lat' dir='ltr'><strong>proximo</strong></span> <span class='ocrx_word' id='word_1_245' title='bbox 1915 1765 1968 1826; x_wconf 81' lang='grc' dir='ltr'>Β</span> <span class='ocrx_word' id='word_1_246' title='bbox 1987 1739 2114 1794; x_wconf 84' lang='lat' dir='ltr'><strong>date</strong></span> <span class='ocrx_word' id='word_1_247' title='bbox 2149 1740 2408 1807; x_wconf 75' lang='lat' dir='ltr'><strong>?(Matth.</strong></span> <span class='ocrx_word' id='word_1_248' title='bbox 2441 1741 2526 1808; x_wconf 71' lang='grc' dir='ltr'><strong>ι.)</strong></span> <span class='ocrx_word' id='word_1_249' title='bbox 2547 1741 2613 1792; x_wconf 83' lang='lat' dir='ltr'><strong>Et</strong></span> <span class='ocrx_word' id='word_1_250' title='bbox 2644 1755 2768 1794; x_wconf 91' lang='lat' dir='ltr'><strong>cum</strong></span> <span class='ocrx_word' id='word_1_251' title='bbox 2797 1739 2970 1808; x_wconf 92' lang='lat' dir='ltr'><strong>primo</strong></span> <span class='ocrx_word' id='word_1_252' title='bbox 3001 1747 3192 1794; x_wconf 90' lang='lat' dir='ltr'><strong>contra</strong></span> <span class='ocrx_word' id='word_1_253' title='bbox 3209 1747 3454 1795; x_wconf 87' lang='lat' dir='ltr'><strong>sanctam</strong></span> <span class='ocrx_word' id='word_1_254' title='bbox 3474 1739 3586 1795; x_wconf 84' lang='lat' dir='ltr'><strong>Ec-</strong></span> 
     </span>
    </p>
   </div>
   <div class='ocr_carea' id='block_1_34' title="bbox 280 1823 1888 1899">
    <p class='ocr_par' dir='ltr' id='par_1_34' title="bbox 280 1823 1888 1899">
     <span class='ocr_line' id='line_1_34' title="bbox 280 1823 1888 1899; baseline -0.003 -16"><span class='ocrx_word' id='word_1_255' title='bbox 280 1829 424 1899; x_wconf 91' lang='lat' dir='ltr'><strong>quod</strong></span> <span class='ocrx_word' id='word_1_256' title='bbox 467 1827 678 1894; x_wconf 89' lang='lat' dir='ltr'><strong>justum</strong></span> <span class='ocrx_word' id='word_1_257' title='bbox 724 1834 808 1880; x_wconf 93' lang='lat' dir='ltr'><strong>est</strong></span> <span class='ocrx_word' id='word_1_258' title='bbox 851 1825 1059 1890; x_wconf 90' lang='lat' dir='ltr'><strong>nolunt,</strong></span> <span class='ocrx_word' id='word_1_259' title='bbox 1093 1825 1330 1895; x_wconf 91' lang='lat' dir='ltr'><strong>dumque</strong></span> <span class='ocrx_word' id='word_1_260' title='bbox 1359 1840 1473 1878; x_wconf 88' lang='lat' dir='ltr'><strong>rem</strong></span> <span class='ocrx_word' id='word_1_261' title='bbox 1499 1825 1620 1893; x_wconf 88' lang='lat' dir='ltr'><strong>jure</strong></span> <span class='ocrx_word' id='word_1_262' title='bbox 1648 1823 1888 1878; x_wconf 87' lang='lat' dir='ltr'><strong>debitam</strong></span> 
     </span>
    </p>
   </div>
   <div class='ocr_carea' id='block_1_35' title="bbox 276 1911 1890 1982">
    <p class='ocr_par' dir='ltr' id='par_1_35' title="bbox 276 1911 1890 1982">
     <span class='ocr_line' id='line_1_35' title="bbox 276 1911 1890 1982; baseline -0.003 -11"><span class='ocrx_word' id='word_1_263' title='bbox 276 1915 459 1973; x_wconf 87' lang='lat' dir='ltr'><strong>facere</strong></span> <span class='ocrx_word' id='word_1_264' title='bbox 525 1921 899 1976; x_wconf 90' lang='lat' dir='ltr'><strong>contemnunt,</strong></span> <span class='ocrx_word' id='word_1_265' title='bbox 948 1913 1078 1968; x_wconf 90' lang='lat' dir='ltr'><strong>dato</strong></span> <span class='ocrx_word' id='word_1_266' title='bbox 1126 1913 1366 1982; x_wconf 88' lang='lat' dir='ltr'><strong>patronis</strong></span> <span class='ocrx_word' id='word_1_267' title='bbox 1412 1911 1639 1982; x_wconf 85' lang='lat' dir='ltr'><strong>praemio</strong></span> <span class='ocrx_word' id='word_1_268' title='bbox 1700 1920 1890 1966; x_wconf 88' lang='lat' dir='ltr'><strong>emunt</strong></span> 
     </span>
    </p>
   </div>
   <div class='ocr_carea' id='block_1_36' title="bbox 276 2000 1888 2076">
    <p class='ocr_par' dir='ltr' id='par_1_36' title="bbox 276 2000 1888 2076">
     <span class='ocr_line' id='line_1_36' title="bbox 276 2000 1888 2076; baseline -0.002 -16"><span class='ocrx_word' id='word_1_269' title='bbox 276 2012 580 2076; x_wconf 86' lang='lat' dir='ltr'><strong>peccatum.</strong></span> <span class='ocrx_word' id='word_1_270' title='bbox 615 2002 832 2070; x_wconf 91' lang='lat' dir='ltr'><strong>Quibus</strong></span> <span class='ocrx_word' id='word_1_271' title='bbox 859 2002 998 2057; x_wconf 93' lang='lat' dir='ltr'><strong>bene</strong></span> <span class='ocrx_word' id='word_1_272' title='bbox 1036 2000 1239 2056; x_wconf 90' lang='lat' dir='ltr'><strong>dicitur</strong></span> <span class='ocrx_word' id='word_1_273' title='bbox 1270 2019 1283 2054; x_wconf 94' lang='lat'>:</span> <span class='ocrx_word' id='word_1_274' title='bbox 1315 2003 1521 2056; x_wconf 75' lang='lat' dir='ltr'><strong>Domus</strong></span> <span class='ocrx_word' id='word_1_275' title='bbox 1543 2017 1669 2055; x_wconf 87' lang='lat' dir='ltr'><strong>mea</strong></span> <span class='ocrx_word' id='word_1_276' title='bbox 1692 2001 1888 2057; x_wconf 78' lang='lat' dir='ltr'><strong>domus</strong></span> 
     </span>
    </p>
   </div>
   <div class='ocr_carea' id='block_1_37' title="bbox 274 2089 1887 2160">
    <p class='ocr_par' dir='ltr' id='par_1_37' title="bbox 274 2089 1887 2160">
     <span class='ocr_line' id='line_1_37' title="bbox 274 2089 1887 2160; baseline -0.003 -11"><span class='ocrx_word' id='word_1_277' title='bbox 274 2094 553 2150; x_wconf 73' lang='lat' dir='ltr'><strong>orationis</strong></span> <span class='ocrx_word' id='word_1_278' title='bbox 565 2095 666 2156; x_wconf 73' lang='lat' dir='ltr'><strong>est,</strong></span> <span class='ocrx_word' id='word_1_279' title='bbox 683 2107 772 2147; x_wconf 78' lang='lat' dir='ltr'><strong>vos</strong></span> <span class='ocrx_word' id='word_1_280' title='bbox 785 2094 977 2146; x_wconf 82' lang='lat' dir='ltr'><strong>autem</strong></span> <span class='ocrx_word' id='word_1_281' title='bbox 1011 2091 1232 2160; x_wconf 78' lang='lat' dir='ltr'><strong>fecistis</strong></span> <span class='ocrx_word' id='word_1_282' title='bbox 1262 2089 1430 2144; x_wconf 82' lang='lat' dir='ltr'><strong>illam</strong></span> <span class='ocrx_word' id='word_1_283' title='bbox 1451 2090 1784 2160; x_wconf 81' lang='lat' dir='ltr'><strong>speluncam</strong></span> <span class='ocrx_word' id='word_1_284' title='bbox 1799 2091 1887 2144; x_wconf 90' lang='lat' dir='ltr'><strong>la-</strong></span> 
     </span>
    </p>
   </div>
   <div class='ocr_carea' id='block_1_38' title="bbox 283 2176 1889 2250">
    <p class='ocr_par' dir='ltr' id='par_1_38' title="bbox 283 2176 1889 2250">
     <span class='ocr_line' id='line_1_38' title="bbox 283 2176 1889 2250; baseline -0.004 -14"><span class='ocrx_word' id='word_1_285' title='bbox 283 2187 518 2238; x_wconf 83' lang='lat' dir='ltr'><strong>tronum</strong></span> <span class='ocrx_word' id='word_1_286' title='bbox 543 2181 676 2250; x_wconf 77' lang='lat' dir='ltr'><strong>(lsa.</strong></span> <span class='ocrx_word' id='word_1_287' title='bbox 710 2181 823 2248; x_wconf 81' lang='lat' dir='ltr'><strong>LVI)</strong></span> <span class='ocrx_word' id='word_1_288' title='bbox 860 2195 874 2231; x_wconf 91' lang='lat'>:</span> <span class='ocrx_word' id='word_1_289' title='bbox 909 2179 1034 2248; x_wconf 87' lang='lat' dir='ltr'><strong>quia</strong></span> <span class='ocrx_word' id='word_1_290' title='bbox 1064 2179 1194 2232; x_wconf 91' lang='lat' dir='ltr'><strong>dum</strong></span> <span class='ocrx_word' id='word_1_291' title='bbox 1221 2192 1606 2248; x_wconf 90' lang='lat' dir='ltr'><strong>nonnunquam</strong></span> <span class='ocrx_word' id='word_1_292' title='bbox 1646 2176 1889 2246; x_wconf 88' lang='lat' dir='ltr'><strong>perversi</strong></span> 
     </span>
    </p>
   </div>
   <div class='ocr_carea' id='block_1_39' title="bbox 277 2264 1888 2337">
    <p class='ocr_par' dir='ltr' id='par_1_39' title="bbox 277 2264 1888 2337">
     <span class='ocr_line' id='line_1_39' title="bbox 277 2264 1888 2337; baseline -0.003 -13"><span class='ocrx_word' id='word_1_293' title='bbox 277 2269 530 2325; x_wconf 88' lang='lat' dir='ltr'><strong>homines</strong></span> <span class='ocrx_word' id='word_1_294' title='bbox 589 2268 768 2322; x_wconf 90' lang='lat' dir='ltr'><strong>locum</strong></span> <span class='ocrx_word' id='word_1_295' title='bbox 825 2265 1108 2337; x_wconf 83' lang='lat' dir='ltr'><strong>religionis</strong></span> <span class='ocrx_word' id='word_1_296' title='bbox 1155 2273 1359 2328; x_wconf 90' lang='lat' dir='ltr'><strong>tenent,</strong></span> <span class='ocrx_word' id='word_1_297' title='bbox 1410 2265 1483 2318; x_wconf 91' lang='lat' dir='ltr'><strong>ibi</strong></span> <span class='ocrx_word' id='word_1_298' title='bbox 1518 2264 1744 2319; x_wconf 68' lang='lat' dir='ltr'><strong>malicia&#39;:</strong></span> <span class='ocrx_word' id='word_1_299' title='bbox 1775 2280 1888 2319; x_wconf 63' lang='lat' dir='ltr'><strong>sua</strong></span> 
     </span>
    </p>
   </div>
   <div class='ocr_carea' id='block_1_40' title="bbox 274 2351 1888 2431">
    <p class='ocr_par' dir='ltr' id='par_1_40' title="bbox 274 2351 1888 2431">
     <span class='ocr_line' id='line_1_40' title="bbox 274 2351 1888 2431; baseline -0.004 -19"><span class='ocrx_word' id='word_1_300' title='bbox 274 2357 485 2431; x_wconf 88' lang='lat' dir='ltr'><strong>gradiis</strong></span> <span class='ocrx_word' id='word_1_301' title='bbox 514 2355 794 2420; x_wconf 90' lang='lat' dir='ltr'><strong>occidunt,</strong></span> <span class='ocrx_word' id='word_1_302' title='bbox 843 2354 934 2407; x_wconf 92' lang='lat' dir='ltr'><strong>ubi</strong></span> <span class='ocrx_word' id='word_1_303' title='bbox 981 2352 1258 2408; x_wconf 82' lang='lat' dir='ltr'><strong>viviﬁcare</strong></span> <span class='ocrx_word' id='word_1_304' title='bbox 1303 2353 1580 2422; x_wconf 85' lang='lat' dir='ltr'><strong>proximos</strong></span> <span class='ocrx_word' id='word_1_305' title='bbox 1626 2351 1888 2408; x_wconf 89' lang='lat' dir='ltr'><strong>orationis</strong></span> 
     </span>
    </p>
   </div>
   <div class='ocr_carea' id='block_1_41' title="bbox 275 2440 1885 2501">
    <p class='ocr_par' dir='ltr' id='par_1_41' title="bbox 275 2440 1885 2501">
     <span class='ocr_line' id='line_1_41' title="bbox 275 2440 1885 2501; baseline -0.004 -1"><span class='ocrx_word' id='word_1_306' title='bbox 275 2463 390 2501; x_wconf 63' lang='lat' dir='ltr'><strong>sum</strong></span> <span class='ocrx_word' id='word_1_307' title='bbox 418 2443 814 2500; x_wconf 88' lang='lat' dir='ltr'><strong>intercessione</strong></span> <span class='ocrx_word' id='word_1_308' title='bbox 845 2442 1172 2496; x_wconf 90' lang='lat' dir='ltr'><strong>debuerunt.</strong></span> <span class='ocrx_word' id='word_1_309' title='bbox 1211 2462 1233 2490; x_wconf 76' lang='grc' dir='ltr'><strong>ι)</strong></span> <span class='ocrx_word' id='word_1_310' title='bbox 1267 2442 1334 2494; x_wconf 91' lang='lat' dir='ltr'><strong>Et</strong></span> <span class='ocrx_word' id='word_1_311' title='bbox 1381 2441 1511 2494; x_wconf 91' lang='lat' dir='ltr'><strong>item</strong></span> <span class='ocrx_word' id='word_1_312' title='bbox 1561 2440 1615 2494; x_wconf 91' lang='lat' dir='ltr'><strong>in</strong></span> <span class='ocrx_word' id='word_1_313' title='bbox 1662 2440 1885 2494; x_wconf 90' lang='lat' dir='ltr'><strong>homilia</strong></span> 
     </span>
    </p>
   </div>
   <div class='ocr_carea' id='block_1_42' title="bbox 275 2527 1887 2606">
    <p class='ocr_par' dir='ltr' id='par_1_42' title="bbox 275 2527 1887 2606">
     <span class='ocr_line' id='line_1_42' title="bbox 275 2527 1887 2606; baseline -0.006 -15"><span class='ocrx_word' id='word_1_314' title='bbox 275 2543 498 2606; x_wconf 85' lang='lat' dir='ltr'><strong>quarta:</strong></span> <span class='ocrx_word' id='word_1_315' title='bbox 517 2556 539 2580; x_wconf 77' lang='grc' dir='ltr'>α</span> <span class='ocrx_word' id='word_1_316' title='bbox 564 2533 768 2596; x_wconf 74' lang='lat' dir='ltr'><strong>Gratis,</strong></span> <span class='ocrx_word' id='word_1_317' title='bbox 784 2530 974 2602; x_wconf 89' lang='lat' dir='ltr'><strong>inquit,</strong></span> <span class='ocrx_word' id='word_1_318' title='bbox 993 2530 1273 2592; x_wconf 88' lang='lat' dir='ltr'><strong>Dominus,</strong></span> <span class='ocrx_word' id='word_1_319' title='bbox 1291 2531 1610 2599; x_wconf 77' lang='lat' dir='ltr'><strong>accepistis,</strong></span> <span class='ocrx_word' id='word_1_320' title='bbox 1625 2531 1804 2600; x_wconf 77' lang='lat' dir='ltr'><strong>gratis</strong></span> <span class='ocrx_word' id='word_1_321' title='bbox 1816 2527 1887 2582; x_wconf 77' lang='lat' dir='ltr'><strong>da</strong></span> 
     </span>
    </p>
   </div>
   <div class='ocr_carea' id='block_1_43' title="bbox 275 2616 1886 2693">
    <p class='ocr_par' dir='ltr' id='par_1_43' title="bbox 275 2616 1886 2693">
     <span class='ocr_line' id='line_1_43' title="bbox 275 2616 1886 2693; baseline -0.006 -15"><span class='ocrx_word' id='word_1_322' title='bbox 275 2627 328 2678; x_wconf 83' lang='lat' dir='ltr'><strong>te</strong></span> <span class='ocrx_word' id='word_1_323' title='bbox 347 2624 452 2693; x_wconf 75' lang='lat' dir='ltr'><strong>(Ma</strong></span> <span class='ocrx_word' id='word_1_324' title='bbox 461 2621 568 2676; x_wconf 82' lang='lat' dir='ltr'><strong>tth.</strong></span> <span class='ocrx_word' id='word_1_325' title='bbox 589 2621 671 2690; x_wconf 67' lang='grc' dir='ltr'><strong>ι).</strong></span> <span class='ocrx_word' id='word_1_326' title='bbox 695 2618 1016 2674; x_wconf 69' lang='grc' dir='ltr'><strong>Ρηεδοίθὺειῐ</strong></span> <span class='ocrx_word' id='word_1_327' title='bbox 1038 2633 1274 2688; x_wconf 91' lang='lat' dir='ltr'><strong>namque</strong></span> <span class='ocrx_word' id='word_1_328' title='bbox 1291 2617 1580 2671; x_wconf 89' lang='lat' dir='ltr'><strong>nonnullos</strong></span> <span class='ocrx_word' id='word_1_329' title='bbox 1594 2616 1695 2671; x_wconf 90' lang='lat' dir='ltr'><strong>hoc</strong></span> <span class='ocrx_word' id='word_1_330' title='bbox 1709 2616 1886 2685; x_wconf 90' lang='lat' dir='ltr'><strong>ipsum</strong></span> 
     </span>
    </p>
   </div>
   <div class='ocr_carea' id='block_1_44' title="bbox 272 2703 1884 2778">
    <p class='ocr_par' dir='ltr' id='par_1_44' title="bbox 272 2703 1884 2778">
     <span class='ocr_line' id='line_1_44' title="bbox 272 2703 1884 2778; baseline -0.004 -12"><span class='ocrx_word' id='word_1_331' title='bbox 272 2711 482 2766; x_wconf 88' lang='lat' dir='ltr'><strong>donum</strong></span> <span class='ocrx_word' id='word_1_332' title='bbox 509 2708 723 2778; x_wconf 86' lang='lat' dir='ltr'><strong>accepti</strong></span> <span class='ocrx_word' id='word_1_333' title='bbox 757 2707 990 2777; x_wconf 87' lang='lat' dir='ltr'><strong>Spiritus</strong></span> <span class='ocrx_word' id='word_1_334' title='bbox 1018 2705 1071 2760; x_wconf 91' lang='lat' dir='ltr'><strong>in</strong></span> <span class='ocrx_word' id='word_1_335' title='bbox 1099 2722 1257 2760; x_wconf 90' lang='lat' dir='ltr'><strong>usum</strong></span> <span class='ocrx_word' id='word_1_336' title='bbox 1294 2703 1676 2777; x_wconf 90' lang='lat' dir='ltr'><strong>negotiationis</strong></span> <span class='ocrx_word' id='word_1_337' title='bbox 1722 2704 1884 2759; x_wconf 83' lang='lat' dir='ltr'><strong>inﬂe-</strong></span> 
     </span>
    </p>
   </div>
   <div class='ocr_carea' id='block_1_45' title="bbox 274 2792 1885 2866">
    <p class='ocr_par' dir='ltr' id='par_1_45' title="bbox 274 2792 1885 2866">
     <span class='ocr_line' id='line_1_45' title="bbox 274 2792 1885 2866; baseline -0.006 -11"><span class='ocrx_word' id='word_1_338' title='bbox 274 2809 446 2865; x_wconf 90' lang='lat' dir='ltr'><strong>ctere,</strong></span> <span class='ocrx_word' id='word_1_339' title='bbox 487 2806 541 2854; x_wconf 90' lang='lat' dir='ltr'><strong>et</strong></span> <span class='ocrx_word' id='word_1_340' title='bbox 570 2795 947 2852; x_wconf 89' lang='lat' dir='ltr'><strong>miraculorum</strong></span> <span class='ocrx_word' id='word_1_341' title='bbox 990 2795 1150 2866; x_wconf 85' lang='lat' dir='ltr'><strong>signa</strong></span> <span class='ocrx_word' id='word_1_342' title='bbox 1185 2794 1256 2849; x_wconf 91' lang='lat' dir='ltr'><strong>ad</strong></span> <span class='ocrx_word' id='word_1_343' title='bbox 1287 2793 1526 2848; x_wconf 82' lang='lat' dir='ltr'><strong>avaritiae</strong></span> <span class='ocrx_word' id='word_1_344' title='bbox 1561 2792 1885 2863; x_wconf 91' lang='lat' dir='ltr'><strong>obsequium</strong></span> 
     </span>
    </p>
   </div>
   <div class='ocr_carea' id='block_1_46' title="bbox 268 2880 1884 2954">
    <p class='ocr_par' dir='ltr' id='par_1_46' title="bbox 268 2880 1884 2954">
     <span class='ocr_line' id='line_1_46' title="bbox 268 2880 1884 2954; baseline -0.006 -10"><span class='ocrx_word' id='word_1_345' title='bbox 268 2887 571 2944; x_wconf 88' lang='lat' dir='ltr'><strong>declinare.</strong></span> <span class='ocrx_word' id='word_1_346' title='bbox 604 2885 742 2940; x_wconf 87' lang='lat' dir='ltr'><strong>Hinc</strong></span> <span class='ocrx_word' id='word_1_347' title='bbox 772 2892 854 2939; x_wconf 90' lang='lat' dir='ltr'><strong>est</strong></span> <span class='ocrx_word' id='word_1_348' title='bbox 874 2883 1019 2938; x_wconf 90' lang='lat' dir='ltr'><strong>enim</strong></span> <span class='ocrx_word' id='word_1_349' title='bbox 1049 2882 1196 2954; x_wconf 91' lang='lat' dir='ltr'><strong>quod</strong></span> <span class='ocrx_word' id='word_1_350' title='bbox 1233 2881 1422 2937; x_wconf 90' lang='lat' dir='ltr'><strong>Simon</strong></span> <span class='ocrx_word' id='word_1_351' title='bbox 1450 2897 1551 2952; x_wconf 90' lang='lat' dir='ltr'><strong>per</strong></span> <span class='ocrx_word' id='word_1_352' title='bbox 1578 2880 1884 2951; x_wconf 91' lang='lat' dir='ltr'><strong>impositio-</strong></span> 
     </span>
    </p>
   </div>
   <div class='ocr_carea' id='block_1_47' title="bbox 273 2969 1887 3040">
    <p class='ocr_par' dir='ltr' id='par_1_47' title="bbox 273 2969 1887 3040">
     <span class='ocr_line' id='line_1_47' title="bbox 273 2969 1887 3040; baseline -0.005 -8"><span class='ocrx_word' id='word_1_353' title='bbox 273 2993 402 3032; x_wconf 90' lang='lat' dir='ltr'><strong>nem</strong></span> <span class='ocrx_word' id='word_1_354' title='bbox 430 2991 628 3030; x_wconf 87' lang='lat' dir='ltr'><strong>manus</strong></span> <span class='ocrx_word' id='word_1_355' title='bbox 660 2973 807 3028; x_wconf 91' lang='lat' dir='ltr'><strong>edita</strong></span> <span class='ocrx_word' id='word_1_356' title='bbox 835 2970 1101 3026; x_wconf 90' lang='lat' dir='ltr'><strong>miracula</strong></span> <span class='ocrx_word' id='word_1_357' title='bbox 1131 2970 1548 3040; x_wconf 86' lang='lat' dir='ltr'><strong>concupiscens,</strong></span> <span class='ocrx_word' id='word_1_358' title='bbox 1597 2969 1887 3039; x_wconf 89' lang='lat' dir='ltr'><strong>percipere</strong></span> 
     </span>
    </p>
   </div>
   <div class='ocr_carea' id='block_1_48' title="bbox 271 3057 1887 3132">
    <p class='ocr_par' dir='ltr' id='par_1_48' title="bbox 271 3057 1887 3132">
     <span class='ocr_line' id='line_1_48' title="bbox 271 3057 1887 3132; baseline -0.007 -11"><span class='ocrx_word' id='word_1_359' title='bbox 271 3067 480 3121; x_wconf 88' lang='lat' dir='ltr'><strong>donum</strong></span> <span class='ocrx_word' id='word_1_360' title='bbox 542 3061 772 3132; x_wconf 89' lang='lat' dir='ltr'><strong>Spiritus</strong></span> <span class='ocrx_word' id='word_1_361' title='bbox 819 3060 990 3116; x_wconf 91' lang='lat' dir='ltr'><strong>sancti</strong></span> <span class='ocrx_word' id='word_1_362' title='bbox 1037 3058 1268 3130; x_wconf 90' lang='lat' dir='ltr'><strong>pecunia</strong></span> <span class='ocrx_word' id='word_1_363' title='bbox 1311 3057 1496 3122; x_wconf 90' lang='lat' dir='ltr'><strong>voluit,</strong></span> <span class='ocrx_word' id='word_1_364' title='bbox 1575 3057 1783 3112; x_wconf 92' lang='lat' dir='ltr'><strong>scilicet</strong></span> <span class='ocrx_word' id='word_1_365' title='bbox 1829 3063 1887 3110; x_wconf 90' lang='lat' dir='ltr'><strong>ut</strong></span> 
     </span>
    </p>
   </div>
   <div class='ocr_carea' id='block_1_49' title="bbox 268 3143 1889 3219">
    <p class='ocr_par' dir='ltr' id='par_1_49' title="bbox 268 3143 1889 3219">
     <span class='ocr_line' id='line_1_49' title="bbox 268 3143 1889 3219; baseline -0.005 -11"><span class='ocrx_word' id='word_1_366' title='bbox 268 3154 516 3209; x_wconf 90' lang='lat' dir='ltr'><strong>deterius</strong></span> <span class='ocrx_word' id='word_1_367' title='bbox 540 3150 804 3205; x_wconf 89' lang='lat' dir='ltr'><strong>venderet</strong></span> <span class='ocrx_word' id='word_1_368' title='bbox 830 3149 975 3219; x_wconf 92' lang='lat' dir='ltr'><strong>quod</strong></span> <span class='ocrx_word' id='word_1_369' title='bbox 1023 3147 1161 3201; x_wconf 90' lang='lat' dir='ltr'><strong>male</strong></span> <span class='ocrx_word' id='word_1_370' title='bbox 1211 3152 1603 3216; x_wconf 88' lang='lat' dir='ltr'><strong>comparasset.</strong></span> <span class='ocrx_word' id='word_1_371' title='bbox 1655 3145 1790 3198; x_wconf 84' lang='lat' dir='ltr'><strong>Hinc</strong></span> <span class='ocrx_word' id='word_1_372' title='bbox 1820 3143 1889 3200; x_wconf 89' lang='lat' dir='ltr'><strong>de</strong></span> 
     </span>
    </p>
   </div>
   <div class='ocr_carea' id='block_1_50' title="bbox 269 3232 1888 3312">
    <p class='ocr_par' dir='ltr' id='par_1_50' title="bbox 269 3232 1888 3312">
     <span class='ocr_line' id='line_1_50' title="bbox 269 3232 1888 3312; baseline -0.007 -14"><span class='ocrx_word' id='word_1_373' title='bbox 269 3243 478 3312; x_wconf 89' lang='lat' dir='ltr'><strong>templo</strong></span> <span class='ocrx_word' id='word_1_374' title='bbox 508 3240 841 3308; x_wconf 79' lang='lat' dir='ltr'><strong>Redemptor</strong></span> <span class='ocrx_word' id='word_1_375' title='bbox 870 3245 1056 3292; x_wconf 91' lang='lat' dir='ltr'><strong>noster</strong></span> <span class='ocrx_word' id='word_1_376' title='bbox 1087 3235 1303 3308; x_wconf 85' lang='lat' dir='ltr'><strong>ﬂagello</strong></span> <span class='ocrx_word' id='word_1_377' title='bbox 1333 3236 1402 3289; x_wconf 91' lang='lat' dir='ltr'><strong>de</strong></span> <span class='ocrx_word' id='word_1_378' title='bbox 1433 3233 1702 3288; x_wconf 90' lang='lat' dir='ltr'><strong>resticulis</strong></span> <span class='ocrx_word' id='word_1_379' title='bbox 1747 3232 1888 3288; x_wconf 89' lang='lat' dir='ltr'><strong>facto</strong></span> 
     </span>
    </p>
   </div>
   <div class='ocr_carea' id='block_1_51' title="bbox 269 3322 1887 3397">
    <p class='ocr_par' dir='ltr' id='par_1_51' title="bbox 269 3322 1887 3397">
     <span class='ocr_line' id='line_1_51' title="bbox 269 3322 1887 3397; baseline -0.006 -13"><span class='ocrx_word' id='word_1_380' title='bbox 269 3331 461 3386; x_wconf 89' lang='lat' dir='ltr'><strong>turbas</strong></span> <span class='ocrx_word' id='word_1_381' title='bbox 491 3328 670 3397; x_wconf 91' lang='lat' dir='ltr'><strong>ejecit,</strong></span> <span class='ocrx_word' id='word_1_382' title='bbox 703 3326 989 3382; x_wconf 85' lang='lat' dir='ltr'><strong>cathedras</strong></span> <span class='ocrx_word' id='word_1_383' title='bbox 1020 3323 1369 3379; x_wconf 89' lang='lat' dir='ltr'><strong>vendentium</strong></span> <span class='ocrx_word' id='word_1_384' title='bbox 1396 3322 1678 3378; x_wconf 89' lang='lat' dir='ltr'><strong>columbas</strong></span> <span class='ocrx_word' id='word_1_385' title='bbox 1731 3336 1887 3376; x_wconf 86' lang='lat' dir='ltr'><strong>ever-</strong></span> 
     </span>
    </p>
   </div>
   <div class='ocr_carea' id='block_1_52' title="bbox 272 3409 1889 3486">
    <p class='ocr_par' dir='ltr' id='par_1_52' title="bbox 272 3409 1889 3486">
     <span class='ocr_line' id='line_1_52' title="bbox 272 3409 1889 3486; baseline -0.007 -11"><span class='ocrx_word' id='word_1_386' title='bbox 272 3420 356 3475; x_wconf 92' lang='lat' dir='ltr'><strong>tit.</strong></span> <span class='ocrx_word' id='word_1_387' title='bbox 417 3417 712 3472; x_wconf 91' lang='lat' dir='ltr'><strong>Columbas</strong></span> <span class='ocrx_word' id='word_1_388' title='bbox 751 3415 949 3486; x_wconf 91' lang='lat' dir='ltr'><strong>quippe</strong></span> <span class='ocrx_word' id='word_1_389' title='bbox 1004 3413 1242 3468; x_wconf 88' lang='lat' dir='ltr'><strong>vendere</strong></span> <span class='ocrx_word' id='word_1_390' title='bbox 1315 3419 1415 3479; x_wconf 90' lang='lat' dir='ltr'><strong>est,</strong></span> <span class='ocrx_word' id='word_1_391' title='bbox 1482 3409 1889 3480; x_wconf 90' lang='lat' dir='ltr'><strong>impositionem</strong></span> 
     </span>
    </p>
   </div>
   <div class='ocr_carea' id='block_1_53' title="bbox 269 3498 1887 3578">
    <p class='ocr_par' dir='ltr' id='par_1_53' title="bbox 269 3498 1887 3578">
     <span class='ocr_line' id='line_1_53' title="bbox 269 3498 1887 3578; baseline -0.007 -14"><span class='ocrx_word' id='word_1_392' title='bbox 269 3524 490 3570; x_wconf 89' lang='lat' dir='ltr'><strong>manus,</strong></span> <span class='ocrx_word' id='word_1_393' title='bbox 525 3521 631 3578; x_wconf 89' lang='lat' dir='ltr'><strong>qua</strong></span> <span class='ocrx_word' id='word_1_394' title='bbox 662 3504 892 3575; x_wconf 90' lang='lat' dir='ltr'><strong>Spiritus</strong></span> <span class='ocrx_word' id='word_1_395' title='bbox 921 3509 1140 3557; x_wconf 89' lang='lat' dir='ltr'><strong>sanctus</strong></span> <span class='ocrx_word' id='word_1_396' title='bbox 1173 3499 1456 3570; x_wconf 89' lang='lat' dir='ltr'><strong>accipitur,</strong></span> <span class='ocrx_word' id='word_1_397' title='bbox 1497 3514 1608 3553; x_wconf 91' lang='lat' dir='ltr'><strong>non</strong></span> <span class='ocrx_word' id='word_1_398' title='bbox 1647 3498 1715 3552; x_wconf 89' lang='lat' dir='ltr'><strong>ad</strong></span> <span class='ocrx_word' id='word_1_399' title='bbox 1763 3498 1887 3553; x_wconf 68' lang='lat' dir='ltr'><strong>vitae</strong></span> 
     </span>
    </p>
   </div>
   <div class='ocr_carea' id='block_1_54' title="bbox 270 3585 1882 3664">
    <p class='ocr_par' dir='ltr' id='par_1_54' title="bbox 270 3585 1882 3664">
     <span class='ocr_line' id='line_1_54' title="bbox 270 3585 1882 3664; baseline -0.009 -11"><span class='ocrx_word' id='word_1_400' title='bbox 270 3597 550 3664; x_wconf 89' lang='lat' dir='ltr'><strong>meritum,</strong></span> <span class='ocrx_word' id='word_1_401' title='bbox 583 3593 682 3649; x_wconf 91' lang='lat' dir='ltr'><strong>sed</strong></span> <span class='ocrx_word' id='word_1_402' title='bbox 710 3593 778 3646; x_wconf 90' lang='lat' dir='ltr'><strong>ad</strong></span> <span class='ocrx_word' id='word_1_403' title='bbox 807 3591 1090 3662; x_wconf 67' lang='lat' dir='ltr'><strong>praemium</strong></span> <span class='ocrx_word' id='word_1_404' title='bbox 1119 3589 1280 3643; x_wconf 91' lang='lat' dir='ltr'><strong>dare.</strong></span> <span class='ocrx_word' id='word_1_405' title='bbox 1319 3587 1428 3643; x_wconf 90' lang='lat' dir='ltr'><strong>Sed</strong></span> <span class='ocrx_word' id='word_1_406' title='bbox 1458 3594 1583 3640; x_wconf 90' lang='lat' dir='ltr'><strong>sunt</strong></span> <span class='ocrx_word' id='word_1_407' title='bbox 1620 3585 1882 3652; x_wconf 90' lang='lat' dir='ltr'><strong>nonnulli,</strong></span> 
     </span>
    </p>
   </div>
   <div class='ocr_carea' id='block_1_55' title="bbox 271 3675 1884 3760">
    <p class='ocr_par' dir='ltr' id='par_1_55' title="bbox 271 3675 1884 3760">
     <span class='ocr_line' id='line_1_55' title="bbox 271 3675 1884 3760; baseline -0.007 -19"><span class='ocrx_word' id='word_1_408' title='bbox 271 3686 369 3760; x_wconf 88' lang='lat' dir='ltr'><strong>qui</strong></span> <span class='ocrx_word' id='word_1_409' title='bbox 400 3683 622 3756; x_wconf 92' lang='lat' dir='ltr'><strong>quidem</strong></span> <span class='ocrx_word' id='word_1_410' title='bbox 651 3695 998 3737; x_wconf 90' lang='lat' dir='ltr'><strong>nummorum</strong></span> <span class='ocrx_word' id='word_1_411' title='bbox 1025 3677 1255 3750; x_wconf 78' lang='lat' dir='ltr'><strong>praemia</strong></span> <span class='ocrx_word' id='word_1_412' title='bbox 1294 3693 1360 3732; x_wconf 87' lang='lat' dir='ltr'><strong>ex</strong></span> <span class='ocrx_word' id='word_1_413' title='bbox 1387 3675 1726 3732; x_wconf 82' lang='lat' dir='ltr'><strong>ordinatione</strong></span> <span class='ocrx_word' id='word_1_414' title='bbox 1774 3689 1884 3730; x_wconf 90' lang='lat' dir='ltr'><strong>non</strong></span> 
     </span>
    </p>
   </div>
   <div class='ocr_carea' id='block_1_56' title="bbox 272 3763 1884 3843">
    <p class='ocr_par' dir='ltr' id='par_1_56' title="bbox 272 3763 1884 3843">
     <span class='ocr_line' id='line_1_56' title="bbox 272 3763 1884 3843; baseline -0.009 -12"><span class='ocrx_word' id='word_1_415' title='bbox 272 3773 575 3843; x_wconf 88' lang='lat' dir='ltr'><strong>accipiunt,</strong></span> <span class='ocrx_word' id='word_1_416' title='bbox 632 3778 686 3826; x_wconf 92' lang='lat' dir='ltr'><strong>et</strong></span> <span class='ocrx_word' id='word_1_417' title='bbox 744 3777 925 3825; x_wconf 88' lang='lat' dir='ltr'><strong>tamen</strong></span> <span class='ocrx_word' id='word_1_418' title='bbox 989 3782 1178 3822; x_wconf 86' lang='lat' dir='ltr'><strong>sacros</strong></span> <span class='ocrx_word' id='word_1_419' title='bbox 1233 3764 1454 3820; x_wconf 88' lang='lat' dir='ltr'><strong>ordines</strong></span> <span class='ocrx_word' id='word_1_420' title='bbox 1501 3779 1599 3832; x_wconf 89' lang='lat' dir='ltr'><strong>pro</strong></span> <span class='ocrx_word' id='word_1_421' title='bbox 1648 3763 1884 3818; x_wconf 90' lang='lat' dir='ltr'><strong>humana</strong></span> 
     </span>
    </p>
   </div>
   <div class='ocr_carea' id='block_1_57' title="bbox 272 3850 1884 3935">
    <p class='ocr_par' dir='ltr' id='par_1_57' title="bbox 272 3850 1884 3935">
     <span class='ocr_line' id='line_1_57' title="bbox 272 3850 1884 3935; baseline -0.008 -18"><span class='ocrx_word' id='word_1_422' title='bbox 272 3863 453 3935; x_wconf 90' lang='lat' dir='ltr'><strong>gratia</strong></span> <span class='ocrx_word' id='word_1_423' title='bbox 482 3859 805 3932; x_wconf 85' lang='lat' dir='ltr'><strong>largiuntur,</strong></span> <span class='ocrx_word' id='word_1_424' title='bbox 863 3865 1026 3928; x_wconf 90' lang='lat' dir='ltr'><strong>atque</strong></span> <span class='ocrx_word' id='word_1_425' title='bbox 1056 3855 1126 3910; x_wconf 92' lang='lat' dir='ltr'><strong>de</strong></span> <span class='ocrx_word' id='word_1_426' title='bbox 1154 3853 1404 3925; x_wconf 82' lang='lat' dir='ltr'><strong>largitate</strong></span> <span class='ocrx_word' id='word_1_427' title='bbox 1453 3851 1648 3907; x_wconf 88' lang='lat' dir='ltr'><strong>eadem</strong></span> <span class='ocrx_word' id='word_1_428' title='bbox 1705 3850 1884 3906; x_wconf 88' lang='lat' dir='ltr'><strong>laudis</strong></span> 
     </span>
    </p>
   </div>
   <div class='ocr_carea' id='block_1_58' title="bbox 271 3939 1876 4014">
    <p class='ocr_par' dir='ltr' id='par_1_58' title="bbox 271 3939 1876 4014">
     <span class='ocr_line' id='line_1_58' title="bbox 271 3939 1876 4014; baseline -0.011 -5"><span class='ocrx_word' id='word_1_429' title='bbox 271 3949 623 4008; x_wconf 82' lang='lat' dir='ltr'><strong>solummodo</strong></span> <span class='ocrx_word' id='word_1_430' title='bbox 680 3945 1090 4003; x_wconf 90' lang='lat' dir='ltr'><strong>retributionem</strong></span> <span class='ocrx_word' id='word_1_431' title='bbox 1145 3949 1412 4014; x_wconf 60' lang='lat' dir='ltr'><strong>quierunt.</strong></span> <span class='ocrx_word' id='word_1_432' title='bbox 1476 3940 1542 3994; x_wconf 90' lang='lat' dir='ltr'><strong>Hi</strong></span> <span class='ocrx_word' id='word_1_433' title='bbox 1601 3939 1876 4007; x_wconf 86' lang='lat' dir='ltr'><strong>nimirum,</strong></span> 
     </span>
    </p>
   </div>
   <div class='ocr_carea' id='block_1_59' title="bbox 272 4027 1882 4115">
    <p class='ocr_par' dir='ltr' id='par_1_59' title="bbox 272 4027 1882 4115">
     <span class='ocr_line' id='line_1_59' title="bbox 272 4027 1882 4115; baseline -0.011 -18"><span class='ocrx_word' id='word_1_434' title='bbox 272 4040 425 4114; x_wconf 89' lang='lat' dir='ltr'><strong>quod</strong></span> <span class='ocrx_word' id='word_1_435' title='bbox 455 4037 625 4109; x_wconf 84' lang='lat' dir='ltr'><strong>gratis</strong></span> <span class='ocrx_word' id='word_1_436' title='bbox 655 4043 935 4115; x_wconf 84' lang='lat' dir='ltr'><strong>acceptum</strong></span> <span class='ocrx_word' id='word_1_437' title='bbox 965 4041 1068 4098; x_wconf 89' lang='lat' dir='ltr'><strong>est,</strong></span> <span class='ocrx_word' id='word_1_438' title='bbox 1100 4031 1273 4102; x_wconf 81' lang='lat' dir='ltr'><strong>gratis</strong></span> <span class='ocrx_word' id='word_1_439' title='bbox 1304 4046 1414 4084; x_wconf 92' lang='lat' dir='ltr'><strong>non</strong></span> <span class='ocrx_word' id='word_1_440' title='bbox 1443 4028 1702 4094; x_wconf 91' lang='lat' dir='ltr'><strong>tribuunt,</strong></span> <span class='ocrx_word' id='word_1_441' title='bbox 1754 4027 1882 4098; x_wconf 91' lang='lat' dir='ltr'><strong>quia</strong></span> 
     </span>
    </p>
   </div>
   <div class='ocr_carea' id='block_1_60' title="bbox 271 4116 1878 4197">
    <p class='ocr_par' dir='ltr' id='par_1_60' title="bbox 271 4116 1878 4197">
     <span class='ocr_line' id='line_1_60' title="bbox 271 4116 1878 4197; baseline -0.01 -13"><span class='ocrx_word' id='word_1_442' title='bbox 271 4130 346 4184; x_wconf 92' lang='lat' dir='ltr'><strong>de</strong></span> <span class='ocrx_word' id='word_1_443' title='bbox 375 4127 627 4197; x_wconf 91' lang='lat' dir='ltr'><strong>impenso</strong></span> <span class='ocrx_word' id='word_1_444' title='bbox 656 4123 834 4179; x_wconf 82' lang='lat' dir='ltr'><strong>ofﬁcio</strong></span> <span class='ocrx_word' id='word_1_445' title='bbox 862 4120 1166 4178; x_wconf 88' lang='lat' dir='ltr'><strong>sanctitatis</strong></span> <span class='ocrx_word' id='word_1_446' title='bbox 1201 4133 1482 4174; x_wconf 89' lang='lat' dir='ltr'><strong>nummum</strong></span> <span class='ocrx_word' id='word_1_447' title='bbox 1527 4116 1732 4171; x_wconf 85' lang='lat' dir='ltr'><strong>favoris</strong></span> <span class='ocrx_word' id='word_1_448' title='bbox 1780 4131 1878 4169; x_wconf 87' lang='lat' dir='ltr'><strong>ex-</strong></span> 
     </span>
    </p>
   </div>
   <div class='ocr_carea' id='block_1_61' title="bbox 271 4203 1879 4289">
    <p class='ocr_par' dir='ltr' id='par_1_61' title="bbox 271 4203 1879 4289">
     <span class='ocr_line' id='line_1_61' title="bbox 271 4203 1879 4289; baseline -0.011 -16"><span class='ocrx_word' id='word_1_449' title='bbox 271 4224 486 4289; x_wconf 90' lang='lat' dir='ltr'><strong>petunt.</strong></span> <span class='ocrx_word' id='word_1_450' title='bbox 521 4213 677 4270; x_wconf 89' lang='lat' dir='ltr'><strong>Unde</strong></span> <span class='ocrx_word' id='word_1_451' title='bbox 707 4213 846 4267; x_wconf 89' lang='lat' dir='ltr'><strong>bene</strong></span> <span class='ocrx_word' id='word_1_452' title='bbox 894 4227 1015 4266; x_wconf 89' lang='lat' dir='ltr'><strong>cum</strong></span> <span class='ocrx_word' id='word_1_453' title='bbox 1054 4209 1258 4277; x_wconf 87' lang='lat' dir='ltr'><strong>justum</strong></span> <span class='ocrx_word' id='word_1_454' title='bbox 1306 4207 1481 4261; x_wconf 91' lang='lat' dir='ltr'><strong>virum</strong></span> <span class='ocrx_word' id='word_1_455' title='bbox 1539 4203 1879 4259; x_wconf 89' lang='lat' dir='ltr'><strong>describeret</strong></span> 
     </span>
    </p>
   </div>
   <div class='ocr_carea' id='block_1_62' title="bbox 272 4293 1878 4375">
    <p class='ocr_par' dir='ltr' id='par_1_62' title="bbox 272 4293 1878 4375">
     <span class='ocr_line' id='line_1_62' title="bbox 272 4293 1878 4375; baseline -0.011 -14"><span class='ocrx_word' id='word_1_456' title='bbox 272 4305 553 4375; x_wconf 87' lang='lat' dir='ltr'><strong>Propheta</strong></span> <span class='ocrx_word' id='word_1_457' title='bbox 566 4303 657 4356; x_wconf 89' lang='lat' dir='ltr'><strong>ait:</strong></span> <span class='ocrx_word' id='word_1_458' title='bbox 677 4302 783 4367; x_wconf 85' lang='lat' dir='ltr'><strong>Qui</strong></span> <span class='ocrx_word' id='word_1_459' title='bbox 794 4299 1017 4356; x_wconf 77' lang='lat' dir='ltr'><strong>excutit</strong></span> <span class='ocrx_word' id='word_1_460' title='bbox 1034 4312 1238 4352; x_wconf 79' lang='lat' dir='ltr'><strong>manus</strong></span> <span class='ocrx_word' id='word_1_461' title='bbox 1250 4311 1383 4350; x_wconf 76' lang='lat' dir='ltr'><strong>suas</strong></span> <span class='ocrx_word' id='word_1_462' title='bbox 1399 4293 1464 4348; x_wconf 89' lang='lat' dir='ltr'><strong>ab</strong></span> <span class='ocrx_word' id='word_1_463' title='bbox 1477 4295 1633 4349; x_wconf 83' lang='lat' dir='ltr'><strong>omni</strong></span> <span class='ocrx_word' id='word_1_464' title='bbox 1644 4305 1878 4345; x_wconf 80' lang='lat' dir='ltr'><strong>munere</strong></span> 
     </span>
    </p>
   </div>
   <div class='ocr_carea' id='block_1_63' title="bbox 273 4381 1877 4465">
    <p class='ocr_par' dir='ltr' id='par_1_63' title="bbox 273 4381 1877 4465">
     <span class='ocr_line' id='line_1_63' title="bbox 273 4381 1877 4465; baseline -0.012 -15"><span class='ocrx_word' id='word_1_465' title='bbox 273 4395 412 4465; x_wconf 75' lang='grc' dir='ltr'><strong>(ιω.</strong></span> <span class='ocrx_word' id='word_1_466' title='bbox 432 4390 661 4461; x_wconf 78' lang='lat' dir='ltr'><strong>xxxm).</strong></span> <span class='ocrx_word' id='word_1_467' title='bbox 681 4389 871 4460; x_wconf 91' lang='lat' dir='ltr'><strong>Neque</strong></span> <span class='ocrx_word' id='word_1_468' title='bbox 883 4387 1027 4442; x_wconf 91' lang='lat' dir='ltr'><strong>enim</strong></span> <span class='ocrx_word' id='word_1_469' title='bbox 1047 4385 1194 4451; x_wconf 90' lang='lat' dir='ltr'><strong>dicit,</strong></span> <span class='ocrx_word' id='word_1_470' title='bbox 1222 4383 1313 4454; x_wconf 91' lang='lat' dir='ltr'><strong>qui</strong></span> <span class='ocrx_word' id='word_1_471' title='bbox 1330 4381 1524 4437; x_wconf 85' lang='lat' dir='ltr'><strong>excutit</strong></span> <span class='ocrx_word' id='word_1_472' title='bbox 1544 4395 1738 4434; x_wconf 83' lang='lat' dir='ltr'><strong>manus</strong></span> <span class='ocrx_word' id='word_1_473' title='bbox 1752 4394 1877 4432; x_wconf 91' lang='lat' dir='ltr'><strong>suas</strong></span> 
     </span>
    </p>
   </div>
   <div class='ocr_carea' id='block_1_64' title="bbox 1923 3115 1971 3176">
    <p class='ocr_par' dir='ltr' id='par_1_64' title="bbox 1923 3115 1971 3176">
     <span class='ocr_line' id='line_1_64' title="bbox 1923 3115 1971 3176; baseline 0 0"><span class='ocrx_word' id='word_1_474' title='bbox 1923 3115 1971 3176; x_wconf 92' lang='lat' dir='ltr'><strong>C</strong></span> 
     </span>
    </p>
   </div>
   <div class='ocr_carea' id='block_1_65' title="bbox 1987 1826 3588 1897">
    <p class='ocr_par' dir='ltr' id='par_1_65' title="bbox 1987 1826 3588 1897">
     <span class='ocr_line' id='line_1_65' title="bbox 1987 1826 3588 1897; baseline 0.001 -15"><span class='ocrx_word' id='word_1_475' title='bbox 1987 1826 2211 1882; x_wconf 89' lang='lat' dir='ltr'><strong>clesiam</strong></span> <span class='ocrx_word' id='word_1_476' title='bbox 2242 1827 2539 1881; x_wconf 90' lang='lat' dir='ltr'><strong>simoniaca</strong></span> <span class='ocrx_word' id='word_1_477' title='bbox 2569 1826 2796 1881; x_wconf 84' lang='lat' dir='ltr'><strong>haeresis</strong></span> <span class='ocrx_word' id='word_1_478' title='bbox 2826 1826 2895 1880; x_wconf 91' lang='lat' dir='ltr'><strong>sit</strong></span> <span class='ocrx_word' id='word_1_479' title='bbox 2927 1835 3132 1894; x_wconf 88' lang='lat' dir='ltr'><strong>exorta,</strong></span> <span class='ocrx_word' id='word_1_480' title='bbox 3167 1842 3266 1882; x_wconf 89' lang='lat' dir='ltr'><strong>cur</strong></span> <span class='ocrx_word' id='word_1_481' title='bbox 3295 1843 3404 1882; x_wconf 91' lang='lat' dir='ltr'><strong>non</strong></span> <span class='ocrx_word' id='word_1_482' title='bbox 3453 1843 3588 1897; x_wconf 85' lang='lat' dir='ltr'><strong>per-</strong></span> 
     </span>
    </p>
   </div>
   <div class='ocr_carea' id='block_1_66' title="bbox 1987 1914 3592 1987">
    <p class='ocr_par' dir='ltr' id='par_1_66' title="bbox 1987 1914 3592 1987">
     <span class='ocr_line' id='line_1_66' title="bbox 1987 1914 3592 1987; baseline 0.001 -17"><span class='ocrx_word' id='word_1_483' title='bbox 1987 1914 2260 1987; x_wconf 87' lang='lat' dir='ltr'><strong>penditur,</strong></span> <span class='ocrx_word' id='word_1_484' title='bbox 2293 1930 2387 1970; x_wconf 88' lang='lat' dir='ltr'><strong>cur</strong></span> <span class='ocrx_word' id='word_1_485' title='bbox 2429 1931 2538 1969; x_wconf 92' lang='lat' dir='ltr'><strong>non</strong></span> <span class='ocrx_word' id='word_1_486' title='bbox 2576 1915 2816 1983; x_wconf 87' lang='lat' dir='ltr'><strong>videtur,</strong></span> <span class='ocrx_word' id='word_1_487' title='bbox 2874 1914 3002 1985; x_wconf 89' lang='lat' dir='ltr'><strong>quia</strong></span> <span class='ocrx_word' id='word_1_488' title='bbox 3049 1930 3194 1983; x_wconf 89' lang='lat' dir='ltr'><strong>eum,</strong></span> <span class='ocrx_word' id='word_1_489' title='bbox 3256 1930 3420 1986; x_wconf 89' lang='lat' dir='ltr'><strong>quem</strong></span> <span class='ocrx_word' id='word_1_490' title='bbox 3467 1915 3592 1987; x_wconf 76' lang='lat' dir='ltr'><strong>quis</strong></span> 
     </span>
    </p>
   </div>
   <div class='ocr_carea' id='block_1_67' title="bbox 1989 2011 3593 2082">
    <p class='ocr_par' dir='ltr' id='par_1_67' title="bbox 1989 2011 3593 2082">
     <span class='ocr_line' id='line_1_67' title="bbox 1989 2011 3593 2082; baseline 0 -14"><span class='ocrx_word' id='word_1_491' title='bbox 1989 2028 2113 2069; x_wconf 91' lang='lat' dir='ltr'><strong>cum</strong></span> <span class='ocrx_word' id='word_1_492' title='bbox 2145 2012 2315 2082; x_wconf 87' lang='lat' dir='ltr'><strong>pretio</strong></span> <span class='ocrx_word' id='word_1_493' title='bbox 2353 2013 2588 2080; x_wconf 90' lang='lat' dir='ltr'><strong>ordinat,</strong></span> <span class='ocrx_word' id='word_1_494' title='bbox 2640 2011 2996 2082; x_wconf 89' lang='lat' dir='ltr'><strong>provehendo</strong></span> <span class='ocrx_word' id='word_1_495' title='bbox 3044 2012 3157 2082; x_wconf 85' lang='lat' dir='ltr'><strong>agit</strong></span> <span class='ocrx_word' id='word_1_496' title='bbox 3201 2020 3258 2066; x_wconf 91' lang='lat' dir='ltr'><strong>ut</strong></span> <span class='ocrx_word' id='word_1_497' title='bbox 3305 2012 3593 2068; x_wconf 64' lang='lat' dir='ltr'><strong>haereticus</strong></span> 
     </span>
    </p>
   </div>
   <div class='ocr_carea' id='block_1_68' title="bbox 1988 2099 3596 2172">
    <p class='ocr_par' dir='ltr' id='par_1_68' title="bbox 1988 2099 3596 2172">
     <span class='ocr_line' id='line_1_68' title="bbox 1988 2099 3596 2172; baseline 0.001 -18"><span class='ocrx_word' id='word_1_498' title='bbox 1988 2100 2126 2155; x_wconf 85' lang='lat' dir='ltr'><strong>ﬁat?</strong></span> <span class='ocrx_word' id='word_1_499' title='bbox 2182 2099 2323 2169; x_wconf 89' lang='lat' dir='ltr'><strong>Quia</strong></span> <span class='ocrx_word' id='word_1_500' title='bbox 2377 2100 2544 2172; x_wconf 87' lang='lat' dir='ltr'><strong>igitur</strong></span> <span class='ocrx_word' id='word_1_501' title='bbox 2591 2101 2733 2154; x_wconf 87' lang='lat' dir='ltr'><strong>hanc</strong></span> <span class='ocrx_word' id='word_1_502' title='bbox 2763 2099 3212 2154; x_wconf 83' lang='lat' dir='ltr'><strong>nefandissimam</strong></span> <span class='ocrx_word' id='word_1_503' title='bbox 3267 2101 3596 2170; x_wconf 87' lang='lat' dir='ltr'><strong>pravitatem</strong></span> 
     </span>
    </p>
   </div>
   <div class='ocr_carea' id='block_1_69' title="bbox 1988 2187 3598 2253">
    <p class='ocr_par' dir='ltr' id='par_1_69' title="bbox 1988 2187 3598 2253">
     <span class='ocr_line' id='line_1_69' title="bbox 1988 2187 3598 2253; baseline 0.001 -11"><span class='ocrx_word' id='word_1_504' title='bbox 1988 2188 2314 2243; x_wconf 91' lang='lat' dir='ltr'><strong>universalis</strong></span> <span class='ocrx_word' id='word_1_505' title='bbox 2344 2189 2563 2242; x_wconf 90' lang='lat' dir='ltr'><strong>damnat</strong></span> <span class='ocrx_word' id='word_1_506' title='bbox 2591 2187 2862 2253; x_wconf 88' lang='lat' dir='ltr'><strong>Ecclesia,</strong></span> <span class='ocrx_word' id='word_1_507' title='bbox 2896 2188 3175 2241; x_wconf 87' lang='lat' dir='ltr'><strong>hortamur</strong></span> <span class='ocrx_word' id='word_1_508' title='bbox 3201 2187 3598 2244; x_wconf 87' lang='lat' dir='ltr'><strong>fraternitatem</strong></span> 
     </span>
    </p>
   </div>
   <div class='ocr_carea' id='block_1_70' title="bbox 1988 2275 3598 2344">
    <p class='ocr_par' dir='ltr' id='par_1_70' title="bbox 1988 2275 3598 2344">
     <span class='ocr_line' id='line_1_70' title="bbox 1988 2275 3598 2344; baseline 0.001 -14"><span class='ocrx_word' id='word_1_509' title='bbox 1988 2285 2251 2340; x_wconf 86' lang='lat' dir='ltr'><strong>vestram,</strong></span> <span class='ocrx_word' id='word_1_510' title='bbox 2285 2285 2342 2330; x_wconf 89' lang='lat' dir='ltr'><strong>ut</strong></span> <span class='ocrx_word' id='word_1_511' title='bbox 2371 2285 2478 2330; x_wconf 88' lang='lat' dir='ltr'><strong>tam</strong></span> <span class='ocrx_word' id='word_1_512' title='bbox 2510 2275 2829 2330; x_wconf 88' lang='lat' dir='ltr'><strong>detestabile</strong></span> <span class='ocrx_word' id='word_1_513' title='bbox 2860 2283 2912 2329; x_wconf 90' lang='lat' dir='ltr'><strong>et</strong></span> <span class='ocrx_word' id='word_1_514' title='bbox 2940 2275 3174 2330; x_wconf 90' lang='lat' dir='ltr'><strong>immane</strong></span> <span class='ocrx_word' id='word_1_515' title='bbox 3203 2284 3488 2344; x_wconf 88' lang='lat' dir='ltr'><strong>peccatum</strong></span> <span class='ocrx_word' id='word_1_516' title='bbox 3527 2276 3598 2331; x_wconf 83' lang='lat' dir='ltr'><strong>de</strong></span> 
     </span>
    </p>
   </div>
   <div class='ocr_carea' id='block_1_71' title="bbox 1995 2362 3595 2434">
    <p class='ocr_par' dir='ltr' id='par_1_71' title="bbox 1995 2362 3595 2434">
     <span class='ocr_line' id='line_1_71' title="bbox 1995 2362 3595 2434; baseline -0.001 -16"><span class='ocrx_word' id='word_1_517' title='bbox 1995 2365 2124 2419; x_wconf 70' lang='lat' dir='ltr'><strong>locis</strong></span> <span class='ocrx_word' id='word_1_518' title='bbox 2164 2364 2438 2428; x_wconf 92' lang='lat' dir='ltr'><strong>omnibus,</strong></span> <span class='ocrx_word' id='word_1_519' title='bbox 2471 2381 2591 2434; x_wconf 67' lang='lat' dir='ltr'><strong>quae</strong></span> <span class='ocrx_word' id='word_1_520' title='bbox 2622 2364 2721 2416; x_wconf 90' lang='lat' dir='ltr'><strong>sub</strong></span> <span class='ocrx_word' id='word_1_521' title='bbox 2752 2379 2810 2416; x_wconf 94' lang='lat' dir='ltr'><strong>se</strong></span> <span class='ocrx_word' id='word_1_522' title='bbox 2843 2371 2986 2427; x_wconf 91' lang='lat' dir='ltr'><strong>sunt,</strong></span> <span class='ocrx_word' id='word_1_523' title='bbox 3040 2362 3423 2416; x_wconf 90' lang='lat' dir='ltr'><strong>sollicitudinis</strong></span> <span class='ocrx_word' id='word_1_524' title='bbox 3481 2378 3595 2417; x_wconf 62' lang='lat' dir='ltr'><strong>suae</strong></span> 
     </span>
    </p>
   </div>
   <div class='ocr_carea' id='block_1_72' title="bbox 1988 2447 3600 2524">
    <p class='ocr_par' dir='ltr' id='par_1_72' title="bbox 1988 2447 3600 2524">
     <span class='ocr_line' id='line_1_72' title="bbox 1988 2447 3600 2524; baseline -0.001 -18"><span class='ocrx_word' id='word_1_525' title='bbox 1988 2460 2302 2522; x_wconf 91' lang='lat' dir='ltr'><strong>compescat</strong></span> <span class='ocrx_word' id='word_1_526' title='bbox 2343 2451 2591 2505; x_wconf 90' lang='lat' dir='ltr'><strong>omnibus</strong></span> <span class='ocrx_word' id='word_1_527' title='bbox 2637 2450 2813 2504; x_wconf 90' lang='lat' dir='ltr'><strong>modis</strong></span> <span class='ocrx_word' id='word_1_528' title='bbox 2847 2449 3123 2503; x_wconf 90' lang='lat' dir='ltr'><strong>instantia.</strong></span> <span class='ocrx_word' id='word_1_529' title='bbox 3168 2449 3308 2504; x_wconf 89' lang='lat' dir='ltr'><strong>Nam</strong></span> <span class='ocrx_word' id='word_1_530' title='bbox 3365 2449 3413 2504; x_wconf 89' lang='lat' dir='ltr'><strong>si</strong></span> <span class='ocrx_word' id='word_1_531' title='bbox 3467 2447 3600 2524; x_wconf 81' lang='lat' dir='ltr'><strong>quid</strong></span> 
     </span>
    </p>
   </div>
   <div class='ocr_carea' id='block_1_73' title="bbox 1988 2535 3600 2608">
    <p class='ocr_par' dir='ltr' id='par_1_73' title="bbox 1988 2535 3600 2608">
     <span class='ocr_line' id='line_1_73' title="bbox 1988 2535 3600 2608; baseline -0.001 -16"><span class='ocrx_word' id='word_1_532' title='bbox 1988 2540 2094 2593; x_wconf 90' lang='lat' dir='ltr'><strong>tale</strong></span> <span class='ocrx_word' id='word_1_533' title='bbox 2123 2540 2383 2608; x_wconf 91' lang='lat' dir='ltr'><strong>deinceps</strong></span> <span class='ocrx_word' id='word_1_534' title='bbox 2413 2537 2529 2592; x_wconf 88' lang='lat' dir='ltr'><strong>fieri</strong></span> <span class='ocrx_word' id='word_1_535' title='bbox 2563 2538 2913 2605; x_wconf 90' lang='lat' dir='ltr'><strong>senserimus,</strong></span> <span class='ocrx_word' id='word_1_536' title='bbox 2940 2537 3056 2605; x_wconf 91' lang='lat' dir='ltr'><strong>jam</strong></span> <span class='ocrx_word' id='word_1_537' title='bbox 3107 2552 3216 2591; x_wconf 91' lang='lat' dir='ltr'><strong>non</strong></span> <span class='ocrx_word' id='word_1_538' title='bbox 3247 2536 3448 2602; x_wconf 89' lang='lat' dir='ltr'><strong>verbis,</strong></span> <span class='ocrx_word' id='word_1_539' title='bbox 3497 2535 3600 2592; x_wconf 86' lang='lat' dir='ltr'><strong>sed</strong></span> 
     </span>
    </p>
   </div>
   <div class='ocr_carea' id='block_1_74' title="bbox 1988 2623 3602 2696">
    <p class='ocr_par' dir='ltr' id='par_1_74' title="bbox 1988 2623 3602 2696">
     <span class='ocr_line' id='line_1_74' title="bbox 1988 2623 3602 2696; baseline -0.002 -14"><span class='ocrx_word' id='word_1_540' title='bbox 1988 2627 2250 2682; x_wconf 87' lang='lat' dir='ltr'><strong>canonica</strong></span> <span class='ocrx_word' id='word_1_541' title='bbox 2280 2626 2482 2680; x_wconf 90' lang='lat' dir='ltr'><strong>ultione</strong></span> <span class='ocrx_word' id='word_1_542' title='bbox 2514 2625 2872 2696; x_wconf 85' lang='lat' dir='ltr'><strong>corrigemus,</strong></span> <span class='ocrx_word' id='word_1_543' title='bbox 2906 2631 2958 2678; x_wconf 91' lang='lat' dir='ltr'><strong>et</strong></span> <span class='ocrx_word' id='word_1_544' title='bbox 2987 2624 3055 2678; x_wconf 90' lang='lat' dir='ltr'><strong>de</strong></span> <span class='ocrx_word' id='word_1_545' title='bbox 3085 2624 3260 2690; x_wconf 91' lang='lat' dir='ltr'><strong>vobis,</strong></span> <span class='ocrx_word' id='word_1_546' title='bbox 3295 2623 3441 2694; x_wconf 93' lang='lat' dir='ltr'><strong>quod</strong></span> <span class='ocrx_word' id='word_1_547' title='bbox 3488 2637 3602 2680; x_wconf 89' lang='lat' dir='ltr'><strong>non</strong></span> 
     </span>
    </p>
   </div>
   <div class='ocr_carea' id='block_1_75' title="bbox 1988 2710 3601 2785">
    <p class='ocr_par' dir='ltr' id='par_1_75' title="bbox 1988 2710 3601 2785">
     <span class='ocr_line' id='line_1_75' title="bbox 1988 2710 3601 2785; baseline -0.003 -15"><span class='ocrx_word' id='word_1_548' title='bbox 1988 2723 2218 2785; x_wconf 91' lang='lat' dir='ltr'><strong>oportet,</strong></span> <span class='ocrx_word' id='word_1_549' title='bbox 2262 2714 2407 2768; x_wconf 89' lang='lat' dir='ltr'><strong>aliud</strong></span> <span class='ocrx_word' id='word_1_550' title='bbox 2465 2713 2788 2782; x_wconf 84' lang='lat' dir='ltr'><strong>incipiemus</strong></span> <span class='ocrx_word' id='word_1_551' title='bbox 2846 2711 3049 2766; x_wconf 90' lang='lat' dir='ltr'><strong>habere</strong></span> <span class='ocrx_word' id='word_1_552' title='bbox 3101 2710 3385 2779; x_wconf 88' lang='lat' dir='ltr'><strong>judicium.</strong></span> <span class='ocrx_word' id='word_1_553' title='bbox 3449 2731 3472 2761; x_wconf 72' lang='grc' dir='ltr'><strong><em>ι</em></strong></span> <span class='ocrx_word' id='word_1_554' title='bbox 3531 2712 3601 2768; x_wconf 84' lang='lat' dir='ltr'><strong>Et</strong></span> 
     </span>
    </p>
   </div>
   <div class='ocr_carea' id='block_1_76' title="bbox 1988 2799 3597 2870">
    <p class='ocr_par' dir='ltr' id='par_1_76' title="bbox 1988 2799 3597 2870">
     <span class='ocr_line' id='line_1_76' title="bbox 1988 2799 3597 2870; baseline -0.002 -14"><span class='ocrx_word' id='word_1_555' title='bbox 1988 2804 2114 2858; x_wconf 90' lang='lat' dir='ltr'><strong>hinc</strong></span> <span class='ocrx_word' id='word_1_556' title='bbox 2163 2803 2218 2856; x_wconf 93' lang='lat' dir='ltr'><strong>in</strong></span> <span class='ocrx_word' id='word_1_557' title='bbox 2267 2801 2451 2856; x_wconf 90' lang='lat' dir='ltr'><strong>multis</strong></span> <span class='ocrx_word' id='word_1_558' title='bbox 2493 2801 2736 2870; x_wconf 92' lang='lat' dir='ltr'><strong>epistolis</strong></span> <span class='ocrx_word' id='word_1_559' title='bbox 2786 2799 2899 2854; x_wconf 90' lang='lat' dir='ltr'><strong>suis</strong></span> <span class='ocrx_word' id='word_1_560' title='bbox 2940 2799 3010 2854; x_wconf 91' lang='lat' dir='ltr'><strong>ad</strong></span> <span class='ocrx_word' id='word_1_561' title='bbox 3056 2799 3258 2853; x_wconf 90' lang='lat' dir='ltr'><strong>multos</strong></span> <span class='ocrx_word' id='word_1_562' title='bbox 3307 2799 3597 2870; x_wconf 82' lang='lat' dir='ltr'><strong>episcopos</strong></span> 
     </span>
    </p>
   </div>
   <div class='ocr_carea' id='block_1_77' title="bbox 1986 2885 3592 2962">
    <p class='ocr_par' dir='ltr' id='par_1_77' title="bbox 1986 2885 3592 2962">
     <span class='ocr_line' id='line_1_77' title="bbox 1986 2885 3592 2962; baseline -0.002 -18"><span class='ocrx_word' id='word_1_563' title='bbox 1986 2891 2251 2946; x_wconf 88' lang='lat' dir='ltr'><strong>terribilia</strong></span> <span class='ocrx_word' id='word_1_564' title='bbox 2283 2898 2336 2944; x_wconf 91' lang='lat' dir='ltr'><strong>et</strong></span> <span class='ocrx_word' id='word_1_565' title='bbox 2371 2890 2601 2962; x_wconf 89' lang='lat' dir='ltr'><strong>grandia</strong></span> <span class='ocrx_word' id='word_1_566' title='bbox 2631 2888 2866 2958; x_wconf 90' lang='lat' dir='ltr'><strong>scripsit,</strong></span> <span class='ocrx_word' id='word_1_567' title='bbox 2902 2903 3024 2958; x_wconf 82' lang='lat' dir='ltr'><strong>quae</strong></span> <span class='ocrx_word' id='word_1_568' title='bbox 3052 2903 3150 2958; x_wconf 92' lang='lat' dir='ltr'><strong>per</strong></span> <span class='ocrx_word' id='word_1_569' title='bbox 3170 2895 3225 2941; x_wconf 84' lang='lat' dir='ltr'><strong>te</strong></span> <span class='ocrx_word' id='word_1_570' title='bbox 3241 2886 3296 2940; x_wconf 92' lang='lat' dir='ltr'><strong>in</strong></span> <span class='ocrx_word' id='word_1_571' title='bbox 3317 2887 3431 2942; x_wconf 89' lang='lat' dir='ltr'><strong>suis</strong></span> <span class='ocrx_word' id='word_1_572' title='bbox 3453 2885 3592 2943; x_wconf 85' lang='lat' dir='ltr'><strong>locis</strong></span> 
     </span>
    </p>
   </div>
   <div class='ocr_carea' id='block_1_78' title="bbox 1988 2973 3598 3050">
    <p class='ocr_par' dir='ltr' id='par_1_78' title="bbox 1988 2973 3598 3050">
     <span class='ocr_line' id='line_1_78' title="bbox 1988 2973 3598 3050; baseline -0.003 -16"><span class='ocrx_word' id='word_1_573' title='bbox 1988 2991 2174 3050; x_wconf 79' lang='lat' dir='ltr'><strong>legere</strong></span> <span class='ocrx_word' id='word_1_574' title='bbox 2203 2987 2379 3048; x_wconf 91' lang='lat' dir='ltr'><strong>potes,</strong></span> <span class='ocrx_word' id='word_1_575' title='bbox 2410 2986 2460 3032; x_wconf 90' lang='lat' dir='ltr'><strong>et</strong></span> <span class='ocrx_word' id='word_1_576' title='bbox 2493 2993 2689 3032; x_wconf 89' lang='lat' dir='ltr'><strong>cavere</strong></span> <span class='ocrx_word' id='word_1_577' title='bbox 2715 2976 2904 3030; x_wconf 91' lang='lat' dir='ltr'><strong>debes.</strong></span> <span class='ocrx_word' id='word_1_578' title='bbox 2940 2975 3059 3029; x_wconf 88' lang='lat' dir='ltr'><strong>Dixi</strong></span> <span class='ocrx_word' id='word_1_579' title='bbox 3092 2973 3256 3028; x_wconf 90' lang='lat' dir='ltr'><strong>etiam</strong></span> <span class='ocrx_word' id='word_1_580' title='bbox 3304 2974 3422 3039; x_wconf 89' lang='lat' dir='ltr'><strong>tibi,</strong></span> <span class='ocrx_word' id='word_1_581' title='bbox 3473 2974 3598 3046; x_wconf 77' lang='lat' dir='ltr'><strong>quia</strong></span> 
     </span>
    </p>
   </div>
   <div class='ocr_carea' id='block_1_79' title="bbox 1991 3062 3592 3136">
    <p class='ocr_par' dir='ltr' id='par_1_79' title="bbox 1991 3062 3592 3136">
     <span class='ocr_line' id='line_1_79' title="bbox 1991 3062 3592 3136; baseline -0.004 -14"><span class='ocrx_word' id='word_1_582' title='bbox 1991 3068 2160 3122; x_wconf 88' lang='lat' dir='ltr'><strong>verba</strong></span> <span class='ocrx_word' id='word_1_583' title='bbox 2176 3066 2292 3133; x_wconf 92' lang='lat' dir='ltr'><strong>Dei,</strong></span> <span class='ocrx_word' id='word_1_584' title='bbox 2319 3083 2440 3136; x_wconf 82' lang='lat' dir='ltr'><strong>quae</strong></span> <span class='ocrx_word' id='word_1_585' title='bbox 2458 3074 2679 3120; x_wconf 89' lang='lat' dir='ltr'><strong>sanctus</strong></span> <span class='ocrx_word' id='word_1_586' title='bbox 2697 3065 2884 3118; x_wconf 89' lang='lat' dir='ltr'><strong>Petrus</strong></span> <span class='ocrx_word' id='word_1_587' title='bbox 2899 3062 3271 3132; x_wconf 90' lang='lat' dir='ltr'><strong>apostolorum</strong></span> <span class='ocrx_word' id='word_1_588' title='bbox 3309 3062 3592 3132; x_wconf 88' lang='lat' dir='ltr'><strong>princeps,</strong></span> 
     </span>
    </p>
   </div>
   <div class='ocr_carea' id='block_1_80' title="bbox 1992 3148 3595 3225">
    <p class='ocr_par' dir='ltr' id='par_1_80' title="bbox 1992 3148 3595 3225">
     <span class='ocr_line' id='line_1_80' title="bbox 1992 3148 3595 3225; baseline -0.002 -17"><span class='ocrx_word' id='word_1_589' title='bbox 1992 3155 2084 3225; x_wconf 88' lang='lat' dir='ltr'><strong>qui</strong></span> <span class='ocrx_word' id='word_1_590' title='bbox 2114 3156 2254 3208; x_wconf 90' lang='lat' dir='ltr'><strong>hanc</strong></span> <span class='ocrx_word' id='word_1_591' title='bbox 2301 3153 2553 3208; x_wconf 67' lang='lat' dir='ltr'><strong>haeresim</strong></span> <span class='ocrx_word' id='word_1_592' title='bbox 2601 3152 2655 3205; x_wconf 87' lang='lat' dir='ltr'><strong>in</strong></span> <span class='ocrx_word' id='word_1_593' title='bbox 2706 3152 2926 3205; x_wconf 90' lang='lat' dir='ltr'><strong>Simone</strong></span> <span class='ocrx_word' id='word_1_594' title='bbox 2977 3165 3143 3221; x_wconf 92' lang='lat' dir='ltr'><strong>mago</strong></span> <span class='ocrx_word' id='word_1_595' title='bbox 3199 3149 3497 3217; x_wconf 90' lang='lat' dir='ltr'><strong>damnavit,</strong></span> <span class='ocrx_word' id='word_1_596' title='bbox 3538 3148 3595 3204; x_wconf 89' lang='lat' dir='ltr'><strong>in</strong></span> 
     </span>
    </p>
   </div>
   <div class='ocr_carea' id='block_1_81' title="bbox 1988 3235 3588 3309">
    <p class='ocr_par' dir='ltr' id='par_1_81' title="bbox 1988 3235 3588 3309">
     <span class='ocr_line' id='line_1_81' title="bbox 1988 3235 3588 3309; baseline -0.004 -12"><span class='ocrx_word' id='word_1_597' title='bbox 1988 3258 2179 3297; x_wconf 91' lang='lat' dir='ltr'><strong>omnes</strong></span> <span class='ocrx_word' id='word_1_598' title='bbox 2211 3258 2276 3295; x_wconf 89' lang='lat' dir='ltr'><strong>ex</strong></span> <span class='ocrx_word' id='word_1_599' title='bbox 2306 3249 2429 3295; x_wconf 91' lang='lat' dir='ltr'><strong>tunc</strong></span> <span class='ocrx_word' id='word_1_600' title='bbox 2462 3249 2514 3294; x_wconf 91' lang='lat' dir='ltr'><strong>et</strong></span> <span class='ocrx_word' id='word_1_601' title='bbox 2542 3255 2706 3306; x_wconf 88' lang='lat' dir='ltr'><strong>nunc,</strong></span> <span class='ocrx_word' id='word_1_602' title='bbox 2743 3247 2795 3294; x_wconf 91' lang='lat' dir='ltr'><strong>et</strong></span> <span class='ocrx_word' id='word_1_603' title='bbox 2821 3254 2993 3309; x_wconf 90' lang='lat' dir='ltr'><strong>usque</strong></span> <span class='ocrx_word' id='word_1_604' title='bbox 3049 3238 3107 3291; x_wconf 89' lang='lat' dir='ltr'><strong>in</strong></span> <span class='ocrx_word' id='word_1_605' title='bbox 3161 3236 3324 3292; x_wconf 82' lang='lat' dir='ltr'><strong>finem</strong></span> <span class='ocrx_word' id='word_1_606' title='bbox 3382 3235 3588 3305; x_wconf 69' lang='lat' dir='ltr'><strong>saeculi,</strong></span> 
     </span>
    </p>
   </div>
   <div class='ocr_carea' id='block_1_82' title="bbox 1986 3325 3595 3398">
    <p class='ocr_par' dir='ltr' id='par_1_82' title="bbox 1986 3325 3595 3398">
     <span class='ocr_line' id='line_1_82' title="bbox 1986 3325 3595 3398; baseline -0.004 -12"><span class='ocrx_word' id='word_1_607' title='bbox 1986 3331 2227 3386; x_wconf 88' lang='lat' dir='ltr'><strong>veridica</strong></span> <span class='ocrx_word' id='word_1_608' title='bbox 2258 3337 2312 3384; x_wconf 93' lang='lat' dir='ltr'><strong>et</strong></span> <span class='ocrx_word' id='word_1_609' title='bbox 2340 3329 2578 3383; x_wconf 79' lang='lat' dir='ltr'><strong>valentia</strong></span> <span class='ocrx_word' id='word_1_610' title='bbox 2615 3334 2951 3398; x_wconf 90' lang='lat' dir='ltr'><strong>permanent.</strong></span> <span class='ocrx_word' id='word_1_611' title='bbox 3001 3326 3068 3379; x_wconf 93' lang='lat' dir='ltr'><strong>Et</strong></span> <span class='ocrx_word' id='word_1_612' title='bbox 3115 3325 3273 3381; x_wconf 91' lang='lat' dir='ltr'><strong>sicuti</strong></span> <span class='ocrx_word' id='word_1_613' title='bbox 3315 3340 3442 3380; x_wconf 91' lang='lat' dir='ltr'><strong>cum</strong></span> <span class='ocrx_word' id='word_1_614' title='bbox 3499 3325 3595 3380; x_wconf 93' lang='lat' dir='ltr'><strong>illo</strong></span> 
     </span>
    </p>
   </div>
   <div class='ocr_carea' id='block_1_83' title="bbox 1985 3413 3596 3490">
    <p class='ocr_par' dir='ltr' id='par_1_83' title="bbox 1985 3413 3596 3490">
     <span class='ocr_line' id='line_1_83' title="bbox 1985 3413 3596 3490; baseline -0.004 -17"><span class='ocrx_word' id='word_1_615' title='bbox 1985 3418 2214 3490; x_wconf 89' lang='lat' dir='ltr'><strong>pecunia</strong></span> <span class='ocrx_word' id='word_1_616' title='bbox 2242 3435 2336 3472; x_wconf 90' lang='lat' dir='ltr'><strong>sua</strong></span> <span class='ocrx_word' id='word_1_617' title='bbox 2367 3417 2587 3482; x_wconf 85' lang='lat' dir='ltr'><strong>exstitit,</strong></span> <span class='ocrx_word' id='word_1_618' title='bbox 2620 3416 2674 3470; x_wconf 93' lang='lat' dir='ltr'><strong>in</strong></span> <span class='ocrx_word' id='word_1_619' title='bbox 2691 3415 3069 3486; x_wconf 90' lang='lat' dir='ltr'><strong>perditionem,</strong></span> <span class='ocrx_word' id='word_1_620' title='bbox 3089 3415 3164 3467; x_wconf 90' lang='lat' dir='ltr'><strong>ita</strong></span> <span class='ocrx_word' id='word_1_621' title='bbox 3181 3422 3234 3468; x_wconf 92' lang='lat' dir='ltr'><strong>et</strong></span> <span class='ocrx_word' id='word_1_622' title='bbox 3267 3429 3459 3468; x_wconf 89' lang='lat' dir='ltr'><strong>omnes</strong></span> <span class='ocrx_word' id='word_1_623' title='bbox 3503 3413 3596 3486; x_wconf 88' lang='lat' dir='ltr'><strong>qui</strong></span> 
     </span>
    </p>
   </div>
   <div class='ocr_carea' id='block_1_84' title="bbox 1985 3501 3596 3573">
    <p class='ocr_par' dir='ltr' id='par_1_84' title="bbox 1985 3501 3596 3573">
     <span class='ocr_line' id='line_1_84' title="bbox 1985 3501 3596 3573; baseline -0.002 -13"><span class='ocrx_word' id='word_1_624' title='bbox 1985 3507 2112 3561; x_wconf 88' lang='lat' dir='ltr'><strong>hinc</strong></span> <span class='ocrx_word' id='word_1_625' title='bbox 2140 3522 2366 3560; x_wconf 90' lang='lat' dir='ltr'><strong>munera</strong></span> <span class='ocrx_word' id='word_1_626' title='bbox 2396 3505 2526 3559; x_wconf 90' lang='lat' dir='ltr'><strong>dant</strong></span> <span class='ocrx_word' id='word_1_627' title='bbox 2569 3505 2654 3558; x_wconf 92' lang='lat' dir='ltr'><strong>vel</strong></span> <span class='ocrx_word' id='word_1_628' title='bbox 2703 3503 2994 3573; x_wconf 90' lang='lat' dir='ltr'><strong>accipiunt,</strong></span> <span class='ocrx_word' id='word_1_629' title='bbox 3045 3501 3149 3556; x_wconf 90' lang='lat' dir='ltr'><strong>nisi</strong></span> <span class='ocrx_word' id='word_1_630' title='bbox 3197 3501 3422 3573; x_wconf 89' lang='lat' dir='ltr'><strong>dignam</strong></span> <span class='ocrx_word' id='word_1_631' title='bbox 3467 3501 3596 3557; x_wconf 89' lang='lat' dir='ltr'><strong>inde</strong></span> 
     </span>
    </p>
   </div>
   <div class='ocr_carea' id='block_1_85' title="bbox 1983 3589 3595 3666">
    <p class='ocr_par' dir='ltr' id='par_1_85' title="bbox 1983 3589 3595 3666">
     <span class='ocr_line' id='line_1_85' title="bbox 1983 3589 3595 3666; baseline -0.002 -17"><span class='ocrx_word' id='word_1_632' title='bbox 1983 3594 2358 3665; x_wconf 70' lang='lat' dir='ltr'><strong>paenitentiam</strong></span> <span class='ocrx_word' id='word_1_633' title='bbox 2387 3593 2619 3666; x_wconf 87' lang='lat' dir='ltr'><strong>egerint,</strong></span> <span class='ocrx_word' id='word_1_634' title='bbox 2654 3591 2708 3645; x_wconf 92' lang='lat' dir='ltr'><strong>in</strong></span> <span class='ocrx_word' id='word_1_635' title='bbox 2738 3589 3038 3661; x_wconf 91' lang='lat' dir='ltr'><strong>perditione</strong></span> <span class='ocrx_word' id='word_1_636' title='bbox 3067 3597 3121 3644; x_wconf 93' lang='lat' dir='ltr'><strong>et</strong></span> <span class='ocrx_word' id='word_1_637' title='bbox 3149 3596 3372 3644; x_wconf 89' lang='lat' dir='ltr'><strong>manent</strong></span> <span class='ocrx_word' id='word_1_638' title='bbox 3401 3595 3456 3644; x_wconf 93' lang='lat' dir='ltr'><strong>et</strong></span> <span class='ocrx_word' id='word_1_639' title='bbox 3475 3589 3595 3645; x_wconf 78' lang='lat' dir='ltr'><strong>sine</strong></span> 
     </span>
    </p>
   </div>
   <div class='ocr_carea' id='block_1_86' title="bbox 1983 3675 3593 3750">
    <p class='ocr_par' dir='ltr' id='par_1_86' title="bbox 1983 3675 3593 3750">
     <span class='ocr_line' id='line_1_86' title="bbox 1983 3675 3593 3750; baseline -0.002 -14"><span class='ocrx_word' id='word_1_640' title='bbox 1983 3681 2091 3738; x_wconf 85' lang='lat' dir='ltr'><strong>fine</strong></span> <span class='ocrx_word' id='word_1_641' title='bbox 2120 3682 2436 3736; x_wconf 89' lang='lat' dir='ltr'><strong>manebunt.</strong></span> <span class='ocrx_word' id='word_1_642' title='bbox 2471 3682 2538 3734; x_wconf 90' lang='lat' dir='ltr'><strong>Et</strong></span> <span class='ocrx_word' id='word_1_643' title='bbox 2567 3696 2692 3736; x_wconf 91' lang='lat' dir='ltr'><strong>cum</strong></span> <span class='ocrx_word' id='word_1_644' title='bbox 2720 3687 2950 3750; x_wconf 90' lang='lat' dir='ltr'><strong>uterque</strong></span> <span class='ocrx_word' id='word_1_645' title='bbox 2979 3677 3088 3732; x_wconf 89' lang='lat' dir='ltr'><strong>sint</strong></span> <span class='ocrx_word' id='word_1_646' title='bbox 3131 3676 3396 3742; x_wconf 69' lang='lat' dir='ltr'><strong>haeretici,</strong></span> <span class='ocrx_word' id='word_1_647' title='bbox 3447 3675 3593 3733; x_wconf 86' lang='lat' dir='ltr'><strong>scili-</strong></span> 
     </span>
    </p>
   </div>
   <div class='ocr_carea' id='block_1_87' title="bbox 1982 3765 3590 3842">
    <p class='ocr_par' dir='ltr' id='par_1_87' title="bbox 1982 3765 3590 3842">
     <span class='ocr_line' id='line_1_87' title="bbox 1982 3765 3590 3842; baseline -0.004 -16"><span class='ocrx_word' id='word_1_648' title='bbox 1982 3779 2086 3840; x_wconf 93' lang='lat' dir='ltr'><strong>cet,</strong></span> <span class='ocrx_word' id='word_1_649' title='bbox 2120 3780 2173 3826; x_wconf 92' lang='lat' dir='ltr'><strong>et</strong></span> <span class='ocrx_word' id='word_1_650' title='bbox 2201 3771 2290 3842; x_wconf 92' lang='lat' dir='ltr'><strong>qui</strong></span> <span class='ocrx_word' id='word_1_651' title='bbox 2322 3786 2422 3841; x_wconf 91' lang='lat' dir='ltr'><strong>pro</strong></span> <span class='ocrx_word' id='word_1_652' title='bbox 2449 3768 2796 3840; x_wconf 90' lang='lat' dir='ltr'><strong>impositione</strong></span> <span class='ocrx_word' id='word_1_653' title='bbox 2845 3782 3036 3821; x_wconf 90' lang='lat' dir='ltr'><strong>manus</strong></span> <span class='ocrx_word' id='word_1_654' title='bbox 3079 3766 3314 3836; x_wconf 91' lang='lat' dir='ltr'><strong>pretium</strong></span> <span class='ocrx_word' id='word_1_655' title='bbox 3360 3765 3590 3835; x_wconf 84' lang='lat' dir='ltr'><strong>donant,</strong></span> 
     </span>
    </p>
   </div>
   <div class='ocr_carea' id='block_1_88' title="bbox 1981 3853 3592 3931">
    <p class='ocr_par' dir='ltr' id='par_1_88' title="bbox 1981 3853 3592 3931">
     <span class='ocr_line' id='line_1_88' title="bbox 1981 3853 3592 3931; baseline -0.004 -17"><span class='ocrx_word' id='word_1_656' title='bbox 1981 3868 2035 3914; x_wconf 92' lang='lat' dir='ltr'><strong>et</strong></span> <span class='ocrx_word' id='word_1_657' title='bbox 2061 3859 2153 3931; x_wconf 92' lang='lat' dir='ltr'><strong>qui</strong></span> <span class='ocrx_word' id='word_1_658' title='bbox 2185 3875 2380 3913; x_wconf 91' lang='lat' dir='ltr'><strong>munus</strong></span> <span class='ocrx_word' id='word_1_659' title='bbox 2408 3858 2697 3928; x_wconf 91' lang='lat' dir='ltr'><strong>accipiunt,</strong></span> <span class='ocrx_word' id='word_1_660' title='bbox 2731 3863 2882 3911; x_wconf 89' lang='lat' dir='ltr'><strong>reatu</strong></span> <span class='ocrx_word' id='word_1_661' title='bbox 2911 3863 3094 3910; x_wconf 88' lang='lat' dir='ltr'><strong>tamen</strong></span> <span class='ocrx_word' id='word_1_662' title='bbox 3142 3854 3352 3924; x_wconf 90' lang='lat' dir='ltr'><strong>majore</strong></span> <span class='ocrx_word' id='word_1_663' title='bbox 3410 3853 3592 3910; x_wconf 81' lang='lat' dir='ltr'><strong>delin-</strong></span> 
     </span>
    </p>
   </div>
   <div class='ocr_carea' id='block_1_89' title="bbox 1983 3941 3592 4019">
    <p class='ocr_par' dir='ltr' id='par_1_89' title="bbox 1983 3941 3592 4019">
     <span class='ocr_line' id='line_1_89' title="bbox 1983 3941 3592 4019; baseline -0.002 -18"><span class='ocrx_word' id='word_1_664' title='bbox 1983 3947 2116 4017; x_wconf 89' lang='lat' dir='ltr'><strong>quit,</strong></span> <span class='ocrx_word' id='word_1_665' title='bbox 2148 3947 2238 4019; x_wconf 91' lang='lat' dir='ltr'><strong>qui</strong></span> <span class='ocrx_word' id='word_1_666' title='bbox 2267 3947 2475 4017; x_wconf 89' lang='lat' dir='ltr'><strong>potiore</strong></span> <span class='ocrx_word' id='word_1_667' title='bbox 2521 3948 2727 4000; x_wconf 91' lang='lat' dir='ltr'><strong>honore</strong></span> <span class='ocrx_word' id='word_1_668' title='bbox 2772 3941 3088 4014; x_wconf 83' lang='lat' dir='ltr'><strong>perfruitur,</strong></span> <span class='ocrx_word' id='word_1_669' title='bbox 3146 3941 3274 4014; x_wconf 88' lang='lat' dir='ltr'><strong>quia</strong></span> <span class='ocrx_word' id='word_1_670' title='bbox 3328 3941 3592 4014; x_wconf 75' lang='lat' dir='ltr'><strong>graviora</strong></span> 
     </span>
    </p>
   </div>
   <div class='ocr_carea' id='block_1_90' title="bbox 1978 4028 3593 4104">
    <p class='ocr_par' dir='ltr' id='par_1_90' title="bbox 1978 4028 3593 4104">
     <span class='ocr_line' id='line_1_90' title="bbox 1978 4028 3593 4104; baseline -0.002 -16"><span class='ocrx_word' id='word_1_671' title='bbox 1978 4034 2108 4090; x_wconf 86' lang='lat' dir='ltr'><strong>facit</strong></span> <span class='ocrx_word' id='word_1_672' title='bbox 2127 4036 2256 4089; x_wconf 88' lang='lat' dir='ltr'><strong>vitia</strong></span> <span class='ocrx_word' id='word_1_673' title='bbox 2287 4043 2634 4104; x_wconf 88' lang='lat' dir='ltr'><strong>peccatorum</strong></span> <span class='ocrx_word' id='word_1_674' title='bbox 2663 4031 2966 4087; x_wconf 80' lang='lat' dir='ltr'><strong>sublimitas</strong></span> <span class='ocrx_word' id='word_1_675' title='bbox 2995 4030 3341 4101; x_wconf 88' lang='lat' dir='ltr'><strong>dignitatum.</strong></span> <span class='ocrx_word' id='word_1_676' title='bbox 3392 4030 3462 4084; x_wconf 90' lang='lat' dir='ltr'><strong>Et</strong></span> <span class='ocrx_word' id='word_1_677' title='bbox 3499 4028 3593 4085; x_wconf 82' lang='lat' dir='ltr'><strong>det</strong></span> 
     </span>
    </p>
   </div>
   <div class='ocr_carea' id='block_1_91' title="bbox 1979 4117 3588 4188">
    <p class='ocr_par' dir='ltr' id='par_1_91' title="bbox 1979 4117 3588 4188">
     <span class='ocr_line' id='line_1_91' title="bbox 1979 4117 3588 4188; baseline -0.004 -12"><span class='ocrx_word' id='word_1_678' title='bbox 1979 4123 2242 4176; x_wconf 91' lang='lat' dir='ltr'><strong>Dominus</strong></span> <span class='ocrx_word' id='word_1_679' title='bbox 2273 4131 2330 4175; x_wconf 93' lang='lat' dir='ltr'><strong>ut</strong></span> <span class='ocrx_word' id='word_1_680' title='bbox 2359 4139 2468 4176; x_wconf 92' lang='lat' dir='ltr'><strong>non</strong></span> <span class='ocrx_word' id='word_1_681' title='bbox 2498 4121 2604 4174; x_wconf 91' lang='lat' dir='ltr'><strong>sint</strong></span> <span class='ocrx_word' id='word_1_682' title='bbox 2633 4134 2784 4186; x_wconf 89' lang='lat' dir='ltr'><strong>vera,</strong></span> <span class='ocrx_word' id='word_1_683' title='bbox 2819 4134 2941 4188; x_wconf 64' lang='lat' dir='ltr'><strong>quae</strong></span> <span class='ocrx_word' id='word_1_684' title='bbox 2981 4133 3080 4187; x_wconf 89' lang='lat' dir='ltr'><strong>per</strong></span> <span class='ocrx_word' id='word_1_685' title='bbox 3117 4117 3318 4172; x_wconf 90' lang='lat' dir='ltr'><strong>multos</strong></span> <span class='ocrx_word' id='word_1_686' title='bbox 3368 4133 3434 4172; x_wconf 88' lang='lat' dir='ltr'><strong>ex</strong></span> <span class='ocrx_word' id='word_1_687' title='bbox 3481 4117 3588 4172; x_wconf 88' lang='lat' dir='ltr'><strong>hoc</strong></span> 
     </span>
    </p>
   </div>
   <div class='ocr_carea' id='block_1_92' title="bbox 1978 4199 3587 4272">
    <p class='ocr_par' dir='ltr' id='par_1_92' title="bbox 1978 4199 3587 4272">
     <span class='ocr_line' id='line_1_92' title="bbox 1978 4199 3587 4272; baseline -0.004 -13"><span class='ocrx_word' id='word_1_688' title='bbox 1978 4205 2046 4260; x_wconf 91' lang='lat' dir='ltr'><strong>de</strong></span> <span class='ocrx_word' id='word_1_689' title='bbox 2076 4215 2128 4259; x_wconf 91' lang='lat' dir='ltr'><strong>te</strong></span> <span class='ocrx_word' id='word_1_690' title='bbox 2158 4207 2338 4272; x_wconf 90' lang='lat' dir='ltr'><strong>audio,</strong></span> <span class='ocrx_word' id='word_1_691' title='bbox 2373 4213 2424 4258; x_wconf 90' lang='lat' dir='ltr'><strong>et</strong></span> <span class='ocrx_word' id='word_1_692' title='bbox 2455 4205 2699 4258; x_wconf 90' lang='lat' dir='ltr'><strong>obtestor</strong></span> <span class='ocrx_word' id='word_1_693' title='bbox 2729 4209 2781 4254; x_wconf 93' lang='lat' dir='ltr'><strong>te</strong></span> <span class='ocrx_word' id='word_1_694' title='bbox 2812 4216 2910 4270; x_wconf 90' lang='lat' dir='ltr'><strong>per</strong></span> <span class='ocrx_word' id='word_1_695' title='bbox 2939 4207 3186 4254; x_wconf 89' lang='lat' dir='ltr'><strong>sanctam</strong></span> <span class='ocrx_word' id='word_1_696' title='bbox 3217 4208 3271 4254; x_wconf 88' lang='lat' dir='ltr'><strong>et</strong></span> <span class='ocrx_word' id='word_1_697' title='bbox 3300 4199 3587 4268; x_wconf 88' lang='lat' dir='ltr'><strong>insepara-</strong></span> 
     </span>
    </p>
   </div>
   <div class='ocr_carea' id='block_1_93' title="bbox 1977 4285 3587 4360">
    <p class='ocr_par' dir='ltr' id='par_1_93' title="bbox 1977 4285 3587 4360">
     <span class='ocr_line' id='line_1_93' title="bbox 1977 4285 3587 4360; baseline -0.003 -14"><span class='ocrx_word' id='word_1_698' title='bbox 1977 4293 2140 4348; x_wconf 91' lang='lat' dir='ltr'><strong>bilem</strong></span> <span class='ocrx_word' id='word_1_699' title='bbox 2171 4293 2501 4356; x_wconf 88' lang='lat' dir='ltr'><strong>Trinitatem,</strong></span> <span class='ocrx_word' id='word_1_700' title='bbox 2536 4299 2586 4345; x_wconf 90' lang='lat' dir='ltr'><strong>et</strong></span> <span class='ocrx_word' id='word_1_701' title='bbox 2614 4305 2712 4360; x_wconf 91' lang='lat' dir='ltr'><strong>per</strong></span> <span class='ocrx_word' id='word_1_702' title='bbox 2740 4303 2960 4344; x_wconf 90' lang='lat' dir='ltr'><strong>crucem</strong></span> <span class='ocrx_word' id='word_1_703' title='bbox 2992 4295 3044 4342; x_wconf 94' lang='lat' dir='ltr'><strong>et</strong></span> <span class='ocrx_word' id='word_1_704' title='bbox 3089 4285 3414 4358; x_wconf 88' lang='lat' dir='ltr'><strong>sanguinem</strong></span> <span class='ocrx_word' id='word_1_705' title='bbox 3456 4287 3587 4341; x_wconf 85' lang='lat' dir='ltr'><strong>Jesu</strong></span> 
     </span>
    </p>
   </div>
   <div class='ocr_carea' id='block_1_94' title="bbox 1977 4379 3584 4451">
    <p class='ocr_par' dir='ltr' id='par_1_94' title="bbox 1977 4379 3584 4451">
     <span class='ocr_line' id='line_1_94' title="bbox 1977 4379 3584 4451; baseline -0.005 -16"><span class='ocrx_word' id='word_1_706' title='bbox 1977 4381 2197 4451; x_wconf 88' lang='lat' dir='ltr'><strong>Christi,</strong></span> <span class='ocrx_word' id='word_1_707' title='bbox 2236 4381 2353 4435; x_wconf 86' lang='lat' dir='ltr'><strong>Filii</strong></span> <span class='ocrx_word' id='word_1_708' title='bbox 2384 4381 2480 4434; x_wconf 92' lang='lat' dir='ltr'><strong>Dei</strong></span> <span class='ocrx_word' id='word_1_709' title='bbox 2517 4379 2646 4448; x_wconf 89' lang='lat' dir='ltr'><strong>vivi,</strong></span> <span class='ocrx_word' id='word_1_710' title='bbox 2680 4394 2746 4432; x_wconf 88' lang='lat' dir='ltr'><strong>ex</strong></span> <span class='ocrx_word' id='word_1_711' title='bbox 2776 4392 2903 4448; x_wconf 90' lang='lat' dir='ltr'><strong>quo,</strong></span> <span class='ocrx_word' id='word_1_712' title='bbox 2929 4384 2982 4430; x_wconf 90' lang='lat' dir='ltr'><strong>et</strong></span> <span class='ocrx_word' id='word_1_713' title='bbox 3009 4391 3040 4430; x_wconf 90' lang='lat' dir='ltr'><strong>a</strong></span> <span class='ocrx_word' id='word_1_714' title='bbox 3072 4391 3199 4447; x_wconf 93' lang='lat' dir='ltr'><strong>quo,</strong></span> <span class='ocrx_word' id='word_1_715' title='bbox 3224 4382 3277 4429; x_wconf 91' lang='lat' dir='ltr'><strong>et</strong></span> <span class='ocrx_word' id='word_1_716' title='bbox 3307 4390 3403 4444; x_wconf 92' lang='lat' dir='ltr'><strong>per</strong></span> <span class='ocrx_word' id='word_1_717' title='bbox 3423 4389 3584 4445; x_wconf 91' lang='lat' dir='ltr'><strong>quem</strong></span> 
     </span>
    </p>
   </div>
   <div class='ocr_carea' id='block_1_95' title="bbox 268 4463 3594 4544">
    <p class='ocr_par' dir='ltr' id='par_1_95' title="bbox 268 4463 3594 4544">
     <span class='ocr_line' id='line_1_95' title="bbox 268 4463 3594 4544; baseline -0.008 1"><span class='ocrx_word' id='word_1_718' title='bbox 268 4463 303 4537; x_wconf 64' lang='grc' dir='ltr'><strong>έι</strong></span> <span class='ocrx_word' id='word_1_719' title='bbox 369 4494 623 4544; x_wconf 64' lang='lat' dir='ltr'><strong>munere,</strong></span> <span class='ocrx_word' id='word_1_720' title='bbox 673 4477 771 4532; x_wconf 72' lang='lat' dir='ltr'><strong>58d</strong></span> <span class='ocrx_word' id='word_1_721' title='bbox 798 4475 1062 4544; x_wconf 57' lang='lat' dir='ltr'><strong>adium“.</strong></span> <span class='ocrx_word' id='word_1_722' title='bbox 1112 4473 1180 4526; x_wconf 74' lang='lat' dir='ltr'><strong>ab</strong></span> <span class='ocrx_word' id='word_1_723' title='bbox 1211 4470 1358 4526; x_wconf 77' lang='lat' dir='ltr'><strong>omni</strong></span> <span class='ocrx_word' id='word_1_724' title='bbox 1392 4487 1404 4524; x_wconf 76' lang='grc' dir='ltr'>ε</span> <span class='ocrx_word' id='word_1_725' title='bbox 1437 4469 1565 4540; x_wconf 81' lang='lat' dir='ltr'><strong>quia</strong></span> <span class='ocrx_word' id='word_1_726' title='bbox 1609 4465 1752 4522; x_wconf 76' lang='lat' dir='ltr'><strong>aliud</strong></span> <span class='ocrx_word' id='word_1_727' title='bbox 1802 4466 1956 4526; x_wconf 72' lang='lat' dir='ltr'><strong>esl-D</strong></span> <span class='ocrx_word' id='word_1_728' title='bbox 1987 4471 2166 4525; x_wconf 89' lang='lat' dir='ltr'><strong>omnis</strong></span> <span class='ocrx_word' id='word_1_729' title='bbox 2195 4470 2534 4541; x_wconf 83' lang='lat' dir='ltr'><strong>episcOpatus</strong></span> <span class='ocrx_word' id='word_1_730' title='bbox 2565 4466 2967 4523; x_wconf 87' lang='lat' dir='ltr'><strong>ecclesiasticus</strong></span> <span class='ocrx_word' id='word_1_731' title='bbox 3013 4464 3156 4535; x_wconf 91' lang='lat' dir='ltr'><strong>cepit</strong></span> <span class='ocrx_word' id='word_1_732' title='bbox 3200 4463 3502 4526; x_wconf 84' lang='lat' dir='ltr'><strong>exordium,</strong></span> <span class='ocrx_word' id='word_1_733' title='bbox 3536 4469 3594 4518; x_wconf 79' lang='lat' dir='ltr'><strong>et</strong></span> 
     </span>
    </p>
   </div>
   <div class='ocr_carea' id='block_1_96' title="bbox 273 4554 1887 4636">
    <p class='ocr_par' dir='ltr' id='par_1_96' title="bbox 273 4554 1887 4636">
     <span class='ocr_line' id='line_1_96' title="bbox 273 4554 1887 4636; baseline -0.01 -10"><span class='ocrx_word' id='word_1_734' title='bbox 273 4586 481 4625; x_wconf 89' lang='lat' dir='ltr'><strong>munus</strong></span> <span class='ocrx_word' id='word_1_735' title='bbox 537 4567 609 4622; x_wconf 90' lang='lat' dir='ltr'><strong>ab</strong></span> <span class='ocrx_word' id='word_1_736' title='bbox 660 4563 944 4636; x_wconf 89' lang='lat' dir='ltr'><strong>obsequio,</strong></span> <span class='ocrx_word' id='word_1_737' title='bbox 1003 4561 1150 4617; x_wconf 90' lang='lat' dir='ltr'><strong>aliud</strong></span> <span class='ocrx_word' id='word_1_738' title='bbox 1215 4575 1414 4614; x_wconf 90' lang='lat' dir='ltr'><strong>munus</strong></span> <span class='ocrx_word' id='word_1_739' title='bbox 1443 4574 1471 4612; x_wconf 90' lang='lat' dir='ltr'><strong>a</strong></span> <span class='ocrx_word' id='word_1_740' title='bbox 1505 4572 1689 4625; x_wconf 91' lang='lat' dir='ltr'><strong>manu,</strong></span> <span class='ocrx_word' id='word_1_741' title='bbox 1739 4554 1887 4610; x_wconf 89' lang='lat' dir='ltr'><strong>aliud</strong></span> 
     </span>
    </p>
   </div>
   <div class='ocr_carea' id='block_1_97' title="bbox 272 4643 1881 4725">
    <p class='ocr_par' dir='ltr' id='par_1_97' title="bbox 272 4643 1881 4725">
     <span class='ocr_line' id='line_1_97' title="bbox 272 4643 1881 4725; baseline -0.011 -10"><span class='ocrx_word' id='word_1_742' title='bbox 272 4673 534 4715; x_wconf 88' lang='lat' dir='ltr'><strong>munusa</strong></span> <span class='ocrx_word' id='word_1_743' title='bbox 566 4655 768 4725; x_wconf 84' lang='lat' dir='ltr'><strong>lingua.</strong></span> <span class='ocrx_word' id='word_1_744' title='bbox 819 4653 1013 4707; x_wconf 85' lang='lat' dir='ltr'><strong>Munus</strong></span> <span class='ocrx_word' id='word_1_745' title='bbox 1069 4649 1270 4721; x_wconf 92' lang='lat' dir='ltr'><strong>quippe</strong></span> <span class='ocrx_word' id='word_1_746' title='bbox 1325 4648 1392 4701; x_wconf 92' lang='lat' dir='ltr'><strong>ab</strong></span> <span class='ocrx_word' id='word_1_747' title='bbox 1457 4643 1723 4716; x_wconf 86' lang='lat' dir='ltr'><strong>obsequio</strong></span> <span class='ocrx_word' id='word_1_748' title='bbox 1779 4650 1881 4714; x_wconf 91' lang='lat' dir='ltr'><strong>est,</strong></span> 
     </span>
    </p>
   </div>
   <div class='ocr_carea' id='block_1_98' title="bbox 273 4732 1882 4816">
    <p class='ocr_par' dir='ltr' id='par_1_98' title="bbox 273 4732 1882 4816">
     <span class='ocr_line' id='line_1_98' title="bbox 273 4732 1882 4816; baseline -0.011 -12"><span class='ocrx_word' id='word_1_749' title='bbox 273 4745 541 4816; x_wconf 88' lang='lat' dir='ltr'><strong>subjectis</strong></span> <span class='ocrx_word' id='word_1_750' title='bbox 567 4742 804 4798; x_wconf 91' lang='lat' dir='ltr'><strong>indebite</strong></span> <span class='ocrx_word' id='word_1_751' title='bbox 833 4741 1100 4811; x_wconf 88' lang='lat' dir='ltr'><strong>impensa,</strong></span> <span class='ocrx_word' id='word_1_752' title='bbox 1134 4753 1330 4792; x_wconf 89' lang='lat' dir='ltr'><strong>munus</strong></span> <span class='ocrx_word' id='word_1_753' title='bbox 1352 4751 1385 4791; x_wconf 92' lang='lat' dir='ltr'><strong>a</strong></span> <span class='ocrx_word' id='word_1_754' title='bbox 1413 4751 1596 4804; x_wconf 88' lang='lat' dir='ltr'><strong>manu,</strong></span> <span class='ocrx_word' id='word_1_755' title='bbox 1631 4732 1882 4804; x_wconf 90' lang='lat' dir='ltr'><strong>pecunia,</strong></span> 
     </span>
    </p>
   </div>
   <div class='ocr_carea' id='block_1_99' title="bbox 272 4822 1888 4905">
    <p class='ocr_par' dir='ltr' id='par_1_99' title="bbox 272 4822 1888 4905">
     <span class='ocr_line' id='line_1_99' title="bbox 272 4822 1888 4905; baseline -0.011 -13"><span class='ocrx_word' id='word_1_756' title='bbox 272 4851 478 4892; x_wconf 87' lang='lat' dir='ltr'><strong>munus</strong></span> <span class='ocrx_word' id='word_1_757' title='bbox 511 4849 545 4889; x_wconf 93' lang='lat' dir='ltr'><strong>a</strong></span> <span class='ocrx_word' id='word_1_758' title='bbox 591 4832 796 4905; x_wconf 89' lang='lat' dir='ltr'><strong>lingua,</strong></span> <span class='ocrx_word' id='word_1_759' title='bbox 851 4828 1021 4884; x_wconf 82' lang='lat' dir='ltr'><strong>favor.</strong></span> <span class='ocrx_word' id='word_1_760' title='bbox 1072 4825 1178 4894; x_wconf 92' lang='lat' dir='ltr'><strong>Qui</strong></span> <span class='ocrx_word' id='word_1_761' title='bbox 1235 4840 1367 4895; x_wconf 86' lang='lat' dir='ltr'><strong>ergo</strong></span> <span class='ocrx_word' id='word_1_762' title='bbox 1422 4838 1612 4878; x_wconf 88' lang='lat' dir='ltr'><strong>sacros</strong></span> <span class='ocrx_word' id='word_1_763' title='bbox 1667 4822 1888 4876; x_wconf 89' lang='lat' dir='ltr'><strong>ordines</strong></span> 
     </span>
    </p>
   </div>
   <div class='ocr_carea' id='block_1_100' title="bbox 272 4908 1888 4993">
    <p class='ocr_par' dir='ltr' id='par_1_100' title="bbox 272 4908 1888 4993">
     <span class='ocr_line' id='line_1_100' title="bbox 272 4908 1888 4993; baseline -0.011 -12"><span class='ocrx_word' id='word_1_764' title='bbox 272 4924 491 4993; x_wconf 89' lang='lat' dir='ltr'><strong>tribuit,</strong></span> <span class='ocrx_word' id='word_1_765' title='bbox 523 4929 652 4977; x_wconf 89' lang='lat' dir='ltr'><strong>tunc</strong></span> <span class='ocrx_word' id='word_1_766' title='bbox 679 4921 746 4974; x_wconf 89' lang='lat' dir='ltr'><strong>ab</strong></span> <span class='ocrx_word' id='word_1_767' title='bbox 775 4917 924 4976; x_wconf 89' lang='lat' dir='ltr'><strong>omni</strong></span> <span class='ocrx_word' id='word_1_768' title='bbox 954 4930 1180 4970; x_wconf 90' lang='lat' dir='ltr'><strong>munere</strong></span> <span class='ocrx_word' id='word_1_769' title='bbox 1209 4929 1405 4968; x_wconf 89' lang='lat' dir='ltr'><strong>manus</strong></span> <span class='ocrx_word' id='word_1_770' title='bbox 1423 4911 1643 4978; x_wconf 87' lang='lat' dir='ltr'><strong>excutit,</strong></span> <span class='ocrx_word' id='word_1_771' title='bbox 1672 4908 1888 4981; x_wconf 88' lang='lat' dir='ltr'><strong>quando</strong></span> 
     </span>
    </p>
   </div>
   <div class='ocr_carea' id='block_1_101' title="bbox 270 4996 1890 5072">
    <p class='ocr_par' dir='ltr' id='par_1_101' title="bbox 270 4996 1890 5072">
     <span class='ocr_line' id='line_1_101' title="bbox 270 4996 1890 5072; baseline -0.012 -3"><span class='ocrx_word' id='word_1_772' title='bbox 270 5015 333 5069; x_wconf 90' lang='lat' dir='ltr'><strong>in</strong></span> <span class='ocrx_word' id='word_1_773' title='bbox 363 5010 565 5068; x_wconf 88' lang='lat' dir='ltr'><strong>divinis</strong></span> <span class='ocrx_word' id='word_1_774' title='bbox 611 5008 779 5064; x_wconf 88' lang='lat' dir='ltr'><strong>rebus</strong></span> <span class='ocrx_word' id='word_1_775' title='bbox 818 5022 928 5061; x_wconf 92' lang='lat' dir='ltr'><strong>non</strong></span> <span class='ocrx_word' id='word_1_776' title='bbox 966 5003 1144 5059; x_wconf 89' lang='lat' dir='ltr'><strong>solum</strong></span> <span class='ocrx_word' id='word_1_777' title='bbox 1189 5001 1395 5056; x_wconf 89' lang='lat' dir='ltr'><strong>nullam</strong></span> <span class='ocrx_word' id='word_1_778' title='bbox 1436 4999 1744 5072; x_wconf 90' lang='lat' dir='ltr'><strong>pecuniam,</strong></span> <span class='ocrx_word' id='word_1_779' title='bbox 1792 4996 1890 5051; x_wconf 90' lang='lat' dir='ltr'><strong>sed</strong></span> 
     </span>
    </p>
   </div>
   <div class='ocr_carea' id='block_1_102' title="bbox 271 5085 1889 5168">
    <p class='ocr_par' dir='ltr' id='par_1_102' title="bbox 271 5085 1889 5168">
     <span class='ocr_line' id='line_1_102' title="bbox 271 5085 1889 5168; baseline -0.012 -11"><span class='ocrx_word' id='word_1_780' title='bbox 271 5102 444 5157; x_wconf 85' lang='lat' dir='ltr'><strong>etiam</strong></span> <span class='ocrx_word' id='word_1_781' title='bbox 488 5100 780 5153; x_wconf 90' lang='lat' dir='ltr'><strong>humanam</strong></span> <span class='ocrx_word' id='word_1_782' title='bbox 805 5093 1032 5168; x_wconf 87' lang='lat' dir='ltr'><strong>gratiam</strong></span> <span class='ocrx_word' id='word_1_783' title='bbox 1064 5107 1172 5146; x_wconf 91' lang='lat' dir='ltr'><strong>non</strong></span> <span class='ocrx_word' id='word_1_784' title='bbox 1204 5089 1452 5160; x_wconf 73' lang='lat' dir='ltr'><strong>requirit.</strong></span> <span class='ocrx_word' id='word_1_785' title='bbox 1512 5110 1534 5138; x_wconf 72' lang='grc' dir='ltr'><strong><em>α</em></strong></span> <span class='ocrx_word' id='word_1_786' title='bbox 1564 5087 1631 5141; x_wconf 89' lang='lat' dir='ltr'><strong>Et</strong></span> <span class='ocrx_word' id='word_1_787' title='bbox 1663 5086 1717 5140; x_wconf 91' lang='lat' dir='ltr'><strong>in</strong></span> <span class='ocrx_word' id='word_1_788' title='bbox 1768 5085 1889 5154; x_wconf 91' lang='lat' dir='ltr'><strong>epi-</strong></span> 
     </span>
    </p>
   </div>
   <div class='ocr_carea' id='block_1_103' title="bbox 271 5174 1892 5247">
    <p class='ocr_par' dir='ltr' id='par_1_103' title="bbox 271 5174 1892 5247">
     <span class='ocr_line' id='line_1_103' title="bbox 271 5174 1892 5247; baseline -0.012 -2"><span class='ocrx_word' id='word_1_789' title='bbox 271 5189 421 5246; x_wconf 88' lang='lat' dir='ltr'><strong>stola</strong></span> <span class='ocrx_word' id='word_1_790' title='bbox 449 5187 522 5242; x_wconf 93' lang='lat' dir='ltr'><strong>ad</strong></span> <span class='ocrx_word' id='word_1_791' title='bbox 550 5186 812 5240; x_wconf 84' lang='lat' dir='ltr'><strong>Joannem</strong></span> <span class='ocrx_word' id='word_1_792' title='bbox 845 5180 1280 5238; x_wconf 91' lang='lat' dir='ltr'><strong>Corienthiorum</strong></span> <span class='ocrx_word' id='word_1_793' title='bbox 1310 5177 1624 5247; x_wconf 82' lang='lat' dir='ltr'><strong>episcOpum</strong></span> <span class='ocrx_word' id='word_1_794' title='bbox 1659 5191 1671 5229; x_wconf 88' lang='lat'><strong>:</strong></span> <span class='ocrx_word' id='word_1_795' title='bbox 1710 5195 1732 5224; x_wconf 77' lang='grc' dir='ltr'>ι</span> <span class='ocrx_word' id='word_1_796' title='bbox 1771 5174 1892 5227; x_wconf 86' lang='lat' dir='ltr'><strong>Per-</strong></span> 
     </span>
    </p>
   </div>
   <div class='ocr_carea' id='block_1_104' title="bbox 272 5261 1890 5348">
    <p class='ocr_par' dir='ltr' id='par_1_104' title="bbox 272 5261 1890 5348">
     <span class='ocr_line' id='line_1_104' title="bbox 272 5261 1890 5348; baseline -0.014 -12"><span class='ocrx_word' id='word_1_797' title='bbox 272 5278 451 5343; x_wconf 86' lang='lat' dir='ltr'><strong>venit,</strong></span> <span class='ocrx_word' id='word_1_798' title='bbox 475 5274 651 5348; x_wconf 90' lang='lat' dir='ltr'><strong>inquit</strong></span> <span class='ocrx_word' id='word_1_799' title='bbox 679 5273 795 5346; x_wconf 86' lang='lat' dir='ltr'><strong>(lib.</strong></span> <span class='ocrx_word' id='word_1_800' title='bbox 824 5286 900 5340; x_wconf 83' lang='lat' dir='ltr'><strong>IV,</strong></span> <span class='ocrx_word' id='word_1_801' title='bbox 925 5286 1011 5345; x_wconf 84' lang='lat' dir='ltr'><strong>ep.</strong></span> <span class='ocrx_word' id='word_1_802' title='bbox 1046 5268 1156 5339; x_wconf 77' lang='grc'><strong>55),</strong></span> <span class='ocrx_word' id='word_1_803' title='bbox 1200 5265 1270 5322; x_wconf 90' lang='lat' dir='ltr'><strong>ad</strong></span> <span class='ocrx_word' id='word_1_804' title='bbox 1317 5281 1436 5333; x_wconf 89' lang='lat' dir='ltr'><strong>nos,</strong></span> <span class='ocrx_word' id='word_1_805' title='bbox 1485 5262 1631 5336; x_wconf 90' lang='lat' dir='ltr'><strong>quod</strong></span> <span class='ocrx_word' id='word_1_806' title='bbox 1680 5263 1734 5316; x_wconf 91' lang='lat' dir='ltr'><strong>in</strong></span> <span class='ocrx_word' id='word_1_807' title='bbox 1783 5261 1890 5316; x_wconf 86' lang='lat' dir='ltr'><strong>illis</strong></span> 
     </span>
    </p>
   </div>
   <div class='ocr_carea' id='block_1_105' title="bbox 272 5351 1890 5441">
    <p class='ocr_par' dir='ltr' id='par_1_105' title="bbox 272 5351 1890 5441">
     <span class='ocr_line' id='line_1_105' title="bbox 272 5351 1890 5441; baseline -0.01 -18"><span class='ocrx_word' id='word_1_808' title='bbox 272 5367 531 5441; x_wconf 88' lang='lat' dir='ltr'><strong>partibus</strong></span> <span class='ocrx_word' id='word_1_809' title='bbox 559 5362 742 5420; x_wconf 82' lang='lat' dir='ltr'><strong>nullus</strong></span> <span class='ocrx_word' id='word_1_810' title='bbox 773 5361 843 5419; x_wconf 88' lang='lat' dir='ltr'><strong>ad</strong></span> <span class='ocrx_word' id='word_1_811' title='bbox 884 5375 1102 5417; x_wconf 86' lang='lat' dir='ltr'><strong>sacrum</strong></span> <span class='ocrx_word' id='word_1_812' title='bbox 1145 5355 1395 5414; x_wconf 90' lang='lat' dir='ltr'><strong>ordinem</strong></span> <span class='ocrx_word' id='word_1_813' title='bbox 1441 5353 1556 5408; x_wconf 88' lang='lat' dir='ltr'><strong>sine</strong></span> <span class='ocrx_word' id='word_1_814' title='bbox 1615 5351 1890 5408; x_wconf 89' lang='lat' dir='ltr'><strong>commodi</strong></span> 
     </span>
    </p>
   </div>
   <div class='ocr_carea' id='block_1_106' title="bbox 271 5441 1891 5526">
    <p class='ocr_par' dir='ltr' id='par_1_106' title="bbox 271 5441 1891 5526">
     <span class='ocr_line' id='line_1_106' title="bbox 271 5441 1891 5526; baseline -0.012 -11"><span class='ocrx_word' id='word_1_815' title='bbox 271 5456 502 5514; x_wconf 80' lang='lat' dir='ltr'><strong>datione</strong></span> <span class='ocrx_word' id='word_1_816' title='bbox 529 5452 826 5526; x_wconf 88' lang='lat' dir='ltr'><strong>perveniat.</strong></span> <span class='ocrx_word' id='word_1_817' title='bbox 861 5447 1020 5520; x_wconf 91' lang='lat' dir='ltr'><strong>Quod</strong></span> <span class='ocrx_word' id='word_1_818' title='bbox 1049 5446 1095 5502; x_wconf 88' lang='lat' dir='ltr'><strong>si</strong></span> <span class='ocrx_word' id='word_1_819' title='bbox 1120 5446 1192 5502; x_wconf 90' lang='lat' dir='ltr'><strong>ita</strong></span> <span class='ocrx_word' id='word_1_820' title='bbox 1208 5452 1311 5511; x_wconf 86' lang='lat' dir='ltr'><strong>est,</strong></span> <span class='ocrx_word' id='word_1_821' title='bbox 1333 5442 1470 5502; x_wconf 87' lang='lat' dir='ltr'><strong>ﬂens</strong></span> <span class='ocrx_word' id='word_1_822' title='bbox 1488 5441 1631 5508; x_wconf 91' lang='lat' dir='ltr'><strong>dico,</strong></span> <span class='ocrx_word' id='word_1_823' title='bbox 1663 5455 1891 5526; x_wconf 85' lang='lat' dir='ltr'><strong>gemens</strong></span> 
     </span>
    </p>
   </div>
   <div class='ocr_carea' id='block_1_107' title="bbox 272 5525 1887 5618">
    <p class='ocr_par' dir='ltr' id='par_1_107' title="bbox 272 5525 1887 5618">
     <span class='ocr_line' id='line_1_107' title="bbox 272 5525 1887 5618; baseline -0.011 -17"><span class='ocrx_word' id='word_1_824' title='bbox 272 5525 562 5606; x_wconf 81' lang='lat' dir='ltr'><strong>denuntio,</strong></span> <span class='ocrx_word' id='word_1_825' title='bbox 593 5540 720 5611; x_wconf 89' lang='lat' dir='ltr'><strong>quia</strong></span> <span class='ocrx_word' id='word_1_826' title='bbox 741 5554 866 5594; x_wconf 90' lang='lat' dir='ltr'><strong>cum</strong></span> <span class='ocrx_word' id='word_1_827' title='bbox 895 5533 1254 5616; x_wconf 83' lang='lat' dir='ltr'><strong>sacerdotalis</strong></span> <span class='ocrx_word' id='word_1_828' title='bbox 1282 5531 1420 5618; x_wconf 73' lang='lat' dir='ltr'><strong>ordo</strong></span> <span class='ocrx_word' id='word_1_829' title='bbox 1466 5531 1612 5590; x_wconf 82' lang='lat' dir='ltr'><strong>intus</strong></span> <span class='ocrx_word' id='word_1_830' title='bbox 1673 5525 1887 5614; x_wconf 84' lang='lat' dir='ltr'><strong>cecidit,</strong></span> 
     </span>
    </p>
   </div>
   <div class='ocr_carea' id='block_1_108' title="bbox 520 5651 1040 5733">
    <p class='ocr_par' dir='ltr' id='par_1_108' title="bbox 520 5651 1040 5733">
     <span class='ocr_line' id='line_1_108' title="bbox 520 5651 1040 5733; baseline -0.008 -19"><span class='ocrx_word' id='word_1_831' title='bbox 520 5657 760 5733; x_wconf 55' lang='lat' dir='ltr'><strong>Panos.</strong></span> <span class='ocrx_word' id='word_1_832' title='bbox 792 5651 1040 5716; x_wconf 75' lang='lat' dir='ltr'><strong>CXXVI.</strong></span> 
     </span>
    </p>
   </div>
   <div class='ocr_carea' id='block_1_109' title="bbox 1983 4548 3590 4631">
    <p class='ocr_par' dir='ltr' id='par_1_109' title="bbox 1983 4548 3590 4631">
     <span class='ocr_line' id='line_1_109' title="bbox 1983 4548 3590 4631; baseline -0.006 -17"><span class='ocrx_word' id='word_1_833' title='bbox 1983 4577 2083 4631; x_wconf 91' lang='lat' dir='ltr'><strong>per</strong></span> <span class='ocrx_word' id='word_1_834' title='bbox 2099 4559 2278 4630; x_wconf 91' lang='lat' dir='ltr'><strong>ipsum</strong></span> <span class='ocrx_word' id='word_1_835' title='bbox 2296 4567 2539 4613; x_wconf 91' lang='lat' dir='ltr'><strong>sanctum</strong></span> <span class='ocrx_word' id='word_1_836' title='bbox 2557 4556 2833 4627; x_wconf 88' lang='lat' dir='ltr'><strong>Spiritum,</strong></span> <span class='ocrx_word' id='word_1_837' title='bbox 2851 4554 2943 4625; x_wconf 91' lang='lat' dir='ltr'><strong>qui</strong></span> <span class='ocrx_word' id='word_1_838' title='bbox 2965 4553 3199 4608; x_wconf 86' lang='lat' dir='ltr'><strong>maxime</strong></span> <span class='ocrx_word' id='word_1_839' title='bbox 3220 4551 3274 4606; x_wconf 92' lang='lat' dir='ltr'><strong>in</strong></span> <span class='ocrx_word' id='word_1_840' title='bbox 3296 4548 3590 4606; x_wconf 81' lang='lat' dir='ltr'><strong>ordinatio-</strong></span> 
     </span>
    </p>
   </div>
   <div class='ocr_carea' id='block_1_110' title="bbox 1985 4638 3588 4719">
    <p class='ocr_par' dir='ltr' id='par_1_110' title="bbox 1985 4638 3588 4719">
     <span class='ocr_line' id='line_1_110' title="bbox 1985 4638 3588 4719; baseline -0.006 -15"><span class='ocrx_word' id='word_1_841' title='bbox 1985 4649 2145 4704; x_wconf 89' lang='lat' dir='ltr'><strong>nibus</strong></span> <span class='ocrx_word' id='word_1_842' title='bbox 2174 4656 2442 4719; x_wconf 83' lang='lat' dir='ltr'><strong>operatur,</strong></span> <span class='ocrx_word' id='word_1_843' title='bbox 2466 4655 2519 4702; x_wconf 93' lang='lat' dir='ltr'><strong>et</strong></span> <span class='ocrx_word' id='word_1_844' title='bbox 2546 4662 2647 4716; x_wconf 91' lang='lat' dir='ltr'><strong>per</strong></span> <span class='ocrx_word' id='word_1_845' title='bbox 2675 4659 2894 4699; x_wconf 91' lang='lat' dir='ltr'><strong>omnem</strong></span> <span class='ocrx_word' id='word_1_846' title='bbox 2923 4649 3233 4697; x_wconf 90' lang='lat' dir='ltr'><strong>sanctorum</strong></span> <span class='ocrx_word' id='word_1_847' title='bbox 3263 4638 3588 4711; x_wconf 89' lang='lat' dir='ltr'><strong>angelorum</strong></span> 
     </span>
    </p>
   </div>
   <div class='ocr_carea' id='block_1_111' title="bbox 1987 4726 3592 4806">
    <p class='ocr_par' dir='ltr' id='par_1_111' title="bbox 1987 4726 3592 4806">
     <span class='ocr_line' id='line_1_111' title="bbox 1987 4726 3592 4806; baseline -0.005 -14"><span class='ocrx_word' id='word_1_848' title='bbox 1987 4737 2254 4803; x_wconf 88' lang='lat' dir='ltr'><strong>militiam,</strong></span> <span class='ocrx_word' id='word_1_849' title='bbox 2285 4753 2351 4792; x_wconf 91' lang='lat' dir='ltr'><strong>ac</strong></span> <span class='ocrx_word' id='word_1_850' title='bbox 2378 4753 2476 4806; x_wconf 90' lang='lat' dir='ltr'><strong>per</strong></span> <span class='ocrx_word' id='word_1_851' title='bbox 2507 4742 2752 4789; x_wconf 88' lang='lat' dir='ltr'><strong>sanctam</strong></span> <span class='ocrx_word' id='word_1_852' title='bbox 2782 4731 3026 4786; x_wconf 90' lang='lat' dir='ltr'><strong>omnium</strong></span> <span class='ocrx_word' id='word_1_853' title='bbox 3055 4729 3354 4783; x_wconf 90' lang='lat' dir='ltr'><strong>electorum</strong></span> <span class='ocrx_word' id='word_1_854' title='bbox 3394 4726 3592 4784; x_wconf 82' lang='lat' dir='ltr'><strong>Eccle-</strong></span> 
     </span>
    </p>
   </div>
   <div class='ocr_carea' id='block_1_112' title="bbox 1989 4815 3586 4895">
    <p class='ocr_par' dir='ltr' id='par_1_112' title="bbox 1989 4815 3586 4895">
     <span class='ocr_line' id='line_1_112' title="bbox 1989 4815 3586 4895; baseline -0.006 -13"><span class='ocrx_word' id='word_1_855' title='bbox 1989 4828 2130 4882; x_wconf 90' lang='lat' dir='ltr'><strong>ciam</strong></span> <span class='ocrx_word' id='word_1_856' title='bbox 2159 4825 2525 4895; x_wconf 89' lang='lat' dir='ltr'><strong>conscriptam</strong></span> <span class='ocrx_word' id='word_1_857' title='bbox 2553 4823 2609 4877; x_wconf 90' lang='lat' dir='ltr'><strong>in</strong></span> <span class='ocrx_word' id='word_1_858' title='bbox 2627 4821 2800 4885; x_wconf 79' lang='lat' dir='ltr'><strong>caelis,</strong></span> <span class='ocrx_word' id='word_1_859' title='bbox 2834 4827 2888 4874; x_wconf 78' lang='lat' dir='ltr'><strong>et</strong></span> <span class='ocrx_word' id='word_1_860' title='bbox 2915 4833 3014 4888; x_wconf 90' lang='lat' dir='ltr'><strong>per</strong></span> <span class='ocrx_word' id='word_1_861' title='bbox 3039 4815 3276 4870; x_wconf 87' lang='lat' dir='ltr'><strong>futurum</strong></span> <span class='ocrx_word' id='word_1_862' title='bbox 3299 4815 3586 4886; x_wconf 90' lang='lat' dir='ltr'><strong>judicium,</strong></span> 
     </span>
    </p>
   </div>
   <div class='ocr_carea' id='block_1_113' title="bbox 1991 4905 3594 4987">
    <p class='ocr_par' dir='ltr' id='par_1_113' title="bbox 1991 4905 3594 4987">
     <span class='ocr_line' id='line_1_113' title="bbox 1991 4905 3594 4987; baseline -0.006 -17"><span class='ocrx_word' id='word_1_863' title='bbox 1991 4932 2098 4987; x_wconf 90' lang='lat' dir='ltr'><strong>quo</strong></span> <span class='ocrx_word' id='word_1_864' title='bbox 2146 4915 2389 4970; x_wconf 90' lang='lat' dir='ltr'><strong>Christus</strong></span> <span class='ocrx_word' id='word_1_865' title='bbox 2429 4912 2609 4967; x_wconf 91' lang='lat' dir='ltr'><strong>veniet</strong></span> <span class='ocrx_word' id='word_1_866' title='bbox 2651 4909 2897 4978; x_wconf 87' lang='lat' dir='ltr'><strong>judicare</strong></span> <span class='ocrx_word' id='word_1_867' title='bbox 2942 4905 3095 4960; x_wconf 91' lang='lat' dir='ltr'><strong>vivos</strong></span> <span class='ocrx_word' id='word_1_868' title='bbox 3139 4912 3193 4959; x_wconf 90' lang='lat' dir='ltr'><strong>et</strong></span> <span class='ocrx_word' id='word_1_869' title='bbox 3235 4913 3500 4974; x_wconf 90' lang='lat' dir='ltr'><strong>mortuos,</strong></span> <span class='ocrx_word' id='word_1_870' title='bbox 3536 4912 3594 4962; x_wconf 86' lang='lat' dir='ltr'><strong>et</strong></span> 
     </span>
    </p>
   </div>
   <div class='ocr_carea' id='block_1_114' title="bbox 1993 4992 3592 5073">
    <p class='ocr_par' dir='ltr' id='par_1_114' title="bbox 1993 4992 3592 5073">
     <span class='ocr_line' id='line_1_114' title="bbox 1993 4992 3592 5073; baseline -0.007 -15"><span class='ocrx_word' id='word_1_871' title='bbox 1993 5002 2251 5059; x_wconf 70' lang='lat' dir='ltr'><strong>saeculum</strong></span> <span class='ocrx_word' id='word_1_872' title='bbox 2273 5018 2372 5072; x_wconf 88' lang='lat' dir='ltr'><strong>per</strong></span> <span class='ocrx_word' id='word_1_873' title='bbox 2399 5001 2602 5073; x_wconf 91' lang='lat' dir='ltr'><strong>ignem,</strong></span> <span class='ocrx_word' id='word_1_874' title='bbox 2637 4992 2694 5052; x_wconf 87' lang='lat' dir='ltr'><strong>et</strong></span> <span class='ocrx_word' id='word_1_875' title='bbox 2717 4996 2945 5050; x_wconf 88' lang='lat' dir='ltr'><strong>reddere</strong></span> <span class='ocrx_word' id='word_1_876' title='bbox 2962 4992 3253 5064; x_wconf 89' lang='lat' dir='ltr'><strong>unicuique</strong></span> <span class='ocrx_word' id='word_1_877' title='bbox 3288 4994 3592 5050; x_wconf 89' lang='lat' dir='ltr'><strong>secundum</strong></span> 
     </span>
    </p>
   </div>
   <div class='ocr_carea' id='block_1_115' title="bbox 1993 5082 3594 5162">
    <p class='ocr_par' dir='ltr' id='par_1_115' title="bbox 1993 5082 3594 5162">
     <span class='ocr_line' id='line_1_115' title="bbox 1993 5082 3594 5162; baseline -0.006 -17"><span class='ocrx_word' id='word_1_878' title='bbox 1993 5107 2160 5162; x_wconf 89' lang='lat' dir='ltr'><strong>opera</strong></span> <span class='ocrx_word' id='word_1_879' title='bbox 2190 5107 2304 5155; x_wconf 89' lang='lat' dir='ltr'><strong>sua,</strong></span> <span class='ocrx_word' id='word_1_880' title='bbox 2337 5098 2394 5142; x_wconf 88' lang='lat' dir='ltr'><strong>ut</strong></span> <span class='ocrx_word' id='word_1_881' title='bbox 2424 5104 2524 5142; x_wconf 93' lang='lat' dir='ltr'><strong>nec</strong></span> <span class='ocrx_word' id='word_1_882' title='bbox 2568 5087 2704 5156; x_wconf 91' lang='lat' dir='ltr'><strong>ipse,</strong></span> <span class='ocrx_word' id='word_1_883' title='bbox 2738 5091 2925 5139; x_wconf 89' lang='lat' dir='ltr'><strong>contra</strong></span> <span class='ocrx_word' id='word_1_884' title='bbox 2955 5082 3167 5136; x_wconf 87' lang='lat' dir='ltr'><strong>divinas</strong></span> <span class='ocrx_word' id='word_1_885' title='bbox 3197 5091 3250 5137; x_wconf 89' lang='lat' dir='ltr'><strong>et</strong></span> <span class='ocrx_word' id='word_1_886' title='bbox 3306 5082 3594 5137; x_wconf 88' lang='lat' dir='ltr'><strong>canonicas</strong></span> 
     </span>
    </p>
   </div>
   <div class='ocr_carea' id='block_1_116' title="bbox 1995 5168 3597 5243">
    <p class='ocr_par' dir='ltr' id='par_1_116' title="bbox 1995 5168 3597 5243">
     <span class='ocr_line' id='line_1_116' title="bbox 1995 5168 3597 5243; baseline -0.008 -8"><span class='ocrx_word' id='word_1_887' title='bbox 1995 5180 2426 5241; x_wconf 86' lang='lat' dir='ltr'><strong>constitutiones,</strong></span> <span class='ocrx_word' id='word_1_888' title='bbox 2459 5184 2512 5229; x_wconf 91' lang='lat' dir='ltr'><strong>te</strong></span> <span class='ocrx_word' id='word_1_889' title='bbox 2543 5175 2667 5229; x_wconf 87' lang='lat' dir='ltr'><strong>huic</strong></span> <span class='ocrx_word' id='word_1_890' title='bbox 2723 5173 2838 5227; x_wconf 92' lang='lat' dir='ltr'><strong>Deo</strong></span> <span class='ocrx_word' id='word_1_891' title='bbox 2897 5171 3185 5226; x_wconf 68' lang='lat' dir='ltr'><strong>contrariae</strong></span> <span class='ocrx_word' id='word_1_892' title='bbox 3239 5168 3597 5243; x_wconf 91' lang='lat' dir='ltr'><strong>negotiationi</strong></span> 
     </span>
    </p>
   </div>
   <div class='ocr_carea' id='block_1_117' title="bbox 1997 5259 3598 5343">
    <p class='ocr_par' dir='ltr' id='par_1_117' title="bbox 1997 5259 3598 5343">
     <span class='ocr_line' id='line_1_117' title="bbox 1997 5259 3598 5343; baseline -0.007 -18"><span class='ocrx_word' id='word_1_893' title='bbox 1997 5269 2238 5343; x_wconf 91' lang='lat' dir='ltr'><strong>quolibet</strong></span> <span class='ocrx_word' id='word_1_894' title='bbox 2260 5267 2421 5322; x_wconf 91' lang='lat' dir='ltr'><strong>modo</strong></span> <span class='ocrx_word' id='word_1_895' title='bbox 2443 5264 2526 5319; x_wconf 85' lang='lat' dir='ltr'><strong>vel</strong></span> <span class='ocrx_word' id='word_1_896' title='bbox 2549 5277 2872 5336; x_wconf 88' lang='lat' dir='ltr'><strong>quacunque</strong></span> <span class='ocrx_word' id='word_1_897' title='bbox 2895 5260 3197 5332; x_wconf 88' lang='lat' dir='ltr'><strong>excogitata</strong></span> <span class='ocrx_word' id='word_1_898' title='bbox 3217 5259 3598 5315; x_wconf 86' lang='lat' dir='ltr'><strong>adinventione</strong></span> 
     </span>
    </p>
   </div>
   <div class='ocr_carea' id='block_1_118' title="bbox 1995 5352 3605 5424">
    <p class='ocr_par' dir='ltr' id='par_1_118' title="bbox 1995 5352 3605 5424">
     <span class='ocr_line' id='line_1_118' title="bbox 1995 5352 3605 5424; baseline -0.007 -10"><span class='ocrx_word' id='word_1_899' title='bbox 1995 5358 2321 5422; x_wconf 88' lang='lat' dir='ltr'><strong>immisceas,</strong></span> <span class='ocrx_word' id='word_1_900' title='bbox 2355 5369 2456 5410; x_wconf 90' lang='lat' dir='ltr'><strong>nec</strong></span> <span class='ocrx_word' id='word_1_901' title='bbox 2485 5352 2669 5422; x_wconf 87' lang='lat' dir='ltr'><strong>alicui,</strong></span> <span class='ocrx_word' id='word_1_902' title='bbox 2700 5359 2957 5424; x_wconf 88' lang='lat' dir='ltr'><strong>quantum</strong></span> <span class='ocrx_word' id='word_1_903' title='bbox 2986 5366 3054 5406; x_wconf 86' lang='lat' dir='ltr'><strong>ex</strong></span> <span class='ocrx_word' id='word_1_904' title='bbox 3082 5357 3136 5404; x_wconf 94' lang='lat' dir='ltr'><strong>te</strong></span> <span class='ocrx_word' id='word_1_905' title='bbox 3165 5356 3266 5414; x_wconf 90' lang='lat' dir='ltr'><strong>est,</strong></span> <span class='ocrx_word' id='word_1_906' title='bbox 3326 5356 3380 5404; x_wconf 88' lang='lat' dir='ltr'><strong>et</strong></span> <span class='ocrx_word' id='word_1_907' title='bbox 3437 5361 3605 5422; x_wconf 84' lang='lat' dir='ltr'><strong>quan-</strong></span> 
     </span>
    </p>
   </div>
   <div class='ocr_carea' id='block_1_119' title="bbox 1997 5436 3605 5514">
    <p class='ocr_par' dir='ltr' id='par_1_119' title="bbox 1997 5436 3605 5514">
     <span class='ocr_line' id='line_1_119' title="bbox 1997 5436 3605 5514; baseline -0.007 -10"><span class='ocrx_word' id='word_1_908' title='bbox 1997 5455 2112 5504; x_wconf 89' lang='lat' dir='ltr'><strong>tum</strong></span> <span class='ocrx_word' id='word_1_909' title='bbox 2167 5443 2237 5500; x_wconf 89' lang='lat' dir='ltr'><strong>ad</strong></span> <span class='ocrx_word' id='word_1_910' title='bbox 2282 5452 2336 5498; x_wconf 91' lang='lat' dir='ltr'><strong>te</strong></span> <span class='ocrx_word' id='word_1_911' title='bbox 2389 5441 2647 5514; x_wconf 91' lang='lat' dir='ltr'><strong>pertinet,</strong></span> <span class='ocrx_word' id='word_1_912' title='bbox 2708 5438 3003 5496; x_wconf 88' lang='lat' dir='ltr'><strong>immisceri</strong></span> <span class='ocrx_word' id='word_1_913' title='bbox 3059 5437 3368 5495; x_wconf 86' lang='lat' dir='ltr'><strong>consentias</strong></span> <span class='ocrx_word' id='word_1_914' title='bbox 3419 5454 3432 5492; x_wconf 93' lang='lat'><strong>:</strong></span> <span class='ocrx_word' id='word_1_915' title='bbox 3493 5436 3605 5492; x_wconf 88' lang='lat' dir='ltr'><strong>imo</strong></span> 
     </span>
    </p>
   </div>
   <div class='ocr_carea' id='block_1_120' title="bbox 1998 5525 3606 5606">
    <p class='ocr_par' dir='ltr' id='par_1_120' title="bbox 1998 5525 3606 5606">
     <span class='ocr_line' id='line_1_120' title="bbox 1998 5525 3606 5606; baseline -0.009 -14"><span class='ocrx_word' id='word_1_916' title='bbox 1998 5535 2124 5601; x_wconf 88' lang='lat' dir='ltr'><strong>tuis,</strong></span> <span class='ocrx_word' id='word_1_917' title='bbox 2155 5539 2354 5606; x_wconf 86' lang='lat' dir='ltr'><strong>quanta</strong></span> <span class='ocrx_word' id='word_1_918' title='bbox 2382 5538 2539 5602; x_wconf 81' lang='lat' dir='ltr'><strong>potes</strong></span> <span class='ocrx_word' id='word_1_919' title='bbox 2568 5530 2951 5600; x_wconf 85' lang='lat' dir='ltr'><strong>obtestatione,</strong></span> <span class='ocrx_word' id='word_1_920' title='bbox 2995 5525 3324 5586; x_wconf 86' lang='lat' dir='ltr'><strong>interdicere</strong></span> <span class='ocrx_word' id='word_1_921' title='bbox 3368 5525 3606 5581; x_wconf 77' lang='lat' dir='ltr'><strong>studeas.</strong></span> 
     </span>
    </p>
   </div>
   <div class='ocr_carea' id='block_1_121' title="bbox 3219 5631 3282 5688">
    <p class='ocr_par' dir='ltr' id='par_1_121' title="bbox 3219 5631 3282 5688">
     <span class='ocr_line' id='line_1_121' title="bbox 3219 5631 3282 5688; baseline 0.016 -1"><span class='ocrx_word' id='word_1_922' title='bbox 3219 5631 3282 5688; x_wconf 72' lang='lat' dir='ltr'><strong>M</strong></span> 
     </span>
    </p>
   </div>
  </div>
