4164 6360
581 351 688 440 lii

1648 338 1992 421 uinctum
2027 335 2428 418 nnEnﬁitsrs
2468 344 3020 415 ARCHIEPISCOPI.

3785 351 3894 407 428

583 487 764 576 Quam
790 488 1207 556 obtestationem
1225 510 1345 576 non_
1363 492 1506 576 nova
1529 489 1952 564 praesurnptione
2001 503 2185 552 exere,
2219 464 2374 546 Atra
2402 485 2520 540 haec
2574 482 2864 539 constituta
2917 479 3105 534 venire
3151 477 3456 542 tentaverit,
3514 485 3568 530 et
3620 475 3896 546 prohibita

580 560 680 650 ἑά
705 607 806 664 pro
835 585 1056 644 modulo
1083 601 1207 640 meo
1235 570 1381 638 beati
1429 560 1577 636 l’auli
1615 560 1818 652 sequor
1859 573 2182 648 exemplum,

579 665 872 750 scribentis
901 675 972 732 ad
997 673 1359 741 Timotheum,
1391 685 1556 742 quem
1599 669 1857 738 juvenem
1914 664 2188 721 ordinavit

580 753 936 841 EpisGOpum,
966 759 1094 818 licet
1122 777 1231 817 non
1261 759 1329 814 de
1360 759 1462 814 hac
1483 773 1664 822 causa,
1699 757 1797 811 sed
1826 755 1894 809 de
1935 753 2074 816 aliis,
2117 753 2185 806 de

581 857 779 932 quibus
807 851 1178 910 necessarium
1206 848 1374 917 duxit,
1405 843 1711 915 hujnsmodi
1769 841 2186 898 obtestationem

575 929 810 1002 exeruit.
841 941 1005 1012 Cujus
1035 937 1222 1003 verba,
1247 953 1345 1008 per
1373 951 1535 1006 quem
1565 933 1774 988 locutus
1804 939 1884 986 est
1917 929 2180 996 Christus,

581 1033 749 1090 etiam
777 1028 874 1086 tibi
912 1027 1146 1085 inculco.
1189 1025 1490 1093 Testiﬁcor,
1519 1021 1713 1092 inquit,
1749 1035 1938 1076 coram
1969 1021 2096 1087 Deo,
2129 1021 2187 1072 et

589 1121 812 1180 Christo
823 1120 973 1184 Iesu,
994 1121 1050 1174 et
1066 1115 1260 1172 electis
1281 1113 1522 1185 angelis,
1541 1114 1610 1166 ut
1620 1111 1734 1165 haec
1751 1107 2040 1164 custodias
2061 1107 2185 1161 sine

575 1207 928 1282 prejudicia,
943 1203 1093 1260 nihil
1103 1203 1322 1273 faciens
1335 1201 1400 1254 in
1411 1201 1589 1255 aliam
1598 1202 1824 1271 partem
1847 1194 2183 1252 declinando

577 1281 631 1368 (Ι
647 1297 784 1352 Tim.
809 1295 868 1364 v)
890 1313 908 1369 ε
931 1299 1022 1369 et:
1045 1289 1317 1362 Prwcipio
1340 1287 1444 1344 tibi
1462 1303 1654 1342 coram
1673 1287 1801 1350 Deo,
1827 1286 1922 1356 qui
1938 1281 2184 1350 viviﬁcat

580 1366 795 1450 omnia,
811 1385 869 1439 et
893 1366 1114 1438 Christo
1124 1379 1272 1442 Iesu
1298 1378 1394 1450 qui
1409 1376 1802 1431 testimonium
1818 1372 2061 1428 reddidit
2083 1371 2184 1425 sub

577 1472 780 1532 Pontio
793 1470 982 1526 Pilato
999 1463 1204 1524 bonam
1219 1465 1650 1536 confessionem,
1667 1465 1735 1518 ut
1748 1476 1931 1516 serves
1947 1475 2080 1514 man
2087 1459 2185 1514 da-

579 1565 704 1616 tum
723 1547 849 1616 sine
857 1556 1090 1614 macula
1105 1552 1602 1626 irreprehensibile
1618 1565 1791 1622 usque
1801 1551 1865 1604 in
1875 1547 2182 1603 adventum

578 1648 806 1705 Domini
823 1645 1008 1703 nostri
1023 1645 1155 1700 Jesu
1170 1636 1384 1698 Christi
1403 1639 1452 1712 (Ι
1469 1639 1605 1694 Tim.
1629 1638 1725 1707 vt).
1745 1635 1826 1692 De
1842 1633 1991 1692 Lucii
2001 1642 2183 1690 autem

577 1734 829 1815 epistola,
875 1747 1000 1808 quae
1055 1737 1180 1786 ante
1231 1724 1514 1784 Nicaeuum
1585 1724 1880 1782 concilium
1906 1722 2050 1778 facta
2090 1721 2189 1778 fuit

2289 573 2448 628 fuerit
2477 585 2642 626 ausus
2670 569 2977 634 admittere,
3009 585 3041 622 a
3070 572 3170 621 suo
3201 581 3260 621 se
3287 565 3502 620 noverit
3529 563 3707 620 oﬂicio
3749 564 3892 618 sub—

2288 661 2635 727 movendum,
2669 674 2770 714 nec
2801 655 3195 714 communionis
3241 661 3445 710 nostrae
3487 653 3727 708 futurum
3767 668 3896 708 esse

2288 757 2618 813 consortem,
2651 747 2744 819 qui
2773 746 2954 802 socius
2982 761 3106 800 esse
3133 743 3306 798 noluit
3333 741 3652 813 disciplima.
3692 759 3715 792 ι
3749 741 3895 796 Pen-

2289 853 2471 893 semus
2500 836 2666 908 igitur
2695 851 2804 890 non
2833 835 3046 902 dolosa,
3107 833 3207 887 sed
3259 839 3410 886 recta
3470 839 3687 896 statera,
3720 846 3891 901 quem

2286 933 2533 981 nostrum
2561 924 2806 996 pressius
2833 923 2976 978 istud
3021 921 3296 994 contingat
3343 920 3655 990 capitulum,
3705 927 3892 973 utrum

2285 1031 2392 1080 me,
2427 1014 2518 1086 qui
2551 1028 2634 1078 ea,
2670 1012 2761 1084 qui
2793 1028 2855 1066 ea
2882 1010 3328 1082 irrefragabiliter
3371 1009 3719 1064 observanda
3763 1017 3894 1064 sunt

2286 1103 2576 1160 constituta
2599 1143 2613 1171 ,
2673 1101 2988 1156 auctoritate
3041 1099 3458 1168 metropolitana
3511 1097 3568 1151 in
3623 1097 3890 1167 parochia

2285 1191 2582 1264 provinciae
2610 1189 2742 1243 mihi
2773 1188 3080 1244 commissae
3107 1202 3427 1242 conservare
3457 1185 3692 1250 decrevi,
3725 1201 3793 1240 an
3810 1193 3889 1252 te,

2287 1279 2379 1352 qui
2407 1279 2462 1334 in
2491 1277 2602 1343 illa,
2637 1293 2758 1349 quae
2784 1275 3164 1331 inviolabiliter
3189 1275 3565 1332 conservanda
3596 1282 3718 1328 sunt
3748 1285 3889 1329 con-

2285 1367 2488 1431 stituta,
2557 1375 2608 1422 et
2653 1364 2930 1420 temerasti
2971 1371 3022 1419 et
3071 1363 3304 1419 convelli
3340 1361 3536 1432 fecisti,
3583 1370 3636 1417 et
3687 1369 3891 1433 praeter

2281 1461 2390 1518 m‘e,
2437 1450 2724 1521 primatem
2795 1456 2967 1512 tuum,
3012 1454 3201 1502 contra
3252 1452 3451 1502 statuta
3517 1445 3897 1502 ecclesiastica

2283 1537 2650 1610 subscripsisti
2692 1545 2744 1591 et
2788 1535 3056 1592 subscribi
3103 1535 3298 1600 fecisti,
3347 1550 3470 1591 cum
3513 1535 3650 1591 sicut
3689 1542 3891 1590 statuta

2283 1625 2658 1683 ecclesiastica
2678 1626 2893 1690 docent,
2929 1623 3046 1679 sine
3073 1639 3161 1678 me
3181 1623 3314 1678 nihil
3343 1624 3642 1679 decernere
3680 1623 3890 1692 valeas,

2283 1731 2404 1786 quae
2433 1715 2500 1769 ad
2529 1713 2847 1786 generalem
2876 1711 3281 1768 observantiam
3319 1712 3592 1782 pertinent
3642 1711 3908 1767 omnium-

569 1800 683 1881 nim
709 1800 836 1879 ideo
867 1800 966 1877 tibi
995 1817 1207 1892 scripsi,
1240 1815 1397 1889 quasi
1423 1831 1536 1870 non
1567 1812 1832 1869 sufﬁciant
1859 1809 1928 1867 ad
1947 1809 2181 1867 auctori-
2207 1808 2263 1894 Β
2286 1803 2504 1859 Domini
2541 1803 2902 1870 sacerdotum,
2929 1801 3068 1857 sicut
3096 1800 3409 1856 Africanum
3457 1800 3700 1857 decrevit
3745 1815 3890 1862 con-

571 1919 762 1980 tatem,
809 1925 934 1982 quae
979 1919 1264 1963 sacrorum
1310 1901 1661 1959 conciliorum
1708 1914 1966 1966 canones,
2017 1905 2072 1954 et
2115 1913 2182 1954 ex

573 1999 661 2053 his
689 1995 1042 2070 promulgata
1067 1995 1287 2050 decreta
1315 1991 1423 2046 alia
1445 1989 1591 2045 sedis
1623 1987 1936 2061 apostolicae
1973 1985 2176 2054 dicunt,

573 2073 673 2142 sed
739 2072 1129 2155 inscientiam
1177 2087 1325 2136 tuam
1369 2094 1492 2150 quae
1533 2075 1702 2143 inﬂat,
1755 2076 1874 2132 sine
1921 2073 2180 2131 charitate

575 2189 700 2247 quae
742 2169 997 2239 aediﬁcat,
1055 2173 1217 2226 vento
1273 2167 1563 2222 distentam
1616 2179 1742 2222 esse
1790 2165 2177 2220 demonstrem.

574 2258 724 2330 Haec,
757 2259 941 2326 frater,
973 2257 1242 2330 patienter
1271 2263 1431 2327 atque
1444 2253 1680 2324 benigne
1697 2253 1934 2324 suscipe,
1967 2259 2021 2307 et
2035 2251 2181 2322 apud

576 2347 784 2422 peritos
811 2345 1058 2403 medicos
1086 2345 1238 2401 disce
1289 2342 1628 2414 sapientiam,
1682 2341 1811 2413 quia
1864 2340 1972 2396 illis
2017 2339 2181 2411 iupo—

578 2435 835 2493 nentibus
853 2450 1004 2508 saepe
1032 2433 1218 2490 funem
1245 2439 1426 2506 portat
1451 2430 1801 2502 phreneticus
1847 2428 1993 2485 unde
2037 2427 2182 2500 lige-

571 2533 680 2582 tur.
710 2518 783 2582 Et
810 2521 920 2595 illa,
951 2522 1020 2578 de
1051 2521 1248 2594 quibus
1276 2537 1365 2576 me
1397 2517 1790 2590 comprehendi
1833 2531 1863 2572 a
1909 2523 1964 2572 te
2018 2532 2183 2588 posse

571 2612 872 2680 existimas,
905 2607 1144 2666 discrete
1174 2607 1420 2682 intellige
1452 2624 1465 2662 :
1500 2607 1760 2680 quoniam
1790 2605 1898 2662 alia
1917 2614 2042 2660 sunt
2063 2620 2184 2676 qua

575 2695 1023 2774 metr0politanus
1053 2699 1170 2754 sine
1201 2696 1432 2754 consilio
1451 2704 1615 2768 atque
1643 2710 1916 2752 consensu
1939 2695 2184 2749 omnium

576 2789 1028 2860 coepiscoporum
1089 2785 1386 2857 provinciae
1451 2799 1619 2855 agere
1666 2799 1776 2839 non
1823 2783 2002 2850 debet,
2049 2782 2189 2845 sicut

579 2891 778 2934 causas
809 2873 1114 2932 accusantis
1143 2872 1482 2945 episcopum,
1515 2871 1586 2926 ad
1626 2870 2048 2934 discutiendum,
2098 2869 2186 2925 vel

573 2953 756 3038 ipsum
783 2961 1046 3021 canonice
1066 2959 1444 3033 judicandum,
1477 2959 1592 3015 sive
1619 2959 1840 3014 noxium
1867 2957 1954 3014 vel
1984 2971 2186 3029 purga-

578 3033 695 3110 tum
721 3033 1038 3118 decernere,
1069 3049 1157 3106 vel
1183 3049 1238 3104 in
1267 3047 1391 3104 loco
1421 3046 1738 3104 decedentis
1769 3045 2010 3118 episcopi
2041 3045 2190 3101 ordi-

578 3159 732 3210 nare,
785 3150 838 3197 et
882 3135 952 3197 de
1026 3137 1442 3212 quibuscunque
1512 3135 1725 3192 noviter
1777 3135 2185 3206 emergentibus

578 3221 778 3296 causis,
807 3223 899 3285 vel
927 3225 1104 3284 dubiis
1133 3234 1226 3282 aut
1253 3225 1504 3283 obscuris
1533 3242 1547 3280 :
1581 3232 1634 3280 et
1661 3223 1766 3279 alia
1795 3231 1938 3294 sunt,
1968 3223 2038 3279 de
2069 3222 2186 3294 qui-

580 3309 684 3375 bus
711 3326 866 3375 certa
909 3306 965 3372 et
1019 3330 1280 3386 expressa
1333 3313 1390 3368 in
1438 3312 1612 3368 sacris
1658 3311 1864 3384 regulis
1919 3312 2183 3367 habemus

575 3402 806 3477 judicia,
851 3419 974 3476 quae
1017 3401 1275 3474 refragari
1317 3400 1406 3458 vel
1439 3399 1671 3456 convelli
1725 3413 1836 3456 non
1890 3399 2037 3465 licet,
2087 3401 2184 3456 sed

581 3495 701 3552 sine
741 3491 1124 3551 retractatione
1170 3489 1396 3561 exsequi
1433 3487 1724 3544 auctoritas
1787 3495 1840 3542 et
1883 3487 2020 3544 ratio
2067 3488 2184 3558 ipsa

581 3581 874 3656 compellit.

1129 3665 1353 3725 CAPUT
1378 3663 1636 3723 XXXVI.

583 3761 658 3818 De
686 3758 996 3831 irregulari
1037 3755 1464 3828 subscriptione,
1506 3771 1675 3826 quam
1707 3753 2031 3810 collectioni
2065 3767 2184 3809 suae

1222 3845 1505 3916 apposuit.

655 3928 752 3992 His
779 3933 946 4007 igitur
973 3929 1314 3988 documentis
1341 3928 1663 3986 certissimis
1683 3935 1890 3986 constat
1917 3929 2062 4000 quod
2094 3943 2182 3984 me

583 4021 852 4096 replicare
880 4020 1027 4096 cegit
1055 4020 1173 4092 ipsa
1217 4018 1542 4086 necessitas,
1587 4015 1716 4090 quia
1763 4017 1809 4072 si
1838 4017 1895 4072 in
1921 4016 2183 4089 parocbia

581 4122 692 4179 tua,
725 4126 850 4185 quae
887 4107 1020 4166 mihi
1067 4124 1190 4166 cum
1235 4105 1596 4164 sollicitudine
1639 4105 1801 4162 totius
1848 4106 2182 4163 Rhemorum

578 4199 874 4276 provinciae
943 4191 1236 4257 commissa
1309 4204 1410 4266 est,
1467 4195 1770 4253 secundum
1833 4195 2182 4268 privilegium

755 4289 963 4357 datum,
995 4285 1142 4361 quod
1169 4280 1313 4342 male
1357 4284 1624 4342 admisisti
1658 4283 1940 4358 corrigere
1993 4283 2179 4341 detre-

579 4387 837 4446 ctassem,
867 4373 1232 4449 apraestitutis
1280 4373 1486 4446 regulis
1531 4371 1866 4446 negligentia
1922 4372 2179 4432 discede-

2284 1901 2466 1956 cilium
2495 1901 2683 1956 dicens
2713 1899 2894 1970 (conc.
2927 1899 3129 1969 A/‘rtc.,
3169 1913 3288 1954 can.
3335 1897 3425 1968 53)
3475 1913 3490 1953 :
3528 1919 3551 1946 α
3599 1898 3668 1953 Ut
3694 1905 3888 1968 poste—

2278 1989 2451 2044 riores
2482 1988 2846 2043 anterioribus
2873 1985 3136 2055 deferant,
3164 1999 3269 2042 nec
3297 1985 3376 2040 eis
3420 1984 3740 2041 inconsultis
3785 1985 3889 2040 ali-

2279 2078 2410 2149 quid
2439 2093 2608 2150 agere
2635 2082 2988 2148 praesumant.
3020 2075 3142 2143 Qua
3171 2073 3348 2156 dere,
3387 2073 3562 2145 inquit
3604 2073 3884 2141 Aurelius,

2279 2165 2422 2234 dico,
2444 2173 2605 2236 prout
2630 2173 2822 2236 captus
2852 2162 3016 2218 animi
3045 2163 3156 2218 mei
3187 2163 3402 2226 retinet,
3448 2177 3544 2217 eos
3589 2163 3683 2234 qui
3729 2169 3890 2234 puta-

2279 2254 2455 2310 verint
2522 2254 2718 2324 spretis
2795 2251 3090 2322 majoribus
3151 2249 3355 2324 aliquid
3420 2251 3890 2322 praesumendum,

2281 2349 2652 2414 competenter
2708 2357 2831 2396 esse
2876 2340 2944 2394 ab
2993 2339 3140 2395 omni
3185 2339 3418 2395 concilio
3462 2339 3821 2395 coercendos.
3862 2362 3886 2390 ι

2283 2429 2352 2486 Et
2376 2431 2502 2486 hinc
2523 2431 2632 2484 Leo
2653 2430 2720 2483 ad
2749 2427 3092 2484 Theodorum
3121 2427 3546 2497 Forojuliensem
3567 2428 3889 2500 episcopum

2283 2519 2412 2574 dicit
2443 2517 2594 2588 (Leo,
2626 2519 2790 2590 epist.
2815 2518 2905 2586 59)
2940 2535 2952 2570 :
2979 2538 2999 2566 α
3023 2515 3164 2585 Quia
3183 2516 3236 2570 in
3259 2517 3456 2585 causis,
3476 2531 3597 2588 quae
3617 2517 3688 2572 ad
3717 2533 3895 2590 gene-

2283 2608 2453 2661 ralem
2483 2606 2883 2662 observantiam
2921 2603 3188 2677 pertinent
3236 2606 3472 2660 omnium
3527 2605 3743 2662 Domini
3793 2623 3890 2662 sa-

2285 2695 2582 2765 cerdotum,
2631 2694 2762 2748 nihil
2805 2695 2920 2749 sine
2967 2693 3281 2764 primaticus
3325 2700 3535 2765 oportet
3581 2695 3822 2765 impleri.
3861 2717 3886 2745 ι

2285 2785 2484 2839 Contra
2527 2783 2810 2838 constituta
2855 2797 2988 2855 ergo
3031 2781 3244 2849 venisti,
3293 2797 3416 2838 cum
3461 2798 3545 2847 ea,
3599 2799 3723 2854 quae
3768 2784 3888 2855 ipsa

2284 2872 2604 2943 prtecipiunt
2651 2871 2784 2925 nulli
2844 2870 3087 2942 poscenti
3131 2870 3340 2943 negari,
3385 2871 3637 2926 omnibus
3684 2872 3741 2926 in
3799 2879 3898 2928 tua

2284 2959 2546 3030 parochia
2575 2959 2837 3032 denegari
2867 2958 3094 3027 jussisti.
3141 2957 3420 3014 Prohibita
3464 2959 3684 3031 quidem
3741 2960 3893 3016 fuisti

2289 3063 2452 3101 ausus
2471 3047 2774 3113 admittere,
2821 3062 2943 3102 cum
3001 3040 3266 3102 adversus
3321 3061 3384 3102 ea
3437 3063 3526 3102 me
3581 3049 3893 3120 postposito

2245 3189 2262 3218 ³
2288 3135 2657 3206 subscripsisti
2685 3143 2737 3189 et
2768 3134 3035 3190 subscribi
3064 3133 3258 3203 fecisti,
3294 3135 3439 3208 quod
3478 3136 3640 3191 etiam
3699 3153 3806 3194 nec
3837 3138 3895 3192 in

2286 3224 2448 3280 rectis
2477 3240 2640 3295 agere
2671 3223 2938 3290 debuisti;
2972 3223 3298 3294 subscriptio
3327 3239 3561 3296 namque
3587 3234 3702 3292 tua,
3752 3227 3894 3282 sicut

2283 3329 2314 3366 a
2344 3311 2528 3366 multis
2557 3311 2774 3378 dicitur,
2826 3309 3052 3366 habetur
3097 3311 3405 3380 hujusmodi
3438 3328 3452 3368 :
3488 3334 3512 3362 α
3562 3311 3896 3370 Hincmarus

2284 3401 2401 3456 Deo
2430 3400 2725 3456 miserante
2753 3400 3015 3456 Ecclesiae
3051 3399 3426 3456 Laudunensis
3447 3400 3758 3473 episcopus,
3807 3404 3896 3460 bis

2285 3497 2598 3545 sanctorum
2628 3489 2939 3560 apostolicae
2965 3485 3113 3544 sedis
3143 3490 3358 3544 Patrum
3387 3489 3623 3546 decretis
3671 3493 3892 3548 obtem-

2284 3578 2584 3648 perandum
2615 3575 2930 3648 subscripsi.
2966 3575 3071 3646 Qui
3103 3591 3318 3649 quoque
3356 3576 3488 3632 mihi
3517 3580 3714 3634 eodem
3773 3581 3890 3638 Deo

2284 3674 2505 3720 auctore
2533 3665 2810 3722 commissi
2850 3673 2992 3731 sunt,
3027 3671 3078 3720 et
3109 3664 3165 3718 in
3197 3664 3282 3719 his
3327 3663 3576 3722 similiter
3630 3669 3890 3736 sentiunt,

2285 3753 2498 3810 solliciti
2527 3769 2751 3810 servare
2781 3759 3040 3809 unitatem
3069 3751 3295 3825 Spiritus
3339 3754 3394 3809 in
3450 3755 3670 3812 vinculo
3711 3760 3886 3830 pacis,

2280 3841 2382 3897 hac
2401 3857 2614 3898 mecum
2643 3859 2775 3914 pace
2803 3843 3092 3914 potiantur.
3127 3842 3183 3897 Si
3211 3858 3342 3898 vero
3371 3843 3536 3915 aliqui
3579 3859 3742 3902 secus
3798 3863 3896 3904 no-

2281 3929 2457 3986 lentes
2487 3929 2602 3986 ﬁeri
2661 3931 2794 3987 socii
2841 3931 3001 4000 hujus
3058 3930 3378 4002 disciplinae,
3430 3947 3534 3989 nec
3585 3934 3896 3992 habeantur

2282 4019 2572 4091 participes
2601 4017 2999 4076 communionis
3026 4027 3247 4076 nostrae.
3283 4021 3475 4078 Actum
3499 4017 3771 4080 L'au'dnno
3791 4037 3892 4081 vui

2282 4109 2408 4164 Idus
2436 4107 2608 4164 Julias
2621 4150 2633 4163 .
2680 4131 2702 4159 ν

2353 4197 2472 4267 Qua
2499 4196 2893 4268 subscriptione
2923 4207 3012 4253 tua
3041 4197 3480 4256 manifestissime
3509 4197 3700 4268 claret,
3765 4204 3894 4275 quia

2283 4284 2328 4342 si
2375 4285 2598 4342 Nicaeae
2639 4287 2890 4353 concilio,
2937 4294 2990 4341 et
3029 4287 3150 4342 aliis
3208 4289 3552 4360 generalibus
3609 4290 3894 4349 catholicis

2281 4376 2526 4446 synodis,
2594 4391 2892 4447 eorumque
2949 4374 3068 4430 ﬁxis
3124 4380 3178 4431 et
3227 4377 3616 4434 immobilibus
3650 4380 3890 4438 decretis

580 4483 719 4533 rem,
783 4481 817 4520 a
862 4463 1058 4534 quibus
1109 4461 1535 4534 praesumptione
1589 4469 1650 4516 tu
1697 4461 2014 4516 discessisti.
2075 4460 2180 4534 Egi
2279 4464 2552 4519 contraria
2583 4464 2748 4520 sentis
2795 4463 2849 4518 in
2905 4464 3108 4536 aliquo,
3169 4471 3226 4520 te
3280 4465 3486 4539 tibique
3542 4469 3897 4541 complicesa

583 4568 720 4629 ergo
768 4551 1070 4608 secundum
1115 4549 1206 4618 jus
1262 4549 1690 4620 metropolitanse
1719 4547 2072 4616 auctoritatis,
2134 4551 2190 4604 in
2217 4541 2271 4603 D
2293 4552 2558 4608 catholica
2628 4553 3008 4609 communione
3081 4555 3422 4626 segregasti,
3483 4555 3676 4612 dicens

583 4658 692 4717 quo
712 4642 838 4712 jure
866 4637 1304 4710 metropolitanaa
1333 4635 1634 4709 dignitatis,
1656 4652 1746 4691 me
1774 4653 1805 4690 a
1835 4643 1906 4708 te,
1928 4637 2184 4706 subjectae

581 4722 818 4789 civitatis
847 4728 1127 4800 episcopo,
1159 4724 1292 4780 mihi
1319 4723 1455 4781 velis
1483 4723 1626 4780 nolis
1667 4725 1930 4794 subjecto,
1979 4723 2184 4794 capitu-

583 4819 697 4876 lum
724 4819 871 4874 beati
900 4816 1098 4874 Leonis
1125 4813 1399 4882 discrevit,
1432 4829 1538 4885 quo
1560 4813 1724 4884 jussit
1750 4813 2185 4884 metrOpolitanis

586 4906 927 4979 singularum
955 4903 1358 4977 provinciarum
1383 4901 1472 4972 jus
1501 4899 1708 4956 traditae
1739 4901 1841 4956 sibi
1889 4901 2184 4974 antiquitus

585 4993 864 5066 dignitatis
889 4993 1280 5050 intemeratum.
1299 5007 1539 5058 servare,
1572 4990 1645 5046 ita
1687 4998 1743 5045 ut
1792 5005 1825 5045 a
1867 4991 2184 5061 praestitutis

586 5073 791 5156 regulis
839 5079 1008 5150 nulla,
1054 5089 1146 5138 aut
1199 5079 1556 5152 negligentia,
1617 5087 1710 5134 aut
1764 5079 2184 5156 praesumptione

583 5153 889 5227 discedant.
953 5169 1115 5225 Aliud
1163 5177 1344 5226 autem
1391 5167 1687 5239 capitulum
1751 5167 1994 5237 ejusdem
2037 5153 2187 5224 beati

586 5259 780 5316 Leonis
809 5274 898 5314 me
925 5256 1024 5313 tibi
1053 5257 1262 5313 ordinis
1309 5257 1570 5313 societate
1607 5255 1900 5327 conjunxit,
1950 5257 2006 5312 in
2062 5257 2183 5329 epi-

584 5349 723 5406 stola
785 5348 856 5403 ad
901 5361 1094 5402 omnes
1137 5346 1398 5417 episcopo
1437 5361 1539 5416 per
1585 5343 1835 5402 diversas
1876 5345 2185 5417 provincias

585 5436 928 5504 constitutos,
959 5434 1029 5490 de
1077 5433 1251 5490 sacris
1307 5431 1588 5489 ordinibus
1643 5443 1695 5491 et
1742 5447 2014 5492 canonum
2057 5449 2185 5506 pro-

582 5525 826 5601 mulgata
847 5521 1167 5594 disciplinis,
1202 5521 1331 5578 dum
1351 5521 1478 5577 dicit
1508 5522 1695 5596 (epist.
1719 5524 1775 5594 i)
1807 5541 1821 5578 :
1859 5547 1880 5571 α
1918 5525 2033 5580 Hoc
2081 5523 2182 5578 ad-

582 5615 806 5672 monitio
835 5622 1021 5670 nostra
1058 5607 1354 5680 denuntiat,
1389 5611 1535 5682 quod
1563 5611 1610 5668 si
1639 5613 1760 5684 quis
1789 5611 2016 5668 fratrum
2045 5625 2183 5668 con-

3723 4557 3897 4614 :His

2283 4640 2514 4696 decretis
2561 4639 3046 4712 obtemperandum
3115 4642 3433 4714 subscripsi.
3499 4643 3654 4700 Unde
3703 4645 3894 4702 verbis

2283 4725 2428 4783 beati
2477 4729 2733 4801 Gregorii
2789 4729 3114 4801 alloquentis
3171 4730 3434 4787 Serenum
3491 4731 3896 4792 Massiliensem

2286 4817 2602 4888 episcopum
2651 4825 2702 4872 te
2747 4816 3011 4890 alloquor,
3067 4817 3308 4891 dicens(
3334 4821 3426 4877 lib.
3484 4835 3564 4889 Ix,
3625 4839 3716 4895 ep.
3783 4825 3898 4895 9):

2291 4927 2312 4956 α
2361 4907 2460 4961 Dic
2508 4904 2693 4972 frater,
2754 4921 2784 4959 a
2842 4923 2949 4978 quo
3003 4907 3200 4963 factum
3257 4909 3545 4966 sacerdote
3595 4911 3897 4983 aliquando

2285 4994 2524 5049 auditum
2605 5003 2685 5048 est
2755 4996 2901 5065 quod
2984 4993 3208 5052 fecisti?
3291 4997 3347 5053 Si
3413 5015 3523 5054 non
3577 4999 3741 5064 aliud,
3801 5002 3896 5057 vel

2286 5083 2418 5138 illud
2446 5090 2496 5137 te
2527 5081 2708 5138 debuit
2741 5099 3020 5150 revocare,
3072 5093 3130 5140 ut
3185 5085 3457 5158 deSpectis
3517 5087 3636 5143 aliis
3698 5087 3893 5145 fratri-

2285 5171 2388 5225 bus
2409 5171 2582 5226 solum
2613 5180 2662 5226 te
2695 5181 2937 5229 sanctum
2988 5181 3040 5228 et
3077 5189 3200 5228 esse
3258 5176 3516 5231 crederes
3561 5177 3890 5248 sapientem.

2286 5259 2564 5329 Prmcipue
2593 5275 2716 5315 cum
2750 5277 3027 5317 sacrorum
3085 5278 3351 5318 canonum
3408 5265 3702 5336 prohibitio
3731 5275 3790 5322 te
3821 5270 3896 5324 ab

2287 5348 2386 5402 hac
2414 5349 2836 5420 praesumptione
2869 5350 3045 5406 modis
3075 5350 3328 5407 omnibus
3357 5362 3594 5410 revocet.
3618 5355 3736 5412 Hoc
3752 5373 3894 5413 vero

2287 5437 2430 5505 quod
2461 5437 2617 5508 dicis,
2649 5437 2764 5494 Deo
2794 5440 3091 5496 miserante
3123 5441 3386 5497 Ecclesiae
3428 5443 3812 5501 Laudunensis
3837 5455 3894 5502 te

2286 5543 2407 5581 esse
2437 5526 2768 5600 episcopum,
2803 5543 3024 5583 oramus
3055 5537 3118 5584 ut
3143 5547 3331 5586 verum
3365 5531 3450 5586 sit.
3486 5531 3744 5605 Legimus
3801 5533 3892 5591 ta-

2286 5632 2410 5672 men
2440 5615 2509 5671 de
2539 5614 2863 5686 quibusdam
2893 5615 3078 5674 dicere
3109 5617 3400 5676 Dominum
3433 5623 3582 5693 :Ipsi
3611 5639 3894 5696 regnave-
