4164 6302
275 358 378 425 429

989 369 1233 426 OPUSC.
1292 359 1382 425 ET
1434 359 1652 425 EPIST.
1713 362 1784 422 ΙΝ
1842 357 2071 424 CAUSA
2116 361 2457 428 HINCMARI
2506 361 2808 428 LAUDUN.

3466 373 3569 434 ιθθ

275 495 436 559 runt,
457 497 644 550 etnon
666 510 740 550 ea:
759 511 848 549 me
861 512 880 549 :
890 495 1174 566 principes
1196 492 1567 561 exstiterunt,
1588 498 1644 549 et
1659 509 1775 549 non
1795 510 1878 548 co-
1891 483 1950 553 Α
1975 495 2152 549 suisti.
2175 493 2300 550 Non
2320 495 2484 564 enim,
2509 491 2730 568 quando
2744 493 2893 550 illam
2915 491 3364 569 subscriptionem
3383 496 3570 558 ﬁrma-

224 649 236 662 .
273 583 439 652 gnavi
462 579 611 650 (Ose.
646 579 784 652 vIII).
807 579 876 636 Et
901 598 914 634 :
938 581 1079 637 Dedi
1107 583 1188 638 eis
1217 599 1403 654 regem
1431 583 1494 636 in
1523 583 1612 636 ira
1641 597 1787 647 mea,
1821 579 1879 636 et

269 671 596 743 principem
623 671 686 724 in
715 673 909 742 furore
929 687 1052 727 meo
1065 669 1214 742 (Ose.
1241 671 1386 742 xm).
1414 669 1518 738 Qui
1544 671 1688 740 facit
1709 671 1876 742 hypo-

273 760 485 815 critam
514 775 755 830 regnare
787 761 1019 832 propter
1032 761 1268 831 peccata
1289 758 1488 831 populi
1505 758 1621 828 (Job
1645 757 1872 827 xxxw).

276 847 335 900 ln
365 862 434 901 eo
463 845 609 924 quod
639 844 1031 917 subscripsisti,
1080 847 1287 902 Actum
1318 845 1590 902 Lauduno
1619 861 1719 899 Vill
1748 844 1878 901 Idus

275 935 478 1001 Iulias,
513 931 871 1008 intelligimus
898 934 1195 990 secundum
1223 934 1379 1007 leges
1404 949 1541 1005 quas
1561 933 1759 1004 probat
1777 933 1879 988 Ec-

273 1021 460 1092 clesia,
494 1030 656 1095 atque
700 1021 1001 1078 secundum
1050 1038 1238 1078 sacros
1268 1038 1528 1088 canones,
1560 1022 1700 1108 hanp
1732 1030 1878 1076 tuam

273 1111 391 1166 sine
443 1109 671 1166 consule
716 1111 981 1183 prolatam
1008 1127 1117 1166 non
1147 1110 1329 1166 valere
1375 1110 1720 1164 sententiam.
1755 1109 1878 1164 Alia

273 1215 511 1272 namque
539 1207 683 1270 sunt,
717 1217 838 1272 quae
869 1199 1288 1255 subscribuntur
1315 1197 1384 1253 ad
1408 1198 1662 1254 notitiam
1692 1197 1770 1252 rei
1791 1197 1877 1252 vel

271 1288 558 1360 temporis,
611 1287 719 1344 alia
761 1304 902 1360 quae,
946 1287 1150 1359 scripto
1179 1286 1394 1358 prolata
1428 1285 1713 1351 sententia,
1749 1285 1877 1340 sub-

272 1375 568 1450 scriptione
617 1375 910 1449 alligantur
951 1375 1021 1430 ad
1049 1375 1492 1431 observatIonem
1531 1373 1875 1430 constitutio-

271 1465 379 1536 nis,
425 1473 519 1522 aut
543 1464 920 1536 professionis,
972 1480 1067 1520 seu
1115 1463 1496 1531 accusationis,
1539 1461 1628 1518 vel
1655 1461 1875 1533 petitio-

273 1552 378 1610 nis.
417 1574 440 1604 α
475 1552 772 1620 Sententia,
806 1551 1056 1623 inquiunt
1083 1551 1238 1624 leges
1269 1549 1424 1623 (Cod.
1454 1550 1548 1606 Th.
1579 1549 1690 1623 leg.
1727 1554 1778 1616 l,
1811 1549 1876 1604 de

271 1645 455 1700 const.
481 1642 696 1716 princ.,
729 1655 848 1698 can.
883 1640 996 1712 56),
1030 1639 1078 1695 si
1126 1640 1243 1695 sine
1292 1639 1494 1711 scripto
1523 1639 1668 1694 dicta
1696 1637 1875 1709 fuerit,

273 1745 377 1786 nec
403 1745 608 1785 nomen
627 1729 831 1786 habere
850 1728 1130 1785 sententiae
1152 1736 1430 1783 mereatur
1453 1746 1467 1794 ;
1493 1749 1515 1776 »
1541 1734 1594 1782 et
1615 1743 1630 1782 :
1653 1749 1680 1780 α
1697 1725 1754 1781 Si
1774 1742 1878 1798 qua

1978 581 2062 648 sti,
2117 583 2247 654 quin
2301 584 2481 654 potius
2529 591 2580 638 te
2627 591 2679 639 et
2727 584 3136 640 subscribentes
3181 586 3361 643 tecum
3405 581 3568 644 inﬁr-

1977 671 2154 736 masti,
2205 671 2467 727 sollicitus
2514 671 2658 727 fuisti
2709 685 2928 727 servare
2972 671 3236 728 unitatem
3265 673 3486 746 spiritus
3514 669 3572 732 in

1976 757 2193 814 vinculo
2230 760 2402 830 pacis,
2454 759 2550 814 sed
2599 759 2858 815 sollicitus
2887 757 3036 815 fuisti
3063 759 3364 818 dissolvere
3388 763 3571 822 unita-

1977 855 2083 901 tem
2127 847 2345 918 spiritus
2391 853 2582 903 contra
2629 848 2904 904 vinculum
2951 849 3120 919 pacis.
3181 841 3334 904 Unde
3379 853 3570 922 provi~

1976 934 2216 989 dendum
2265 944 2346 990 est
2395 935 2510 1002 tibi,
2542 953 2612 991 ne
2659 935 2801 991 inter
2848 935 3244 992 adulteratores
3290 931 3444 994 verbi
3473 937 3574 996 Dei

1976 1025 2324 1094 computeris,
2374 1041 2530 1096 quos,
2566 1031 2624 1078 ut
2653 1039 2814 1096 supra
2857 1025 3032 1096 posui,
3067 1023 3347 1098 redarguit
3375 1021 3576 1083 Paulus

1977 1112 2276 1182 apostolus.
2311 1112 2418 1167 Sed
2449 1120 2501 1168 et
2531 1113 2600 1168 de
2628 1114 2732 1168 hac
2761 1113 3029 1168 sententia
3075 1109 3221 1170 idem
3269 1113 3416 1170 dicit.
3449 1112 3575 1173 Sot-

1979 1201 2125 1256 liciti
2171 1217 2393 1256 servare
2436 1201 2720 1256 unitatem
2767 1203 3004 1275 spiritus
3033 1203 3096 1257 in
3132 1203 3358 1261 vinculo
3390 1197 3571 1276 pacis,

1975 1305 2156 1344 unum
2167 1305 2386 1361 corpus,
2408 1306 2559 1344 unus
2579 1291 2834 1361 spiritus,
2863 1291 3013 1346 sicut
3040 1289 3220 1346 vocati
3232 1290 3368 1347 estis
3382 1289 3445 1346 in
3455 1301 3578 1348 una

1975 1391 2070 1448 spe
2083 1377 2387 1432 vocationis
2403 1381 2598 1432 vestra:
2611 1378 2833 1448 (Ephes.
2850 1378 2948 1446 Iv).
2971 1371 3128 1434 Unde
3148 1369 3344 1433 beatus
3367 1372 3576 1450 Grego-

1976 1463 2090 1518 rius
2109 1463 2220 1518 :Ad
2241 1479 2404 1518 unam
2423 1464 2589 1537 igitur
2603 1463 2904 1520 vocationis
2921 1479 3072 1536 spem
3093 1475 3439 1538 nequaquam
3455 1478 3580 1537 per-

1975 1550 2220 1624 tingitur,
2238 1551 2284 1605 si
2303 1568 2412 1607 non
2434 1551 2504 1606 ad
2527 1561 2648 1607 eam
2668 1551 2815 1606 unita
2835 1567 2959 1608 cum
2976 1553 3238 1624 proximis
3253 1557 3436 1610 mente
3453 1563 3578 1611 cur-

1976 1646 2142 1693 ratur.
2175 1641 2293 1708 Est,
2326 1639 2499 1712 inquit
2525 1639 2790 1696 Dominus
2811 1641 2879 1696 ad
2906 1641 3169 1714 Moysem,
3219 1639 3370 1698 locus
3395 1653 3571 1716 penes

1976 1745 2084 1794 me,
2110 1731 2167 1783 et
2187 1729 2361 1784 stabis
2373 1746 2544 1802 super
2553 1733 2779 1802 petram
2803 1729 3002 1800 (Exod.
3019 1731 3250 1800 χχχιιι).
3272 1723 3449 1788 Locus
3466 1727 3583 1804 qut-

271 1826 395 1890 post
423 1819 543 1874 hinc
586 1817 764 1901 edicta
793 1817 910 1874 sive
941 1816 1354 1875 constitutiones
1391 1815 1507 1870 sine
1537 1814 1626 1870 die
1657 1821 1710 1901 et
1739 1830 1874 1870 con-
1904 1839 1959 1901 Β
1979 1813 2104 1870 dem
2133 1815 2278 1888 apud
2307 1815 2603 1871 Dominum
2631 1825 2714 1872 est
2743 1823 2948 1873 sanctae
2967 1809 3234 1874 Ecclesiae
3253 1817 3450 1886 unitas,
3476 1829 3583 1892 qua

270 1905 389 1960 sule
417 1904 582 1963 fuerit
607 1893 991 1977 deprehensa,
1034 1904 1356 1962 auctoritate
1383 1911 1618 1960 careant.
1652 1899 1722 1958 Et
1751 1901 1878 1958 hinc

271 1993 474 2052 Africae
495 1993 794 2066 provinciae
834 2009 1074 2050 canones
1121 1993 1392 2065 episcopis
1436 1991 1648 2047 litteras
1681 1991 1749 2046 ab
1779 2007 1877 2046 or-

273 2081 606 2138 dinatoribus
654 2081 768 2138 suis
824 2097 989 2138 manu
1048 2097 1239 2138 eorum
1296 2079 1633 2151 conscriptas
1683 2079 1878 2150 jubent

272 2171 546 2243 accipere,
592 2170 932 2227 continentes
983 2169 1265 2226 consulem
1307 2177 1360 2226 et
1409 2167 1576 2224 diem.
1615 2189 1636 2216 ιι
1687 2166 1767 2223 De
1809 2179 1876 2224 eo

273 2259 418 2332 quod
437 2257 805 2316 subnexuisti:
824 2258 928 2326 Qui
949 2275 1158 2332 quoque
1177 2257 1322 2313 mihi
1341 2258 1627 2314 commissi
1643 2259 1796 2322 sunt,
1819 2259 1876 2311 et

273 2351 333 2404 in
351 2349 441 2405 his
459 2349 732 2406 similiter
747 2347 976 2403 sentiun
986 2351 1027 2414 t,
1045 2347 1148 2403 hac
1164 2363 1388 2402 mecum
1397 2363 1536 2418 pace
1551 2346 1870 2419 potiantur,

273 2436 472 2492 videris
501 2451 613 2494 non
642 2434 875 2507 simplici
917 2435 1276 2506 intelligentia
1312 2433 1579 2506 posuisse,
1615 2435 1719 2490 hac
1751 2449 1872 2488 me-

275 2543 404 2582 cum
429 2542 572 2600 pace
595 2527 896 2600 potiantur
918 2543 936 2579 :
959 2522 1088 2624 qpia
1115 2539 1226 2578 non
1261 2530 1344 2578 est
1371 2538 1476 2594 pax
1506 2538 1651 2587 vera,
1684 2520 1790 2576 nisi
1818 2520 1874 2576 in

271 2614 625 2670 unanimitate
673 2612 958 2680 catholica,
990 2609 1256 2684 'alioquin
1301 2609 1562 2675 dicentes,
1623 2617 1681 2664 ut
1740 2609 1875 2665 scri—

271 2710 421 2774 ptum
452 2709 538 2758 est
569 2719 582 2755 :
615 2704 760 2768 Pax,
778 2719 920 2774 pax,
954 2717 1085 2758 cum
1114 2717 1229 2756 non
1261 2702 1407 2755 esset
1423 2715 1546 2772 pax
1566 2697 1702 2768 (Jer.
1727 2699 1868 2768 Vm).

273 2793 392 2850 Non
423 2795 512 2847 est
557 2808 676 2862 pax
722 2791 937 2861 impiis,
987 2788 1127 2844 dicit
1171 2790 1444 2845 Dominus
1485 2787 1617 2857 (Isa.
1650 2784 1871 2858 XLVIII).

271 2878 428 2951 Impii
493 2893 730 2950 namque
789 2877 1060 2942 dicuntur,
1112 2875 1204 2948 qui
1261 2883 1352 2931 aut
1407 2891 1508 2945 per
1565 2871 1726 2929 fidem
1779 2890 1874 2929 re-

269 2976 413 3023 ctam
462 2965 732 3023 Ecclesim
775 2964 1058 3022 catholicae
1087 2979 1196 3020 non
1226 2964 1654 3034 incorporantur,
1686 2971 1777 3017 aut
1806 2961 1874 3016 ab

271 3071 333 3113 ea
379 3053 490 3111 ﬁde
537 3054 626 3110 vel
680 3067 846 3126 opere
887 3069 985 3124 per
1021 3053 1263 3110 haereses
1304 3059 1394 3106 aut
1443 3050 1738 3107 schismata
1779 3067 1875 3106 re-

269 3143 489 3201 cedunt.
537 3143 607 3198 Et
649 3142 704 3198 in
742 3141 1096 3196 unanimitate
1143 3139 1410 3196 catholica
1466 3156 1578 3195 non
1635 3137 1875 3194 subscri-

263 3232 446 3304 psisti,
507 3246 686 3303 neque
733 3229 828 3286 tibi
887 3228 1210 3286 commissos
1267 3226 1617 3284 subscribere
1671 3225 1866 3293 fecisti,

269 3321 334 3392 si,
387 3329 445 3376 ut
488 3319 620 3390 dixi,
671 3327 860 3375 contra
906 3318 1160 3374 Niczenos
1203 3332 1462 3378 canones,
1513 3324 1566 3370 et
1613 3315 1720 3370 alia
1765 3331 1870 3388 ge-

267 3408 479 3464 neralia
522 3405 773 3474 concilia,
805 3405 1020 3479 ﬁxaque
1049 3405 1268 3461 decreta
1311 3403 1480 3459 sentis
1509 3403 1597 3460 vel
1627 3401 1866 3470 sensisti,

266 3511 334 3554 ac
361 3512 462 3569 per
487 3496 594 3553 hoc
623 3494 888 3552 sollicitus
907 3508 1130 3550 servare
1151 3492 1414 3548 unitatem
1435 3491 1657 3563 spiritus
1678 3490 1733 3544 in
1752 3490 1870 3544 vin-

266 3586 391 3644 cnlo
419 3585 594 3658 pacis,
627 3599 972 3657 nequaquam
1007 3581 1063 3638 in
1109 3581 1215 3637 ista
1260 3579 1656 3652 subscriptione
1698 3575 1864 3633 fuisti.

269 3675 420 3733 Sicut
449 3673 598 3730 enim
644 3673 701 3727 in
742 3672 921 3728 edicto
966 3669 1167 3744 quintae
1215 3668 1409 3741 synodi
1449 3667 1711 3740 scriptum
1739 3674 1819 3724 est
1850 3684 1865 3722 :

273 3788 294 3812 ει
329 3763 522 3820 Solent
547 3777 716 3833 prave
747 3759 1061 3828 sentientes,
1095 3765 1153 3814 ut
1181 3755 1538 3828 simpliciores
1575 3754 1864 3828 decipiant,

267 3852 498 3910 vocibus
527 3849 748 3924 quidem
775 3847 854 3905 uti
883 3865 1004 3921 quae
1033 3847 1104 3903 ab
1134 3845 1452 3902 orthodoxis
1480 3844 1569 3916 pie
1588 3845 1866 3910 dicuntur,

267 3949 480 3998 rectum
509 3947 692 3996 autem
723 3953 908 3995 earum
936 3933 1268 3992 intellectum
1298 3942 1352 3990 et
1379 3933 1772 4006 expositionem
1799 3931 1868 3986 ad

265 4045 422 4088 suam
467 4027 804 4100 impietatem
849 4023 1186 4081 transferre:
1218 4022 1475 4096 quoniam
1521 4030 1603 4078 est
1651 4020 1868 4094 quando

266 4119 477 4177 eadem
523 4131 710 4189 voces,
753 4130 878 4172 cum
905 4114 1044 4170 bene
1071 4119 1412 4184 exponuntur
1455 4117 1508 4167 et
1550 4109 1866 4182 intelligun-

266 4217 370 4277 tur,
412 4223 538 4266 cum
569 4205 769 4278 pietate
797 4211 921 4259 sunt
945 4221 958 4258 :
983 4199 1198 4275 quando
1243 4208 1425 4256 autem
1467 4198 1609 4254 male
1637 4214 1669 4253 a
1697 4214 1867 4269 prave

266 4293 630 4354 sentientibus
675 4293 1103 4364 interpretantur
1129 4298 1182 4346 et
1211 4287 1580 4362 proferuntur,
1612 4285 1866 4356 impieta-

267 4395 376 4444 tem
417 4383 645 4441 babcnt.
681 4402 704 4432 υ
733 4381 801 4436 Et
842 4388 1061 4436 sanctus
1109 4377 1405 4450 Gregorius
1449 4377 1505 4431 in
1549 4373 1770 4430 homilia
1801 4376 1866 4428 10

265 4469 576 4532 Ezechielis
605 4469 733 4527 dicit
761 4473 783 4524 ἐ
821 4491 842 4516 α
871 4468 1012 4537 Quia
1039 4466 1284 4540 quisquis
1315 4462 1590 4536 expositor
1607 4462 1664 4518 in
1682 4461 1865 4534 expla-

1899 3189 1951 3254 ί]

1981 1920 2150 1975 supra
2179 1913 2389 1976 petram
2418 1911 2608 1971 statur,
2643 1905 2774 1960 dum
2803 1906 3166 1962 confessionis
3195 1907 3312 1976 ejus
3334 1903 3580 1963 soliditas

1981 1993 2182 2048 utiliter
2211 2001 2443 2048 tenetur.
2468 1993 2536 2047 Hi
2557 1993 2699 2048 enim
2728 1994 2784 2048 in
2811 1993 2935 2050 loco
2965 1995 3057 2068 qui
3087 2011 3258 2066 penes
3287 1989 3582 2052 Dominum

1979 2089 2086 2154 est,
2115 2087 2168 2136 et
2194 2097 2357 2153 supra
2397 2089 2610 2154 petram
2657 2089 2820 2148 stant,
2853 2081 2946 2155 qui
2975 2100 3076 2154 per
3099 2081 3336 2138 haereses
3365 2083 3452 2140 νει
3477 2089 3581 2154 per

1927 2225 1936 2236 ,
1979 2169 2274 2224 schismata
2302 2169 2370 2224 ab
2401 2169 2602 2225 unitate
2631 2187 2694 2225 se
2721 2169 2986 2227 Ecclesiae
3004 2187 3115 2227 non
3134 2170 3398 2227 dividunt.
3419 2162 3580 2241 Quia,

1976 2265 2035 2311 ut
2065 2265 2284 2312 sanctus
2314 2257 2528 2312 Hilarus
2565 2273 2710 2330 papa
2736 2257 2864 2314 dicit
2903 2258 3092 2332 (epist.
3124 2257 3200 2330 2),
3234 2259 3373 2314 sicut
3401 2263 3455 2314 et
3485 2273 3581 2315 su-

1974 2361 2078 2416 pra
2106 2345 2264 2416 posui
2296 2363 2308 2398 ;
2351 2369 2373 2394 ε
2406 2343 2530 2402 Non
2580 2345 2758 2400 minus
2789 2345 2844 2400 in
2874 2353 3184 2403 sanctarum
3229 2341 3580 2406 traditionum

1975 2434 2284 2488 sanctiones
2326 2433 2679 2505 delinquitur,
2727 2450 2888 2506 quam
2935 2435 2991 2488 in
3019 2433 3192 2506 ipsius
3233 2434 3452 2490 Domini
3487 2431 3581 2489 in-

1968 2521 2163 2590 juriam
2209 2520 2506 2593 prosilitur.
2545 2543 2566 2572 »
2601 2521 2888 2577 Credimus
2925 2538 3179 2595 namque,
3213 2538 3279 2578 ac
3310 2529 3434 2578 eum
3463 2513 3578 2580 Ec-

1975 2608 2144 2666 clesia
2190 2609 2449 2666 catholica
2493 2607 2833 2680 confitemur,
2869 2626 3055 2666 sacros
3101 2625 3342 2667 canones
3373 2610 3580 2683 Spiritu

1974 2697 2075 2753 Dei
2101 2697 2350 2753 conditos
2385 2713 2398 2753 :
2432 2698 2578 2752 unde
2619 2699 2713 2770 qui
2741 2716 2839 2770 per
2876 2705 3247 2770 contemptum
3275 2697 3578 2770 pertinaci-

1974 2777 2059 2841 ter
2087 2800 2122 2840 a
2150 2785 2324 2841 sacris
2353 2785 2656 2840 canonibus
2685 2785 2924 2854 deviant,
2953 2786 3009 2840 in
3041 2785 3303 2858 Spiritum
3333 2791 3583 2841 sanctum

1976 2889 2085 2945 quo
2115 2881 2236 2928 sunt
2264 2873 2466 2929 conditi
2491 2882 2741 2944 peccant.
2774 2874 3130 2930 Pertinaciter
3159 2881 3345 2930 autem
3371 2867 3580 2944 addidi,

1977 2962 2232 3034 quoniam
2264 2961 2526 3018 Dominus
2555 2961 2684 3017 dicit
2714 2961 2934 3034 (Matth.
2968 2963 3092 3034 x11),
3139 2963 3283 3035 quod
3312 2962 3370 3017 in
3393 2955 3581 3034 Spiri-

1975 3058 2089 3104 tum
2119 3058 2362 3105 sanctum
2410 3049 2764 3120 peccantibus
2809 3066 2910 3105 nec
2956 3050 3046 3106 hic
3097 3067 3238 3120 esse,
3271 3066 3372 3106 nec
3400 3049 3458 3104 in
3483 3045 3580 3104 fu-

1976 3146 2096 3193 turo
2123 3137 2321 3193 saeculo
2350 3137 2751 3193 remittendum.
2782 3134 2852 3192 Et
2878 3135 3080 3192 multos
3117 3135 3406 3195 haereticos
3429 3131 3579 3210 legi-

1978 3243 2098 3280 mus
2130 3234 2180 3281 et
2210 3225 2480 3281 credimus
2526 3225 2597 3282 ad
2633 3223 2800 3281 ﬁdem
2846 3225 3169 3282 catholicam
3217 3229 3578 3292 revertentes,

1977 3322 2030 3369 et
2057 3313 2147 3370 hic
2176 3313 2553 3369 remissmnem
2602 3331 2715 3370 sum
2761 3313 3074 3388 percepisse
3113 3313 3491 3388 blasphemia,
3523 3317 3579 3369 et

1976 3401 2031 3455 in
2060 3400 2238 3458 futuro
2267 3419 2419 3473 spem
2451 3401 2804 3474 indulgentiae
2823 3401 3226 3475 consequentiae
3243 3401 3576 3476 sumpsisse.

1974 3489 2090 3546 Nec
2119 3498 2298 3545 tamen
2327 3491 2445 3560 ejus
2472 3487 2784 3562 refragatur
2805 3491 3092 3558 sententia,
3125 3491 3215 3563 qui
3245 3491 3374 3547 alibi
3399 3493 3531 3552 dixit
3560 3513 3576 3552 :

1985 3580 2138 3635 Verte
2159 3579 2378 3651 impios,
2413 3583 2469 3634 et
2499 3596 2615 3636 non
2644 3583 2816 3635 erunt
2846 3580 3028 3650 (Prov.
3055 3579 3181 3649 xu).
3205 3571 3331 3636 Non
3352 3575 3576 3654 quidem

1973 3673 2030 3721 ut
2050 3682 2161 3722 non
2181 3665 2288 3722 sint
2305 3684 2408 3738 per
2429 3665 2738 3733 essentiam,
2760 3667 2857 3722 sed
2879 3683 2988 3723 non
3009 3673 3172 3723 erunt
3192 3664 3338 3742 quod
3358 3661 3576 3730 fuerant

1971 3772 2072 3826 per
2097 3755 2386 3828 impietatis
2411 3755 2631 3826 culpam
2664 3773 2676 3810 :
2711 3755 2849 3812 sicut
2879 3764 2932 3811 et
2962 3755 3159 3812 PaulIIs
3204 3751 3335 3814 dicit
3363 3755 3432 3817 de
3461 3776 3523 3818 se
3555 3777 3570 3816 :

1980 3846 2099 3900 Vivo
2129 3849 2348 3923 autem.
2356 3846 2483 3916 jam
2503 3862 2619 3902 non
2646 3861 2759 3917 ego,
2795 3845 2931 3901 vivit
2962 3861 3088 3902 vero
3109 3845 3171 3902 in
3199 3863 3289 3902 me
3313 3848 3571 3908 Christus

1971 3933 2115 4003 (Gal.
2151 3933 2231 4003 II).
2264 3932 2577 3990 Exstinctus
2625 3933 2824 4005 quippe
2851 3931 3029 3989 fuerat
3055 3950 3231 3990 saevus
3260 3933 3352 3993 ille
3373 3953 3569 4008 perse-

1969 4028 2144 4090 eutor,
2169 4029 2222 4075 et
2251 4021 2435 4076 vivere
2465 4029 2705 4092 (imperat
2731 4021 2852 4092 pius
2872 4021 3216 4093 praedicator.
3235 4021 3375 4080 Hinc
3403 4023 3570 4082 etiam

1967 4109 2143 4165 adhuc
2173 4109 2314 4178 dico,
2367 4109 2512 4180 quod
2560 4124 2685 4163 cum
2713 4109 2980 4164 catholica
3019 4107 3182 4164 credo
3211 4101 3478 4178 Ecclesia,
3513 4121 3567 4170 et

1966 4195 2247 4262 conﬁteor,
2301 4195 2425 4268 quia
2455 4195 2658 4266 Spiritu
2688 4196 2808 4261 Dei,
2839 4205 2896 4252 ut
2925 4197 3034 4251 Leo
3071 4213 3195 4252 cum
3225 4197 3346 4252 aliis
3373 4197 3562 4256 ortho-

1967 4284 2122 4339 doxis
2165 4283 2416 4348 affirmat,
2465 4299 2703 4340 canones
2747 4283 2890 4340 sacri
2938 4293 3062 4340 sunt
3087 4277 3310 4340 conditi.
3345 4277 3452 4356 Qui
3482 4287 3560 4344 si-

1967 4372 2185 4446 quidem
2234 4372 2466 4445 Spiritus
2511 4379 2593 4428 est
2635 4371 2832 4440 Patris,
2891 4373 3120 4446 Spiritus
3177 4381 3260 4430 est
3313 4371 3452 4443 Filii,
3512 4385 3568 4434 et

1963 4461 2142 4529 Pater,
2200 4469 2252 4517 et
2299 4461 2480 4532 Filius,
2531 4469 2584 4517 et
2628 4461 2863 4533 Spiritus
2921 4469 3164 4530 sanctus,
3225 4471 3450 4538 quorum
3479 4473 3566 4521 est

267 4563 490 4618 natione
519 4558 657 4616 sacri
686 4531 920 4630 eloquii,
939 4564 996 4611 ut
1025 4531 1256 4611 fortasse
1275 4531 1612 4609 auditoribus
1632 4531 1934 4623 placeat,D
1965 4565 2073 4606 una
2115 4549 2436 4617 substantia,
2468 4531 2596 4606 una
2641 4531 2890 4606 voluntas
2921 4560 2972 4607 et
2995 4531 3261 4622 Operatio,
3306 4567 3448 4606 unus
3477 4561 3564 4608 est

261 4649 468 4730 aliquid
513 4647 828 4705 mentiendo
870 4643 1162 4716 componit,
1197 4659 1294 4697 sua
1323 4649 1514 4698 etnon
1550 4639 1650 4695 Dei
1691 4639 1864 4695 verba

263 4727 526 4812 loquitur,
560 4735 608 4791 si
624 4742 803 4790 tamen
821 4732 1074 4805 placendi
1089 4731 1175 4788 vel
1197 4729 1494 4786 seducendi
1510 4727 1687 4784 studio
1708 4743 1863 4783 men-

264 4828 446 4883 tiatur.
483 4847 506 4878 ι
536 4825 608 4880 Ει
635 4832 709 4894 tu,
741 4824 788 4878 si
818 4824 955 4877 hanc
1004 4827 1326 4876 sententiam
1373 4817 1618 4888 Apostoli
1649 4816 1752 4872 tuis
1783 4815 1863 4872 di-

265 4925 368 4974 ctis
414 4911 808 4986 interposuisti,
843 4919 902 4967 ut
929 4911 998 4966 ad
1039 4907 1514 4974 subscribendum,
1561 4906 1706 4978 quod
1752 4920 1864 4960 non

265 5005 414 5076 licet,
472 5001 878 5060 comministros
911 5007 1032 5055 tuos
1077 4997 1286 5054 facilius
1324 5012 1518 5067 posses
1575 4995 1858 5058 seducere,

264 5095 337 5150 de
367 5108 501 5150 auro
530 5099 584 5147 et
628 5095 856 5162 argento
903 5086 1024 5153 Dei,
1058 5086 1114 5142 id
1145 5093 1227 5142 est
1255 5085 1323 5140 de
1363 5101 1528 5158 sensu
1557 5091 1608 5138 et
1646 5081 1863 5153 eloquio

263 5181 472 5251 divino,
505 5180 648 5236 sicut
667 5195 766 5250 per
792 5177 1112 5249 prophetam
1127 5173 1392 5230 Dominus
1421 5172 1494 5226 ad
1523 5170 1866 5226 idololatram

263 5271 531 5344 populum
575 5266 725 5333 dicit,
774 5273 866 5320 tuo
913 5281 1076 5321 sensu
1107 5263 1202 5318 tibi
1232 5269 1282 5316 et
1313 5261 1420 5316 illis
1449 5259 1654 5314 idolum
1694 5257 1864 5313 fabri-

265 5359 424 5416 casti.
469 5355 816 5414 Manifestum
861 5361 945 5410 est
974 5353 1138 5419 enim,
1190 5350 1316 5422 quia
1346 5347 1609 5404 sententia
1637 5353 1864 5418 aposto-

264 5447 391 5514 lica,
417 5461 586 5521 quam
613 5445 670 5500 in
700 5443 889 5500 eadem
917 5450 1012 5499 tua
1039 5437 1436 5512 subscriptione
1466 5437 1534 5492 ad
1565 5444 1712 5491 tuam
1735 5451 1866 5492 con-

265 5535 586 5594 ﬁrmandam
619 5532 940 5608 sententiam
968 5545 1222 5604 perverse
1241 5525 1456 5596 misisti,
1473 5540 1582 5596 non
1609 5539 1672 5580 eo
1701 5539 1866 5580 sensu

268 5626 411 5683 dicta
442 5632 526 5681 est
557 5639 591 5680 a
619 5623 776 5678 beato
810 5617 978 5677 Paulo
1017 5617 1281 5689 apostolo,
1329 5615 1466 5671 sicut
1504 5630 1624 5670 eam
1656 5612 1728 5668 ibi
1760 5626 1866 5681 po-

1963 4639 2249 4707 Domiuus,
2279 4654 2347 4696 ac
2375 4655 2472 4710 per
2499 4640 2604 4695 hoc
2631 4655 2664 4694 a
2693 4640 2850 4696 Patre
2879 4647 2930 4695 et
2959 4639 3092 4694 Filio
3119 4647 3176 4695 et
3197 4639 3402 4710 Spiritu
3431 4654 3560 4696 san-

1961 4735 2072 4795 cto,
2101 4734 2214 4783 tota
2264 4727 2469 4783 scilicet
2509 4727 2768 4783 Trinitate
2813 4743 2920 4782 uno
2953 4727 3068 4782 Deo
3096 4735 3149 4781 et
3179 4725 3432 4794 Domino,
3464 4743 3559 4786 ca-

1964 4832 2138 4872 nones
2178 4816 2323 4872 sacri
2352 4825 2476 4872 sunt
2519 4817 2736 4884 conditi,
2768 4831 2802 4872 a
2833 4815 3028 4887 quibus
3059 4814 3152 4886 qui
3179 4830 3276 4886 per
3305 4822 3556 4874 contem-

1966 4913 2114 4976 ptum
2143 4905 2492 4976 pertinaciter
2510 4904 2748 4972 deviant,
2768 4904 2821 4958 in
2843 4904 3058 4958 Patrem
3077 4910 3129 4958 et
3148 4891 3342 4960 Filium
3361 4911 3416 4960 et
3437 4897 3560 4978 Spi-

1965 4993 2125 5048 ritum
2163 5002 2430 5061 sanctum,
2469 4993 2674 5049 scilicet
2705 4993 2762 5047 in
2794 4993 2966 5046 Deum
2995 5005 3061 5048 ac
3091 4992 3383 5049 Dominum
3426 5011 3558 5067 pec-

1965 5089 2108 5138 cant.
2155 5082 2375 5138 Constat
2419 5083 2584 5155 igitur
2635 5081 2777 5153 quia,
2810 5085 2868 5134 ut
2897 5080 3132 5139 Hilarius
3175 5069 3315 5154 papa
3345 5075 3554 5154 scribit,

1965 5185 2076 5225 non
2095 5170 2274 5226 minus
2295 5171 2349 5226 in
2369 5178 2678 5227 sanctarum
2700 5168 3043 5225 traditionum
3061 5171 3367 5228 sanctiones
3382 5168 3560 5229 delin-

1965 5257 2166 5330 quitur,
2199 5275 2358 5332 quam
2387 5259 2441 5314 in
2470 5258 2638 5329 ipsius
2667 5257 2903 5324 Domini,
2936 5259 3112 5314 Patris
3151 5259 3359 5316 scilicet
3385 5269 3438 5315 et
3465 5251 3558 5317 Fi-

1966 5346 2025 5401 lii
2048 5355 2100 5402 et
2128 5348 2354 5417 Spiritus
2394 5347 2584 5413 sancti,
2631 5347 2884 5416 iniuriam
2928 5348 3227 5418 prosilitur.
3261 5348 3328 5404 Et
3355 5363 3556 5405 conse-

1967 5442 2197 5508 quenter
2244 5434 2438 5490 iterum
2480 5435 2848 5506 pertinaciter,
2901 5437 2955 5493 id
3010 5445 3094 5494 est
3147 5445 3561 5510 perseveranter

1970 5522 2173 5590 addidi,
2226 5522 2348 5594 quia
2395 5523 2587 5581 beatus
2645 5526 2885 5582 Joannes
2939 5526 3213 5598 apostolus
3259 5525 3427 5582 dicit:
3459 5519 3556 5581 Est

1967 5615 2261 5682 peccatum
2289 5611 2360 5668 ad
2392 5620 2645 5678 mortem,
2681 5630 2789 5669 non
2819 5612 2942 5668 dico
2970 5621 3024 5668 ut
3055 5621 3236 5669 oretur
3254 5629 3352 5680 pro
3377 5627 3475 5666 eo:
3501 5615 3559 5666 et
