4164 6372
571 388 671 448 Lai

1578 376 1922 434 HINCMARI
1949 372 2350 432 RHEMENSIS
2381 371 2936 428 ARCHIEPISCOPI.

3770 371 3879 426 432

573 515 659 580 est
683 511 982 582 peccatum
1011 519 1127 562 non
1157 503 1488 560 admortem
1508 501 1561 572 (Ι
1571 502 1734 557 Joan.
1757 515 1811 568 v,
1834 501 1946 570 16),
1969 498 2092 554 dico
2113 505 2171 552 ut
2197 498 2254 558 A
2274 495 2488 565 exuisti,
2525 495 2625 552 sed
2653 510 2750 551 eos
2777 493 3229 566 praevaricatione
3257 493 3449 582 potius
3484 493 3740 560 nexuisti,
3773 479 3886 582 vo-f'

571 604 760 655 oretur
787 609 890 668 pro
919 608 1008 650 eo.
1037 591 1138 648 Est
1168 589 1386 662 quidem
1423 597 1706 660 peccatum
1735 587 1804 643 ad
1833 595 2086 651 mortem,
2119 585 2173 640 in

569 685 764 743 eodem
811 689 1040 754 peccato
1087 679 1438 734 manentibus
1473 695 1487 731 ε
1518 684 1600 732 est
1643 684 1928 748 peccatum
1968 691 2076 730 non
2105 673 2174 728 ad

569 781 824 836 mortem,
859 771 930 826 ab
963 769 1154 825 eodem
1187 775 1414 838 peccato
1442 764 1840 820 recedentibus.
1859 763 2075 817 Nullum
2095 768 2178 816 est

569 861 773 932 quippe
819 865 1130 929 peccatum,
1171 869 1270 924 pro
1316 870 1425 925 quo
1473 860 1567 907 aut
1613 867 1720 906 non
1769 857 1884 906 oret
1927 847 2174 905 Ecclesia

567 946 972 1014 remittendum,
1006 951 1100 998 aut
1129 943 1272 1015 quod
1303 943 1426 996 data
1455 939 1560 994 sibi
1602 939 1859 994 divinitus
1909 944 2173 1008 potestate

566 1033 974 1102 discedentibus
1001 1033 1070 1088 ab
1102 1047 1168 1086 eo
1198 1047 1308 1085 non
1334 1029 1509 1100 possit
1539 1027 1847 1091 absolvere,
1883 1026 1970 1081 vel
1997 1025 2174 1096 poeni-

564 1123 804 1195 tentibus
832 1120 1100 1185 relaxare,
1135 1118 1222 1174 cui
1269 1117 1464 1172 dicitur
1493 1133 1507 1170 :
1546 1117 1898 1186 Qucecunque
1927 1115 2174 1169 dimise-

563 1213 696 1269 ritis
715 1226 886 1285 super
903 1215 1134 1273 terram,
1161 1206 1395 1260 dimissa
1417 1207 1590 1260 erunt
1613 1205 1746 1259 etin
1762 1203 1937 1268 caelis,
1957 1206 2013 1256 et
2029 1217 2171 1273 qua?

565 1315 786 1372 cunque
801 1295 1082 1354 solveritis
1101 1309 1270 1366 super
1287 1296 1520 1356 terram,
1539 1295 1712 1348 erunt
1725 1291 1911 1346 soluta
1923 1293 1979 1344 et
1994 1291 2055 1344 in
2068 1305 2174 1344 cae-

565 1388 636 1444 li:
653 1384 874 1454 (Matth.
911 1397 1074 1449 xvm,
1100 1381 1212 1452 18).
1236 1381 1370 1436 Cum
1393 1379 1536 1435 enim
1563 1379 1761 1434 dicitur
1783 1395 1798 1430 :
1821 1377 2174 1449 Quaecunque

561 1473 864 1538 solveritis,
897 1469 1084 1526 omnia
1115 1484 1456 1540 quaecunque
1503 1467 1628 1532 sint,
1663 1475 1715 1520 et
1749 1473 2170 1537 quantacunque

561 1561 689 1627 sint,
721 1568 776 1616 et
805 1558 1204 1633 qualiacunque
1249 1556 1376 1623 sint,
1427 1572 1492 1610 ex
1524 1570 1849 1626 quocunque
1888 1561 2048 1618 statu,
2082 1553 2168 1609 vel

564 1665 632 1719 ex
652 1661 980 1720 quocunque
996 1645 1156 1716 lapsu
1177 1643 1746 1714 comprehenduntur:
1771 1641 1954 1697 veraci
1973 1641 2170 1696 nihilo-

563 1737 744 1792 minus
805 1750 993 1790 eorum
1058 1739 1314 1788 manente
1379 1730 1666 1796 sententia,
1714 1746 1836 1801 quae
1890 1744 2167 1800 nunquam

2274 583 2394 639 lens
2439 599 2527 639 me
2570 583 2862 639 ostendere
2909 598 3179 638 canonum
3226 581 3723 653 praevaricatorem,
3782 577 3880 653 qui

2275 672 2430 744 quasi
2475 683 2663 728 contra
2709 687 2946 728 canones
2977 672 3031 725 in
3063 679 3150 726 tua
3181 671 3438 741 parochia
3487 670 3624 725 solvi
3653 687 3776 742 quae
3806 669 3873 724 li-

2275 760 2436 831 gasti,
2471 769 2524 814 et
2552 769 2771 815 certans
2800 777 2888 814 me
2919 767 3048 814 nota
3069 758 3428 814 damnationis
3449 759 3689 822 inurere,
3715 771 3882 828 quam

2275 847 2607 908 conscientia
2640 856 2727 902 tua
2757 847 3016 918 nequibat
3046 845 3310 920 effugere,
3344 854 3398 901 et
3425 846 3550 901 ideo
3578 845 3700 916 plus
3731 845 3879 901 veri-

2275 943 2361 990 tus
2403 937 2700 990 humanam
2749 935 3152 1000 verecundiam,
3205 951 3276 990 ne
3318 934 3444 989 vilis
3489 932 3650 989 ﬁeres
3695 949 3762 988 ex
3792 934 3880 989 his

2275 1040 2397 1096 quae
2447 1041 2676 1095 perpere
2718 1023 2938 1095 gessisti
2982 1024 3088 1078 tuis
3146 1023 3396 1090 subditis,
3443 1039 3604 1094 quam
3663 1030 3880 1077 reatum

2276 1120 2400 1166 ante
2431 1111 2648 1166 divinos
2693 1112 2904 1179 oculos,
2947 1112 3092 1182 quod
3123 1111 3309 1166 humili
3340 1111 3720 1182 resipiscentia
3747 1125 3881 1166 cor-

2275 1200 2454 1272 rigere
2486 1208 2724 1270 poteras,
2759 1201 2830 1254 ad
2861 1199 2995 1254 illud
3041 1207 3423 1272 argumentum
3452 1208 3502 1254 te
3535 1197 3876 1264 convertisti,

2274 1295 2333 1341 ut
2363 1289 2503 1343 hanc
2548 1275 2928 1359 irregl’larem,
2959 1287 3068 1343 imo
3100 1287 3479 1360 tragaadialem
3520 1286 3880 1356 subscriptio-

2275 1391 2401 1430 nem
2445 1376 2808 1449 excogitares,
2842 1384 2894 1430 et
2925 1376 3024 1431 hac
3056 1375 3438 1430 adinventione
3485 1375 3783 1429 Dominum
3807 1374 3882 1428 ad

2274 1463 2612 1518 iracundiam
2658 1465 2890 1534 amplius
2933 1479 3280 1536 provocares,
3311 1473 3364 1518 et
3393 1473 3571 1518 tecum
3601 1462 3740 1518 alios
3773 1478 3880 1517 ne-

2276 1560 2474 1607 cteres.
2505 1553 2652 1624 Lege
2682 1552 2845 1624 igitur
2871 1552 2927 1606 in
2956 1551 3191 1608 decretis
3221 1551 3424 1607 Gelasii
3455 1550 3779 1607 sententiam
3811 1550 3886 1606 de

2275 1641 2492 1705 Acasio,
2527 1648 2579 1694 et
2610 1641 2678 1694 de
2707 1641 2978 1712 episcopis
3007 1641 3098 1712 qui
3125 1657 3249 1695 eum
3280 1639 3607 1713 regulariter
3645 1647 3884 1707 conten-

2275 1728 2478 1783 debant
2524 1745 2688 1799 posse
2734 1729 3043 1784 absolutum
3086 1729 3286 1808 dicere,
3321 1737 3372 1783 et
3417 1744 3539 1784 eam
3590 1727 3688 1781 tibi
3717 1735 3769 1782 et
3797 1727 3887 1782 his

569 1823 830 1882 solvenda
860 1837 985 1877 esse
1015 1819 1420 1884 denuntiantur,
1453 1817 1510 1872 in
1539 1817 1736 1873 eodem
1763 1825 1954 1872 tenore
1985 1816 2166 1872 consi-
2197 1846 2252 1904 Β
2277 1831 2415 1886 quos
2446 1824 2627 1872 tecum
2657 1815 2832 1872 fecisti
2863 1816 3209 1872 subscribere
3240 1815 3472 1887 applica,
3506 1823 3558 1870 et
3591 1815 3720 1887 quid
3751 1829 3890 1888 ege-

569 1911 856 1976 stentibus,
888 1923 1000 1965 non
1047 1907 1213 1962 etiam
1255 1907 1323 1961 ab
1348 1907 1456 1962 hoc
1484 1905 1678 1960 eodem
1719 1913 1947 1976 peccato
1978 1912 2168 1974 postea

563 1998 968 2058 recedentibus.
1001 1995 1086 2050 Ex
1114 1994 1200 2048 his
1229 1993 1392 2066 igitur
1418 1991 1858 2048 manifestissime
1899 1991 2065 2047 claret
2102 1991 2172 2046 de

568 2087 764 2144 eadem
793 2094 886 2140 tua
915 2081 1332 2154 subscriptione,
1362 2081 1418 2135 in
1449 2096 1558 2152 qua
1584 2079 1722 2136 dicis
1743 2097 1755 2134 :
1775 2081 1890 2147 His,
1919 2080 2048 2151 quin
2068 2095 2096 2132 a
2121 2087 2172 2134 te

571 2173 886 2248 specialiter
902 2171 1191 2242 excerptis,
1213 2173 1542 2226 sanctorum
1559 2169 1880 2241 apostolicae
1899 2168 2044 2223 sedis
2066 2169 2174 2222 Pa-

576 2267 731 2320 trum
750 2262 990 2318 decretis
1007 2257 1505 2331 obtemperandum
1521 2257 1845 2328 subscripsi.
1866 2255 2006 2324 Quia
2026 2255 2092 2320 si,
2115 2263 2176 2310 ut

566 2367 734 2422 supra
763 2349 893 2413 dixi,
927 2355 981 2404 et
1010 2361 1156 2402 nunc
1180 2347 1374 2402 iterum
1405 2345 1548 2414 dico,
1577 2345 1800 2400 Nicaeno
1832 2343 2084 2410 concilio,
2117 2350 2173 2398 et

567 2437 689 2494 aliis
735 2433 1084 2510 generalibus
1131 2449 1194 2489 ac
1240 2432 1521 2488 catholicis
1569 2431 1812 2503 synodis,
1874 2446 2172 2502 eorumque

573 2523 698 2582 ﬁxis
725 2531 780 2581 et
805 2521 1278 2596 irrefragabilibus
1307 2520 1564 2589 decretis,
1596 2536 1717 2590 quae
1752 2519 2050 2590 apostolica
2080 2535 2173 2574 se-

561 2597 662 2671 des
692 2620 748 2668 et
791 2617 986 2668 cuncta
1013 2607 1263 2666 Ecclesia
1309 2607 1574 2664 catholica
1618 2607 1833 2677 recipit,
1861 2615 2169 2673 veneratur,

565 2709 622 2758 et
649 2708 846 2764 servat,
891 2697 1159 2754 contraria
1206 2697 1263 2752 in
1311 2696 1494 2768 aliquo
1536 2695 1725 2762 sentis,
1774 2695 1860 2750 vel
1908 2693 2080 2750 teneri
2110 2709 2176 2748 ac

567 2787 777 2846 servari
823 2785 1098 2855 decernis,
1147 2793 1201 2840 te
1249 2783 1454 2856 tibique
1501 2783 1797 2854 complices
1841 2799 1874 2838 a
1910 2783 2176 2838 catholica

569 2875 954 2935 communione
1007 2871 1334 2946 segregasti,
1381 2879 1435 2926 et
1471 2872 1690 2943 quando
1733 2870 2014 2926 catholicae
2069 2870 2174 2924 ob-

577 2963 867 3024 servantia
897 2960 1182 3021 contrariis
1210 2959 1604 3030 subscripsisti,
1655 2959 1916 3014 sollicitus
1953 2974 2175 3013 servare

571 3053 829 3111 unitatem
880 3049 1098 3122 spiritus
1153 3048 1208 3104 in
1261 3047 1476 3104 vinculo
1531 3046 1682 3118 pacis
1736 3062 2077 3118 nequaquam
2118 3045 2176 3101 in

573 3142 674 3198 ista
703 3139 1104 3211 subscriptione
1131 3136 1300 3192 fuisti.
1333 3136 1400 3190 Et
1429 3135 1576 3191 beati
1604 3135 1800 3190 Leonis
1830 3134 2176 3190 decernentis

577 3230 769 3304 (epist.
803 3229 895 3299 59)
928 3243 942 3283 ε
976 3225 1114 3296 Quia
1151 3225 1207 3279 in
1237 3224 1440 3290 causis,
1485 3239 1606 3295 quat
1633 3223 1704 3278 ad
1732 3223 2047 3294 generalem
2077 3223 2178 3277 ob-

570 3317 903 3374 servantiam
948 3313 1221 3386 pertinent
1270 3312 1511 3367 omnium
1557 3311 1772 3366 Domini
1807 3311 2176 3377 sacerdotum,

571 3405 710 3461 nihil
739 3404 856 3458 sine
885 3401 1210 3474 primatibus
1240 3406 1456 3470 oportet
1503 3397 1737 3468 impleri,
1768 3415 1876 3453 non
1907 3397 2054 3453 fuisti
2083 3415 2180 3454 so-

575 3493 696 3550 cius
723 3489 1042 3562 disciplinae.
1067 3488 1224 3546 Unde
1252 3487 1553 3542 timendum
1581 3494 1665 3540 est
1693 3495 1750 3540 ut
1769 3502 1880 3542 non
1911 3487 1987 3540 sis
2017 3487 2182 3542 etiam

577 3595 808 3640 consors
853 3575 1253 3634 communionis
1301 3591 1432 3640 suae,
1464 3591 1496 3628 a
1523 3573 1676 3642 cujus
1723 3575 2106 3628 communione
2136 3573 2182 3628 si

579 3665 727 3742 quod
755 3666 896 3722 absit
923 3664 1091 3721 fueris
1139 3664 1367 3728 alienus,
1403 3677 1530 3719 cum
1557 3661 1663 3728 his,
1697 3677 1930 3732 quorum
1959 3661 2183 3717 decreta

583 3755 820 3813 convelli
861 3752 1056 3820 fecisti,
1095 3751 1234 3808 sicut
1262 3767 1328 3805 ex
1358 3750 1528 3806 sacris
1567 3750 1865 3806 canonibus
1895 3757 1948 3804 et
1985 3750 2182 3805 decre-

587 3843 658 3900 tis
687 3843 948 3899 Romana:
995 3839 1142 3894 sedis
1170 3835 1485 3910 pontiﬁcum
1531 3836 1628 3891 tibi
1671 3836 1870 3907 scripto
1895 3837 2089 3902 direxi,
2123 3853 2186 3893 ac

586 3943 688 4001 per
714 3927 820 3982 hoc
862 3939 985 3980 cum
1029 3921 1276 3978 Ecclesia
1315 3921 1584 3978 catholica
1613 3921 2050 3977 communionem
2082 3921 2185 3976 ha-

589 4015 726 4074 bere
752 4027 862 4070 non
889 4010 1116 4084 poteris.
1139 4011 1210 4066 Et
1238 4025 1348 4066 non
1369 4010 1486 4066 leve
1507 4009 1604 4064 tibi
1624 4009 1736 4064 ullo
1755 4009 1918 4064 modo
1939 4010 2186 4065 videatur

591 4102 739 4178 quod
760 4116 925 4173 supra
945 4115 1011 4156 ex
1032 4099 1214 4156 verbis
1229 4098 1472 4168 ejusdem
1493 4097 1636 4154 beati
1651 4098 1846 4154 Leonis
1865 4098 2044 4168 posui,
2067 4097 2188 4170 qui-

593 4192 698 4248 bus
712 4189 842 4247 dicit
857 4189 1046 4263 (epist.
1062 4189 1150 4254 84,
1165 4187 1238 4244 ad
1256 4187 1493 4244 Leonem
1509 4186 1877 4259 Augustum):
1897 4207 1919 4236 α
1937 4185 2072 4255 Quae
2089 4201 2189 4258 pa-

568 4265 786 4336 ‘tefacta
804 4285 930 4334 sunt
949 4291 1216 4350 quaerere,
1235 4283 1426 4348 etquae
1449 4273 1688 4346 perfecta
1713 4282 1840 4330 sunt
1867 4283 2182 4341 retractare,

589 4375 646 4426 et
675 4383 798 4441 qua:
827 4375 950 4422 sunt
978 4363 1204 4420 diﬂiuita
1231 4363 1560 4432 convellere,
1585 4363 1714 4435 quid
1741 4363 1890 4417 aliud
1919 4371 1998 4418 est
2029 4379 2186 4434 quam

589 4456 662 4514 de
689 4453 902 4525 adeptis
929 4452 1165 4523 gratiam
1194 4466 1305 4508 non
1333 4449 1554 4517 referre,
1587 4459 1641 4505 et
1668 4450 1738 4504 ad
1769 4451 2070 4506 interdictae
2099 4466 2188 4506 ar-

2274 1904 2352 1958 ris
2381 1920 2736 1976 recognosce.
2769 1906 2836 1960 Et
2865 1905 3011 1977 quod
3037 1905 3112 1959 ibi
3133 1905 3202 1959 de
3223 1905 3354 1960 sede
3384 1903 3682 1974 apostolica
3701 1903 3885 1977 leges,

2275 1993 2344 2048 de
2375 2000 2464 2047 tua
2511 1993 2820 2064 metropoli,
2862 2009 2984 2064 quae
3007 1993 3162 2062 jussa
3193 1993 3341 2048 sedis
3371 1992 3687 2063 apcstolicte
3717 2007 3884 2048 exse-

2277 2089 2402 2137 cuta
2423 2089 2526 2148 est,
2551 2082 2753 2136 dictum
2773 2089 2923 2152 puta.
2949 2081 3035 2135 Ait
3053 2081 3194 2135 enim
3219 2081 3512 2148 (Gelasius,
3529 2082 3692 2154 epist.
3711 2084 3798 2147 lt,
3819 2081 3886 2136 in

2273 2169 2408 2238 ﬁne)
2444 2187 2456 2222 :
2496 2190 2518 2220 α
2554 2169 2683 2224 Ideo
2713 2185 2836 2224 cum
2867 2169 2998 2224 sede
3029 2169 3325 2240 apostolica
3353 2168 3576 2224 minime
3607 2183 3890 2242 congrue-

2275 2257 2423 2325 bant,
2457 2257 2586 2328 quia
2615 2258 2674 2311 in
2702 2267 2902 2312 sortem
2935 2258 3244 2313 reciderant
3275 2257 3713 2328 praevaricatoris
3743 2260 3887 2313 Aca-

2273 2345 2364 2412 cii,
2401 2353 2455 2400 et
2481 2345 2625 2400 illius
2656 2363 2716 2401 se
2747 2347 2863 2400 sine
2895 2346 3060 2402 dubio
3083 2346 3440 2417 pervidebant
3461 2345 3730 2402 sententia
3751 2361 3892 2402 con-

2277 2441 2572 2504 sequenter
2599 2435 2883 2505 adstringi,
2917 2435 2986 2489 ob
3014 2436 3120 2490 hoc
3140 2451 3262 2490 eum
3283 2435 3454 2490 videri
3475 2434 3734 2489 nolebant
3758 2450 3886 2490 esse

2277 2521 2612 2590 damnatum,
2657 2522 2781 2594 quia
2813 2539 2872 2577 se
2903 2523 3306 2593 cognoscebant
3335 2522 3392 2576 in
3422 2523 3617 2578 eadem
3661 2538 3884 2592 praeva-

2276 2608 2533 2665 ricatione
2575 2625 2699 2665 esse
2743 2611 3046 2679 damnatos,
3094 2611 3154 2674 in
3196 2627 3300 2682 qua
3351 2611 3620 2682 hodieque
3655 2625 3886 2665 manere

2271 2697 2586 2768 persistunt.
2639 2698 2749 2753 Sed
2795 2698 2932 2754 sicut
2962 2698 3018 2752 hi
3047 2697 3209 2752 simili
3237 2697 3550 2754 conditione
3581 2698 3885 2764 constricti,

2273 2785 2596 2857 complicem
2641 2803 2800 2840 suum
2847 2802 2955 2842 non
3015 2793 3245 2857 possunt
3294 2787 3543 2855 judicare
3599 2802 3710 2841 non
3761 2786 3888 2856 jure

2273 2874 2606 2942 damnatum,
2658 2890 2835 2946 neque
2879 2873 2958 2930 rei
3003 2891 3155 2930 reum
3223 2882 3452 2946 possunt
3509 2882 3891 2945 competenter

2273 2961 2560 3017 absolvere
2594 2978 2605 3016 :
2639 2962 2718 3018 sic
2767 2962 2860 3016 illo
2913 2962 3058 3031 juste
3124 2963 3541 3034 praevaricatore
3597 2962 3882 3032 damnato,

2275 3049 2380 3120 ipsi
2411 3066 2627 3120 quoque
2657 3050 2771 3120 pari
2791 3051 2976 3119 jacent
3008 3050 3358 3107 damnatione
3398 3050 3668 3122 prostrati,
3703 3066 3888 3124 neque

2276 3137 2381 3192 nisi
2413 3137 2794 3207 resipiscentes
2822 3138 2948 3193 inde
2968 3147 3221 3208 poterunt
3242 3155 3466 3209 prorsus
3481 3139 3692 3194 absolvi
3719 3157 3735 3206 ;
3761 3139 3893 3211 quia

2277 3226 2418 3282 sicut
2463 3242 2564 3296 per
2603 3243 2767 3280 unum
2800 3227 3134 3282 scribentem
3162 3243 3354 3282 eorum
3384 3227 3628 3282 omnium
3656 3227 3887 3299 vulgata

2279 3313 2641 3384 transgressio
2672 3322 2774 3384 est,
2807 3315 2900 3386 qui
2928 3314 2984 3368 in
3013 3315 3262 3370 eamdem
3293 3314 3536 3386 perfidiae
3575 3315 3892 3370 reciderant

2279 3402 2567 3468 actionem,
2623 3402 2702 3457 sic
2747 3402 2804 3456 in
2847 3419 2958 3458 uno
2988 3403 3310 3476 eodemque,
3364 3403 3456 3475 qui
3482 3419 3584 3474 pro
3630 3404 3890 3458 omnibus

2281 3490 2594 3560 scripserat,
2629 3490 2714 3545 vel
2747 3491 3041 3546 scribendo
3071 3491 3314 3546 omnium
3345 3491 3658 3563 prodiderat
3689 3492 3890 3547 volun-

2279 3585 2435 3646 tates,
2487 3579 2931 3652 transgressione
2976 3579 3184 3651 punita,
3249 3580 3455 3652 pariter
3498 3595 3721 3652 quoque
3767 3596 3892 3637 cum

2282 3666 2494 3735 eodem,
2522 3666 2608 3721 vel
2637 3667 2694 3720 in
2723 3668 2916 3722 eodem
2946 3677 3027 3722 est
3047 3667 3374 3738 complicum
3393 3669 3770 3741 transgressio
3791 3685 3889 3740 pu-

2282 3754 2396 3808 nita
2424 3761 2761 3810 cunctorum.
2801 3776 2823 3804 n
2860 3757 2926 3811 Et
2957 3765 3176 3812 sanctus
3205 3755 3440 3810 Hilarius
3466 3756 3522 3810 in
3555 3756 3794 3827 epistola
3823 3757 3892 3812 de

2283 3841 2524 3912 synodis,
2551 3858 2712 3914 quam
2741 3842 2810 3897 de
2835 3843 3025 3898 exsilio
3055 3843 3123 3898 ad
3155 3843 3466 3900 Gallicanos
3495 3843 3644 3898 misit
3675 3845 3892 3916 episco-

2281 3945 2402 4000 pos,
2453 3929 2628 3986 dicit:
2664 3952 2686 3980 α
2718 3929 2885 3997 Nihil,
2939 3931 3206 4002 inquiens,
3270 3931 3464 3986 mirum
3509 3931 3686 3987 videri
3733 3933 3892 3988 vobis

2284 4018 2464 4084 debet,
2498 4017 2698 4074 fratres
2725 4019 3049 4087 charissimi,
3082 4019 3228 4091 quod
3257 4027 3364 4074 tam
3387 4019 3704 4092 frequenter
3723 4037 3892 4093 expo-

2284 4105 2339 4160 ni
2395 4104 2530 4161 fides
2597 4115 2791 4178 captae
2847 4115 2972 4162 sunt
3023 4125 3036 4163 :
3084 4108 3466 4164 necessitatem
3539 4109 3684 4164 hanc
3740 4108 3892 4166 furor

2285 4193 2574 4250 haereticus
2637 4194 2911 4266 imposuit,
2974 4203 3028 4250 et
3080 4195 3380 4252 necessitas
3433 4197 3891 4252 consuetudinem

2286 4283 2461 4337 intulit
2491 4283 2688 4353 exponi
2715 4281 2872 4350 fides,
2908 4292 2960 4338 et
2989 4285 3250 4355 expositis
3285 4285 3576 4340 subscribi.
3609 4285 3716 4342 Ubi
3746 4285 3892 4342 enim

2287 4386 2479 4425 sensus
2518 4369 2866 4426 conscientia
2909 4371 3259 4442 periclitatur,
3297 4371 3405 4427 illic
3434 4371 3614 4426 littera
3641 4373 3892 4442 postula-

2287 4466 2390 4525 tur,
2421 4476 2522 4514 nec
2571 4475 2701 4514 sane
2744 4459 3011 4514 subscribi
3056 4460 3300 4532 impedit,
3349 4461 3494 4532 quod
3545 4461 3783 4516 salutare
3809 4471 3894 4518 est

590 4542 745 4600 boris
773 4540 955 4598 cibum
984 4538 1261 4610 improbos
1286 4537 1556 4610 appetitus
1594 4536 1886 4593 mortiferae
1913 4538 2186 4608 cupidita-
2215 4545 2556 4608 Dconﬁteri.
2597 4568 2618 4597 υ
2651 4547 2920 4603 Converte
2976 4547 3144 4620 igitur
3201 4547 3389 4604 oculos
3429 4550 3627 4604 mentis
3675 4558 3781 4604 tuae
3821 4549 3896 4605 ad

591 4633 662 4688 tis
691 4628 1028 4688 extendere?
1063 4647 1086 4677 ν
1123 4624 1232 4681 Sed
1261 4641 1384 4681 cum
1411 4640 1614 4697 magna
1657 4625 1860 4687 cordis
1889 4625 2187 4682 intentione

595 4719 907 4787 considera,
957 4715 1045 4772 cui
1100 4722 1326 4786 peccato
1380 4721 1666 4784 peccatum
1721 4713 1870 4784 quod
1923 4713 2186 4768 admisisti

591 4807 822 4863 didinita
849 4802 1164 4864 convellens
1192 4809 1487 4872 comparet,
1521 4800 1727 4856 scilicet
1772 4801 1918 4872 quod
1946 4816 2056 4856 non
2081 4802 2186 4858 nisi

593 4909 863 4967 sanguine
891 4893 1010 4949 Filii
1037 4891 1139 4948 Dei
1166 4889 1424 4963 praevalet
1451 4889 1676 4960 expiari,
1711 4888 1965 4944 videlicet
1993 4891 2184 4961 quoda

589 4982 766 5054 primo
807 4991 1035 5054 parente
1082 4979 1433 5036 commissum
1461 4978 1516 5032 in
1547 4992 1740 5032 omnes
1767 4984 2018 5047 posteros
2049 4995 2182 5049 per-

591 5069 862 5139 transivit,
893 5068 1031 5126 sicut
1059 5069 1191 5125 dicit
1218 5067 1509 5140 Apostolus
1533 5082 1547 5122 :
1575 5067 1678 5122 Per
1695 5082 1876 5122 unum
1898 5066 2181 5124 hominem

581 5161 884 5232 peccatum
895 5157 1136 5212 intravit
1146 5158 1210 5212 in
1221 5155 1584 5221 mundum,et
1593 5171 1694 5226 per
1701 5159 1994 5226 peccatum
2009 5172 2176 5226 mors,

585 5251 643 5302 et
671 5246 758 5302 ita
784 5248 848 5302 in
875 5260 1068 5302 omnes
1089 5245 1344 5300 homines
1360 5243 1756 5316 pertransivit,
1780 5244 1842 5298 in
1863 5261 1966 5316 quo
1986 5260 2180 5300 omnes

579 5337 962 5410 peccaverunt
993 5335 1171 5404 (Rom.
1204 5348 1259 5388 v.
1295 5333 1384 5404 12)
1409 5347 1422 5386 :
1447 5332 1586 5386 sicut
1615 5339 1669 5386 et
1694 5347 1796 5402 per
1824 5340 1875 5387 te
1903 5331 1959 5386 in
1987 5348 2180 5388 omnes

582 5431 763 5482 tecum
808 5421 1217 5481 subscribentes
1264 5427 1455 5476 contra
1501 5419 1728 5476 diﬂinita
1774 5435 1806 5475 a
1839 5421 2038 5477 sanctis
2069 5423 2176 5478 Pa-

583 5513 754 5570 tribus
803 5519 1086 5585 peccatum
1132 5507 1466 5581 pertransiit,
1515 5509 1608 5582 qui
1643 5517 1697 5566 te
1745 5518 1944 5584 agente
1987 5510 2043 5565 in
2072 5511 2178 5566 hoc

579 5613 962 5694 peccaverunt,
986 5607 1115 5684 quia.
1227 5607 1329 5682 illa,
1347 5605 1741 5690 subscriptione
1762 5624 1869 5665 non
1894 5616 1943 5664 te
1963 5607 2184 5696 penitus.

2283 4643 2460 4688 actum
2491 4643 2662 4698 tuum,
2695 4635 2841 4706 quod
2888 4636 3346 4704 irrationabiliter,
3379 4647 3432 4692 et
3462 4645 3655 4693 contra
3696 4646 3894 4694 aucto-

2282 4721 2495 4776 ritatem
2542 4729 2705 4792 atque
2743 4723 2860 4778 sine
2894 4724 3002 4779 ulla
3041 4724 3362 4781 necessitate
3391 4725 3447 4779 in
3477 4726 3581 4781 hac
3610 4742 3890 4796 praesum-

2281 4809 2426 4879 ptiva
2493 4809 2890 4881 subscriptione
2946 4820 3034 4868 tua
3094 4822 3415 4884 perpetrare
3479 4829 3591 4869 non
3636 4813 3893 4885 timuisti,

2283 4904 2335 4952 et
2385 4898 2500 4952 tibi~
2529 4898 2772 4954 subditos
2819 4917 2984 4972 agere
3042 4901 3370 4973 compulisti,
3413 4918 3482 4958 ne
3528 4901 3682 4957 furor
3737 4911 3888 4970 tuus,

2282 4986 2384 5040 etsi
2426 4986 2642 5042 diverso
2686 4988 2871 5054 modo,
2922 5005 3032 5044 non
3077 4989 3296 5046 diverso
3337 4989 3484 5058 dolo,
3519 4991 3574 5045 in
3606 4991 3712 5046 hoc
3740 4990 3894 5048 facto

2279 5073 2450 5130 furori
2477 5075 2853 5132 haereticorum
2881 5086 3144 5150 aequetur,
3170 5079 3260 5150 qui
3291 5079 3400 5134 illic
3428 5079 3661 5134 litteram
3690 5087 3891 5150 postu-

2278 5161 2420 5228 lasti,
2479 5163 2572 5218 ubi
2612 5181 2814 5219 sensus
2879 5167 3226 5222 conscientiae
3281 5182 3390 5222 non
3443 5168 3888 5238 periclitabatur,

2279 5259 2332 5304 et
2373 5250 2549 5306 fecisti
2611 5253 2881 5308 subscribi
2939 5256 3088 5326 quod
3148 5255 3382 5310 salutare
3425 5271 3535 5311 non
3583 5264 3666 5311 est
3709 5255 3889 5312 conﬁ-

2278 5339 2396 5406 teri,
2440 5339 2487 5394 si
2531 5348 2709 5396 tamen
2755 5358 2910 5398 sacro
2956 5343 3181 5400 Nicmno
3223 5343 3472 5410 concilio,
3521 5353 3574 5400 et
3619 5343 3894 5402 Romanae

2277 5427 2424 5484 sedis
2467 5429 2783 5501 pontiﬁcum
2825 5431 3061 5488 decretis
3107 5440 3231 5504 post
3275 5432 3558 5490 Nicaznum
3588 5433 3895 5490 concilium

2275 5517 2492 5587 habitis,
2541 5528 2594 5574 et
2621 5536 2686 5576 ex
2719 5519 2886 5576 sacris
2923 5521 3226 5578 canonibus
3273 5523 3654 5594 promulgatis,
3689 5521 3749 5577 in
3779 5521 3891 5578 ali-

2275 5632 2382 5686 quo
2427 5624 2510 5674 est
2554 5617 2904 5687 contrarium,
2955 5620 3096 5692 quod
3129 5629 3243 5678 ate
3288 5628 3343 5678 et
3371 5621 3476 5678 tuis
3515 5620 3893 5693 complicibus
