4164 6308
367 167 396 183 κ

363 242 463 300 ιεε

1079 235 1324 296 OPUSC.
1365 238 1456 295 ΕΤ
1511 241 1728 296 EPIST.
1782 242 1854 296 IN
1910 240 2135 296 CAUSA
2191 241 2534 300 HINCMARI
2571 244 2880 305 LAUDUN.

3565 251 3671 306 ιθι

357 371 570 422 constat
601 379 726 420 esse
765 363 1124 436 subcriptum.
1185 364 1246 418 In
1277 379 1385 436 quo
1412 365 1726 436 pernicioso
1763 365 1908 422 facto
1937 381 1968 420 a
1995 367 2052 427 A
2071 365 2328 422 mentium
2360 367 2509 423 Deus
2556 385 2668 425 non
2696 379 2798 441 est,
2843 379 2902 426 ut
2949 373 3142 430 beatus
3170 372 3300 432 dicit
3345 373 3670 449 Gregorius.

358 461 410 508 te
450 467 563 508 non
602 450 798 508 leviter
841 461 924 508 est
957 461 1214 522 erratum,
1260 453 1317 508 in
1379 470 1544 525 quem
1585 470 1616 508 a
1657 455 1818 510 beato
1865 454 1974 510 Ge-

357 541 494 597 lasio
527 541 835 598 ostenditur
872 543 1241 615 transgressio
1308 543 1588 614 punienda
1629 551 1968 610 cunctorum,

353 629 443 703 qui
489 629 747 684 omnibus
791 631 1198 702 prascripsisti,
1253 639 1305 686 et
1337 633 1406 686 ab
1453 632 1706 687 omnibus
1735 631 1968 688 commi-

354 717 543 774 nistris
571 719 679 773 tuis
720 718 995 774 subscribi
1023 718 1226 774 fecisti.
1263 720 1414 775 Unde
1444 720 1588 776 idem
1619 720 1868 776 Gelasius
1887 720 1970 774 di-

353 807 426 864 cit
459 823 472 862 :
511 827 535 857 ι
561 805 834 876 Quoniam
855 807 1001 862 idem
1030 807 1148 879 ipse
1179 823 1362 874 error,
1391 809 1482 880 qui
1519 809 1688 864 semel
1717 817 1799 864 est
1845 825 1970 864 cum

353 910 452 952 suo
488 903 718 951 auctore
766 896 1077 962 damnatus,
1113 896 1168 950 in
1212 897 1470 968 participe
1501 897 1742 969 quolibet
1784 913 1970 969 prava

351 983 754 1040 communionis
801 982 1017 1052 eﬂ'ecto,
1077 987 1508 1040 exsecrationem
1552 985 1635 1040 sui
1689 994 1870 1060 gestat
1913 994 1966 1041 et

349 1088 591 1144 poenam.
632 1094 655 1122 ι
688 1073 758 1127 Ει
796 1072 854 1127 in
883 1073 1114 1144 epistola
1143 1074 1212 1128 ad
1241 1075 1590 1129 Anastasium
1642 1074 1834 1146 (epist.
1875 1078 1960 1142 1ο,

345 1161 448 1217 sub
485 1161 772 1232 medium)
804 1177 817 1214 :
855 1182 878 1211 α
913 1161 1048 1216 Cum
1113 1162 1260 1218 dicat
1325 1163 1617 1233 Apostolus
1667 1165 1843 1230 (Rom.
1898 1162 1958 1233 ι),

344 1263 455 1304 non
487 1249 666 1304 solum
697 1249 788 1320 qui
818 1265 930 1305 non
967 1249 1217 1307 facienda
1249 1250 1452 1306 faciunt
1481 1267 1605 1306 reos
1637 1252 1829 1321 videri,
1864 1253 1963 1306 sed

347 1337 514 1392 etiam
565 1337 660 1410 qui
718 1337 1062 1394 consentiunt
1108 1338 1478 1395 facientibus?
1535 1339 1768 1395 Proinde
1823 1340 1962 1395 sicut

347 1441 457 1480 non
505 1433 705 1496 potest,
750 1426 1127 1497 perversitatis
1176 1427 1641 1484 communicatore
1683 1437 1955 1499 suscepto,

345 1529 455 1570 non
501 1515 712 1585 pariter
757 1515 1093 1586 perversitas
1137 1517 1428 1588 approbari
1475 1535 1488 1570 :
1525 1517 1602 1572 sic
1648 1533 1760 1571 non
1786 1525 1960 1588 potest

341 1601 568 1660 refutari
596 1603 930 1673 perversitas
985 1605 1250 1675 complice
1281 1613 1550 1660 sectatore
1589 1605 1960 1676 perversitatis

338 1691 607 1746 admisso.
649 1691 888 1764 Legibus
923 1700 1074 1747 certe
1106 1693 1305 1747 vestris
1352 1693 1642 1749 criminum
1680 1693 1952 1762 conscios,

348 1787 812 1852 susceptoresque
843 1780 1284 1836 latrocinantium
1317 1797 1420 1852 par
1442 1782 1774 1852 judiciorum
1796 1798 1959 1852 poena

348 1867 671 1940 constringit
704 1885 718 1921 :
753 1883 854 1924 nec
903 1885 1102 1940 expers
1141 1868 1398 1925 facinoris
1449 1870 1748 1925 astimatur
1774 1913 1788 1940 ,
1859 1870 1952 1942 qui

348 1955 476 2012 licet
505 1957 626 2028 ipse
655 1971 766 2011 non
811 1956 1017 2023 fecerit,
1067 1957 1332 2014 facientes
1377 1967 1557 2014 tamen
1588 1959 1642 2013 in
1673 1958 1960 2013 familiari-

350 2053 512 2100 tatem
547 2043 834 2117 fadusque
865 2046 1155 2117 receperit.
1185 2067 1206 2095 »
1241 2047 1309 2100 Et
1337 2047 1394 2100 in
1424 2047 1601 2102 edicto
1634 2047 1804 2118 quinti
1821 2063 1958 2103 con-

352 2132 462 2190 cilii
511 2133 774 2204 scriptum
813 2142 943 2188 est:
991 2157 1014 2185 α
1065 2135 1326 2189 Miramur
1365 2151 1552 2190 eorum
1609 2135 1954 2201 dementiam,

351 2221 444 2293 qui
493 2221 693 2277 divina
739 2221 1036 2292 Scriptura
1092 2223 1371 2278 contraria
1428 2231 1629 2297 agunt,
1681 2223 1959 2279 evidenter

348 2309 550 2366 dicenti
601 2310 754 2381 (Sap.
808 2312 952 2381 xxv),
1004 2310 1134 2383 quia
1181 2311 1462 2383 aequaliter
1508 2311 1790 2367 horribilia
1833 2320 1956 2366 sunt

349 2399 704 2470 apudDeum
732 2398 932 2469 impius
953 2407 1005 2453 et
1036 2399 1284 2470 impietas
1316 2401 1453 2469 ejus.
1486 2399 1640 2456 Actio
1671 2400 1814 2455 enim
1832 2417 1954 2455 cum

348 2494 534 2542 actore
564 2485 838 2558 punietur.
873 2508 894 2537 »
931 2487 987 2544 Si
1033 2497 1216 2544 autem
1247 2489 1496 2543 similiter
1543 2488 1790 2560 impietas
1835 2489 1955 2543 hor-

347 2574 523 2629 ribilis
569 2583 654 2630 est
702 2575 838 2640 Deo,
887 2583 939 2630 et
985 2576 1073 2631 ille
1121 2577 1212 2648 qui
1242 2577 1406 2648 impie
1455 2577 1587 2649 agit,
1621 2585 1765 2632 certe
1795 2592 1954 2647 sepa-

350 2671 500 2718 ratus
531 2671 616 2717 est
643 2661 768 2718 talis
797 2679 828 2718 a
860 2665 994 2730 Deo,
1027 2671 1080 2719 et
1111 2665 1442 2720 anathemati
1473 2666 1618 2734 juste
1651 2665 1946 2732 subjicitur.

347 2752 648 2808 Anathema
687 2751 832 2806 enim
875 2751 1008 2806 nihil
1040 2752 1186 2808 aliud
1216 2752 1488 2826 significat
1517 2753 1621 2807 nisi
1649 2768 1683 2807 a
1711 2753 1826 2807 Deo
1857 2769 1950 2807 se-

345 2839 708 2912 parationem,
761 2840 898 2900 sicut
931 2840 984 2894 in
1017 2841 1200 2896 Veteri
1237 2851 1291 2896 et
1322 2842 1378 2896 in
1420 2843 1574 2896 Novo
1603 2841 1950 2896 Testamento

339 2927 612 2997 judicium
659 2927 729 2982 de
758 2928 1099 2984 anathemate
1139 2929 1427 3001 significat.
1481 2931 1542 2984 In
1570 2938 1752 2985 mente
1784 2929 1950 3002 igitur

347 3017 487 3071 habe
519 3015 785 3087 scriptum
815 3031 848 3071 a
876 3016 1034 3072 beato
1091 3018 1254 3073 Paulo
1288 3036 1301 3072 :
1334 3019 1424 3074 Sic
1471 3022 1664 3074 autem
1690 3022 1947 3091 peccates

345 3107 410 3160 in
437 3106 672 3176 fratres,
699 3108 756 3160 et
780 3109 1164 3177 percutientes
1211 3123 1404 3168 eorum
1443 3107 1734 3176 inﬁrmam
1779 3123 1945 3162 cons-

347 3194 646 3259 cientiam,
667 3195 730 3248 in
751 3193 1038 3250 Christum
1053 3197 1303 3268 peccatis
1323 3197 1370 3266 (Ι
1389 3199 1509 3252 Cor.
1531 3199 1670 3264 vni).
1697 3195 1948 3249 Graviter

343 3289 528 3337 autem
556 3280 633 3335 illi
665 3280 722 3334 in
753 3281 1021 3336 Christum
1051 3292 1299 3354 peccant,
1333 3283 1423 3354 qui
1456 3282 1944 3354 periculosissimo,

348 3377 402 3426 et
430 3370 669 3425 maxime
713 3370 1036 3426 detestando
1087 3371 1372 3426 mendacio
1402 3371 1456 3425 in
1488 3371 1755 3442 religione
1790 3387 1949 3425 men-

344 3459 559 3524 tientes,
634 3456 974 3514 infirmorum
1049 3460 1411 3515 conscientias
1495 3458 1822 3530 percutiunt,
1881 3457 1950 3513 de

345 3547 544 3620 quibus
573 3547 884 3618 specialiter
921 3549 1185 3620 scriptum
1215 3557 1295 3603 est
1335 3567 1348 3603 :
1381 3549 1585 3604 Perdes
1633 3564 1825 3605 omnes
1857 3547 1952 3619 qui

350 3637 1072 3710 loquuntur.mendacium
1124 3638 1298 3709 (Psal.
1349 3639 1428 3702 v).
1493 3637 1560 3690 Et
1608 3636 1664 3690 in
1715 3635 1952 3691 decretis

348 3723 668 3798 apostolica
717 3725 866 3780 sedis
913 3727 1175 3798 scriptum
1205 3734 1333 3781 est:
1376 3727 1650 3795 Quoniam
1704 3725 1955 3798 quisquis

345 3814 713 3872 schismatico
728 3817 1058 3881 assenserit,
1074 3817 1472 3871 schismaticus
1491 3830 1610 3870 esse
1631 3814 1830 3885 negari
1841 3829 1957 3867 non

342 3903 582 3978 poterit.
609 3901 854 3957 Schisma
881 3904 1026 3959 enim
1074 3921 1104 3958 a
1148 3904 1386 3959 scissura
1425 3911 1506 3958 est
1544 3902 1868 3969 animorum,
1899 3908 1959 3954 ut

345 3990 603 4050 catholici
658 3991 915 4048 doctores
960 3992 1166 4058 dicunt,
1225 4000 1494 4046 vocatum.
1555 3991 1764 4045 Eodem
1815 3989 1959 4043 enim

347 4081 520 4152 cultu,
564 4084 763 4140 eodom
793 4081 893 4136 ritu
941 4080 1114 4136 credit
1143 4088 1201 4134 ut
1231 4080 1432 4143 cateri,
1485 4079 1605 4133 solo
1645 4092 1959 4149 congrega-

1971 3065 2022 3128 C

2071 453 2220 510 Deus
2266 455 2466 528 quippe
2517 458 2574 513 in
2598 457 2803 515 unitate
2831 467 2934 526 est,
2965 469 3019 516 et
3046 461 3123 517 illi
3160 464 3277 534 ejus
3303 462 3510 536 habere
3539 477 3672 537 gra-

2069 541 2201 598 tiam
2257 554 2550 610 merentur,
2610 547 2702 619 qui
2739 563 2800 603 se
2853 549 2923 605 ab
2963 549 3200 606 invicem
3254 568 3352 622 per
3397 561 3670 610 sectarum

2069 632 2330 688 scandala
2368 650 2478 689 non
2517 634 2781 690 dividunt.
2817 637 2974 692 Unde
3003 653 3103 708 per
3132 655 3192 694 se
3224 641 3433 696 Veritas
3470 641 3666 698 admo-

2067 728 2160 774 net
2206 720 2394 777 dicens
2427 739 2440 775 :
2483 723 2687 779 Habete
2724 726 2813 780 sal
2840 725 2904 779 in
2949 727 3118 793 vobis,
3151 731 3208 782 et
3233 743 3428 800 pacem
3473 729 3668 786 habete

2065 809 2222 864 inter
2263 827 2354 866 vos
2397 811 2587 880 (Marc.
2640 811 2744 882 ιχ).
2795 813 2863 868 Ut
2917 813 3164 884 quisquis
3217 815 3420 870 habere
3466 816 3548 871 sal
3577 831 3669 873 sa-

2065 895 2280 967 pientia
2331 899 2530 965 studet,
2577 907 2731 954 curet
2777 916 3004 956 necesse
3051 909 3134 956 est
3177 911 3442 980 quatenus
3471 919 3504 959 a
3529 919 3665 975 pace

2065 985 2372 1041 concordia
2428 1003 2707 1058 nunquam
2761 989 3000 1045 recedat.
3053 990 3162 1046 Sed
3217 999 3342 1045 sunt
3395 990 3661 1063 nonnulli,

2065 1073 2159 1144 qui
2188 1073 2319 1128 dum
2346 1074 2466 1144 plus
2497 1090 2695 1146 sapere
2737 1091 2900 1148 quam
2929 1092 3158 1134 necesse
3213 1086 3297 1133 est
3343 1078 3599 1147 student;
3629 1095 3662 1134 a

2063 1161 2438 1231 proximorum
2467 1177 2602 1234 pace
2633 1164 2899 1234 resiliunt,
2943 1165 3074 1220 dum
3112 1181 3208 1221 eos
3245 1165 3393 1222 velut
3435 1167 3662 1223 hebetes

2064 1248 2366 1320 stultosque
2423 1258 2796 1316 contemnunt,
2847 1251 2985 1307 sicut
3041 1260 3098 1309 tu
3146 1253 3329 1327 egisti,
3387 1255 3481 1327 qui
3535 1270 3662 1311 cum

2061 1337 2168 1390 tuis
2197 1337 2572 1408 complicibus,
2623 1347 2678 1394 et
2720 1347 2900 1396 tecum
2943 1340 3431 1413 subscribentibus,
3472 1358 3506 1398 ο,
3534 1342 3661 1399 vin-

2062 1425 2186 1480 culo
2217 1433 2270 1480 et
2298 1426 2503 1482 unitate
2541 1427 2692 1498 pacis
2720 1427 3106 1486 ecclesiastica
3130 1429 3382 1498 divisisti,
3404 1439 3655 1487 contem-

2061 1529 2197 1568 nens
2240 1514 2608 1570 auctoritatem
2647 1523 2754 1571 tua
2797 1516 3138 1588 metropolis,
3183 1525 3238 1572 et
3279 1518 3660 1576 contradicens

2060 1609 2221 1673 atque
2253 1601 2513 1657 resistens
2541 1603 2627 1657 his
2677 1620 2798 1675 qua
2825 1604 2896 1659 de
2942 1605 3274 1678 Evangelica
3329 1606 3555 1662 veritate
3602 1613 3658 1662 et

1985 1717 2040 1776 B
2060 1689 2360 1760 apostolica
2389 1698 2553 1762 atque
2581 1691 2951 1748 ecclesiastica
2979 1693 3296 1750 auctoritate
3342 1693 3438 1749 tibi
3467 1701 3523 1749 et
3559 1709 3655 1752 ec-

2060 1777 2261 1834 clesia.
2300 1779 2646 1834 Lauduneusi
2673 1780 3085 1851 metropolitana
3125 1780 3486 1838 sollicitudine
3514 1781 3656 1839 scri-
3744 1831 3748 1834 .

2059 1866 2164 1937 psi,
2214 1874 2268 1922 et
2295 1866 2486 1922 eadem
2516 1867 2794 1924 catholicae
2838 1869 3104 1925 Ecclesia
3147 1870 3486 1936 auctoritate,
3516 1885 3656 1926 con-

2059 1955 2308 2010 siderans
2338 1955 2644 2026 periculum
2673 1956 2986 2024 imminens,
3019 1957 3164 2030 quod
3190 1956 3335 2015 male
3354 1957 3540 2031 ligasti
3553 1971 3656 2030 pro

2059 2042 2236 2098 oﬂ‘icio
2264 2043 2370 2098 loci
2400 2043 2510 2099 mei
2537 2044 2784 2101 dissolvi.

2577 2150 2805 2207 CAPUT
2862 2153 3146 2209 XXXVII.

2063 2239 2129 2294 Ut
2155 2239 2359 2294 nonsit
2390 2239 2640 2324 pruriens
2669 2239 2820 2324 apud
2839 2243 3226 2324 semetipsum,
3259 2245 3317 2298 et
3346 2241 3414 2298 de
3440 2240 3654 2298 discre-

2513 2311 2666 2366 tione
2695 2311 2759 2366 in
2785 2328 2922 2383 pace
2958 2311 3224 2368 tenenda.

2128 2396 2285 2452 Unde
2316 2394 2503 2463 frater,
2556 2405 2609 2452 et
2636 2414 2725 2453 me
2768 2407 2821 2452 et
2867 2408 2920 2456 te
2944 2415 3162 2463 moneo,
3195 2407 3254 2455 ut
3307 2397 3654 2456 attendamus

2054 2484 2198 2556 quod
2231 2484 2494 2538 Dominus
2524 2500 2624 2554 per
2653 2486 2975 2557 prophetam
3005 2487 3169 2542 dicit:
3209 2489 3291 2544 Va:
3309 2487 3406 2560 qui
3421 2487 3654 2560 sapien-

2055 2576 2138 2628 tes
2166 2575 2302 2628 estis
2328 2575 2391 2627 in
2421 2573 2599 2628 oculis
2642 2577 2873 2644 vestris,
2916 2579 2974 2631 et
3018 2591 3210 2632 coram
3246 2575 3654 2648 vobismetipsis

2049 2661 2357 2734 prudentes
2379 2661 2509 2727 (Isa.
2542 2663 2640 2730 v);
2671 2669 2725 2716 et
2761 2678 2864 2733 per
2894 2664 3216 2733 Apostolum
3240 2663 3458 2720 :Nolite
3511 2680 3656 2736 pru-

2052 2749 2249 2805 dentes
2298 2765 2416 2804 esse
2472 2750 2623 2822 apud
2687 2753 3048 2824 vosmetipsos
3098 2754 3274 2822 (Rom.
3308 2754 3446 2822 xu);
3477 2759 3568 2808 et:
3599 2751 3660 2808 Si

2054 2840 2179 2912 quis
2199 2854 2258 2893 se
2280 2838 2580 2893 existimat
2591 2838 2808 2912 aliquid
2817 2840 3244 2906 scire,nondum
3255 2841 3513 2912 cognovit
3525 2855 3657 2912 quo-

2055 2927 2214 2982 modo
2244 2929 2503 2998 oporteat
2532 2942 2664 2982 eum
2694 2928 2838 2984 scire
2865 2929 2916 2997 (Ι
2942 2929 3064 2986 Cor.
3103 2929 3266 2996 vm);
3297 2937 3350 2984 et
3383 2945 3397 2982 :
3434 2929 3494 2986 Si
3522 2929 3646 3001 quis

2053 3016 2179 3070 vult
2198 3017 2354 3070 inter
2369 3031 2461 3070 vos
2483 3015 2711 3086 sapiens
2727 3031 2863 3083 esse,
2884 3017 3099 3072 stultus
3116 3017 3223 3086 fiat
3241 3019 3308 3072 ut
3335 3016 3385 3070 si
3403 3018 3650 3088 sapiens,

2053 3105 2184 3176 quia
2213 3104 2500 3172 sapientia
2530 3103 2700 3174 hujus
2731 3103 2934 3160 mundi
2961 3105 3201 3159 inimica
3230 3105 3436 3160 estDeo
3458 3103 3511 3173 (Ι
3532 3103 3654 3160 Cor.
3717 3091 3724 3103 ’

2050 3195 2170 3260 Ill);
2209 3199 2259 3244 et
2288 3207 2391 3260 per
2417 3191 2679 3246 Jacobum
2711 3191 3019 3262 apostolum
3049 3198 3316 3247 monstrat
3348 3209 3364 3260 ;
3399 3191 3540 3258 Quia
3556 3207 3658 3247 su-

2049 3279 2220 3351 perba
2241 3283 2299 3334 et
2317 3281 2672 3335 contentiosa
2689 3281 2977 3352 sapientia
2997 3284 3247 3348 terrena,
3280 3279 3552 3335 animalis
3573 3282 3660 3336 est

2053 3371 2110 3422 et
2127 3365 2399 3422 diabolica
2413 3383 2430 3418 :
2444 3369 2729 3440 sapientia
2747 3372 2941 3424 autem
2968 3384 3090 3441 qua:
3109 3368 3411 3424 desursum
3429 3370 3532 3432 est,
3543 3368 3660 3438 pri-

2052 3471 2212 3510 mum
2224 3455 2448 3528 quidem
2454 3459 2574 3528 pud
2579 3458 2666 3512 ica
2677 3456 2992 3522 est,dcinde
3000 3456 3661 3529 paciﬁca,modesta,sua-

2055 3543 2264 3610 dibilis,
2306 3545 2462 3599 bonis
2495 3546 2857 3600 consentiens
2888 3545 3148 3616 (Jac.m).
3170 3543 3409 3600 Scientia
3429 3550 3482 3598 et
3511 3542 3658 3600 enim

2056 3631 2228 3688 virtus
2259 3640 2360 3700 est,
2389 3632 2662 3701 humilitas
2691 3641 2874 3688 custos
2902 3632 3137 3703 virtutis,
3169 3640 3223 3688 et
3251 3631 3501 3687 miranda
3514 3631 3658 3688 actio

2057 3736 2180 3776 cum
2213 3719 2444 3776 elatione
2477 3737 2585 3776 non
2604 3721 2796 3787 elevat,
2830 3721 2928 3777 sed
2959 3729 3180 3794 gravat.
3219 3719 3326 3790 Qui
3355 3719 3501 3776 enim
3537 3718 3656 3774 sine

2059 3808 2361 3864 humilitate
2409 3809 2640 3864 virtutes
2673 3817 2996 3882 congregat,
3041 3808 3097 3864 in
3126 3817 3344 3865 ventum
3373 3807 3654 3880 pulverem

2057 3905 2254 3967 portat,
2292 3905 2346 3952 et
2391 3897 2535 3952 unde
2563 3897 2766 3969 aliquid
2798 3896 2944 3953 ferre
2974 3897 3232 3963 cernitur,
3264 3895 3392 3953 inde
3419 3895 3660 3952 deterius

2060 3992 2316 4040 caecatur.
2351 3985 2487 4039 Hinc
2518 3985 2683 4040 etiam
2715 3985 2976 4056 scriptum
3004 3993 3086 4040 est
3117 4003 3132 4040 :
3169 3985 3273 4053 Qui
3293 3985 3512 4040 emittit
3535 3986 3658 4056 fon-

2063 4077 2145 4127 tes
2175 4074 2238 4127 in
2269 4073 2614 4128 convallibus
2635 4075 2816 4141 (Psal.
2848 4073 2965 4142 cm)
2991 4093 3010 4140 ;
3043 4081 3132 4128 et:
3159 4072 3450 4129 Convalles
3478 4072 3656 4128 abun-

345 4171 516 4226 tionis
558 4172 860 4228 delectatur
900 4168 1150 4236 discidio,
1199 4176 1248 4222 et
1279 4167 1660 4222 schismaticus
1690 4173 1792 4232 est,
1833 4165 1962 4219 licet
2063 4161 2278 4216 dabunt
2305 4163 2596 4230 frumento
2626 4161 2802 4229 (Psal.
2837 4163 3014 4228 LXIX).
3036 4163 3083 4214 Α
3115 4159 3390 4214 montibus
3418 4173 3658 4230 namque

345 4259 426 4315 sic
455 4261 648 4316 credat
678 4268 734 4315 ut
765 4257 1039 4314 catholica
1069 4257 1244 4312 credit
1275 4255 1545 4320 Ecclesia,
1579 4255 1625 4308 si
1649 4255 1702 4308 in
1731 4253 1964 4323 dogma-
2062 4259 2200 4313 aqua
2244 4241 2520 4311 dilabitur,
2563 4242 2690 4312 quia
2744 4241 3010 4312 superbas
3055 4249 3267 4296 mentes
3307 4247 3506 4296 veritas
3548 4240 3654 4296 do-

347 4349 498 4404 tibus
542 4347 932 4405 ecclesiasticis
968 4346 1036 4399 ab
1069 4345 1314 4400 Ecclesia
1345 4361 1403 4398 se
1450 4343 1644 4398 scindit
1675 4341 1960 4406 catholica,
2064 4329 2254 4387 ctrina
2282 4329 2486 4385 deserit
2522 4346 2534 4385 :
2567 4330 2665 4384 sed
2705 4329 2882 4385 fontes
2920 4329 2974 4384 in
3022 4328 3361 4386 convallibus
3405 4335 3652 4400 surgunt,

349 4437 440 4493 cui
491 4437 742 4510 quisquis
780 4434 1096 4500 assenserit,
1159 4433 1539 4488 schismaticus
1584 4447 1708 4486 esse
1769 4429 1961 4502 negari
1991 4418 2193 4510 ania
2234 4419 2400 4510 corda
2458 4418 2743 4510 humilium
2780 4419 3020 4510 verbum
3060 4416 3498 4510 praedicationis“
3517 4415 3658 4510 acci-

349 4543 463 4582 non
494 4505 690 4598 poterit
725 4543 738 4579 :
771 4523 916 4597 quod
947 4537 998 4577 et
1044 4523 1089 4576 si
1119 4537 1310 4577 omnes
1347 4521 1659 4576 sacerdotes
1705 4526 1758 4573 et
1793 4534 1958 4572 mun-
2060 4508 2230 4598 pium.
2267 4507 2422 4563 Unde
2449 4523 2548 4578 per
2575 4523 2634 4563 se
2667 4507 2882 4598 Veritas
2902 4508 3159 4564 admonet
3187 4506 3418 4598 dicens:
3449 4505 3652 4598 Habeto

349 4616 456 4670 dus
485 4593 769 4678 assentiat,
792 4593 1076 4668 damnatio
1129 4610 1532 4665 consentientes
1575 4607 1820 4676 involvit,
1851 4621 1961 4660 non
2061 4598 2148 4652 sal
2171 4597 2234 4651 in
2256 4598 2420 4660 vobis,
2449 4601 2505 4652 et
2537 4613 2733 4668 pacem
2776 4597 2976 4652 habete
3005 4598 3159 4652 inter
3187 4611 3279 4652 vos
3309 4595 3500 4664 (Marc.
3552 4593 3650 4663 Ix).

349 4701 866 4775 pravaricationem
913 4715 1214 4755 consensus
1243 4699 1496 4752 absolvit.
1531 4698 1653 4752 Non
1681 4696 1825 4751 enim
1857 4694 1960 4750 cri-
2060 4686 2130 4740 Ut
2178 4685 2420 4756 quisquis
2469 4685 2632 4739 habet
2658 4685 2739 4739 sal
2787 4684 3084 4755 sapientia,
3119 4681 3359 4775 studiose
3381 4687 3535 4736 curet
3559 4695 3656 4736 ne.

353 4808 482 4847 men
528 4790 809 4856 minuitur,
845 4789 942 4844 sed
999 4787 1283 4852 accrescit,
1320 4803 1440 4842 cum
1501 4785 1758 4858 generale
1807 4783 1865 4838 fit
1895 4800 1960 4838 ex

354 4880 596 4952 privato.
650 4879 764 4933 Hoc
827 4877 974 4932 enim
1029 4877 1178 4930 Deus
1226 4875 1469 4929 omnium
1535 4873 1809 4938 indicavit,
1869 4872 1962 4944 qui

354 4969 622 5024 mundum
697 4974 1018 5038 peccantem
1076 4964 1325 5037 generali
1388 4964 1594 5018 diluvio
1665 4961 1957 5016 interemit.

353 5056 604 5126 Quorum
657 5055 1012 5126 perditionem
1072 5053 1353 5108 evidenter
1409 5051 1676 5108 catholica
1736 5050 1962 5104 demon-

355 5154 490 5201 strat
534 5143 801 5208 Ecclesia,
850 5158 969 5214 qua
1017 5151 1074 5196 ut
1117 5157 1213 5212 pro
1269 5141 1561 5203 hareticis,
1613 5139 1683 5193 ita
1731 5138 1962 5206 conjun-

352 5234 482 5290 ctim
515 5241 678 5304 etpro
707 5231 1082 5294 schismaticis,
1116 5238 1252 5297 orat,
1300 5237 1357 5282 ut
1407 5229 1476 5282 ad
1534 5227 1659 5282 fidei
1708 5235 1758 5282 et
1811 5227 1964 5298 pacis

355 5324 584 5380 redeant
632 5320 912 5386 unitatem,
961 5319 1140 5376 sciens
1187 5317 1476 5373 haereticos
1507 5325 1558 5371 et
1588 5315 1964 5372 schismaticos

357 5413 416 5467 in
464 5409 663 5466 haresi
711 5423 776 5464 ac
835 5407 1129 5465 schismate
1177 5413 1557 5478 permanentes
1603 5419 1835 5475 regnum
1865 5402 1964 5458 Dei

361 5515 472 5575 non
531 5499 827 5552 intraturos
871 5515 886 5552 :
917 5493 1039 5574 quia
1089 5496 1194 5550 nisi
1236 5495 1303 5550 ad
1331 5493 1614 5562 judicium,
1647 5492 1699 5545 in
1731 5492 1964 5548 scissura

2063 4785 2217 4825 cesse
2247 4777 2349 4832 est,
2383 4777 2648 4840 quatenus
2678 4784 2711 4822 a
2737 4783 2872 4838 pace
2919 4765 3227 4823 concordia
3255 4779 3529 4839 nunquam
3560 4779 3656 4819 re-

2063 4859 2241 4914 cedat.
2275 4858 2344 4912 Et
2374 4873 2443 4912 ne
2472 4857 2528 4910 in
2556 4872 2693 4928 pace
2723 4855 2957 4911 tenenda
2983 4855 3104 4926 quis
3134 4859 3298 4921 erret,
3317 4869 3419 4926 per
3448 4861 3654 4910 semet-

2062 4947 2240 5017 ipsam
2294 4945 2521 5014 veritas,
2579 4961 2704 5001 cum
2759 4953 3035 4999 terrenam
3090 4957 3284 5014 pacem
3335 4937 3371 4998 a
3420 4957 3655 5014 superna

2063 5035 2438 5107 distingueret,
2472 5041 2634 5105 atque
2681 5033 2750 5088 ad
2779 5039 3060 5087 venturam
3089 5031 3388 5104 discipulos
3419 5039 3486 5087 ex
3517 5045 3659 5102 pra-

2066 5124 2206 5178 senti
2237 5133 2583 5194 provocaret,
2616 5121 2692 5176 ait
2727 5138 2740 5174 :
2773 5123 2976 5176 Pacem
3004 5137 3191 5177 meam
3219 5119 3654 5194 relinquovobis,

2066 5229 2265 5285 pacem
2295 5228 2480 5267 meam
2511 5210 2578 5265 do
2611 5210 2756 5265 vobis
2788 5209 2972 5280 (Joan.
2991 5212 3152 5280 xxv);
3184 5207 3435 5280 relinquo
3454 5206 3665 5278 scilicet

2069 5299 2449 5367 transitoriam,
2481 5297 2552 5353 do
2599 5313 2936 5354 mansuram.
2971 5297 3029 5355 Si
3058 5313 3196 5371 ergo
3224 5297 3280 5352 in
3309 5311 3376 5352 ea
3412 5311 3509 5354 cor
3537 5310 3659 5368 qua

2066 5387 2255 5444 relicta
2271 5395 2352 5442 est
2372 5385 2577 5460 ﬁgitur,
2610 5401 2892 5460 nunquam
2926 5386 2997 5443 ad
3029 5385 3178 5442 illam
3204 5401 3328 5459 qua
3355 5384 3538 5441 danda
3579 5391 3664 5439 est

2066 5483 2396 5560 pervenitur.
2429 5484 2536 5538 Pax
2565 5483 2734 5556 igitur
2762 5500 3007 5558 praesens
3053 5483 3124 5538 ita
3171 5482 3405 5570 tengnda
3451 5488 3554 5557 est,
3601 5487 3661 5534 ut
