4164 6320
749 23 820 34 ...-
867 9 1114 33 .“...“ι’-·
1159 11 1534 30 ’π-ι-π--ῇ
1585 17 1754 27 ---..
1809 19 1898 25 ---

542 278 650 336 435

541 401 596 489 et
823 400 1018 489 debeat
1064 405 1118 456 et
1157 398 1432 489 contemni
1483 415 1498 454 :
1529 408 1664 489 quae
1707 395 1768 489 si
1786 392 2141 489 immoderate
2167 388 2226 452 Α

547 481 812 565 diligitur,
832 486 1114 563 diligentis
1141 486 1357 543 animus
1376 485 1432 541 in
1459 483 1622 557 culpa
1649 483 1861 556 capitur
1891 498 1906 538 :
1937 490 1992 539 et
2019 481 2151 536 dum

546 570 712 645 nimis
755 579 1051 634 humanam
1080 590 1269 650 pacem
1299 574 1595 643 desiderat,
1624 573 1826 628 bravos
1870 570 2149 627 hominum

547 681 734 724 mores
774 681 1121 740 nequaquam
1162 663 1462 738 redarguit,
1493 670 1548 719 et
1593 659 1985 719 consentiendo
2016 672 2150 731 per-

550 754 727 813 versis
753 754 823 810 ab
852 754 1096 812 auctoris
1125 752 1210 810 sui
1247 769 1308 810 se
1333 767 1471 826 pace
1497 749 1782 823 disiungit,
1813 755 1867 805 et
1894 748 2023 803 dum
2051 747 2153 802 hu-

549 858 714 901 manu
756 843 902 900 foras
944 842 1132 917 jurgia
1166 841 1377 908 metuit,
1427 838 1626 896 interni
1662 836 1888 893 foederis
1932 837 2150 892 discus-

553 931 712 998 sione
738 930 948 989 feritur.
981 931 1121 988 Hinc
1149 930 1345 997 David,
1376 928 1506 986 dum
1543 934 1714 983 totum
1763 941 1824 983 se
1852 925 1923 981 ad
1946 923 2152 980 fmdera

550 1018 707 1163 pacis
734 1018 966 1087 internae
983 1020 1403 1093 constringeret,
1436 1024 1666 1074 testatur
1693 1014 1842 1088 quod
1883 1028 2006 1070 cum
2036 1026 2152 1068 ma-

577 1108 626 1163 is
662 1109 1013 1163 concordiam
1044 1123 1156 1163 non
1194 1114 1446 1163 teneret.
1477 1105 1667 1162 dicens
1696 1122 1710 1159 :
1745 1105 1941 1162 Nonne
1969 1103 2068 1163 aui
2099 1104 2152 1157 te

577 1108 626 1165 is
662 1109 1013 1175 concordiam
1044 1123 1156 1164 non
1194 1114 1446 1177 teneret,
1477 1105 1667 1162 dicens
1696 1122 1710 1159 :
1745 1105 1941 1162 Nonne
1969 1103 2068 1176 qui
2099 1104 2152 1157 te

555 1196 797 1260 oderant
817 1197 1042 1257 oderam
1061 1198 1210 1263 illos,
1227 1200 1284 1252 et
1300 1210 1473 1268 super
1490 1195 1754 1252 inimicos
1775 1197 1900 1250 tuos
1913 1193 2154 1248 tabesce-

557 1284 725 1343 bam?
751 1286 1008 1367 Perfecto
1037 1285 1162 1345 odio
1181 1285 1408 1343 oderam
1435 1284 1584 1351 illos,
1608 1283 1834 1340 inimici
1852 1281 1999 1354 facti
2016 1281 2154 1336 sunt

555 1373 706 1431 mihi
736 1374 910 1449 (Psal.
947 1374 1252 1445 cxxxvm),
1285 1372 1540 1431 Inimicos
1575 1373 1738 1428 etiam
1783 1370 1885 1427 Dei
1912 1367 2154 1440 perfecto

557 1462 684 1519 odio
705 1460 886 1522 odisse
914 1469 1018 1529 est,
1048 1460 1119 1517 ad
1148 1461 1295 1541 quod
1319 1459 1445 1516 facti
1475 1469 1600 1516 sunt
1637 1459 1886 1533 diligere,
1921 1465 1975 1513 et
2011 1456 2155 1529 quod

557 1547 761 1606 faciunt
802 1549 1112 1634 increpare,
1157 1564 1344 1606 mores
1380 1563 1678 1622 pravorum
1723 1561 1998 1620 premere,
2031 1544 2157 1601 vita

555 1636 837 1711 prodesse,
871 1638 1220 1701 Pensaudum
1246 1646 1330 1701 est
1358 1636 1544 1713 igitur,
1563 1636 1780 1709 quando
1800 1635 1869 1690 ab
1896 1634 2154 1705 increpa-

1560 270 1902 330 HINCMAHI
1929 264 2331 326 RHEMENSIS
2359 258 2908 321 ARGHIEPISCOPI.

3730 256 3841 312 ns

2772 384 2997 443 CAPUT
3040 378 3301 439 XXXIX.

2254 496 2321 554 Ut
2346 494 2414 552 ab
2433 510 2493 552 eo
2525 495 2808 551 removeat
2836 490 3100 560 dolorem,
3124 502 3160 546 α
3187 503 3246 546 se
3262 489 3383 562 ipso
3407 487 3752 562 periculum,
3784 487 3845 540 et

2652 565 2720 620 ab
2747 566 2983 635 utroque
3010 561 3438 635 improperium.

2322 671 2604 729 Admoneo
2632 677 2686 726 te
2712 677 2942 743 paterna
2971 676 3024 724 et
3051 665 3298 723 fraterna
3322 663 3634 732 dilectione,
3666 670 3726 719 ut
3754 679 3849 719 re-

2251 774 2474 818 moveas
2505 775 2540 815 a
2566 775 2655 814 me
2683 756 2954 825 dolorem,
2983 771 3018 812 a
3064 762 3118 812 te
3143 747 3468 826 periculum,
3509 760 3564 810 et
3588 751 3660 808 ab
3686 751 3849 808 utris-

2253 865 2360 925 que
2375 855 2622 906 nostrum
2651 862 2686 904 a
2711 844 2960 919 plurimis
2980 844 3188 900 illatum
3223 841 3634 917 improperium.
3664 843 3714 896 A
3756 855 3848 895 me

2252 938 2474 1013 quidem
2502 935 2768 1004 dolorem,
2820 932 2945 1006 quia
2999 939 3058 988 ut
3087 938 3308 989 sanctus
3329 929 3632 1004 Gregorius
3661 927 3796 985 dicit
3824 945 3840 982 :

2257 1048 2280 1080 α
2336 1026 2599 1081 Minorem
2645 1022 2892 1080 dolorem
2921 1020 3068 1078 mala
3096 1019 3372 1092 ingerunt,
3409 1036 3532 1091 quae
3557 1019 3627 1073 ab
3659 1024 3846 1074 extra-

2249 1115 2370 1172 neis
2398 1113 2717 1180 inferuntur,
2748 1112 2874 1184 plus
2902 1125 3033 1167 vero
3060 1111 3118 1164 in
3144 1108 3303 1165 nobis
3346 1123 3410 1165 ea
3438 1114 3708 1164 tormenta
3736 1120 3848 1162 sae-

2250 1199 2420 1266 viunt,
2453 1215 2574 1272 quae
2622 1196 2694 1252 ab
2729 1194 2838 1251 illis
2883 1193 3134 1267 patimur,
3182 1193 3252 1249 de
3298 1208 3528 1265 quorum
3571 1191 3851 1247 mentibus

2251 1287 2734 1365 praesumebamus,
2766 1283 2894 1356 quia
2921 1298 3057 1340 cunr
3074 1282 3276 1338 damno
3304 1280 3548 1354 corporis
3571 1279 3719 1335 mala
3745 1293 3850 1336 nos

2253 1377 2494 1435 cruciant
2521 1374 2738 1431 amissaa
2757 1371 3057 1430 charitatis.
3096 1391 3118 1422 ι
3153 1370 3292 1426 Hinc
3321 1377 3403 1426 est
3430 1369 3574 1425 enim
3603 1367 3750 1442 quod
3779 1368 3850 1423 de

2251 1464 2389 1522 Juda
2441 1462 2702 1520 traditore
2745 1477 2842 1517 suo
2867 1477 2968 1533 per
2995 1459 3340 1516 Psalmistam
3376 1457 3640 1514 Dominus
3668 1456 3802 1514 dicit
3833 1471 3848 1512 :

2253 1555 2325 1612 Et
2351 1553 2575 1628 quidem
2594 1553 2645 1608 si
2664 1551 2934 1608 inimicus
2945 1564 3103 1606 meus
3121 1545 3519 1604 maledixisset
3529 1547 3691 1613 mihi,
3715 1561 3850 1618 sup-

2253 1646 2569 1718 portassem
2596 1642 2792 1713 utique
2813 1659 2831 1696 :
2853 1643 2909 1695 et
2930 1640 2979 1695 si
3010 1639 3060 1694 is
3097 1637 3194 1712 qui
3221 1635 3417 1692 oderat
3443 1651 3532 1692 me
3552 1650 3725 1708 super
3757 1650 3852 1690 me

555 1727 701 1787 tione
723 1724 1038 1811 quiescitur,
1071 1742 1177 1799 qua
1205 1726 1370 1798 culpa
1408 1741 1532 1781 eum
1577 1724 1834 1797 pessimis
1862 1737 1970 1795 pax
1997 1730 2155 1811 tene-
2183 1742 2237 1806 Β
2257 1747 2467 1804 magna
2490 1731 2710 1788 locutus
2729 1725 3358 1800 fuisset,absconderem
3372 1740 3464 1780 me
3482 1723 3761 1796 utiqueab
3789 1738 3855 1778 eo

555 1823 662 1881 tur,
695 1814 743 1870 si
769 1815 1047 1895 Propheta
1075 1815 1237 1875 etiam
1268 1814 1419 1870 velut
1447 1813 1502 1877 in
1531 1812 1765 1868 hostiam
1792 1812 1909 1868 Deo
1939 1810 2152 1882 obtulit,

556 1903 703 2047 quaid
745 1911 940 1967 contra
993 1918 1054 1961 se
1106 1919 1210 1987 pro
1257 1902 1489 1959 Domino
1524 1916 1821 1974 pravorum
1849 1899 2158 1956 inimicitias

556 2004 657 2049 exc
676 1991 825 2049 tavit.

555 1999 825 2051 excitavit.

1077 2144 1303 2207 OAPUT
1330 2142 1641 2205 XXXVIII.

563 2259 633 2319 Ut
655 2272 833 2316 saera
858 2258 1171 2333 Scriptum
1197 2258 1704 2402 (558001118
1735 2258 1960 2330 regulas
2004 2259 2159 2313 recte

554 2492 561 2499 .
625 2434 911 2509 Admoneo
941 2435 1107 2499 etiam
1135 2443 1287 2497 tuam
1315 2434 1689 2503 dilectionem,
1721 2440 1781 2490 ut
1823 2449 1950 2490 cum
1984 2447 2161 2490 sacra:

562 2522 855 2609 Scriptum
883 2524 1070 2582 verbis
1098 2523 1262 2583 etiam
1292 2539 1478 2581 sacras
1517 2522 1762 2598 regulas,
1794 2522 1933 2580 sicut
1959 2537 1994 2578 a
2029 2536 2158 2576 san-

563 2620 653 2671 cto
681 2612 882 2689 Spiritu
924 2631 1032 2691 quo
1081 2620 1137 2673 et
1183 2628 1360 2673 sacras
1399 2613 1698 2684 Scripturae
1737 2619 1862 2671 sunt
1905 2611 2156 2674 conditas.

564 2701 871 2779 intelligas:
903 2701 1163 2776 quoniam
1202 2701 1295 2783 qui
1323 2717 1497 2758 sacrm
1523 2700 1666 2775 legis
1689 2700 1856 2758 verba
1874 2714 1986 2756 non
2011 2706 2162 2756 recte

563 2788 892 2875 intelligunt,
935 2789 1356 2847 saluberrimum
1382 2790 1495 2849 vini
1520 2797 1706 2873 potum
1734 2790 1791 2848 in
1818 2789 2017 2845 veneni
2059 2787 2161 2843 sibi

559 2877 818 2963 poculum
847 2887 1083 2949 vertunt,
1115 2895 1181 2936 ac
1208 2894 1310 2951 per
1337 2876 1666 2934 medicinale
1694 2877 1906 2934 ferrum
1936 2876 2162 2932 vulnere

565 2983 626 3023 se
654 2966 1103 3039 mortaliferiunt,
1139 2967 1271 3033 dum
1289 2982 1388 3049 per
1414 2967 1520 3024 hoc
1547 2967 1603 3029 in
1635 2982 1695 3022 se
1707 2981 1843 3023 sana
1867 2964 2158 3041 perimunt,

2267 1821 2480 1876 Tuvero
2512 1818 2672 1874 homo
2700 1814 2995 1872 unanimis
3029 1813 3153 1870 dux
3177 1829 3338 1870 meus
3367 1816 3426 1869 et
3451 1814 3623 1870 notus
3664 1826 3848 1878 meus,

2257 1909 2354 1982 qui
2381 1908 2556 1964 simul
2583 1922 2807 1963 mecum
2827 1904 3019 1961 dulces
3030 1900 3286 1976 cupiebas
3301 1901 3470 1970 cibos,
3491 1903 3556 1957 in
3567 1899 3727 1958 domo
3746 1901 3853 1956 Do.

2258 1984 2404 2053 mini
2424 1994 2836 2053 ambulavimus
2852 2007 2984 2050 cum
2999 2005 3282 2048 consensu
3300 1990 3474 2062 (Psal.
3497 1987 3633 2060 Lrv).
3651 1988 3721 2044 Et
3733 2004 3854 2043 rur-

2260 2100 2385 2140 sum
2418 2103 2432 2140 :
2460 2084 2628 2140 Homo
2645 2082 2805 2157 pacis
2830 2096 2992 2150 meat,
3005 2081 3070 2136 in
3081 2096 3186 2158 quo
3206 2078 3519 2152 sperabam,
3541 2078 3711 2151 etqui
3729 2076 3855 2134 adeo

2258 2175 2352 2232 bat
2357 2189 2538 2248 panes
2552 2187 2703 2229 meos
2721 2170 3025 2244 ampliavit
3033 2166 3330 2226 adversum
3342 2182 3435 2224 me
3443 2166 3859 2240 supplantatio-

2257 2278 2390 2320 nem
2413 2260 2591 2334 (Psal.
2614 2260 2732 2331 ιι).
2755 2261 2834 2314 Ac
2854 2257 2902 2314 si
2921 2257 2990 2313 de
3008 2256 3266 2314 traditore
3282 2271 3383 2312 suo
3402 2254 3608 2327 apertis
3624 2253 3857 2311 vocibus

2258 2351 2442 2408 dicat:
2474 2347 2999 2422 Transgressiouem
3030 2346 3148 2416 ejus
3187 2352 3338 2400 tanto
3380 2343 3603 2418 gravius
3637 2341 3861 2416 pertuli-

2259 2446 2462 2517 quanto
2471 2439 2617 2494 hanc
2636 2436 2708 2493 ab
2727 2452 2794 2492 eo
2806 2436 2898 2508 qui
2916 2450 3071 2490 meus
3082 2449 3207 2490 esse
3226 2432 3513 2489 videbatur
3523 2431 3693 2488 sensi.
3715 2429 3859 2487 0m-

2258 2543 2360 2585 nes
2380 2543 2516 2601 ergo
2536 2525 2714 2592 electi,
2729 2523 2858 2598 quia
2877 2522 3055 2579 sumni
3066 2521 3256 2595 capitis
3266 2521 3515 2578 membra
3536 2528 3680 2589 sunt,
3693 2530 3859 2592 caput

2260 2632 2479 2693 quoque
2528 2630 2650 2671 sum
2696 2613 2754 2669 in
2807 2610 3154 2684 passionibus
3199 2618 3499 2683 sequuntur
3522 2653 3536 2676 ,
3592 2617 3651 2664 ut
3704 2609 3859 2680 ipsos

2260 2703 2604 2762 adversarios
2631 2703 2687 2757 in
2717 2716 2819 2757 sua
2847 2707 3020 2756 morte
3057 2699 3312 2766 sentiant,
3362 2698 3431 2754 de
3478 2713 3712 2771 quorum
3747 2697 3859 2754 vita

2260 2792 2684 2870 praesumebant,
2734 2798 2788 2846 et
2835 2797 2983 2845 tanto
3031 2787 3111 2844 eis
3160 2794 3369 2844 crescat
3404 2801 3620 2844 merces
3648 2785 3854 2859 operis,

2260 2889 2464 2959 quanto
2515 2881 2595 2936 eis
2644 2878 2861 2935 virtutis
2918 2877 3134 2934 lucrum
3188 2873 3401 2948 proﬁcit
3453 2883 3503 2931 et
3555 2890 3623 2931 ex
3664 2874 3862 2931 alienis

2262 2968 2464 3026 damno
2493 2967 2794 3026 charitatis.
2826 2967 2896 3022 Et
2944 2964 3198 3039 quoniam
3223 2964 3404 3021 minus
3441 2963 3621 3034 jacula
3655 2962 3864 3019 feriunt

562 3071 672 3166 per
690 3055 839 3166 quod
860 3054 1155 3166 salubriter
1189 3054 1498 3166 ‘al‘t‘scidere
1533 3054 1784 3154 sauciata
1804 3053 2114 3166 debuerunt
2147 3069 2160 3110 :
2193 3100 2246 3166 Ο
2265 3075 2410 3158 quae.
2444 3055 2846 3166 praevidentur,‘
2887 3063 2941 3111 et
2953 3069 3090 3166 Lnos
3118 3051 3448 3152 tolerabilius
3478 3052 3667 3166 mundi
3714 3053 3867 3108 mala

567 3137 708 3229 quos
734 3142 988 3213 Videlicet
1033 3144 1103 3200 ad
1130 3144 1465 3204 intellectum
1481 3137 1742 3225 ‘prawm
1770 3143 1998 3200 intentio
2033 3157 2164 3214 per-
2194 3137 2246 3166 υ
2267 3145 2614 3218 suscipimus,
2645 3145 2694 3200 si
2722 3151 2909 3201 contra
2953 3142 3072 3199 haec
3098 3158 3200 3214 per
3224 3141 3582 3214 praescientiae
3608 3140 3865 3215 clypeum

566 3248 726 3301 versa
753 3246 866 3291 non
891 3241 1123 3309 raperet,
1154 3231 1260 3293 nisi
1279 3233 1431 3317 prius
1457 3233 1717 3314 superbia
1747 3231 1963 3288 inﬂaret
1991 3249 2004 3286 :
2039 3230 2166 3286 dum

569 3321 717 3388 enim
759 3336 822 3378 se
853 3337 968 3407 prae
1021 3322 1230 3381 caeteris
1287 3321 1561 3403 sapientes
1609 3320 1962 3390 arbitrantur,
2012 3320 2167 3393 sequi

571 3408 708 3478 alios
735 3408 805 3465 ad
829 3408 1026 3469 melius
1071 3408 1348 3473 intellecta
1373 3409 1680 3489 despiciunt
1710 3426 1724 3464 :
1748 3416 1909 3481 atque
1937 3417 1995 3464 ut
2023 3408 2170 3483 apud

570 3495 882 3578 ignperitum
909 3497 1108 3575 vulgus
1155 3498 1397 3557 scientiae
1427 3497 1530 3561 sibi
1559 3513 1760 3554 nomen
1787 3505 2164 3569 extorqueant,

571 3587 792 3657 student
825 3603 1172 3660 summopere
1215 3594 1267 3644 et
1310 3587 1378 3642 ab
1405 3586 1528 3643 aliis
1574 3593 1724 3644 recte
1759 3585 2038 3643 intellecta
2067 3585 2168 3641 de-

574 3684 790 3742 struere
833 3682 888 3743 et
925 3693 1021 3741 sua
1049 3692 1310 3757 perversa
1338 3676 1598 3735 roborare
1624 3694 1639 3745 ;
1672 3690 1903 3753 quorum
1949 3673 2168 3749 sapien-

577 3764 654 3830 tia
682 3765 832 3829 Sicut
850 3764 1132 3831 novacula
1150 3769 1320 3829 acuta
1334 3766 1479 3839 facit
1497 3764 1692 3820 dolum
1713 3762 1888 3835 (Psal.
1911 3763 2009 3833 LI);
2046 3762 2171 3837 quia

585 3853 726 3920 sicut
752 3851 1014 3921 novacula
1041 3847 1198 3909 acuta
1243 3868 1388 3931 saepe
1417 3850 1683 3911 assimilat
1707 3867 1768 3906 se
1796 3866 1965 3925 agere
1990 3849 2171 3906 vultus

575 3941 831 4015 nitorem,
863 3947 918 3996 et
961 3955 1134 4019 genus
1179 3940 1407 3999 vulnere
1455 3957 1553 3996 suo
1600 3939 1829 4011 sauciat,
1879 3938 1952 3994 ita
1979 3939 2173 3994 dolosa

577 4028 811 4097 versutia
829 4028 958 4095 dolo
982 4044 1175 4101 pravae
1195 4027 1567 4103 intelligentiae
1594 4028 1844 4087 vulnerat
1872 4043 2008 4103 quos
2036 4044 2172 4084 sano

579 4134 746 4185 sensu
775 4132 974 4183 sanare
1005 4134 1066 4173 se
1095 4117 1333 4185 simulat.
1364 4118 1520 4177 Unde
1557 4118 1697 4174 bene
1723 4134 1827 4194 per
1851 4117 2172 4194 prophetam

577 4206 810 4276 dicitur:
839 4209 1155 4279 Secuertmt
1179 4210 1543 4285 praegnantes
1583 4207 1795 4265 Galaad
1822 4205 1896 4263 ad
1923 4205 2174 4262 dilatan-

581 4297 718 4362 dum
758 4298 1067 4365 terminum
1097 4313 1264 4363 suum
1293 4297 1480 4367 (Amos
1501 4297 1561 4365 ι).
1597 4295 1732 4365 Quia
1751 4293 2008 4352 nimirum
2033 4295 2172 4349 bene

576 4384 722 4451 dicta
750 4401 918 4469 prave
945 4384 1332 4456 intelligentes,
1375 4383 1617 4440 ﬁdelium
1652 4392 1885 4453 mentes,
1915 4400 2037 4461 qua:
2059 4383 2173 4457 jam

2265 3234 2558 3302 munimur,
2591 3249 2658 3290 eo
2705 3231 2810 3288 ista
2851 3232 2922 3287 de
2989 3240 3040 3287 te
3106 3230 3444 3288 tolerabilius
3506 3237 3688 3303 porto,
3755 3245 3864 3302 quo

2265 3324 2432 3398 longe
2462 3331 2587 3379 ante
2633 3338 2733 3395 per
2768 3321 3093 3394 prophetam
3130 3335 3162 3374 a
3190 3318 3422 3375 Domino
3451 3317 3658 3374 dictum
3684 3317 3815 3392 lego
3850 3337 3864 3374 :

2273 3409 2887 3486 Unusquisque,inquit,
2925 3411 3238 3482 αρνοωὶΜο
3257 3423 3358 3465 suo
3393 3424 3454 3464 se
3470 3406 3774 3475 custodiat,
3808 3413 3869 3464 et

2268 3503 2334 3558 in
2356 3503 2515 3558 omni
2542 3503 2726 3574 fratre
2747 3516 2844 3556 suo
2865 3514 2979 3556 non
3005 3498 3203 3554 habeat
3218 3496 3505 3568 ﬁduciam,
3529 3498 3663 3569 quia
3677 3499 3867 3554 omnis

2268 3593 2455 3671 frater
2483 3590 2863 3662 supplantant:
2904 3584 3314 3660 supplantabit,
3345 3589 3403 3641 et
3428 3584 3613 3641 omnis
3642 3585 3869 3643 amicus

2268 3678 2677 3759 fraudulenter
2686 3675 2928 3746 incedet,
2949 3679 3005 3731 et
3022 3676 3110 3732 vir
3123 3677 3369 3747 fratrem
3383 3690 3553 3730 suum
3567 3674 3864 3741 deridebit,

2272 3770 2328 3822 et
2359 3767 2661 3823 veritatem
2686 3780 2802 3820 non
2825 3765 3084 3836 loquetur
3111 3762 3246 3834 (Jer.
3277 3761 3381 3834 Ix).
3412 3762 3484 3817 Et
3511 3760 3674 3834 paulo
3701 3770 3864 3834 post:

2270 3856 2337 3911 In
2377 3870 2470 3912 ore
2498 3868 2700 3928 pacem
2743 3869 2875 3910 cum
2913 3852 3095 3909 amico
3121 3868 3221 3908 suo
3253 3851 3528 3925 loquetur,
3559 3854 3617 3908 et
3645 3851 3870 3908 occulte

2266 3946 2439 4029 ponet
2458 3942 2510 3998 ei
2525 3941 2797 4029 insidias,
2812 3940 3072 4029 nunquid
3087 3956 3256 4014 super
3271 3939 3359 3996 his
3368 3955 3485 4029 non
3502 3939 3759 4008 visitabo,
3782 3939 3871 3997 di-

2270 4027 2352 4088 εει
2379 4030 2688 4088 Dominus?
2718 4028 2940 4100 (Matth.
2954 4028 3040 4099 Χ.)
3061 4029 3128 4083 Et
3155 4043 3256 4100 per
3277 4027 3628 4099 semetipsam
3648 4027 3870 4084 Veritas

2271 4117 2402 4176 dicit
2433 4135 2448 4172 :
2483 4119 2709 4174 Inimici
2725 4117 2970 4174 hominis
2990 4116 3284 4173 domestici
3302 4119 3422 4188 ejus
3450 4115 3671 4188 (Malae.
3689 4115 3778 4189 rt).
3798 4116 3871 4174 Et

2270 4223 2396 4264 cum
2415 4207 2522 4264 scri
2527 4215 2678 4278 ptum
2700 4205 2769 4260 sit
2791 4222 2806 4260 :
2827 4206 3000 4262 Labia
3018 4203 3324 4262 sacerdotis
3342 4205 3664 4262 custodiant
3685 4207 3872 4262 scien-

2273 4295 2434 4367 tiam,
2467 4300 2525 4352 et
2555 4296 2749 4368 legem,
2774 4310 2895 4367 quae
2914 4293 3053 4349 inter
3070 4291 3176 4349 alia
3205 4291 3335 4350 dicit
3359 4308 3372 4346 :
3395 4293 3617 4351 Honora
3638 4298 3870 4366 patrem

2275 4389 2438 4442 tuum
2465 4388 2522 4442 et
2537 4388 2781 4441 matrem
2812 4387 2992 4450 tuam,
3024 4384 3318 4455 requirent
3342 4397 3418 4438 ex
3438 4396 3534 4439 ore
3559 4384 3717 4455 ejus,.
3737 4384 3871 4459 quia

577 4460 784 4555 aliquid
803 4472 872 4537 de
901 4470 1148 4537 veritatis
1186 4471 1465 4537 intellectu
1493 4479 1877 4548 conceperant,
1909 4460 2172 4543 perversa
2198 4460 2253 4522 D
2274 4474 2510 4545 angelus
2563 4473 2793 4530 Domini
2851 4473 3212 4528 exercituum
3266 4475 3354 4527 est
3397 4470 3598 4542 (Exod.
3628 4471 3757 4540 xx).
3792 4472 3871 4527 Tu

575 4561 829 4629 doctrina
864 4559 1134 4643 perimunt
1164 4576 1179 4620 ς
1213 4566 1266 4621 et
1292 4560 1426 4624 dum
1455 4559 1696 4616 scientiae
1721 4559 1826 4615 sibi
1845 4574 2044 4617 nomen
2072 4575 2172 4614 ex-

578 4650 822 4717 tendunt,
872 4648 1226 4726 parvulorum
1280 4647 1446 4708 corda
1497 4649 1614 4726 jam
1669 4647 1738 4702 de
1785 4645 1941 4702 verbi
1971 4661 2172 4702 conce-

576 4738 761 4813 titione
790 4737 1017 4819 gravida
1045 4736 1249 4803 erroris
1276 4734 1464 4810 gladio
1490 4733 1775 4802 scindunt,
1800 4742 1856 4789 et
1883 4734 2041 4806 quasi
2069 4734 2173 4790 do-

582 4825 772 4893 ctrina
797 4825 903 4893 sibi
947 4827 1262 4901 opinionem
1293 4825 1510 4884 faciunt.
1561 4822 1771 4896 Quibus
1813 4821 2047 4894 primum
2071 4838 2172 4878 ne-

557 4927 737 4993 ;esse
767 4921 851 4977 est.
878 4931 948 4981 ne
975 4916 1196 4981 inanem
1221 4914 1455 4995 gloriam
1483 4918 1763 4996 quaerant:
1793 4909 1924 4983 quia
1951 4911 1997 4966 si
2024 4911 2173 4966 radix

581 4999 831 5066 elationis
858 5001 1169 5079 absciditur,
1199 5009 1599 5075 consequenter
1628 4998 1767 5057 rami
1793 5015 1973 5074 prava:
2001 5016 2174 5057 asser-

580 5088 743 5155 tionis
770 5088 1024 5159 cratium,
1056 5092 1195 5155 Nam
1238 5089 1489 5155 catholici
1524 5090 1796 5158 doctores,
1831 5096 1885 5143 et
1912 5088 2173 5146 Ecclesiae

580 5184 786 5247 male:
833 5187 1098 5249 restores,
1141 5181 1233 5261 qui
1261 5181 1332 5239 de
1360 5178 1663 5239 heeresibus
1693 5176 2044 5255 scripserunt,
2077 5194 2173 5235 eos

580 5266 675 5343 qui
702 5267 871 5334 verba
910 5267 1081 5335 divini
1126 5268 1328 5345 eloquii
1372 5285 1484 5327 non
1513 5274 1666 5325 recte
1715 5265 2044 5343 intelligunt,
2085 5268 2174 5331 vel

578 5371 692 5422 non
737 5364 886 5425 recte
920 5355 1360 5439 interpretantur,
1410 5357 1512 5419 sed
1545 5357 1614 5415 ad
1670 5371 1801 5421 suos
1839 5371 2035 5412 sensus
2079 5356 2174 5413 illa

574 5443 946 5525 allegoriam,
977 5446 1033 5508 in
1062 5447 1315 5523 catalogo
1334 5463 1498 5521 prave
1529 5445 1871 5504 sentientium
1900 5445 2174 5502 haereticis

576 5540 1033 5592 connumercntes
1061 5535 1353 5592 ascribunt.

2271 4576 2302 4616 e
2377 4568 2587 4626 contra,
2643 4576 2714 4615 ne
2765 4559 3086 4634 magnitudo
3160 4557 3570 4615 miserationum
3627 4559 3867 4616 Domini.

2274 4665 2410 4720 quas
2437 4648 2507 4704 de
2536 4662 2701 4703 manu
2729 4647 2870 4702 illius
2900 4648 3133 4722 gratuita
3159 4647 3334 4721 gratia
3380 4647 3498 4704 sine
3527 4647 3728 4704 merito
3758 4647 3870 4704 ullo

2274 4736 2511 4808 suscepi,
2599 4736 2816 4792 extollat
2869 4751 2978 4803 me,
3054 4734 3212 4791 datus
3269 4752 3330 4791 es
3409 4735 3543 4790 mihi
3616 4735 3869 4793 stimulus

2273 4824 2734 4899 recognoscendas
2780 4822 3106 4880 inﬁrmitatis
3169 4840 3324 4892 meat,
3403 4823 3634 4898 angelus
3706 4825 3869 4882 Sata-

2272 4930 2378 4982 nae,
2426 4921 2484 4969 ut
2535 4929 2626 4969 me
2662 4920 2715 4968 et
2769 4921 3001 4969 matrem
3073 4919 3218 4969 tuam
3273 4913 3607 4970 Rhemorum
3654 4921 3868 4970 metro-

2271 5003 2459 5081 polim,
2547 5018 2670 5074 quae
2754 5010 2806 5060 te
2856 5002 3097 5071 nutrivit,
3173 5002 3326 5058 elatis
3382 5001 3626 5058 moribus
3682 5010 3736 5059 et
3792 5003 3869 5058 in.

2272 5090 2596 5150 obedientiis
2645 5091 2970 5162 colaphizes.
3030 5091 3140 5148 Sed
3185 5091 3364 5148 sciens
3420 5091 3550 5167 quia
3595 5091 3769 5147 virtus
3810 5091 3873 5148 in

2271 5179 2578 5236 infirmitate
2630 5178 2920 5255 perﬁcitur,
2980 5180 3212 5236 libenter
3266 5179 3544 5252 gloriabor
3619 5179 3675 5234 in
3758 5180 3868 5247 his,

2272 5286 2395 5345 quin
2439 5267 2839 5324 infirmitatibus
2893 5268 3051 5337 meis,
3107 5275 3198 5323 aut
3251 5283 3283 5324 a
3336 5268 3454 5324 Deo
3509 5283 3612 5340 per
3665 5283 3869 5342 corpo-

2271 5356 2413 5414 rales
2476 5356 2756 5414 molestias
2789 5403 2804 5429 ,
2853 5364 2944 5412 aut
2997 5373 3031 5413 a
3091 5356 3312 5412 diabolo
3366 5370 3468 5427 per
3512 5356 3865 5425 tentationes,

2271 5452 2366 5501 aut
2419 5446 2490 5502 ab
2526 5445 2746 5502 homine
2774 5461 2875 5518 per
2901 5445 3172 5518 quaslibet
3218 5444 3587 5501 immissiones
3612 5444 3868 5502 inferun-

2273 5542 2379 5604 tur,
2438 5541 2497 5590 ut
2547 5532 2807 5590 inhabitet
2860 5534 2913 5588 in
2941 5549 3030 5590 me
3056 5533 3272 5590 inﬁrmo
3319 5532 3487 5591 virtus
3514 5533 3740 5601 Christi,
3770 5535 3867 5609 qui
