4164 6334
308 260 410 317 L31

1057 257 1237 314 OPUS
1259 257 1318 314 C.
1374 256 1465 314 ET
1509 255 1730 314 EPIST.
1780 257 1852 315 ΙΝ
1900 255 2124 316 CAUSA
2173 254 2515 323 una:th
2551 254 2856 325 LAUDUN.

3515 254 3617 337 tit

312 383 525 458 perﬁcit
571 384 629 439 in
677 381 984 438 inﬁrmitate
1026 383 1299 438 virtutem.
1347 381 1654 438 Periculum
1697 395 1914 452 quoque
1943 381 2000 448 Α
2019 378 2126 436 dite
2169 379 2340 444 livore
2386 378 2741 450 insequimur,
2798 378 3072 452 itaitantgs
3126 379 3280 458 illum
3331 379 3423 460 qui
3475 337 3616 464 nigri

315 473 625 542 discordiae,
659 487 824 545 quam
863 479 1054 528 contra
1099 471 1482 526 auctoritatem
1529 478 1584 525 et
1625 469 1912 535 rationem,

314 570 616 635 contraque
646 561 872 616 salutem
902 568 1051 616 tuam
1081 574 1218 632 erga
1247 575 1336 614 me
1363 558 1566 614 videris
1611 558 1833 623 habere,
1884 573 1918 612 a

314 661 368 708 te
394 650 726 724 quantocius
773 665 966 705 amove
1000 666 1014 704 :
1045 647 1350 704 certissime
1402 647 1600 716 sciens,
1657 646 1916 717 quoniam

313 739 666 813 quantislibet
707 738 994 795 virtutibus
1035 737 1261 808 polleas,
1310 735 1568 806 spiritalis
1609 735 1916 790 nullatenus

311 828 430 884 ﬁeri
461 837 644 900 potes,
678 828 722 882 si
753 827 896 882 uniri
925 843 1027 897 per
1053 825 1406 882 concordiam
1432 824 1564 879 mihi
1613 833 1665 879 et
1695 823 1915 879 caeteris

313 917 574 972 fratribus
631 917 740 971 tuis
793 914 1124 988 neglexeris.
1187 913 1455 985 Scriptum
1511 912 1712 984 quippe
1771 919 1855 966 est
1898 929 1911 965 :

312 1007 558 1062 Fructus
584 1006 833 1078 Spiritus
854 1009 939 1061 est
959 1005 1230 1066 charitas,
1252 1003 1544 1074 gaudium,
1560 1018 1682 1074 pax
1703 1001 1910 1070 (Galat.

312 1097 372 1164 ν)
419 1113 432 1149 :
481 1093 578 1166 qui
625 1101 807 1148 autem
851 1107 1070 1148 servare
1126 1107 1318 1162 pacem
1373 1107 1484 1145 non
1537 1097 1714 1154 curat,
1767 1087 1914 1144 ferre

311 1182 542 1238 fructum
573 1181 1067 1253 Spiritus'recusat.
1099 1181 1292 1235 Certus
1321 1179 1466 1234 enim
1506 1194 1585 1243 es,
1635 1179 1681 1230 si
1723 1192 1915 1230 sanum

313 1271 486 1342 sapis,
521 1269 783 1342 quoniam
811 1269 996 1324 taudiu
1024 1268 1234 1323 nullum
1262 1267 1390 1322 boni
1431 1265 1612 1337 operis
1655 1267 1772 1320 Deo
1818 1281 1912 1320 sa—

314 1358 581 1416 criﬁcium
609 1358 880 1424 immolas,
916 1357 1154 1428 quandiu
1180 1371 1213 1410 a
1239 1369 1612 1427 proximorum
1654 1353 1913 1408 charitate

313 1449 604 1504 discordes
637 1466 650 1500 :
683 1447 853 1502 multo
880 1445 1062 1499 minus
1090 1453 1291 1512 autem,
1339 1443 1387 1497 si
1418 1460 1449 1497 a
1478 1442 1763 1497 dilectione
1790 1455 1914 1496 mea

312 1537 621 1604 discordes,
653 1536 744 1607 qui
777 1543 829 1590 te
869 1533 1104 1604 benigne
1151 1532 1497 1587 nutriendum
1540 1529 1776 1600 suscepi,
1827 1545 1913 1584 or-

310 1626 556 1696 phanum
585 1622 732 1678 dulci
777 1621 1070 1678 dilectione
1126 1619 1344 1686 nutrivi,
1403 1619 1459 1672 in
1515 1617 1776 1673 clericum
1833 1625 1913 1671 to-

311 1713 483 1780 tondi,
517 1711 710 1766 litteris
738 1726 840 1782 per
867 1725 957 1764 me
985 1716 1040 1764 ‘et
1067 1725 1164 1780 per
1192 1723 1542 1779 quoscunque
1586 1706 1738 1776 potui
1783 1721 1909 1760 eru-

309 1801 440 1866 divi,
472 1815 574 1870 per
603 1798 848 1870 singulos
895 1799 1101 1871 gradus
1149 1797 1220 1851 ad
1275 1795 1522 1852 ordinem
1571 1794 1915 1866 episcOpatus

309 1889 558 1961 provexi,
621 1887 1041 1943 familiaritatem
1100 1893 1154 1940 et
1210 1884 1557 1940 dulcedinem
1611 1882 1916 1938 dilectionis

309 1977 498 2033 domui
530 1977 706 2032 nostri
736 1975 888 2048 regis
915 1975 1014 2038 tibi
1041 1973 1266 2030 obtinui.
1317 1973 1555 2028 Pensare
1604 1972 1749 2027 enim
1791 1987 1914 2026 cum

309 2081 517 2139 magno
561 2065 756 2120 timore
804 2063 974 2119 debes
1015 2063 1161 2135 quod
1211 2060 1471 2132 scriptum
1502 2069 1585 2116 est
1617 2077 1629 2115 :
1662 2061 1721 2116 Si
1748 2061 1912 2130 offers

308 2171 524 2212 munus
556 2159 720 2210 tuum
741 2153 813 2209 ad
831 2153 1040 2222 altare,
1063 2156 1120 2208 et
1139 2151 1218 2206 ibi
1237 2149 1564 2206 recordatus
1583 2151 1763 2220 fueris
1783 2166 1910 2220 quo-

309 2247 471 2300 niam
487 2247 676 2316 frater
699 2247 828 2298 tuus
849 2241 1012 2298 habet
1032 2241 1248 2312 aliquid
1267 2239 1566 2294 adversum
1583 2242 1637 2293 te
1656 2239 1912 2308 relinque

305 2335 385 2390 ibi
411 2349 628 2389 munus
661 2337 825 2388 tuum
855 2334 990 2387 ante
1019 2331 1223 2394 altare,
1246 2333 1302 2384 et
1330 2328 1462 2384 vade
1483 2327 1643 2400 prius
1661 2329 1910 2382 reconci-

310 2423 445 2478 liari
474 2423 654 2494 fratri
693 2425 808 2486 tuo,
837 2423 892 2474 et
924 2423 1062 2474 tunc
1093 2419 1323 2474 veniens
1351 2419 1491 2488 offer
1520 2433 1730 2472 munus
1749 2419 1911 2470 tuum

304 2511 530 2578 (Matth.
567 2526 624 2578 v,
655 2511 768 2579 23).
802 2510 883 2562 Ex
914 2522 1023 2578 qua
1052 2506 1260 2561 scilicet
1311 2505 1678 2577 praeceptione
1723 2503 1910 2560 consi-

305 2601 501 2655 derare
529 2599 721 2665 debes,
767 2613 930 2668 quam
975 2594 1338 2650 intolerabilis
1385 2594 1503 2662 ejus
1552 2593 1713 2663 culpa
1755 2609 1909 2648 mon-

303 2695 532 2755 stratur,
581 2686 734 2755 cujus
789 2685 968 2740 hostia
1023 2683 1325 2754 repellitur.
1386 2684 1528 2736 Nam
1581 2697 1708 2736 cum
1764 2679 1912 2735 mala

303 2784 501 2833 cuncta
520 2775 682 2830 bonis
711 2773 1066 2845 sequentibus
1095 2772 1384 2840 diluantur,
1437 2770 1772 2842 pensandum
1811 2785 1909 2824 no-

305 2866 394 2920 bis
422 2873 508 2920 est
537 2869 739 2936 quanta
788 2861 892 2916 sint
937 2861 1082 2916 mala
1130 2860 1442 2926 discordiae,
1488 2875 1610 2932 quae
1657 2857 1760 2914 nisi
1809 2874 1907 2912 ex-

304 2955 506 3010 stincta
533 2951 778 3007 funditus
806 2949 1026 3017 iuerint,
1086 2949 1289 3005 bonum
1336 2947 1492 3019 sequi
1534 2962 1646 3003 non
1685 2945 1909 3017 permit-

301 3051 424 3098 tunt
457 3060 471 3096 :
505 3041 634 3113 quia
663 3039 916 3112 quaelibet
944 3039 1001 3094 in
1028 3038 1190 3092 nobis
1219 3038 1360 3092 bona
1390 3053 1560 3108 opera
1594 3036 1813 3102 fuerint,
1863 3036 1910 3090 si

303 3131 549 3189 cbaritas
579 3129 726 3196 disit,
757 3144 858 3200 per
887 3127 1090 3182 malum
1129 3126 1419 3181 discordiae
1465 3127 1617 3180 locus
1664 3125 1906 3196 aperitur

299 3222 359 3277 in
389 3221 528 3286 acie,
559 3227 618 3274 ut
647 3219 717 3274 ad
747 3217 1050 3273 feriendum
1077 3230 1180 3272 nos
1235 3216 1410 3271 valeat
1457 3214 1630 3268 hostis
1676 3214 1900 3269 intrare.

302 3311 446 3382 Ego,
481 3307 648 3364 crede
677 3307 830 3375 mihi,
861 3322 972 3361 non
1002 3313 1202 3371 tecum,
1246 3305 1343 3358 sed
1387 3319 1511 3359 cum
1549 3302 1656 3356 tuis
1705 3302 1904 3372 impro-

303 3397 583 3452 babilibus
610 3394 856 3450 moribus
885 3402 938 3450 et
967 3401 1186 3449 actuum
1213 3391 1468 3461 motibus,
1519 3391 1588 3445 de
1625 3390 1822 3461 quibus
1851 3397 1903 3446 te

302 3502 451 3557 sepe
483 3493 537 3539 et
565 3484 746 3540 verbis
777 3491 832 3537 et
858 3482 1051 3536 litteris
1079 3479 1405 3552 reprehendi
1462 3488 1515 3534 et
1543 3477 1820 3550 castigavi,
1853 3486 1906 3533 et

300 3584 362 3630 ut
389 3575 574 3639 doleo,
605 3571 772 3639 dolui,
807 3570 1138 3626 discordiam
1164 3569 1361 3623 habeo.
1412 3569 1516 3622 Fac
1565 3568 1709 3639 quod
1758 3567 1904 3622 salu-

299 3664 477 3719 briter
501 3662 602 3716 tibi
631 3661 812 3732 cupio,
843 3667 896 3714 et
925 3667 1015 3714 tuo
1044 3658 1298 3714 convenit
1341 3657 1665 3722 ministerio,
1719 3664 1772 3710 et
1816 3673 1904 3711 me

300 3751 634 3824 placabilem
661 3766 724 3804 ac
753 3747 1121 3820 praestabilem
1149 3747 1205 3800 in
1234 3747 1440 3801 cunctis
1471 3744 1714 3800 habebis.
1758 3745 1904 3799 Alio—

304 3841 438 3912 quin
467 3837 820 3909 exspectabo,
859 3837 904 3890 si
945 3852 1046 3908 per
1087 3835 1189 3890 Dei
1235 3835 1463 3907 gratiam
1514 3834 1743 3888 verbum
1796 3834 1904 3888 Do—

200 3920 206 3925 ’
301 3929 458 3998 mini,
491 3929 640 3998 quod
669 3927 810 3980 inter
838 3941 928 3980 me
977 3932 1028 3979 et
1076 3933 1128 3978 te
1176 3924 1358 3978 adhuc
1404 3923 1635 3989 laborat,
1687 3922 1903 3976 tandem

301 4017 661 4090 requiescere
680 4015 880 4070 valeat.
910 4015 968 4069 Si
985 4013 1318 4085 peccaverit,
1337 4011 1529 4082 inquit,
1553 4013 1617 4066 in
1649 4015 1701 4066 te
1722 4013 1906 4082 frater

305 4113 456 4176 tuus,
494 4109 727 4176 increpa
753 4104 924 4159 illum
943 4122 960 4158 :
979 4104 1030 4158 si
1047 4102 1444 4173 penitentiam
1465 4101 1656 4171 egerit,
1681 4100 1904 4154 dimitte

300 4197 396 4251 illi
409 4195 632 4265 (Matth.
658 4190 842 4262 xvm).
868 4189 1092 4245 Interim
1121 4197 1318 4256 autem,
1339 4189 1513 4244 donec
1542 4189 1646 4242 hoc
1675 4187 1906 4243 verbum

303 4283 527 4340 Domini
556 4282 700 4336 inter
728 4296 816 4334 me
847 4287 898 4334 et
925 4287 978 4338 te
999 4277 1292 4346 laborabit,
1343 4285 1465 4330 utar
1515 4275 1767 4331 continue
1817 4291 1903 4328 sa-

303 4372 482 4428 lubris
511 4369 741 4425 antidoti
765 4355 1033 4423 medicina
1073 4375 1261 4421 contra
1299 4363 1636 4418 mortiferum
1688 4363 1904 4418 discor-

2016 467 2178 522 etiam
2201 483 2310 540 pro
2339 467 2574 530 inimicis
2603 474 2848 538 venerat,
2898 475 2951 524 et
2982 475 3161 537 tamen
3205 469 3505 544 pqsiturum
3553 483 3614 540 se

2013 555 2253 612 animam
2281 571 2382 627 pro
2408 555 2598 613 amicis
2623 554 2860 621 dicebat,
2913 563 2969 626 ut
3017 555 3260 632 profecto
3308 544 3484 628 nobis
3514 547 3613 613 osv

2013 644 2294 712 tenderet,
2349 643 2475 716 quia
2529 659 2688 703 cum-
2711 643 2988 715 diligendo
3041 643 3250 716 lucrum
3305 644 3486 721 facere
3541 645 3611 708 de

2013 732 2250 788 inimicis
2276 748 2591 803 possumus,
2635 732 2796 788 etiam
2837 731 2942 802 ipsi
2971 731 3134 790 amici
3175 739 3301 796 sunt
3347 733 3438 804 qui
3478 749 3610 806 per-

2015 830 2332 892 sequuntur.
2379 819 2514 889 Quae
2558 837 2670 877 non
2715 820 2840 876 ideo
2889 820 3032 888 dico,
3079 826 3136 879 ut
3175 820 3609 894 persecutionem

2013 917 2162 965 tuam
2217 909 2272 964 in
2329 909 2544 964 damnis
2600 909 2992 980 temporalibus
3034 909 3122 967 vel
3168 908 3226 978 in
3271 909 3615 983 contumeliis

2012 995 2252 1067 timeam,
2284 1006 2376 1052 aut
2403 1013 2740 1070 magnopere
2772 997 3022 1065 sentiam,
3066 997 3262 1069 quibus
3301 996 3460 1065 etiam
3510 995 3612 1054 etsi

2013 1085 2165 1140 voles
2193 1103 2281 1140 me
2323 1103 2524 1142 nocere
2571 1102 2679 1142 non
2723 1095 2880 1157 potes
2912 1105 2925 1140 :
2961 1086 3059 1143 sed
3099 1086 3167 1145 de
3215 1085 3307 1142 illa
3350 1101 3614 1162 persecu-

2013 1173 2156 1230 tione
2186 1174 2330 1241 dico,
2363 1175 2488 1230 licet
2517 1175 2620 1230 sim
2665 1175 2917 1244 injustus,
2968 1174 3060 1245 qui
3109 1191 3198 1229 me
3254 1174 3515 1238 veraciter
3559 1182 3615 1239 et

2011 1278 2076 1316 ex
2109 1265 2274 1319 corde
2302 1272 2645 1334 peccatorem
2672 1263 2951 1334 profiteor,
3001 1262 3070 1320 de
3107 1250 3226 1334 qua
3271 1263 3462 1336 beatus
3501 1263 3610 1336 Pe-

2014 1357 2130 1404 trus
2146 1352 2301 1408 dicit:
2323 1353 2596 1420 Quoniam
2607 1354 2760 1409 inter
2775 1368 2906 1424 quos
2921 1352 3059 1410 Loth
3072 1351 3380 1418 habitabat,
3395 1351 3610 1426 iniquis

2011 1441 2264 1510 operibus
2294 1441 2362 1497 de
2378 1442 2478 1520 die
2507 1441 2569 1496 in
2595 1441 2746 1496 diem
2760 1443 2882 1512 ejus
2899 1441 3157 1498 animam
3177 1440 3512 1512 cruciabam
3531 1440 3610 1512 (ΙΙ

2011 1529 2164 1584 Petr.
2199 1529 2280 1600 ιι),
2315 1537 2370 1585 et
2397 1531 2465 1585 de
2495 1545 2605 1600 qua
2633 1528 2926 1600 Apostolus
2955 1528 3206 1584 recolens
3232 1526 3476 1598 historiae
3504 1543 3603 1584 ve-

2011 1617 2142 1671 teris
2174 1636 2186 1670 :
2223 1619 2515 1686 Quomodo,
2547 1617 2736 1689 inquit,
2773 1621 2910 1674 tunc
2935 1619 3004 1683 is,
3029 1617 3125 1687 qui
3141 1615 3456 1677 secundum
3481 1611 3607 1686 ear-

1946 1737 2000 1798 B
2024 1725 2156 1765 nem
2187 1711 2328 1773 erat,
2341 1707 2780 1798 persequebatur
2808 1722 2938 1798 eunt
2971 1707 3066 1777 qui
3089 1704 3404 1774 secundum
3435 1705 3607 1778 spiri-

2015 1803 2156 1863 tum,
2177 1799 2260 1852 ita
2281 1799 2338 1851 et
2357 1813 2514 1850 nunc
2542 1794 2688 1864 (Gal.
2711 1793 2812 1864 tv).
2837 1793 2998 1862 Quia,
3031 1801 3090 1856 ut
3116 1793 3191 1850 ita
3217 1792 3486 1864 dicamus,
3510 1791 3590 1850 fer

2010 1903 2135 1942 rum
2163 1892 2365 1939 nostrae
2393 1883 2586 1938 anima:
2615 1897 2966 1954 nequaquam
2992 1881 3308 1952 perducitur
3335 1880 3406 1950 ad
3435 1879 3606 1950 subti:

2011 1976 2216 2030 litatem
2245 1972 2528 2036 acuminis,
2579 1971 2624 2026 si
2670 1972 2774 2028 hoc
2821 1987 2931 2026 non
2974 1969 3203 2033 eraserit
3248 1969 3438 2038 aliene:
3481 1969 3607 2042 lima

2011 2061 2310 2136 pravitatis.

2616 2169 2843 2224 CAPUT
2885 2167 3000 2222 XL.

2019 2261 2218 2316 Verum
2248 2275 2364 2314 non
2394 2273 2510 2312 esse
2541 2257 2682 2328 quod
2709 2257 2894 2328 dicere
2909 2256 3142 2323 solebat,
3157 2255 3456 2312 Hincmart‘
3473 2269 3609 2310 con-

2289 2329 2416 2382 sitio
2445 2327 2634 2398 regem
2665 2329 2775 2399 ipsi
2803 2327 3166 2384 adversatum
3193 2343 3332 2388 esse.

2083 2428 2150 2481 Et
2183 2425 2308 2496 quia
2337 2425 2542 2480 dictum
2573 2431 2655 2479 est
2682 2424 2835 2492 mihi,
2865 2431 2918 2478 te
2936 2422 3183 2494 plurimis
3203 2423 3382 2480 solere
3399 2423 3606 2490 dicere,

2013 2514 2270 2586 quoniam
2320 2512 2584 2584 quidquid
2633 2512 2748 2577 tibi,
2799 2511 2868 2566 de
2912 2511 3018 2564 tuis
3065 2511 3398 2578 hominibus,
3445 2519 3499 2567 et
3543 2511 3615 2570 de

2009 2602 2322 2658 hominibus
2352 2601 2464 2654 suis
2495 2601 2564 2671 ad
2595 2600 2915 2654 Laudunum
2943 2599 3184 2666 directis,
3209 2599 3350 2654 etde
3369 2615 3436 2654 eo
3461 2600 3610 2672 quod

2010 2700 2064 2746 te
2095 2689 2493 2746 commendavit
2523 2688 2796 2754 Conrado,
2821 2687 3159 2743 contrarium
3175 2688 3410 2742 domnus
3427 2695 3612 2746 noster

2009 2797 2105 2834 rex
2139 2779 2333 2851 egerit,
2365 2779 2470 2833 hoc
2497 2792 2622 2832 meo
2651 2775 2992 2882 instinctiket
3020 2775 3250 2832 consilio
3283 2783 3442 2848 atque
3471 2791 3607 2848 con:

2012 2885 2176 2923 sensu
2206 2867 2411 2939 egisse,
2443 2866 2540 2921 tibi
2569 2865 2753 2920 refero
2781 2881 2893 2920 non
2918 2865 3064 2920 ‘esse
3109 2881 3322 2932 verum,
3371 2865 3512 2921 sicut
3557 2873 3612 2921 et

2011 2957 2226 3028 scriptis
2255 2955 2325 3010 ad
2353 2955 2606 3010 eumdem
2636 2955 2898 3008 domuum
2925 2961 3174 3008 nostrum
3193 2961 3404 3026 regent,
3428 2953 3528 3010 sed
3558 2961 3614 3010 et

2011 3047 2082 3100 ad
2131 3045 2268 3100 alios
2316 3043 2442 3098 inde
2489 3042 2544 3096 in
2593 3042 2787 3096 eodem
2831 3049 3076 3112 tempore
3121 3041 3340 3098 directis
3382 3057 3607 3112 possum

2009 3133 2320 3197 ostendere,
2355 3140 2407 3185 et
2437 3146 2620 3186 coram
2650 3129 2900 3200 plurimis
2929 3129 3202 3200 episcopis
3244 3129 3390 3200 apud
3431 3129 3606 3197 Pistas

2004 3223 2205 3276 domno
2236 3227 2426 3274 nostro
2455 3219 2571 3289 regi
2600 3217 2711 3272 dixi
2730 3233 2819 3272 me
2847 3217 3066 3272 audisse
3087 3218 3234 3289 quod
3254 3217 3333 3272 sic
3353 3217 3602 3287 deceres,

2003 3319 2058 3366 et
2088 3310 2235 3364 idem
2265 3309 2498 3364 domnus
2529 3315 2717 3362 uoster
2744 3323 2842 3361 rex
2872 3321 3055 3361 coram
3093 3305 3302 3362 eisdem
3331 3305 3606 3378 episcopis

2006 3397 2303 3470 respondit,
2352 3396 2492 3451 sicut
2549 3403 2602 3450 et
2657 3411 2758 3466 pro
2813 3401 2962 3465 certo
3009 3411 3197 3450 verum
3245 3394 3408 3462 dixit,
3457 3395 3603 3466 quod

2003 3503 2107 3542 nec
2145 3502 2268 3542 meo
2313 3485 2588 3550 instinctu,
2640 3501 2743 3539 nec
2789 3499 2912 3540 meo
2957 3483 3208 3550 consilio,
3257 3499 3434 3555 neque
3477 3499 3602 3539 meo

2004 3592 2277 3632 consensu
2308 3575 2412 3629 hoc
2444 3574 2638 3645 egerit,
2671 3573 2795 3629 licet
2835 3572 3082 3644 quaedam
3129 3571 3326 3626 fuerint
3372 3579 3425 3626 et
3470 3572 3600 3639 sint,

2005 3665 2072 3718 de
2122 3664 2318 3735 quibus
2365 3661 2780 3732 metropolitana
2829 3660 3167 3727 auctoritate,
3217 3661 3306 3716 vel
3353 3660 3603 3732 synodali

2005 3752 2364 3809 conventione
2388 3794 2402 3817 ,
2463 3766 2527 3806 ac
2580 3749 2731 3822 regia
2787 3759 3052 3822 potestate
3095 3749 3298 3821 corripi
3344 3749 3602 3820 debueris

2006 3840 2169 3912 atque
2199 3841 2420 3895 debeas.
2458 3839 2593 3908 Qum
2621 3855 2729 3893 non
2757 3838 2883 3893 ideo
2931 3838 3074 3908 dico,
3125 3846 3182 3892 ut
3225 3854 3316 3893 me
3357 3837 3501 3908 apud
3549 3845 3601 3892 te

2006 3945 2274 3985 excusare
2303 3944 2486 3999 Operae
2516 3927 2748 3998 pretium
2778 3927 2992 3993 ducam,
3041 3943 3167 3982 cum
3211 3926 3431 3982 stultum
3477 3943 3602 3983 esse

2006 4019 2244 4086 majores
2294 4017 2464 4072 nostri
2512 4016 2902 4082 demonstrent,
2951 4015 2998 4070 si
3045 4015 3125 4070 eis
3171 4015 3390 4086 placere
3445 4031 3601 4086 qua:-

2005 4105 2195 4171 rimus,
2247 4105 2334 4160 vel
2363 4105 2650 4173 displicere
2700 4103 2969 4168 timemus,
3023 4119 3162 4174 quos
3209 4104 3474 4160 bonorum
3514 4103 3604 4172 ju-

2007 4193 2164 4248 diciis
2192 4209 2302 4246 non
2331 4192 2553 4262 placere
2583 4191 2968 4261 cognoscimus
3001 4208 3014 4243 :
3047 4191 3147 4244 sed
3166 4191 3300 4244 utin
3321 4191 3522 4260 quibus
3536 4207 3599 4245 ex

2007 4281 2232 4336 veritate
2289 4295 2534 4349 possum,
2594 4286 2855 4349 quantum
2909 4295 2975 4334 ex
3021 4293 3111 4332 me
3158 4285 3261 4344 est,
3310 4285 3604 4349 quantum-

2009 4385 2112 4441 que
2141 4367 2369 4433 suﬂicio,
2401 4367 2660 4422 idoneum
2689 4367 2914 4421 reddam
2943 4367 3146 4422 bonum
3189 4381 3408 4432 nomen,
3459 4367 3603 4437 quod

303 4461 409 4516 diu:
439 4458 694 4531 poculum
722 4457 853 4515 mihi
883 4471 916 4512 a
946 4465 997 4511 te
1028 4454 1394 4526 propinatum,
1435 4469 1596 4524 quam
1641 4451 1903 4506 Dominus
1933 4445 1985 4505 D
2009 4457 2299 4529 Apostolus
2327 4457 2487 4512 etiam
2519 4456 2588 4510 ab
2618 4455 2702 4510 his
2735 4456 2826 4527 qui
2854 4455 2986 4511 foris
3033 4464 3157 4512 sunt
3199 4455 3408 4511 habere
3451 4455 3606 4524 jubet

301 4559 358 4606 et
387 4549 640 4604 Salvator
667 4553 854 4602 noster
881 4543 1133 4600 conscius
1173 4541 1494 4598 infirmitatis
1549 4549 1751 4596 nostrae
1791 4540 1904 4594 lar-

302 4637 407 4712 giri
437 4637 697 4709 dignatus
726 4642 828 4702 est,
863 4632 1052 4688 dicens
1085 4649 1096 4685 :
1135 4633 1272 4687 Cum
1291 4631 1512 4686 stabilis
1533 4630 1604 4685 ad
1629 4629 1904 4685 orandum

299 4727 586 4783 remittite
615 4725 668 4779 si
693 4723 826 4796 quid
857 4722 1070 4778 habetis
1100 4721 1367 4776 adversus
1397 4721 1643 4791 aliquem
1691 4721 1756 4774 in
1785 4735 1903 4774 cor-

303 4816 466 4871 dibus
481 4814 704 4878 vestris,
731 4816 796 4867 ut
813 4817 868 4866 et
887 4813 1060 4866 Pater
1075 4813 1260 4864 vester
1277 4809 1520 4888 cce'lestis
1541 4809 1800 4862 dimittat
1817 4823 1904 4863 vo-

201 4894 218 4910 ’
303 4905 386 4960 bis
402 4905 642 4976 peccata
658 4904 844 4956 vestra
865 4897 1056 4969 (litare.
1081 4898 1184 4969 xl).
1208 4898 1276 4952 Et
1305 4897 1510 4952 scilicet
1531 4896 1792 4952 Conditor
1807 4911 1905 4951 no-

302 4999 438 5061 ster,
469 4991 602 5045 dum
631 4988 734 5044 tale
761 4988 1020 5058 placitum
1047 4995 1246 5041 nostra:
1283 4985 1482 5040 mentis
1529 4985 1818 5058 aspexerit,
1873 4999 1906 5040 a

300 5086 532 5152 peccato
559 5093 662 5133 nos
691 5077 882 5142 solvet,
933 5076 1055 5148 quia
1098 5092 1298 5130 munus
1345 5091 1444 5145 pro
1491 5075 1650 5146 culpa
1697 5083 1894 5130 sumet.

305 5167 465 5238 Quod
494 5182 695 5222 munus
721 5165 884 5220 etiam
911 5164 1289 5220 holocaustum
1317 5163 1496 5236 gratia
1543 5163 1642 5218 Dei
1690 5163 1906 5219 miseri-

304 5257 491 5314 cordis
521 5254 636 5322 ﬁet,
669 5255 715 5309 si
743 5252 902 5309 fuerit
927 5253 1106 5308 simila
1133 5253 1258 5308 oleo
1285 5267 1600 5322 conspersa,
1637 5260 1691 5306 et
1718 5251 1775 5306 in
1805 5252 1906 5308 zeli

303 5344 582 5416 sartagine
625 5343 764 5410 {rixa
815 5359 827 5397 :
877 5341 1085 5401 scilicet
1139 5357 1263 5396 cum
1307 5340 1734 5396 misericorditer
1783 5357 1905 5396 eum

302 5433 607 5507 diligimus,
637 5440 692 5487 et
719 5432 857 5486 inter
885 5447 1040 5487 sacra
1067 5445 1168 5501 pro
1199 5445 1264 5484 eo
1305 5444 1546 5496 oramus,
1593 5445 1756 5500 quem
1804 5431 1906 5484 zeli

309 5522 570 5579 salutaris
594 5520 812 5577 fervore
841 5519 1053 5590 insequi
1077 5519 1342 5583 videmur,
1389 5517 1475 5571 vel
1521 5533 1556 5571 a
1603 5533 1712 5588 quo
1761 5519 1904 5574 iuvi-

2005 4547 2341 4618 episcOpum.
2374 4545 2515 4614 Quia
2543 4561 2676 4602 vero
2707 4544 3026 4600 auctoritate
3065 4545 3250 4600 divina
3292 4545 3414 4618 regi
3459 4543 3597 4598 obe-

2005 4637 2119 4690 dire
2168 4636 2456 4704 jubemur,
2502 4635 2671 4705 ipsius
2711 4633 2956 4703 jussione
3003 4633 3354 4704 respondisse
3393 4647 3483 4688 me
3530 4648 3595 4687 ex

2005 4725 2302 4796 Scripturis
2332 4732 2383 4779 et
2409 4723 2578 4780 sacris
2606 4722 2822 4795 legibus
2851 4731 3011 4793 atque
3059 4729 3372 4778 sanctorum
3417 4720 3599 4776 verbis

2004 4815 2112 4867 tuis
2140 4813 2334 4868 litteris
2363 4813 2431 4868 ad
2460 4829 2585 4870 eum
2613 4812 2834 4867 directis
2877 4825 2985 4866 non
3029 4825 3194 4882 nego.
3244 4810 3308 4864 In
3351 4825 3461 4883 qua
3502 4825 3598 4866 re-

2005 4903 2297 4972 sponsione
2347 4902 2392 4955 si
2448 4902 2575 4972 quid
2619 4915 2850 4972 perpere
2901 4898 3105 4953 dixisse
3151 4899 3241 4954 vel
3283 4899 3469 4973 egisse
3508 4916 3597 4956 me

2003 4990 2256 5044 invenisti
2285 4990 2532 5055 ostende,
2566 4997 2620 5043 et
2645 4997 2736 5044 aut
2765 4987 3156 5042 rationabiliter
3205 4988 3324 5045 sine
3365 4999 3597 5046 conten-

2005 5079 2149 5132 tione
2207 5077 2516 5143 defendam,
2579 5084 2671 5132 aut
2725 5075 3001 5130 humiliter
3047 5077 3163 5133 sine
3205 5077 3596 5150 disceptatione

2003 5183 2412 5238 recognoscam.

2597 5273 2821 5328 CAPUT
2859 5273 2998 5328 XLI.

2010 5364 2160 5430 Quod
2191 5365 2240 5418 si
2268 5363 2496 5436 culpant
2526 5366 2869 5436 agnosceret,
2899 5381 3000 5436 pro
3047 5364 3238 5420 divino
3269 5365 3468 5420 timore
3499 5363 3596 5418 in-

2455 5433 2526 5487 du
2534 5433 2808 5504 lgentiam
2839 5433 3148 5508 eatpeteret.

2080 5522 2368 5584 Caeterum,
2403 5521 2451 5574 si
2477 5538 2567 5576 me
2607 5531 2800 5582 contra
2846 5523 3222 5580 auctoritatem
3270 5531 3324 5577 et
3369 5521 3604 5576 debitam
