4164 6330
563 287 669 340 439
1321 300 1330 306 -
1487 266 1832 327 Ηηεοιωιι
1883 264 2175 324 annuum

2270 265 2284 319 Β
2342 259 2892 321 ARCHIEHSCOPI.
3739 259 3870 318 κο

567 363 819 466 θειοτηῷ
873 399 1180 460 dilectionis
1234 395 1665 462 unanimitatem,
1710 409 1854 466 quae,
1899 399 1957 446 ut
1997 403 2166 462 supra
2181 389 2238 450 A
2266 387 2428 443 nibus
2483 386 2768 443 Nicolaum
2821 383 3213 452 ordinaverint,
3257 398 3361 440 nec
3405 389 3586 441 talen
3625 382 3794 443 dictis
3813 389 3876 440 et

569 495 706 566 dixi,
734 503 789 552 te
818 493 952 550 mihi
984 497 1272 562 reputasse
1316 485 1520 554 audivi,
1571 483 1752 557 egisse
1800 493 2170 566 recognosce-
2269 475 2426 532 factis
2481 475 2624 530 illius
2649 517 2663 542 ,
2733 472 3208 566 improbabilibus-
3232 479 3424 544 postea
3479 471 3872 566 comprobatis,

570 561 711 654 rem,
745 583 872 657 quia
901 561 1116 636 dicente
1145 578 1302 632 beato
1329 576 1540 630 Joanne
1580 570 1827 642 apostolo
1860 587 1873 624 :
1911 571 1971 626 Si
2000 565 2172 635 conﬁ-
2270 580 2369 636 per
2395 580 2649 619 manuum
2707 579 2926 657 suarum
2975 562 3391 657 impositionem
3423 561 3873 617 communicave-

576 679 803 731 teamur
818 673 1050 744 peccata
1067 669 1284 731 nostra,
1299 663 1482 732 ﬁdelis
1499 665 1558 716 et
1567 663 1762 732 justus
1779 663 1865 714 est
1880 657 2169 744 Dominus,

575 766 643 818 ut
660 742 923 817 remittat
942 757 1100 812 nobis
1119 755 1352 824 peccata
1375 753 1569 806 nostra
1590 748 1638 816 (Ι
1654 749 1815 804 Joan.
1840 746 1900 815 ι),
1924 751 1978 798 et
1995 742 2174 814 prima

574 847 765 906 salutis
811 861 939 917 spes
987 851 1069 898 est
1117 839 1412 903 confessio,
1470 835 1666 891 deinde
1714 832 1930 889 dilectio
1953 875 1966 897 ,
2033 831 2174 900 Quia

575 937 830 994 charitas
861 933 1042 1006 operit
1064 927 1497 985 multitudinem
1540 926 1902 996 peccatorum
1941 919 1994 990 (1
2017 921 2170 974 Petr.

573 1026 678 1095 ιν),
711 1039 822 1078 non
849 1019 1178 1076 dimitterem
1209 1015 1341 1087 quin
1369 1013 1495 1068 inde
1527 1011 1802 1066 salubrem
1823 1007 2176 1080 indulgentias

571 1111 903 1168 medicinam
945 1114 1278 1178 expeterem,
1323 1118 1433 1157 non
1479 1116 1580 1172 pro
1624 1100 1884 1164 humano,
1930 1097 2030 1152 sed
2076 1109 2174 1166 pro

575 1200 760 1256 divino
789 1197 1006 1262 timore,
1039 1201 1092 1250 et
1132 1192 1375 1248 fraterno
1420 1204 1630 1256 amore,
1683 1203 1750 1242 ac
1793 1184 2015 1256 propria
2061 1182 2175 1238 sal-

575 1288 814 1344 vatione.
845 1286 968 1340 Non
998 1281 1142 1337 enim
1176 1277 1549 1350 perfunctorie
1595 1274 1754 1330 nobis
1803 1271 2176 1329 sacerdotibus

577 1367 873 1449 legendum
904 1379 958 1426 et
987 1369 1280 1425 tenendum
1311 1375 1414 1432 est,
1448 1364 1594 1438 quod
1622 1363 1787 1418 etiam
1826 1361 1981 1416 laicis
2009 1357 2175 1449 etfe-

575 1447 738 1520 minis
769 1460 1001 1532 Spiritus
1032 1465 1253 1512 sanctus
1281 1471 1383 1526 per
1412 1454 1632 1508 beatum
1672 1449 1803 1520 dic'u
1847 1447 2175 1522 Gregorium

576 1551 796 1624 (homil.
829 1551 896 1604 32
927 1549 991 1602 in
1019 1545 1256 1616 Evang.)
1289 1561 1302 1596 :
1337 1567 1362 1589 «
1397 1542 1497 1596 Est
1526 1539 1620 1594 ubi
1651 1555 1710 1594 se
1741 1537 1969 1608 quisque
2011 1536 2178 1590 inter-

574 1645 753 1712 roget,
785 1643 838 1692 et
866 1635 922 1689 in
953 1630 1299 1711 confessione
1329 1629 1528 1684 Christi
1559 1644 1619 1682 se
1649 1626 1915 1683 veraciter
1959 1624 2175 1695 probet.

2271 660 2417 718 runt,
2452 669 2613 724 quem
2642 652 2952 708 ordinantes
2979 651 3181 706 bonum
3209 649 3578 718 crediderunt,
3624 656 3677 703 et
3705 664 3872 704 man-

2225 740 2233 749 “
2273 756 2458 795 surum
2489 747 2755 811 perpetuo
2793 739 2848 792 in
2896 738 3136 793 bonitate
3183 745 3505 808 optaverunt
3537 753 3550 790 :
3583 735 3721 792 sicut
3765 751 3874 792 nec

2271 828 2490 884 Samuel
2517 827 2734 900 culpam
2761 827 3027 884 contraxit
3057 826 3111 880 in
3143 823 3482 880 ordinatione
3511 823 3656 894 Saul,
3703 840 3872 896 quem

2273 916 2458 972 divina
2480 915 2726 986 jussione
2759 931 2791 972 a
2821 931 2882 971 se
2909 915 3234 980 ordinatum,
3267 921 3320 970 et
3347 928 3382 967 a
3407 913 3640 968 Domino
3679 922 3873 984 postea

2273 1005 2553 1074 rejectum,
2585 1004 2726 1061 sicut
2749 1004 2819 1060 de
2846 1012 2900 1060 te
2928 1003 3106 1069 doleo,
3155 1002 3454 1058 diutissime
3485 1001 3674 1068 .ﬂevit,
3717 1001 3869 1058 velut

2273 1108 2430 1149 sacra
2458 1101 2644 1148 narrat
2671 1091 2916 1148 historia.
2967 1091 3262 1162 Reputatur
3306 1089 3471 1146 etiam
3516 1089 3668 1158 mihi,
3719 1091 3870 1162 quod

2275 1189 2327 1236 te
2356 1189 2610 1252 nepotem
2639 1197 2822 1236 meum
2863 1179 3041 1253 gratia
3088 1178 3504 1250 propinquitatis
3551 1177 3870 1250 episcopum

2275 1269 2662 1324 ordinaverim.
2701 1267 2870 1338 Quasi
2895 1283 3005 1324 non
3033 1275 3087 1322 et
3117 1267 3208 1322 alii
3238 1282 3337 1338 per
3361 1282 3450 1321 me
3483 1266 3591 1321 sint
3635 1265 3872 1321 ordinati

2276 1357 2536 1429 episcopi,
2567 1357 2659 1430 qui
2685 1373 2796 1412 non
2825 1364 2950 1411 sunt
2977 1355 3110 1410 mihi
3139 1370 3304 1411 carne
3331 1354 3638 1426 propinqui,
3685 1363 3734 1409 et
3763 1370 3870 1410 no-

2275 1444 2392 1500 lunt
2421 1445 2703 1501 attendere
2732 1443 2866 1500 mihi
2895 1445 3002 1501 hoc
3031 1451 3360 1515 reputantes,
3406 1443 3528 1514 quia
3556 1458 3664 1498 non
3690 1443 3871 1514 impe-

2277 1533 2355 1588 dit
2383 1535 2455 1589 ad
2482 1549 2810 1606 quemquam
2851 1532 3211 1588 ordinandum
3249 1531 3426 1588 carnis
3469 1531 3869 1603 propinquitas,

2279 1623 2324 1676 si
2381 1622 2714 1678 ordinandus
2769 1619 2929 1676 fuerit
2975 1621 3181 1676 electus
3227 1628 3280 1675 et
3322 1619 3521 1690 petitus
3571 1620 3872 1676 secundum

572 1707 838 1784 Veremur
867 1738 1013 1794 saepe
1043 1737 1077 1776 a
1105 1707 1370 1791 proximis
1396 1715 1621 1787 despici,
1679 1713 2045 1786 dedignamur
2085 1712 2174 1766 in-
2202 1741 2257 1800 Β
2278 1710 2680 1766 ecclesiasticas
2711 1709 2954 1783 regulas.
2983 1709 3107 1764 Non
3137 1717 3193 1764 et
3216 1707 3528 1774 Dominum,
3579 1723 3610 1761 a
3656 1722 3766 1778 quo
3817 1716 3874 1762 et

569 1814 744 1884 jurias
772 1811 929 1868 verbi
955 1809 1208 1865 tolerare.
1251 1805 1309 1861 Si
1335 1805 1615 1876 contingat
1655 1802 1898 1872 jurgium
1945 1799 2176 1855 fortasse
2204 1795 2250 1800 ”
2276 1814 2376 1870 per
2404 1815 2567 1870 quem
2597 1798 2762 1869 ccepit
2789 1797 3158 1869 episcopatus,
3191 1812 3354 1852 carne
3399 1795 3501 1850 sibi
3531 1795 3874 1866 propinquos

575 1917 702 1960 cum
730 1899 1000 1972 proximo,
1033 1895 1406 1952 erubescimus
1435 1893 1648 1964 priores
1688 1888 2022 1945 satisfacere.
2072 1887 2180 1942 Cor

577 1989 778 2062 quippe
807 1985 1050 2050 carnale,
1084 1985 1214 2039 dum
1241 1983 1400 2051 hujus
1427 1980 1551 2036 vitae
1581 1978 1810 2052 gloriam
1841 1975 2052 2048 quaerit,
2086 1975 2180 2030 hu-

575 2077 866 2132 militatem
893 2072 1103 2144 respuit
1136 2089 1149 2126 :
1182 2078 1236 2125 et
1262 2070 1586 2140 plerumque
1606 2067 1724 2138 ipse
1745 2067 1909 2121 homo
1940 2063 2034 2135 qui
2061 2063 2177 2117 ira-

579 2165 770 2230 scitur,
819 2160 1224 2218 discordantem
1271 2157 1372 2212 sibi
1422 2154 1761 2212 reconciliari
1809 2152 2031 2224 appetit,
2081 2152 2178 2206 sed

579 2252 662 2308 ire
715 2251 785 2306 ad
831 2247 1275 2306 satisfaciendum
1329 2244 1479 2316 prior
1533 2241 1824 2298 erubescit.
1881 2241 2180 2296 Pensemus

576 2343 720 2396 facta
746 2337 1010 2405 veritatis,
1041 2344 1098 2390 ut
1128 2334 1411 2390 videamus
1440 2347 1548 2403 quo
1573 2332 1790 2401 jaceant
1816 2337 2018 2384 nostrae
2050 2343 2178 2399 pra-

575 2427 756 2484 vitatis
811 2425 1075 2482 actiones.
1137 2421 1194 2478 Si
1251 2421 1396 2476 enim
1447 2419 1698 2475 membra
1746 2417 1942 2472 summi
1988 2416 2180 2488 capitis

575 2529 782 2580 sumus,
815 2511 1014 2568 imitari
1043 2526 1166 2566 eum
1196 2509 1284 2566 cui
1317 2508 1693 2566 connectimur
1722 2506 2004 2562 debemus.
2037 2503 2180 2574 Quid

576 2619 814 2675 namque
861 2601 929 2656 ad
983 2607 1185 2655 nostrae
1241 2595 1565 2652 eruditionis
1621 2595 1929 2676 exemplum
1977 2593 2180 2648 Paulus

579 2691 843 2766 egregius
879 2688 1208 2760 praedicator
1255 2686 1432 2742 dicit?
1477 2688 1582 2742 Pro
1635 2685 1854 2741 Christo
1903 2682 2178 2754 legatione

577 2781 894 2852 fungimur,
916 2781 1189 2849 tanquam
1213 2776 1320 2833 Deo
1338 2775 1678 2830 exhortante
1689 2789 1794 2846 per
1812 2789 1913 2828 nos
1929 2771 2178 2828 obsecra-

575 2884 704 2924 mus
717 2883 820 2940 pro
844 2865 1084 2930 Christo,
1107 2862 1562 2920 reconciliamini
1578 2863 1686 2917 Deo
1707 2862 1781 2930 (ll
1802 2861 1920 2916 Cor.
1939 2861 2016 2929 v).
2032 2859 2179 2915 Ecce

575 2957 721 3012 inter
759 2969 861 3010 nos
901 2960 956 3008 et
1002 2953 1178 3007 Deum
1227 2949 1556 3006 discordiam
1599 2949 1880 3019 peccando
1927 2946 2174 3013 fecimus,

581 3053 636 3101 et
663 3052 848 3098 tamen
877 3041 948 3098 ad
974 3055 1076 3096 nos
1105 3041 1254 3095 Deus
1285 3053 1413 3093 suos
1451 3037 1662 3110 legatos
1710 3036 1860 3107 prior
1904 3034 2068 3098 misit,
2120 3041 2177 3089 ut

576 3147 677 3188 nos
705 3131 812 3203 ipsi
841 3129 934 3202 qui
963 3128 1330 3200 peccavimus,
1383 3126 1450 3180 ad
1491 3141 1687 3196 pacem
1735 3124 1833 3179 Dei
1865 3123 2045 3194 rogati
2073 3139 2172 3177 ve-

577 3220 813 3276 niamus.
846 3218 1156 3273 Erubescat
1183 3231 1320 3288 ergo
1347 3217 1582 3269 humana
1621 3213 1894 3284 superbia,
1941 3209 2175 3267 confun-

579 3307 739 3364 datur
792 3306 1024 3378 quisque
1078 3305 1126 3358 si
1168 3320 1277 3359 non
1337 3301 1634 3358 satisfaciat
1695 3317 1846 3372 prior
1900 3299 2170 3372 proximo,

576 3394 795 3469 quando
819 3401 944 3465 post
972 3391 1188 3463 culpam
1219 3398 1481 3455 nostram,
1515 3397 1571 3444 ut
1603 3389 1653 3444 ei
1681 3389 2025 3444 reconciliari
2071 3389 2172 3443 de-

577 3483 823 3547 beamus,
857 3489 908 3536 et
936 3481 1054 3552 ipse
1085 3494 1301 3551 quoque
1330 3479 1424 3550 qui
1452 3475 1692 3532 oﬂ‘ensus
1733 3485 1816 3531 est
1857 3476 2053 3548 legatis
2091 3475 2173 3530 in-

576 3568 1003 3626 tervenientibus
1024 3567 1278 3624 obsecrat
1307 3567 1480 3620 Deus.
1527 3590 1548 3613 ι)

1159 3682 1386 3737 CAPUT
1421 3681 1587 3736 XLII.

574 3775 652 3829 De
683 3771 991 3842 auferendo
1021 3788 1058 3826 a
1085 3771 1242 3826 nobis
1275 3770 1536 3895 alrlnlgbus
1575 3767 1861 3841 opprobrio
1907 3785 1942 3822 a
1971 3768 2172 3857 multis

1274 3857 1296 3895 z
1345 3857 1378 3894 a
1453 3881 1466 3893 .

1274 3857 1438 3896 zuaw
1453 3881 1466 3893 .

644 3928 816 3986 Aufer
847 3944 1002 4000 ergo,
1036 3927 1287 3986 faciendo
1317 3943 1439 3998 quae
1471 3927 1660 3993 debes,
1711 3935 1765 3980 et
1805 3941 1924 3998 quae
1952 3932 2079 3997 opto
2107 3940 2172 3982 ac

527 4001 542 4021 ’
575 4035 696 4086 oro,
729 4026 782 4075 et
808 4017 1016 4074 utinam
1063 4017 1264 4090 dignus
1311 4015 1557 4074 exaudiri
1606 4013 1850 4080 fuissem,
1887 4031 1917 4068 a
1947 4030 2035 4070 me
2061 4023 2114 4070 et
2141 4030 2172 4068 a

574 4115 627 4164 te
655 4106 1006 4178 opprobrium
1035 4105 1182 4179 quod
1229 4105 1360 4160 mihi
1406 4121 1438 4159 a
1485 4103 1666 4159 multis
1704 4110 1997 4174 reputatur,
2047 4102 2173 4174 quia

574 4195 756 4265 talem,
790 4194 928 4251 sicut
953 4201 1008 4250 et
1037 4202 1226 4252 contra
1281 4193 1480 4249 divinae
1523 4191 1882 4248 ordinationis
1930 4190 2170 4263 disposi-

572 4283 798 4354 tionem,
822 4291 884 4358 et
913 4291 1101 4339 contra
1133 4298 1339 4355 regem,
1364 4291 1416 4337 et
1446 4297 1582 4355 erga
1620 4298 1728 4348 me,
1779 4289 1832 4336 et
1875 4296 2011 4353 erga
2061 4279 2171 4336 Ec-

573 4371 796 4428 clesiam
825 4371 923 4426 tibi
953 4370 1320 4436 commissam,
1355 4379 1406 4424 et
1436 4387 1568 4440 erga
1598 4369 1860 4440 plurimos
1905 4369 2042 4425 alios
2083 4367 2167 4424 ef-

573 4461 744 4516 fectus
801 4475 880 4526 es,
933 4459 1250 4528 episcopum
1299 4458 1683 4512 ordinaverim.
1743 4457 1852 4512 Sed
1899 4458 1990 4529 qui
2037 4457 2169 4512 mihi
2197 4447 2250 4508 D

570 4549 688 4604 haec
719 4553 987 4618 reputant,
1037 4561 1147 4600 non
1197 4546 1494 4609 attendunt,
1547 4545 1676 4616 quia
1719 4561 1832 4600 non
1875 4553 1932 4598 ut
1976 4545 2170 4600 Judam

571 4635 806 4691 electum
863 4633 1121 4706 praesenti
1170 4632 1413 4702 justitia,
1473 4641 1525 4687 et
1568 4641 1626 4688 ut
1673 4649 1774 4703 per
1817 4649 1941 4687 eum
1988 4633 2174 4688 divina

573 4723 856 4794 diSpositio
883 4721 1217 4793 impleretur,
1266 4720 1608 4792 Apostolum,
1665 4720 1802 4774 sicut
1840 4727 1893 4775 et
1923 4720 2052 4774 Saul
2076 4736 2170 4774 re-

573 4825 701 4881 gem
729 4819 918 4881 postea
947 4809 1314 4882 reprobatum,
1338 4809 1406 4864 de
1437 4823 1546 4880 quo
1575 4809 1838 4879 scriptum
1869 4817 1952 4862 est
1987 4825 2000 4861 :
2033 4809 2173 4863 Erat

573 4897 662 4952 vir
687 4899 898 4954 electus
928 4903 984 4954 et
1012 4900 1204 4964 bonus,
1239 4901 1295 4954 et
1323 4915 1438 4954 non
1468 4901 1594 4953 erat
1626 4897 1713 4952 vir
1740 4897 1806 4951 de
1834 4897 1972 4966 ﬁliis
1997 4897 2171 4952 Israel

573 4985 761 5040 nelior
784 4987 886 5041 illo
918 4987 966 5055 (I
995 4989 1120 5058 Reg.
1155 4986 1260 5058 rx).
1294 4987 1442 5042 Deus
1473 4985 1652 5041 omnia
1685 4984 1863 5040 sciens
1909 5001 2010 5056 per
2043 4999 2170 5056 pro-

577 5071 870 5128 videntiam
902 5073 1189 5138 ordinavit,
1223 5082 1279 5130 et
1305 5075 1381 5128 nil
1411 5073 1586 5145 culpa:
1611 5073 1898 5139 contraxit,
1930 5073 2021 5145 qui
2044 5089 2171 5145 pec-

571 5175 698 5216 care
728 5176 837 5216 nou
867 5161 1072 5232 potuit;
1107 5162 1204 5215 sed
1229 5170 1286 5216 ut
1314 5163 1476 5216 homo
1497 5163 1750 5217 nesciens
1772 5162 1918 5232 quod
1936 5163 2170 5216 futurum

573 5257 711 5316 erat,
737 5257 790 5304 te
816 5265 918 5320 per
945 5249 1420 5320 improvidentiam
1451 5249 1700 5305 ordinavi
1718 5258 1771 5305 et
1799 5251 1966 5305 divini
1981 5250 2170 5319 judicii

567 5352 677 5393 non
705 5337 892 5408 injusti
936 5337 1184 5392 minister
1230 5338 1430 5406 exstiti,
1483 5338 1610 5410 quia
1650 5339 1787 5396 sicut
1832 5340 2000 5395 timeo.
2047 5339 2170 5394 aliis

565 5426 808 5499 peccatis
861 5427 998 5484 meis
1056 5425 1162 5482 hoc
1217 5443 1340 5484 esse
1401 5429 1698 5499 promerui.
1749 5427 2073 5502 Quanquam
2116 5435 2169 5484 et

566 5515 741 5573 sancti
771 5515 1006 5588 apostoli
1038 5530 1161 5572 cum
1192 5515 1354 5572 beato
1394 5517 1668 5587 Stephano
1718 5527 1772 5573 et
1813 5518 1936 5574 aliis
1977 5519 2166 5575 diaco-

2277 1886 2510 1958 legimus
2539 1886 2826 1942 ordinasse
2854 1886 3149 1957 apostolos.
3202 1885 3310 1941 Sed
3356 1883 3483 1940 licet
3509 1883 3564 1938 in
3594 1891 3646 1938 te
3671 1891 3874 1954 nepote

2277 1991 2402 2031 meo
2433 1975 2640 2048 egerim
2669 1975 2813 2030 unde
2841 1990 3024 2046 gemo,
3050 1973 3179 2046 quia
3199 1973 3386 2028 nescio
3407 1971 3640 2044 qualiter
3667 1972 3735 2028 de
3763 1971 3874 2036 hoc

2279 2073 2332 2119 et
2363 2065 2430 2120 de
2461 2063 2580 2118 aliis
2606 2064 2748 2118 meis
2789 2063 2966 2128 factis,
3014 2061 3272 2117 terribilis
3317 2061 3372 2116 in
3418 2061 3660 2118 consiliis
3709 2075 3876 2132 super

2277 2152 2418 2209 ﬁlios
2447 2152 2726 2208 hominum
2755 2151 2812 2206 in
2839 2151 3052 2207 occulto
3083 2165 3182 2206 suo
3205 2150 3429 2220 judicio,
3461 2149 3554 2222 qui
3583 2150 3763 2221 posuit
3794 2157 3876 2205 te-

2277 2241 2476 2297 nebras
2506 2239 2783 2294 latibulum
2814 2255 2973 2294 suum
3001 2239 3257 2311 disponat
3289 2257 3302 2294 :
3333 2238 3447 2294 scio
3471 2246 3650 2307 tamen
3698 2239 3877 2293 omni-

2278 2337 2554 2400 potentem
2609 2329 2935 2384 advocatum
2969 2370 2984 2395 ,

2277 2433 2478 2487 meum,
2513 2425 2638 2472 ante
2669 2433 2834 2488 quem
2864 2425 2946 2471 est
2995 2431 3158 2472 omne
3203 2415 3534 2470 desiderium
3564 2431 3771 2484 meum,
3823 2424 3878 2470 et

2277 2506 2364 2562 cui
2418 2506 2654 2580 gemitus
2707 2521 2868 2560 meus
2923 2521 3032 2560 non
3076 2513 3158 2559 est
3205 2504 3574 2560 absconditus.
3626 2503 3684 2558 Si
3727 2503 3874 2560 enim

2278 2593 2590 2650 obaudieris
2616 2593 2822 2648 monita
2848 2593 2990 2648 beati
3023 2591 3172 2647 Pauli
3218 2592 3501 2648 Timotheo
3530 2609 3560 2646 a
3589 2607 3648 2647 se
3673 2593 3877 2661 juvene

2277 2683 2526 2739 ordinato
2555 2682 2814 2754 episcopo
2840 2681 3070 2747 directa,
3121 2689 3174 2736 et
3203 2695 3237 2735 a
3263 2696 3352 2736 me
3397 2688 3449 2736 et
3493 2695 3526 2735 a
3571 2689 3622 2736 te
3664 2697 3873 2752 oppro-

2277 2771 2454 2826 brium
2483 2779 2590 2827 tuaa
2617 2769 2976 2826 ordinationis
3005 2769 3184 2836 tolles,
3227 2768 3282 2823 in
3330 2769 3527 2840 quibus
3574 2769 3717 2824 inter
3759 2785 3874 2826 ce-

2277 2868 2389 2914 tera
2420 2859 2550 2914 dicit
2580 2877 2592 2912 :
2623 2859 2792 2916 Nemo
2840 2858 3282 2915 adolescentiam
3334 2861 3493 2913 tuam
3541 2861 3876 2914 contemnat

2279 2948 2355 3019 (ll
2387 2949 2524 3002 Tim.
2557 2949 2667 3016 Iv);
2713 2947 2768 3002 id
2819 2955 2920 3014 est,
2969 2947 3132 3002 talem
3183 2955 3234 3002 te
3280 2945 3494 3015 exhibe,
3547 2953 3604 3000 ut
3651 2954 3877 3018 propter

2277 3035 2448 3091 aetatis
2485 3035 2912 3091 adolescentiam
2963 3051 3124 3091 nemo
3170 3043 3224 3090 te
3269 3035 3731 3107 contemptibilem
3779 3035 3876 3090 ha-

2204 3093 2254 3156 C
2275 3125 2414 3192 beat,
2450 3124 2578 3196 quia
2605 3125 2758 3192 cujus
2787 3124 2899 3179 vita
2946 3123 3264 3196 despicitur,
3316 3093 3505 3178 restat.
3525 3131 3581 3178 ut
3625 3131 3680 3178 et
3715 3140 3874 3196 pw-

2273 3213 2472 3268 dicatio
2503 3221 2896 3268 contemnatur.
2929 3212 2986 3268 Si
3018 3213 3152 3280 haec,
3207 3211 3393 3280 frater,
3439 3211 3538 3266 tibi
3581 3212 3640 3266 in
3687 3213 3874 3284 aliquo

2274 3301 2407 3356 dura
2453 3309 2594 3366 sunt,
2646 3317 2766 3373 quae
2807 3317 2918 3356 non
2969 3309 3094 3356 sunt
3141 3301 3284 3357 dicta
3333 3317 3402 3357 ea
3446 3300 3764 3367 intentione,
3814 3309 3874 3356 ut

2271 3389 2436 3445 velim
2467 3391 2612 3461 quod
2643 3389 2786 3444 absit
2813 3389 2870 3444 in
2898 3389 3081 3462 aliquo
3119 3399 3270 3446 tuam
3313 3389 3738 3458 damnationem,
3786 3390 3875 3446 vel

2272 3477 2777 3548 dehonorationem,
2825 3479 2924 3534 sed
2968 3479 3150 3550 potius
3194 3478 3424 3535 salutem
3473 3486 3530 3533 et
3573 3479 3872 3535 correctio-

2273 3582 2418 3633 nem,
2451 3567 2667 3622 attende
2699 3568 2847 3640 quia,
2889 3575 2948 3621 ut
2992 3567 3182 3622 beatus
3223 3567 3353 3622 dicit
3399 3567 3724 3638 Gregorius,
3774 3584 3876 3638 per

2271 3671 2516 3710 amarum
2571 3654 2828 3726 poculum
2886 3655 3242 3712 confectionis
3296 3656 3614 3726 pervenitur
3659 3657 3733 3712 ad
3796 3657 3875 3712 ef-

2271 3743 2474 3800 fectum
2520 3752 2715 3814 optatae
2765 3743 2974 3799 salutis.
3021 3745 3091 3799 Et
3133 3738 3392 3800 Salomon
3436 3744 3610 3800 dicit:
3643 3745 3875 3802 Meliora

2271 3837 2409 3888 sunt
2437 3833 2676 3888 vulnera
2720 3833 2913 3898 amici,
2949 3849 3118 3906 quam
3146 3832 3388 3889 odientis
3425 3833 3651 3888 inimici
3678 3835 3874 3890 oscula

2271 3919 2454 3993 (Prov.
2499 3920 2707 3990 xxvu).
2753 3921 2822 3975 Et
2867 3921 3130 3976 Dominus
3175 3920 3352 3976 dicit:
3385 3923 3494 3994 Ego
3540 3937 3673 3994 quos
3720 3939 3868 3990 amo,

2271 4025 2446 4080 arguo
2475 4013 2532 4064 et
2560 4011 2769 4080 castigo
2789 4009 2978 4082 (Apoc.
2999 4010 3112 4081 Ill);
3142 4017 3194 4064 et
3227 4025 3240 4063 :
3281 4010 3453 4078 Quem
3467 4009 3658 4080 diligit
3675 4011 3869 4066 Domi-

2271 4113 2400 4163 nus,
2433 4099 2671 4170 corripit
2700 4117 2718 4152 :
2749 4098 3003 4169 ﬂagellat
3031 4101 3224 4154 autem
3243 4113 3468 4154 omnem
3485 4098 3674 4166 ﬁlium
3705 4113 3869 4170 quem

2270 4187 2477 4259 recipit
2503 4187 2652 4254 (Heb.
2689 4186 2812 4257 xu).

2837 4311 3062 4368 CAPUT
3102 4310 3293 4366 XLIII.

2271 4411 2348 4464 De
2376 4426 2671 4483 sacrarum
2702 4409 3134 4483 Scripturarum
3152 4411 3481 4483 falsatione,
3520 4414 3580 4464 et
3603 4425 3870 4483 responso

2343 4482 2465 4551 ejus
2494 4480 2566 4551 ad
2589 4482 2810 4551 litteras
2825 4480 2892 4535 de
2911 4480 3138 4536 Nevino.
3187 4481 3293 4548 Qui
3323 4497 3565 4538 canones
3585 4480 3712 4536 sint
3723 4482 3868 4537 reci-

2339 4549 2555 4624 piendi,
2588 4555 2644 4624 et
2674 4549 2740 4604 de
2769 4551 3060 4624 imperitia
3089 4555 3144 4607 et
3165 4553 3459 4624 jactantia
3496 4552 3770 4624 ejusdem.
3796 4553 3869 4624 De

2343 4621 2592 4676 Bertrico
2613 4621 2770 4686 item,
2795 4621 2938 4677 etde
2953 4637 3014 4677 eo
3035 4621 3176 4694 quod
3196 4639 3342 4694 saepe
3362 4621 3530 4678 illum
3547 4623 3864 4679 admonuit.

2342 4717 2446 4771 Per
2469 4717 2658 4788 plures
2685 4717 2920 4790 denique
2951 4719 3114 4774 audio
3145 4728 3196 4774 te
3224 4719 3370 4790 apud
3397 4719 3594 4775 multos
3623 4737 3712 4775 me
3741 4719 3869 4774 infa-

2270 4820 2442 4874 mare,
2503 4805 2760 4876 quoniam
2808 4822 2993 4863 sacras
3041 4807 3348 4878 Scripturas
3391 4808 3595 4864 soleam
3641 4809 3865 4864 detrun-

2270 4909 2425 4964 care,
2455 4902 2508 4952 et
2539 4893 2610 4948 ad
2638 4881 2822 4950 meum
2849 4911 3071 4951 sensum
3120 4895 3414 4952 inﬂectere.
3461 4895 3620 4966 Quod
3666 4906 3724 4952 ut
3769 4911 3866 4968 pro
3937 4897 3956 4914 °

2269 4991 2421 5038 certo
2447 4983 2624 5039 adhuc
2654 4984 2818 5039 credo
2848 5001 2951 5040 nec
2979 4985 3034 5039 in
3064 5001 3172 5040 uno
3201 4985 3324 5042 loco
3350 5001 3440 5041 me
3467 4986 3670 5058 egisse,
3705 4986 3751 5040 si
3779 4993 3864 5040 ta-

2259 5070 2395 5126 men
2426 5073 2531 5127 hoc
2561 5072 2707 5144 quod
2736 5072 2871 5128 dicis
2902 5074 3108 5144 poteris
3136 5074 3460 5146 approbare,
3507 5082 3560 5128 et
3588 5074 3636 5129 si
3665 5076 3770 5130 hoc
3798 5074 3866 5130 ad

2268 5161 2714 5232 approbationem
2769 5162 3006 5217 volueris
3075 5163 3279 5218 ducere
3311 5205 3324 5228 ,
3393 5163 3623 5218 ostende
3679 5178 3862 5218 coram

2268 5249 2484 5322 quantis
2513 5257 2566 5304 et
2592 5250 2788 5322 quibus
2817 5251 2912 5305 tibi
2941 5251 3176 5317 libuerit,
3223 5259 3278 5306 et
3331 5259 3423 5306 aut
3469 5259 3722 5322 patenter
3769 5268 3862 5308 os-

2268 5339 2488 5393 tendam
2517 5347 2570 5393 te
2599 5355 2718 5394 mea
2746 5339 2914 5394 verba
2947 5339 3084 5395 bene
3127 5355 3238 5396 non
3283 5339 3613 5412 intelligero,
3661 5349 3754 5395 aut
3793 5340 3862 5396 ab

2267 5426 2450 5498 aliquo
2476 5427 2574 5484 illa
2601 5426 2793 5484 falsata
2821 5427 2990 5484 fuisse
3023 5445 3035 5483 ε
3068 5436 3122 5484 et
3149 5428 3196 5484 si
3219 5427 3358 5484 forte
3385 5444 3492 5496 me,
3525 5429 3671 5501 quod
3703 5427 3857 5496 diciS,

2267 5513 2314 5574 si
2342 5523 2520 5572 tamen
2553 5516 2727 5583 dicis,.
2745 5515 2928 5588 egisse
2958 5531 3291 5587 cognovero,
3327 5515 3648 5587 quantocius
3689 5517 3858 5574 corri-

3057 2336 3110 2382 et
3168 2325 3580 2382 misericordem
3629 2327 3875 2396 judicem
3977 2387 3980 2390 ,
