4164 6316
277 303 280 306 ·
321 279 416 332 “4

1143 275 1383 332 OPUSC.
1440 275 1533 330 ET
1578 271 1799 330 EPIST.
1855 269 1936 327 ἸΝ
1973 266 2198 326 CAUSA
2247 269 2586 326 HINCMARI
2633 270 2934 326 LAUDUN.

3517 271 3621 326 “2

332 415 466 475 gere
496 399 824 471 procumbo.
867 397 1028 468 Quod
1074 400 1219 454 enim
1249 399 1318 454 de
1347 415 1435 455 me
1483 399 1668 455 dicere
1714 398 1934 463 diceris,
1958 397 2008 457 A
2042 395 2511 466 archiepiscopum
2540 394 2890 450 Wenilonem
2934 394 3140 461 remisi,
3186 407 3290 450 nec
3320 393 3390 448 ad
3420 407 3636 450 memo-

332 488 730 544 Gotbescalcus
752 489 856 543 hoc
877 487 946 542 de
969 487 1266 558 Scripturis
1289 487 1468 544 facere
1496 487 1794 551 consuevit,
1819 487 1940 541 illas

336 577 546 634 scilicet
599 578 951 640 detruncare,
987 585 1040 631 et
1093 577 1163 631 ad
1203 593 1361 632 suum
1397 593 1631 632 sensum
1681 577 1943 631 violenter

334 665 615 721 inﬂectere
648 683 660 718 :
697 666 794 720 sed
843 673 894 719 et
951 681 1016 720 ea
1066 683 1185 736 qua
1232 665 1286 719 in
1337 666 1614 721 canonicis
1644 666 1796 718 libris
1833 681 1942 719 non

338 753 692 809 continentur
723 753 1062 808 auditoribus
1093 754 1207 808 suis
1239 753 1508 823 proferre,
1542 755 1679 808 sicut
1709 762 1760 807 et
1783 769 1944 824 supra

340 841 555 913 priscos
584 841 872 896 haereticos
918 841 1100 897 facere
1153 843 1503 896 consuevisse
1549 842 1782 906 ostendi,
1818 842 1945 913 quia

341 930 482 985 sicut
510 931 572 984 B.
607 929 736 984 dicit
767 929 1076 1000 Gregorius
1110 948 1122 984 :
1162 953 1183 980 οι
1218 932 1375 1001 Smpe
1397 931 1658 996 haeretici,
1691 931 1820 985 dum
1848 945 1947 984 sua

343 1019 564 1074 student
607 1033 872 1088 perversa
922 1026 1190 1086 astruere,
1230 1034 1295 1072 ea
1341 1018 1627 1088 proferunt
1672 1035 1792 1089 quae
1819 1035 1945 1089 pro-

334 1105 480 1162 fecto
529 1107 583 1160 in
617 1121 898 1161 sacrorum
929 1106 1196 1162 librorum
1226 1107 1446 1179 paginis
1475 1123 1582 1162 non
1612 1115 1881 1163 tenentur.
1919 1129 1940 1156 ν

333 1195 491 1251 Unde
523 1202 583 1248 et
612 1194 936 1264 discipulum
959 1211 1114 1249 suum
1139 1196 1461 1265 praedicator
1485 1195 1740 1268 egregius
1761 1197 1946 1250 admo-

337 1291 426 1337 net
439 1283 661 1337 dicens:
689 1283 728 1338 0
767 1283 1062 1346 Timothee,
1098 1284 1410 1355 depositum
1434 1285 1668 1349 custodi,
1691 1285 1947 1339 devitans

333 1374 616 1444 profanas
638 1387 834 1426 vocum
854 1373 1135 1426 novitates
1155 1373 1207 1441 (Ι
1227 1374 1363 1427 Tim.
1397 1373 1498 1441 v1).
1528 1371 1664 1440 Quia
1687 1373 1812 1426 dum
1834 1372 1947 1426 lau-

336 1459 452 1513 dari
481 1459 722 1514 haeretici
753 1467 1009 1530 tanquam
1040 1461 1108 1514 de
1138 1461 1420 1515 excellenti
1457 1460 1677 1531 ingenio
1707 1461 1946 1531 cupiunt.

341 1548 499 1620 quasi
529 1562 672 1602 nova
720 1548 971 1618 quaedam
1014 1547 1317 1617 proferunt,
1353 1565 1474 1619 qua:
1506 1549 1559 1602 in
1605 1549 1948 1620 antiquorum

339 1637 561 1690 Patrum
611 1635 770 1689 libris
813 1636 1086 1690 veteribus
1118 1653 1223 1691 non
1257 1645 1510 1691 tenentur
1543 1638 1766 1708 :sicque
1807 1636 1863 1691 fit
1895 1645 1952 1691 ut

2041 483 2180 538 riam
2209 484 2471 538 reducere
2499 483 2737 539 voluisti.
2769 482 2945 537 Nimia
2977 491 3099 536 sunt
3130 498 3250 554 qua
3279 483 3422 548 dico,
3457 482 3503 536 si
3519 483 3639 536 haec

2042 572 2115 626 ita
2145 589 2266 627 esse
2288 572 2380 625 illa
2409 572 2523 642 ipsa
2557 580 2647 625 tua
2679 571 2877 641 scripta
2899 587 3020 641 quae
3041 571 3216 625 habeo
3247 587 3354 626 non
3386 578 3645 625 attestan-

2042 669 2149 728 tur,
2185 669 2237 715 et
2269 661 2374 725 lex,
2409 676 2572 731 quam
2612 659 2877 714 catholica
2918 659 3166 713 Ecclesia
3202 660 3411 729 recipit,
3459 659 3640 713 mani-

2043 749 2181 803 feste
2202 749 2445 804 decernit
2474 750 2663 804 dicens
2697 766 2711 801 :
2752 771 2772 794 α
2802 747 3059 802 Coniiteri
3083 747 3203 816 quis
3233 747 3286 800 in
3301 748 3502 815 judicio
3533 763 3642 801 non

2044 846 2255 892 tantum
2285 854 2382 891 sua
2413 853 2564 902 voce,
2603 838 2698 891 sed
2726 845 2776 890 et
2805 836 3017 900 litteris,
3043 844 3096 890 et
3126 850 3450 906 quocunque
3479 836 3642 890 modo

2046 934 2263 996 potest,
2333 925 2581 981 convinci
2643 933 2823 979 autem
2882 939 2991 978 non
3062 923 3166 976 nisi
3229 923 3510 992 Scriptura
3554 931 3644 976 aut

2047 1014 2274 1068 testibus
2303 1021 2498 1084 potest.
2539 1034 2560 1062 ι)
2596 1015 2663 1068 Et
2694 1022 2746 1067 tu
2805 1013 2889 1066 his
2925 1013 3142 1082 scriptis
3189 1012 3305 1066 haec
3354 1027 3476 1081 quae
3521 1011 3642 1066 dico

2047 1103 2346 1172 denegans,
2369 1102 2415 1155 si
2445 1117 2672 1156 necesse
2706 1101 2889 1166 fuerit,
2921 1101 2978 1155 in
3020 1100 3226 1169 judicio
3255 1099 3461 1154 revinci
3490 1099 3645 1154 vale-

2046 1187 2148 1240 bis.
2183 1188 2248 1240 Et
2281 1186 2530 1240 Gelasius
2561 1186 2616 1238 in
2664 1185 2899 1240 decretis
2949 1185 3062 1239 suis
3091 1185 3160 1238 ad
3213 1185 3500 1254 episcopos
3548 1199 3647 1252 per

2048 1274 2379 1329 Dardaniam
2416 1275 2738 1329 constitutos
2769 1273 2901 1328 dicit
2935 1290 2948 1326 :
2995 1295 3016 1320 «
3062 1271 3336 1340 Quoniam
3367 1270 3648 1326 manifeste

2051 1363 2276 1434 quilibet
2304 1363 2388 1417 vel
2431 1362 2772 1432 professione
2805 1377 2902 1416 sua
2950 1361 3036 1417 vel
3065 1361 3446 1417 communione
3476 1360 3649 1429 possit

2049 1450 2325 1522 agnosci.»
2361 1452 2625 1505 Praeterea
2658 1467 2757 1520 per
2788 1450 3126 1514 Heddonem,
3160 1449 3487 1504 clericorum
3521 1456 3644 1501 tuo-

2051 1556 2170 1594 rum
2211 1539 2578 1609 praepositum,
2613 1539 2976 1608 conscriptam
3020 1537 3332 1607 nuperrime
3359 1551 3512 1590 more
3555 1543 3646 1590 tuo

2052 1628 2209 1682 solito
2239 1628 2370 1681 mihi
2428 1627 2651 1682 rotulam
2711 1626 2975 1690 direxisti,
3022 1633 3211 1680 contra
3258 1625 3466 1680 litteras
3495 1624 3564 1677 de
3593 1624 3648 1677 in

341 1724 471 1778 dum
503 1723 676 1778 videri
707 1723 987 1794 sapientes
1024 1724 1360 1788 desiderant,
1393 1725 1606 1780 miseris
1636 1726 1748 1779 suis
1777 1727 1938 1780 audi-
1966 1750 2018 1809 Β
2051 1733 2173 1770 mea
2200 1716 2461 1786 Pal‘OChia
2482 1714 2917 1786 delinquentibus
2949 1730 2980 1767 θη
3009 1730 3096 1769 me
3118 1713 3212 1768 tibi
3241 1713 3494 1781 ἀὶτθείθεν
3525 1729 3646 1783 quae

336 1819 549 1874 toribus
579 1818 820 1874 stultitiae
850 1820 1059 1874 semina
1107 1829 1386 1892 spargant.
1433 1823 1498 1876 Et
1546 1822 1802 1892 quoniam
1833 1824 1946 1880 haec

339 1907 523 1980 egisse
555 1906 947 1963 Gothescalcus
978 1909 1032 1961 in
1064 1917 1333 1964 conventu
1383 1909 1677 1980 episcOpali
1715 1911 1948 1968 revictus
1993 1895 1996 1898 ’

338 1995 458 2062 fuit,
492 1995 637 2050 idem
669 1995 977 2062 concilium,
1013 1996 1152 2051 sicut
1184 1997 1438 2067 scriptum
1473 2006 1555 2052 est
1589 2016 1602 2052 :
1641 1999 1744 2066 Qui
1765 2001 1946 2073 impo-

341 2086 430 2139 nit
447 2085 627 2140 stulto
648 2085 964 2154 silentium,
987 2087 1107 2140 iras
1129 2087 1358 2157 mitigat
1379 2089 1561 2152 (Prov.
1587 2091 1772 2155 xxvr),
1791 2089 1952 2143 silen-

342 2173 474 2228 tium
507 2173 558 2228 ei
617 2172 892 2243 imposuit,
937 2173 1179 2244 mihique
1226 2173 1376 2228 illum
1408 2175 1478 2229 ad
1528 2176 1946 2231 custodiendum

341 2261 636 2328 commisit,
699 2261 884 2332 sicque
942 2262 1267 2331 complicum
1326 2263 1462 2331 ejus,
1516 2264 1606 2334 qui
1645 2265 1756 2332 jam
1809 2266 1948 2321 sicut

347 2365 564 2404 vermes
594 2348 650 2402 in
675 2349 964 2418 putredine
1006 2357 1277 2405 scatentes
1307 2351 1658 2417 ebulliebant,
1693 2353 1783 2406 irae
1814 2370 1944 2423 par-

344 2437 439 2492 tim
473 2446 598 2492 sunt
635 2437 914 2508 mitigatae,
978 2446 1031 2492 et
1084 2448 1436 2510 congregatae
1495 2448 1617 2493 sunt
1654 2457 1684 2494 a
1718 2443 1948 2497 Domino

346 2527 501 2598 quasi
530 2527 586 2580 in
614 2534 794 2580 utrum
826 2542 980 2597 aqua
1010 2527 1196 2591 maris,
1229 2544 1351 2583 cum
1379 2529 1685 2583 amaritudo
1715 2547 1944 2600 perver-

340 2629 529 2668 sarum
560 2614 823 2668 mentium
854 2615 1096 2669 nondum
1129 2617 1270 2686 apud
1301 2632 1421 2672 nos.
1457 2617 1524 2670 de
1559 2617 1643 2670 his
1674 2635 1794 2688 quae
1829 2619 1944 2673 Go-

346 2702 658 2758 thescalcus
701 2718 797 2758 eos
827 2703 1104 2768 docuerat,
1140 2705 1371 2773 erumpit
1404 2705 1641 2759 exterius
1672 2707 1727 2759 in
1756 2721 1944 2761 vocem

349 2806 538 2861 pravae
577 2790 860 2845 libertatis.
891 2793 959 2846 Et
990 2792 1136 2862 quod
1167 2792 1235 2846 de
1266 2793 1471 2848 sanctis
1500 2793 1796 2863 Scripturis
1829 2794 1944 2849 Go—

350 2879 657 2934 thescalcus
676 2880 892 2949 agebat,
927 2887 979 2933 et
1007 2888 1066 2934 tu
1097 2896 1184 2934 me
1215 2896 1378 2952 agere
1409 2881 1617 2935 notaris
1649 2883 1854 2948 dicere,
1890 2892 1946 2937 ut

346 2982 466 3023 cum
490 2983 629 3038 pace
663 2975 750 3021 tua
780 2967 975 3033 dicam,
1008 2977 1064 3022 tu
1095 2969 1162 3023 de
1205 2970 1375 3023 sacris
1410 2971 1733 3039 canonibus,
1784 2980 1835 3026 et
1866 2987 1946 3026 ec-

347 3055 673 3111 clesiasticis
712 3056 938 3126 regulis,
991 3066 1154 3127 atque
1185 3058 1254 3110 de
1295 3058 1510 3129 legibus
1558 3059 1704 3113 soles
1759 3076 1941 3129 agere,

346 3145 484 3199 sicut
505 3145 621 3212 jam
653 3153 847 3214 quater
877 3145 1059 3216 egisse
1092 3153 1144 3199 te
1174 3162 1398 3215 possum
1432 3148 1742 3201 ostendere.
1783 3148 1946 3202 Scili-

346 3241 432 3288 cet
461 3233 515 3286 in
545 3231 718 3286 rotula
748 3249 848 3303 per
870 3234 1213 3303 Hadulphum
1237 3235 1764 3305 archipresbyterum
1797 3245 1945 3290 tuum

345 3322 479 3376 mihi
532 3321 872 3385 transmissa,
924 3322 979 3375 in
1035 3339 1138 3393 qua
1187 3323 1255 3376 de
1303 3324 1605 3378 canonibus
1641 3334 1693 3378 et
1733 3325 1947 3395 legibus

347 3411 598 3481 quaedam
631 3409 1288 3482 detruncando,quaedam
1321 3413 1387 3465 de
1411 3427 1508 3466 suo
1530 3428 1693 3466 sensu
1723 3414 1948 3482 expulsa

346 3511 512 3568 prava
560 3497 992 3567 interpretando,
1036 3498 1105 3552 de
1140 3498 1353 3568 capella
1401 3500 1674 3568 parochiae
1712 3516 1849 3555 meae
1894 3501 1948 3554 in

347 3586 545 3641 Attolae
574 3585 703 3640 villa
724 3586 827 3640 sita
856 3586 1116 3641 nonnulla
1145 3588 1436 3642 adversum
1466 3605 1553 3642 me
1585 3588 1943 3644 conciunasti.

349 3673 607 3728 Similiter
633 3673 686 3727 in
718 3675 894 3728 rotula
919 3691 949 3728 a
980 3683 1033 3728 te
1055 3675 1185 3728 mihi
1225 3677 1367 3740 data,
1401 3676 1456 3729 in
1484 3692 1591 3748 qua
1618 3676 1847 3731 fabulam
1880 3678 1948 3731 de

347 3762 666 3817 Amalberto
693 3771 746 3817 et
775 3779 943 3817 uxore
974 3763 1088 3831 ejus
1119 3772 1416 3819 contexens
1444 3765 1677 3834 plurima
1727 3766 1778 3818 in
1825 3783 1948 3820 eum

347 3850 601 3921 captasti.
635 3851 696 3904 In
722 3851 916 3906 rotulis
946 3852 1298 3906 nihilominus
1355 3854 1555 3907 domno
1587 3854 1704 3924 regi
1737 3861 1789 3908 et
1819 3854 1950 3907 mihi

350 3955 452 4011 per
494 3939 902 3994 comministros
933 3949 1054 3995 tuos
1092 3941 1328 4005 directis,
1363 3941 1416 3994 in
1450 3942 1646 4012 quibus
1692 3943 1951 3997 historias

347 4028 768 4084 altercationum
798 4029 936 4083 inter
958 4038 1009 4083 te
1040 4037 1089 4084 et
1111 4031 1362 4084 eumdem
1385 4030 1642 4084 domnum
1667 4045 1872 4102 regem,
1896 4039 1950 4086 et

345 4118 476 4172 item
534 4117 678 4171 inter
723 4125 776 4171 te
849 4125 901 4170 et
955 4117 1334 4172 Normannum
1365 4118 1726 4188 descripsisti,
1764 4127 1815 4173 et
1847 4136 1948 4174 vo-

347 4219 475 4261 cum
506 4221 572 4259 ac
602 4204 865 4260 factorum
919 4213 1134 4260 tuorum
1167 4207 1431 4260 novitates
1463 4207 1785 4276 explicuisti,
1820 4223 1949 4260 sen-

350 4294 552 4347 tentias
602 4293 1006 4363 Scripturarum
1053 4303 1105 4348 et
1152 4310 1421 4349 canonum
1473 4303 1636 4364 atque
1685 4295 1868 4366 legum
1899 4304 1951 4349 te

347 4381 608 4436 ferientes
650 4389 739 4436 tuo
789 4399 952 4436 sensu
981 4383 1034 4436 in
1063 4382 1198 4437 alios
1233 4383 1530 4450 detorsisti,
1566 4383 1730 4436 veluti
1761 4400 1825 4437 ex
1855 4399 1951 4438 ore

2050 1806 2120 1858 ita
2153 1821 2210 1858 se
2242 1805 2462 1858 habent.

2119 1893 2442 1947 Hincmarus
2467 1893 2800 1947 Rhemorum
2819 1890 3106 1962 episcopus
3136 1891 3428 1946 Hincmaro
3460 1890 3642 1961 coepi-

2051 1997 2218 2051 scopo
2246 1989 2436 2036 nostro
2463 1981 2708 2035 salutem.

2118 2070 2366 2135 Nivinus,
2403 2077 2506 2124 etc.
2533 2070 2764 2140 Reliqua
2795 2067 2964 2138 hujus
2995 2069 3262 2138 epistolae,
3302 2067 3425 2122 vide
3453 2085 3646 2141 supra,

2049 2157 2152 2213 col.
2186 2161 2309 2215 224.
3431 2217 3436 2224 ἢ
3572 2178 3580 2184 ·

2120 2248 2187 2300 Et
2215 2248 2314 2300 has
2345 2246 2554 2300 litteras
2584 2262 2693 2301 non
2723 2247 2814 2308 ita,
2845 2254 2903 2301 ut
2931 2247 3222 2312 dubueras,
3246 2245 3517 2316 recepisti,
3555 2246 3650 2300 sed

2056 2351 2119 2389 ex
2151 2335 2232 2390 eis
2262 2343 2421 2389 nacta
2454 2335 2762 2401 occasione,
2793 2335 3235 2395 amaritudinem,
3289 2349 3452 2404 quam
3513 2349 3650 2405 erga

2047 2439 2135 2477 me
2165 2423 2218 2476 in
2249 2423 2429 2477 animo
2451 2424 2614 2495 geris,
2652 2423 2832 2477 verbis
2865 2422 3210 2492 evaporando
3231 2421 3514 2486 exhalasti,
3547 2436 3647 2476 vo-

2047 2512 2165 2566 lens
2194 2520 2464 2566 ostentare
2512 2520 2656 2565 tuam
2690 2511 3008 2581 sapientiam
3060 2519 3113 2564 et
3159 2509 3645 2579 meaminsipien-

2048 2600 2196 2664 tiam,
2223 2607 2276 2654 et
2305 2601 2685 2653 demonstrare
2732 2616 2819 2653 me
2851 2599 3046 2654 Nivino
3100 2598 3301 2666 injuste
3359 2605 3410 2652 et
3459 2605 3651 2652 contra

2048 2687 2418 2743 auctoritatem
2452 2689 2672 2758 egisse;
2705 2697 2756 2742 et
2785 2704 2848 2742 os
2880 2688 3009 2741 mihi
3041 2687 3345 2751 obstruere,
3378 2693 3434 2740 ut
3465 2685 3533 2740 de
3561 2685 3648 2740 his

2049 2793 2168 2847 qua:
2200 2793 2265 2830 ex
2296 2785 2349 2830 te
2377 2777 2676 2839 audieram,
2711 2792 2822 2830 non
2854 2784 2906 2829 te
2954 2776 3213 2829 auderem
3261 2773 3558 2844 corripere,
3593 2782 3649 2827 ut

2050 2865 2096 2918 si
2127 2864 2264 2919 forte
2296 2881 2427 2919 vera
2458 2864 2632 2920 forent
2653 2873 2703 2918 te
2734 2865 3062 2934 corrigeres,
3096 2864 3180 2917 sin
3210 2871 3410 2928 autem,
3445 2878 3513 2916 ne
3560 2862 3653 2916 illa

2051 2953 2363 3008 incurreres
2384 2969 2730 3023 praecaveres
2763 2971 2776 3006 :
2811 2969 2935 3008 cum
2968 2953 3104 3006 sicut
3131 2951 3511 3021 derogantium
3543 2949 3651 3004 lin-

2052 3058 2190 3114 guas
2219 3050 2405 3096 nostro
2435 3043 2564 3096 vitio
2595 3057 2704 3095 non
2733 3042 3016 3100 debemus.
3069 3048 3333 3110 quantum
3381 3055 3448 3093 ex
3480 3038 3638 3096 nobis

2049 3138 2147 3193 est,
2183 3131 2250 3183 ad
2281 3130 2658 3200 derogandum
2708 3145 2922 3192 acuere,
2958 3129 3031 3182 ita
3075 3128 3338 3181 debemus
3367 3127 3650 3198 derogan-

2047 3219 2178 3272 tium
2208 3218 2592 3282 detractiones,
2639 3226 2798 3287 prout
2857 3216 3256 3271 rationabiliter
3311 3215 3651 3286 potuerimus

2047 3322 2415 3376 compescere.
2453 3307 2560 3360 Sed
2591 3297 2700 3360 non
2730 3305 2855 3359 talis
2889 3314 2971 3359 est
3026 3313 3149 3358 tuus
3208 3304 3442 3369 animus,
3485 3312 3542 3357 ut
3592 3319 3654 3358 ea

2048 3411 2168 3466 quae
2199 3395 2432 3466 benigne
2465 3394 2559 3447 tibi
2589 3394 2841 3448 dicuntur
2873 3393 2959 3448 vel
2991 3393 3302 3447 scribuntur
3326 3434 3339 3456 ,
3387 3391 3491 3445 nisi
3524 3391 3653 3445 talia

2049 3482 2249 3536 fuerint
2279 3483 2456 3553 qualia
2489 3490 2778 3536 versantur
2825 3482 2880 3535 in
2933 3481 3099 3536 corde
3156 3489 3263 3544 tuo,
3319 3480 3554 3551 benigne
3599 3488 3654 3534 et

2048 3571 2314 3641 patienter
2343 3571 2522 3640 possis
2553 3570 2740 3623 audire
2767 3589 2780 3635 ;
2813 3570 2957 3623 unde
2991 3569 3246 3624 Salomon
3278 3567 3350 3621 ait
3383 3570 3651 3622 :Acetum

2049 3662 2112 3714 in
2142 3662 2293 3714 nitro
2324 3662 2375 3713 ei
2395 3662 2490 3730 qui
2512 3663 2711 3714 cantat
2739 3660 2999 3713 carmina
3015 3657 3172 3713 cordi
3197 3658 3438 3729 pessimo
3461 3657 3644 3725 (Prov.

2050 3759 2212 3818 xxv).
2253 3769 2274 3798 α
2311 3751 2556 3816 Acetum,
2590 3747 2764 3818 inquit
2795 3746 3120 3820 Gregorius,
3154 3746 3198 3799 si
3221 3745 3464 3799 mittatur
3495 3745 3548 3798 in
3568 3745 3651 3800 ni-

2050 3846 2211 3902 trum,
2269 3835 2522 3891 fervescit
2577 3837 2779 3890 nitrum
2810 3836 3056 3906 protinus
3077 3843 3130 3889 et
3159 3835 3351 3889 ebullit
3385 3852 3398 3887 :
3437 3842 3488 3890 et
3525 3850 3650 3904 per-

2050 3942 2209 3981 versa
2238 3941 2414 3990 mens,
2459 3925 2672 3996 quando
2714 3942 2814 3995 per
2869 3923 3294 3994 increpationem
3341 3923 3649 3993 corripitur,

2051 4023 2142 4068 aut
2172 4031 2267 4084 per
2293 4013 2694 4083 praedicationis
2724 4013 3069 4068 dulcedinem
3101 4013 3168 4066 ad
3202 4013 3342 4066 bona
3373 4011 3648 4078 suadetur,

2052 4102 2120 4156 de
2165 4102 2503 4170 correptione
2533 4101 2589 4154 ﬁt
2618 4101 2870 4166 deterior,
2907 4109 2960 4154 et
2989 4101 3181 4153 indein
3213 4098 3654 4152 murmurationis

2053 4189 2334 4259 iniquitate
2385 4188 2750 4254 succenditur,
2812 4187 2957 4240 unde
3005 4187 3189 4240 debuit
3245 4187 3314 4240 ab
3372 4186 3653 4254 iniquitate

2052 4277 2346 4346 compesci.
2373 4297 2393 4324 ››
2431 4276 2646 4330 Litteris
2690 4283 2869 4328 autem
2897 4274 3050 4351 meis,
3099 4289 3230 4344 quas
3279 4289 3378 4343 per
3407 4272 3652 4344 singulas

2051 4365 2307 4435 periodos
2338 4364 2641 4418 dissolvere
2683 4363 2919 4431 voluisti,
2944 4379 3051 4418 non
3084 4362 3164 4416 eis
3205 4361 3653 4416 convenientibus

346 4478 400 4525 ει
428 4486 599 4540 opere
629 4478 742 4535 tuo,
776 4478 830 4524 ει
859 4487 925 4525 εχ
955 4470 1163 4526 eisdem
1197 4472 1500 4537 sententiis,
1526 4472 1792 4540 majorum
1825 4472 1945 4525 esti-
1975 4456 2026 4514 D
2049 4454 2463 4509 auctoritatibus
2506 4452 2855 4523 respondisti,
2908 4468 3008 4506 nec
3055 4459 3206 4507 recto
3239 4467 3403 4540 sensu
3442 4467 3567 4504 eum
3597 4449 3651 4502 in

347 4559 573 4629 pulante
603 4559 874 4624 doctrina,
912 4559 1228 4632 singillatim
1257 4576 1319 4614 ac
1361 4561 1559 4614 viritim
1599 4577 1822 4630 possum
1853 4577 1950 4615 os-

349 4648 599 4702 tendere.
634 4649 694 4700 In
737 4649 1205 4719 quaterniunculis
1245 4665 1480 4720 quoque,
1515 4665 1547 4703 a
1596 4658 1646 4703 te
1692 4650 1823 4703 mihi
1853 4667 1952 4720 per

353 4735 704 4790 Wenilonem
780 4736 1148 4791 venerabilem
1215 4737 1683 4808 archiepiscopum
1746 4737 1948 4805 missis,

352 4824 590 4895 plurima
617 4823 758 4878 inter
787 4841 847 4879 se
877 4825 1093 4879 diversa
1111 4825 1399 4896 collegisti,
1425 4842 1544 4897 qua:
1562 4835 1739 4881 tecum
1772 4826 1951 4881 facere

351 4911 654 4976 estimasti,
687 4928 795 4967 non
827 4913 1037 4979 videns,
1071 4914 1200 4985 quin
1245 4915 1426 4984 potius
1467 4915 1654 4969 videre
1684 4930 1793 4968 non
1851 4929 1951 4969 va-

351 5000 494 5064 lens,
526 5007 621 5054 aut
651 5017 759 5055 non
807 5001 1017 5066 volens,
1071 5003 1198 5072 quia
1227 5003 1367 5057 inter
1399 5019 1458 5056 se
1487 5003 1864 5068 dissonabant,
1899 5012 1952 5058 et

352 5089 541 5142 deillis
572 5089 704 5158 ipsis
737 5090 1000 5159 epistolis,
1036 5107 1100 5144 ex
1152 5091 1346 5161 quibus
1377 5092 1626 5147 eamdem
1658 5099 1805 5145 tuam
1834 5090 1951 5146 col-

351 5177 644 5231 lectionem
674 5179 997 5248 compilasti,
1035 5179 1364 5247 conjunctim
1388 5181 1668 5249 sequentia
1699 5180 1824 5234 dolo
1852 5196 1953 5249 pe-

355 5265 501 5320 nitus
531 5266 798 5331 omisisti;
835 5267 932 5321 sed
962 5275 1014 5321 et
1044 5267 1132 5322 illa
1163 5285 1284 5338 quae
1323 5275 1516 5321 cuncta
1552 5267 1822 5323 catholica
1842 5269 1954 5323 Ec-

354 5353 523 5410 clesia
554 5354 766 5425 recipit,
811 5363 975 5424 tenet,
1030 5357 1296 5428 sequitur,
1329 5364 1642 5421 veneratur,
1704 5357 1953 5425 honorat,

356 5443 721 5514 amplectitur,
758 5459 984 5518 quaeque
1031 5445 1128 5498 tibi
1169 5444 1224 5499 in
1282 5443 1593 5515 diplomate,
1625 5459 1794 5514 parvo
1841 5460 1956 5501 cor-

355 5547 506 5602 pore.
543 5531 642 5587 sed
671 5532 906 5588 maximo
925 5533 1139 5598 merito,
1161 5550 1264 5604 per
1291 5532 1570 5604 praefatum
1591 5533 1955 5588 venerabilem

2049 4544 2153 4598 hoc
2183 4560 2242 4596 es
2277 4543 2533 4605 imitatus,
2574 4544 2665 4613 qui
2712 4542 2818 4595 tuis
2856 4542 3074 4611 scriptis
3104 4539 3408 4594 istiusmodi
3439 4547 3648 4607 tenore,

2049 4632 2275 4687 veritate
2325 4631 2568 4686 subnixis
2608 4631 3018 4686 auctoritatibus
3057 4629 3248 4683 solitus
3288 4636 3369 4681 est
3417 4641 3652 4696 respon-

2050 4721 2182 4776 dere
2219 4739 2231 4774 :
2267 4721 2394 4790 quia
2441 4736 2550 4774 non
2579 4719 2632 4773 in
2670 4721 2772 4774 hoc
2801 4721 2924 4788 jure
2956 4717 3214 4771 rationem
3247 4715 3434 4768 studes
3479 4723 3652 4769 atten-

2051 4811 2202 4874 dere,
2236 4810 2332 4864 sed
2371 4817 2515 4862 tuam
2555 4808 2906 4862 intentionem
2957 4805 3120 4859 modo
3171 4803 3413 4874 quolibet
3455 4802 3652 4859 confir-

2051 4895 2221 4953 mare.
2256 4900 2377 4952 Non
2411 4898 2553 4952 enirn
2609 4897 2720 4962 ille,
2755 4896 2843 4966 qui
2894 4894 3074 4948 taliter
3117 4892 3224 4946 tuis
3269 4892 3409 4947 solet
3437 4893 3654 4963 scriptis

2052 4987 2409 5056 respondere,
2449 4987 2570 5040 talis
2597 4983 2974 5055 responsionis
3004 4981 3225 5036 modum
3257 4981 3327 5035 ab
3362 4981 3443 5034 his
3467 4981 3656 5036 didicit

2051 5093 2082 5129 a
2104 5076 2301 5146 quibus
2332 5076 2448 5130 haec
2481 5073 2681 5127 studuit
2730 5072 2962 5126 discere.
2998 5072 3076 5124 De
3127 5070 3325 5124 Nivino
3357 5079 3558 5133 autem,
3595 5076 3651 5121 ut

2053 5181 2140 5218 me
2169 5165 2424 5234 Oportuit,
2460 5178 2524 5217 ea
2549 5178 2668 5232 quae
2697 5169 2854 5232 gesta
2886 5169 3007 5214 sunt
3039 5159 3134 5213 tibi
3162 5168 3292 5212 nota
3322 5158 3504 5213 facere
3526 5172 3652 5226 pro-

2055 5253 2260 5309 curavi.
2297 5253 2460 5319 Cujus
2509 5250 2920 5304 advocationem
2977 5265 3086 5303 non
3143 5248 3357 5301 videtur
3405 5245 3536 5300 mihi
3594 5253 3651 5298 ut

2055 5349 2299 5411 oporteat
2328 5348 2378 5393 te
2401 5339 2695 5408 suscipere.
2732 5338 2890 5408 Quod
2912 5328 2962 5394 et
2984 5339 3030 5392 si
3062 5337 3351 5391 adversum
3380 5351 3468 5389 me
3498 5333 3646 5388 illam

2053 5429 2291 5486 volueris
2321 5427 2617 5498 suscipere,
2651 5436 2704 5482 et
2731 5429 2870 5485 ratio
2901 5437 3065 5500 atque
3096 5425 3392 5482 auctoritas
3415 5438 3648 5479 consen-

2055 5526 2132 5588 tit.
2184 5533 2447 5596 quantum
2496 5541 2561 5578 ex
2589 5542 2677 5580 me
2697 5535 2798 5591 est,
2833 5527 2959 5581 inde
3004 5524 3100 5580 tibi
3129 5539 3240 5578 non
3301 5521 3517 5592 refugio
3557 5533 3653 5572 re—
