4164 6322
483 293 585 347 443

1522 283 1860 342 HINGMARI
1919 280 2320 342 RHEKENSIS
2343 277 2348 288 '
2371 280 2922 370 ARCHIEFISCON.

3687 282 3794 339 444

491 412 784 483 spondere.
817 413 1083 468 Caeterum
1102 410 1279 468 isdem
1327 417 1539 466 aetatem
1566 408 1751 474 habet,
1792 406 1910 478 ipse
1935 407 2006 465 de
2032 421 2090 464 se
2121 405 2264 472 AEt
2291 421 2417 464 cum
2455 406 2836 465 ministeriales
2879 406 3051 464 nostri
3096 405 3272 476 ipsam
3316 403 3790 479 sanctimonialem

488 500 758 571 loquatur.
809 501 877 554 Et
907 500 952 554 si
982 499 1228 572 legaliter
1255 513 1322 554 ac
1353 497 1674 570 regulariter
1700 512 1790 552 me
1832 509 2090 553 accusare

489 588 738 655 voluerit,
771 597 861 642 aut
890 588 958 642 de
993 585 1586 653 excommunicationis,
1620 592 1710 640 aut
1743 585 1812 640 de
1842 583 2090 640 collabo-

490 677 729 742 rationis,
788 685 879 732 aut
911 678 980 732 de
1036 675 1259 730 alterius
1313 675 1576 744 cuiusque
1623 673 1702 728 rei
1749 671 2082 744 praejudicio,

493 765 759 822 rationem
787 765 914 819 inde
943 765 992 820 ei
1016 765 1245 820 reddere
1289 779 1398 818 non
1429 778 1645 818 recuso.
1685 763 1864 817 Nemo
1909 769 2090 814 tamen

493 861 674 925 potest
700 869 789 909 me
817 853 962 922 apud
991 861 1044 908 te
1065 853 1390 924 regulariter
1408 866 1688 913 accusare,
1721 865 1826 904 nec
1856 849 1925 903 de
1968 863 2091 904 meo

487 941 692 1010 judicio
722 942 794 996 ad
825 949 970 996 tuum
995 941 1256 1010 judicium
1285 954 1604 1010 provocare,
1635 953 1737 993 nec
1783 934 2092 992 sollicitudo

492 1029 652 1086 totius
682 1030 1005 1085 Rhemensis
1033 1029 1325 1100 provincia:
1370 1043 1492 1082 cum
1549 1042 1674 1082 mea
1727 1024 1982 1097 pardbhia
2009 1031 2094 1080 est

495 1118 592 1173 tibi
620 1119 929 1184 commissa,
964 1127 1020 1173 ut
1047 1117 1173 1172 inde
1203 1116 1432 1186 amplius
1476 1115 1572 1170 tibi
1601 1114 1835 1170 reddere
1865 1113 2094 1169 debeam

494 1207 782 1272 rationem,
813 1207 990 1261 nisiut
1021 1206 1116 1260 tibi
1147 1205 1387 1261 scribere
1417 1203 1618 1259 studui.
1651 1203 1906 1258 Scrutare
1943 1201 2093 1272 epis-

493 1295 661 1350 tolam
716 1295 858 1350 beati
910 1295 1200 1365 Augustini
1256 1294 1324 1348 ad
1390 1292 1725 1363 Xantippum
1807 1291 2095 1361 primatem

495 1401 674 1451 suum,
712 1399 872 1456 quam
902 1383 1294 1454 suprapositam
1327 1383 1511 1453 legere
1539 1380 1824 1452 praevales,
1857 1388 1912 1434 et
1937 1379 2094 1434 inve-

497 1473 615 1527 nies
653 1480 706 1527 te
760 1473 964 1527 debere
995 1471 1126 1526 mihi
1155 1472 1224 1526 de
1272 1471 1378 1525 tuis
1419 1468 1640 1538 judiciis
1663 1469 1894 1523 reddere
1923 1467 2094 1522 ratio-

495 1577 620 1616 nem
655 1579 668 1615 :
700 1569 753 1615 et
781 1561 823 1615 si
859 1561 927 1615 de
972 1569 1065 1616 tuo
1090 1560 1296 1628 judicio
1327 1559 1616 1630 quisquam
1659 1558 1726 1612 ad
1755 1573 1938 1615 meum
1960 1556 2098 1625 judi-

495 1650 638 1704 cium
666 1649 1065 1720 provocaverit,
1099 1665 1204 1720 ego
1235 1649 1410 1704 debeo
1449 1648 1574 1702 inde
1603 1645 1884 1702 veritatem
1937 1646 2094 1701 inve-

2189 503 2475 565 cueperunt
2503 495 2799 567 requirere,
2823 511 2925 566 per
2953 494 3180 552 eosdem
3203 509 3334 552 suos
3361 493 3610 552 homines
3637 493 3793 550 illam

2189 583 2248 638 in
2277 581 2715 640 Calmontensem
2735 583 2932 641 deduci
2952 583 3101 640 fecit.
3125 584 3207 639 De
3234 582 3454 654 placitis
3479 592 3660 638 autem
3685 583 3793 638 sibi

2189 687 2222 724 a
2249 687 2338 728 me
2366 672 2508 729 datis
2556 681 2686 744 quot
2715 681 2770 729 et
2799 673 2986 744 quanti
3013 672 3170 744 spatii
3199 671 3417 738 fuerint,
3464 671 3708 728 canonici
3737 679 3794 728 et

2190 761 2465 826 monachi,
2489 769 2542 816 et
2571 759 2762 818 ﬁdeles
2781 777 2846 818 ac
2865 760 3078 816 nobiles
3107 760 3252 827 laici,
3285 776 3352 816 ac
3373 761 3676 832 presbyteri
3694 776 3791 831 pa-

2191 849 2434 904 rochiani
2455 857 2816 922 cognoscunt,
2839 849 2896 904 in
2927 865 3162 920 quorum
3171 848 3462 920 praesentia
3477 856 3532 904 et
3558 863 3792 920 quorum

2191 937 2421 992 consilio
2450 937 2575 992 inde
2605 937 2715 1009 egi,
2751 954 2870 1009 quae
2891 937 3191 993 secundum
3238 937 3459 1010 regulas
3489 952 3674 992 sacras
3699 937 3792 992 in-

2191 1027 2336 1082 veni.
2369 1028 2452 1082 De
2488 1041 2555 1083 eo
2606 1042 2736 1082 vero
2783 1027 2929 1098 quod
2977 1027 3134 1094 dicis,
3182 1043 3270 1082 me
3300 1027 3372 1081 ab
3407 1026 3502 1082 illo
3530 1027 3794 1098 qumsisse

2194 1115 2428 1186 qualiter
2455 1115 2658 1171 famam
2678 1131 2832 1170 suam
2858 1123 3139 1188 purgaret,
3170 1130 3283 1170 non
3309 1114 3435 1170 ideo
3462 1115 3531 1168 ab
3560 1130 3626 1170 eo
3645 1131 3794 1186 quaa-

2196 1203 2318 1269 sivi,
2350 1210 2408 1258 ut
2433 1219 2543 1259 non
2575 1203 2772 1260 scirem
2805 1204 2933 1274 quia
2949 1204 3053 1258 hoc
3084 1218 3252 1276 agere
3289 1219 3400 1258 non
3427 1211 3658 1274 poterat,
3691 1203 3792 1258 sed

2194 1299 2253 1346 ut
2281 1291 2367 1348 vel
2406 1291 2479 1346 ita
2529 1308 2656 1347 eum
2707 1293 2775 1348 ad
2835 1291 3240 1350 confessionem
3292 1299 3349 1346 et
3400 1291 3791 1362 paenitentiam,

2195 1387 2358 1451 atque
2407 1389 2534 1451 post
2587 1381 2657 1436 ad
2713 1379 3108 1453 indulgentiam
3163 1396 3384 1452 possem
3439 1379 3792 1450 compellere,

2197 1485 2362 1540 quem
2390 1467 2754 1526 voluntarium
2783 1469 2853 1524 ad
2891 1485 2960 1524 ea
3001 1483 3111 1524 non
3140 1477 3388 1540 poteram
3440 1483 3744 1538 provocare
3778 1487 3792 1522 :

2197 1565 2250 1614 et
2280 1573 2347 1613 eo
2376 1574 2550 1630 usque
2568 1557 2718 1612 illum
2742 1558 2992 1630 perduxi,
3025 1565 3084 1612 ut
3099 1557 3146 1612 si
3173 1557 3380 1628 prtefati
3411 1557 3496 1611 sui
3523 1557 3791 1624 homines,

2196 1647 2322 1718 quia
2367 1661 2478 1702 non
2526 1646 2716 1703 liberte
2771 1646 3099 1702 conditionis
3155 1653 3300 1713 sunt,
3357 1653 3448 1700 aut
3493 1660 3616 1702 cum
3653 1661 3794 1717 aqua

497 1738 720 1811 stigare,
753 1747 804 1795 et
834 1738 1052 1811 singula
1081 1754 1308 1810 quaeque
1339 1736 1604 1792 canonice
1644 1735 1961 1790 terminare.
2013 1735 2092 1788 Tu
2125 1764 2178 1824 Β
2201 1735 2396 1801 calida,
2431 1743 2522 1790 aut
2550 1751 2676 1791 cum
2705 1750 2851 1806 aqua
2876 1733 3095 1808 frigida,
3128 1727 3254 1789 inde
3283 1735 3352 1789 ad
3401 1733 3664 1802 judicium
3693 1734 3794 1788 Dei

495 1835 696 1894 autem,
733 1828 949 1898 quando
994 1828 1110 1882 haec
1152 1825 1350 1882 audisti
1381 1841 1501 1896 quae
1530 1824 1662 1878 mihi
1709 1831 1834 1894 post
1891 1823 2094 1877 litteras

497 1931 650 1972 meas
689 1915 786 1969 tibi
815 1915 942 1970 inde
977 1916 1216 1970 directas
1245 1913 1592 1984 rescripsisti,
1635 1913 1910 1968 debueras
1967 1909 2098 1965 mihi

499 2012 590 2058 aut
619 2003 889 2060 humiliter
919 2018 1223 2076 suggerere
1252 2017 1374 2073 qua:
1403 2002 1529 2056 inde
1558 2000 1774 2066 audisti,
1805 2007 1863 2054 ut
1893 1999 1940 2054 si
1968 2014 2097 2070 per-

499 2108 633 2162 pere
663 2093 790 2147 inde
830 2100 1010 2148 actum
1054 2092 1338 2158 haberem,
1381 2091 1664 2162 corrigere
1702 2103 2094 2160 procurarem:

505 2181 592 2235 sin
619 2189 816 2249 autem,
837 2181 1081 2235 fraterna
1109 2195 1172 2234 ac
1202 2188 1434 2250 paterna
1451 2179 1786 2250 benignitate
1815 2177 2097 2233 veritatem

498 2269 628 2324 inde
659 2275 763 2324 tuae
793 2267 946 2324 filiali
973 2268 1249 2324 dilectioni
1279 2267 1660 2333 rescriberem,
1689 2266 1835 2338 quod
1865 2273 1918 2320 et
1945 2263 2098 2320 face-

499 2373 592 2412 res
623 2357 668 2412 si
701 2358 845 2428 apud
880 2365 930 2411 te
958 2357 1177 2411 humilis
1207 2373 1381 2422 esses,
1412 2363 1463 2410 et
1502 2371 1638 2428 erga
1666 2371 1754 2410 me
1785 2353 2098 2410 charitatem

500 2446 754 2502 haberes.
789 2447 1174 2501 Verumtamen
1201 2462 1300 2516 pro
1331 2443 1550 2500 modulo
1578 2460 1702 2499 meo
1725 2451 1942 2499 secutus
1956 2443 2098 2497 beati

501 2533 732 2605 apostoli
771 2534 915 2589 Petri
944 2535 1273 2605 exemplum,
1317 2533 1411 2605 qui
1448 2533 1609 2588 etiam
1653 2531 1954 2588 minoribus
1986 2530 2098 2586 suis

501 2602 866 2694 quaerentibus
894 2639 992 2678 cur
1023 2602 1377 2677 ad‘Gentile‘s
1403 2622 1678 2687 intrasset,
1709 2621 1975 2676 rationem
2003 2602 2106 2690 per

499 2711 748 2766 ordinem
777 2711 1033 2776 reddidit,
1065 2719 1116 2766 et
1132 2719 1298 2766 testes
1332 2727 1446 2766 suae
1475 2709 1674 2765 rationi
1703 2708 1967 2774 adhibuit,
2000 2709 2098 2762 bo-

501 2815 633 2854 num
661 2799 804 2854 duco
831 2843 842 2865 ,
881 2815 1206 2871 quocunque
1235 2800 1398 2854 modo
1431 2807 1488 2852 tu
1522 2798 1654 2852 mihi
1701 2814 1764 2852 ea
1795 2813 1918 2868 quae
1956 2797 2098 2852 scri-

499 2887 656 2958 psisti
683 2887 1046 2952 mandaveris,
1079 2895 1138 2940 ut
1169 2889 1363 2941 iterato
1384 2902 1504 2957 quae
1533 2886 1659 2944 inde
1689 2893 1812 2938 sunt
1842 2899 1974 2939 vera
2005 2883 2100 2938 tibi

502 2975 819 3030 rescribam.
854 2975 1117 3030 Videlicet
1137 2975 1284 3048 quia,
1299 2984 1356 3029 ut
1385 2973 1668 3044 scripsisti,
1701 2973 1902 3028 nullius
1931 2987 2100 3043 prava

501 3065 587 3122 vel
624 3065 886 3119 mendosa
917 3063 1272 3137 suggestione
1300 3063 1378 3118 illi
1407 3080 1470 3119 ea
1500 3063 1569 3118 de
1597 3062 1792 3134 quibus
1839 3059 2094 3116 diffama-

500 3160 586 3208 tus
617 3161 702 3208 est
727 3153 1010 3224 imputavi,
1041 3167 1144 3208 nec
1173 3153 1245 3208 ad
1291 3151 1798 3224 comprobationem
1845 3149 1930 3204 sui
1973 3166 2097 3205 sce-

499 3241 628 3296 leris
659 3243 886 3296 testibns
903 3257 1067 3297 causa
1085 3241 1338 3313 indiguit,
1371 3240 1779 3312 quiasicutipse
1807 3238 2094 3310 scripsisti,

498 3330 704 3400 negotii
733 3330 964 3401 qualitas
992 3346 1432 3400 unumquemque
1475 3337 1566 3383 aut
1607 3336 1842 3392 excusat,
1877 3335 1966 3382 aut
2002 3343 2096 3382 ac-

501 3426 673 3474 cusat.
711 3418 866 3474 Unde
897 3425 953 3472 et
979 3418 1244 3474 Dominus
1274 3419 1342 3472 de
1371 3434 1438 3472 eo
1480 3417 1626 3488 quod
1659 3417 1877 3487 quidam
1909 3422 2097 3486 pater-

502 3506 736 3562 familias
792 3507 861 3573 ei,
922 3507 1015 3578 qui
1065 3507 1211 3577 apud
1266 3523 1392 3561 eum
1447 3504 1754 3560 diffamatus
1808 3513 1888 3558 est
1943 3504 2099 3575 quasi

501 3595 825 3666 dissipasset
853 3596 998 3650 bona
1025 3595 1188 3660 illius,
1221 3595 1352 3650 dixit
1386 3613 1399 3648 :
1437 3595 1576 3662 Quid
1599 3595 1696 3650 hoc
1727 3594 1892 3648 audio
1923 3593 1991 3646 de
2021 3597 2101 3648 te?

501 3685 666 3740 redde
689 3687 970 3740 rationem
987 3686 1355 3740 villicatz’onis
1379 3688 1492 3738 tua:
1507 3684 1660 3754 (Luc.
1681 3685 1822 3752 xvr).
1847 3682 1917 3735 Et
1935 3694 2100 3751 supra

507 3771 836 3828 sufﬁcienter
865 3773 1034 3828 habes
1062 3773 1118 3826 in
1151 3773 1347 3843 quibus
1376 3771 1610 3843 negotiis
1642 3779 1810 3826 testes
1847 3770 2101 3842 legaliter

506 3870 664 3932 atque
695 3860 1024 3932 regulariter
1051 3861 1341 3916 examinati
1391 3859 1708 3931 requirendi
1758 3867 1900 3924 sunt,
1947 3866 2000 3913 et
2043 3859 2098 3912 in

501 3949 698 4020 quibus
728 3949 964 4021 negotiis
997 3949 1136 4003 ratio
1167 3964 1274 4003 non
1319 3949 1563 4018 indigeat
1589 3947 1836 4003 testibus.
1870 3946 2099 4001 Manife-

503 4047 646 4094 stum
667 4046 749 4094 est
779 4038 924 4092 enim
941 4045 994 4092 et
1021 4037 1376 4109 presbyteris,
1412 4046 1466 4091 et
1493 4037 1614 4091 aliis
1643 4036 1877 4102 clericis,
1914 4043 1964 4090 et
1993 4035 2097 4091 lai-

2201 1824 2431 1894 exirent,
2463 1825 2594 1895 quid
2623 1824 2750 1880 inde
2794 1825 2942 1880 Deus
2983 1823 3295 1882 ostenderet
3331 1822 3465 1878 mihi
3497 1821 3790 1880 suﬁceret.

2196 1913 2267 1968 Et
2292 1929 2414 1968 cum
2445 1929 2504 1968 se
2522 1913 2727 1970 ratione
2737 1912 3044 1970 convictum
3063 1920 3225 1984 atque
3253 1911 3603 1971 constrictum
3639 1911 3792 1980 vidit,

2198 2001 2254 2056 in
2285 2001 2680 2058 contumaciam
2737 2009 2790 2057 et
2817 2001 3173 2058 contumelias
3201 2000 3469 2072 prosilivit
3497 2017 3514 2057 :
3541 2000 3631 2057 cui
3658 2001 3793 2065 dixi.

2199 2089 2346 2161 quod
2375 2090 2480 2147 nisi
2511 2097 2603 2146 aut
2622 2089 2990 2156 conﬁteretur,
3023 2097 3114 2146 aut
3158 2088 3496 2148 satisfaceret
3523 2089 3796 2160 par-ochie

2199 2193 2336 2234 meae
2364 2178 2510 2234 unde
2539 2177 2918 2244 infamabatur,
2951 2179 3073 2249 ipse
3103 2187 3156 2236 et
3186 2178 3266 2234 illi
3293 2178 3380 2234 sui
3407 2177 3678 2244 homines,
3701 2177 3799 2249 qui

2199 2267 2449 2324 eamdem
2499 2266 2968 2325 sanctimonialem
3024 2283 3148 2323 cum
3194 2283 3262 2322 eo
3289 2265 3449 2324 furati
3473 2267 3703 2334 fuerant,
3735 2265 3794 2320 in

2193 2370 2320 2411 mea
2351 2355 2614 2426 parochia
2639 2354 2880 2410 habitare
2907 2371 3016 2410 non
3043 2363 3290 2426 possent,
3322 2363 3377 2410 et
3401 2353 3792 2427 progrediente

2200 2445 2296 2500 illo
2324 2445 2393 2498 ad
2423 2444 2778 2500 contumelias
2815 2451 2980 2515 atque
3025 2443 3342 2510 calumnias,
3401 2443 3530 2516 quia
3571 2443 3642 2499 de
3669 2458 3799 2499 mea

2199 2533 2480 2604 parochia,
2513 2533 2600 2588 vel
2647 2533 2716 2588 de
2758 2549 2882 2588 mea
2914 2533 3195 2604 provincia
3232 2547 3344 2591 non
3379 2540 3512 2599 erat,
3544 2540 3596 2588 et
3623 2548 3712 2588 res
3743 2539 3800 2589 et

2197 2621 2468 2692 mancipia
2505 2621 2560 2676 in
2580 2637 2752 2693 regno
2783 2620 3012 2676 senioris
3060 2621 3234 2678 nostri
3279 2636 3391 2677 non
3411 2620 3666 2690 habebat,
3698 2636 3799 2690 per

2201 2727 2322 2781 quae
2367 2709 2518 2766 illum
2579 2709 2962 2782 constringere
3018 2709 3090 2766 ad
3138 2709 3473 2766 reddendam
3529 2708 3796 2764 rationem

2201 2799 2465 2865 valerem,
2499 2807 2550 2853 et
2580 2815 2680 2870 per
2706 2797 3030 2854 beneﬁcium
3058 2799 3147 2855 vel
3173 2814 3274 2869 per
3301 2798 3576 2869 peculiaro
3623 2796 3799 2853 noluit

2201 2887 2472 2942 sustinere
2502 2887 2774 2960 distringi,
2807 2886 3272 2943 excommunicavi
3297 2887 3449 2945 illum
3479 2901 3512 2942 a
3537 2901 3798 2957 mea-pa-

2201 2977 2404 3032 rochia.
2439 2975 2597 3044 Quod
2623 2977 2780 3042 dicis,
2803 2981 3021 3049 oportet
3043 2977 3362 3049 episcopum
3383 2976 3640 3032 omnibus
3661 2976 3798 3031 bene

2201 3069 2410 3137 facere,
2433 3083 2625 3122 omnes
2654 3067 2903 3138 recipere
2922 3065 3139 3135 ﬁdeles,
3169 3081 3360 3122 verum
3375 3073 3478 3133 est,
3503 3072 3557 3120 et
3585 3063 3796 3119 utinam

2199 3153 2276 3209 ita
2302 3153 2495 3210 facias.
2530 3154 2639 3209 Sed
2693 3154 2850 3210 aliter
2894 3153 3057 3210 vicini
3087 3163 3139 3209 et
3166 3153 3486 3224 parochiani
3516 3152 3589 3207 tui
3615 3153 3686 3207 de
3738 3160 3794 3208 te

2200 3243 2406 3312 dicunt,
2455 3251 2509 3297 et
2563 3243 2660 3297 tibi
2692 3241 3000 3314 specialiter
3029 3241 3308 3298 commissi
3335 3241 3493 3297 aliter
3533 3241 3794 3296 sentiunt.

2200 3331 2466 3386 Caeterum
2496 3331 2565 3386 de
2593 3331 2679 3386 his
2708 3347 2830 3402 quae
2858 3331 2956 3386 tibi
2984 3331 3239 3386 mandavi
3269 3347 3334 3386 ex
3366 3338 3419 3386 te
3433 3345 3522 3385 me
3549 3329 3792 3396 audisse,

2200 3419 2247 3474 si
2275 3419 2428 3475 alteri
2461 3420 2541 3476 sic
2569 3420 2886 3475 mandarem
2905 3460 2920 3488 ,
2965 3420 3079 3476 scio
3119 3419 3244 3490 quia
3271 3419 3484 3490 gratias
3510 3418 3644 3474 mihi
3670 3419 3800 3474 inde

2201 3509 2448 3578 referret,
2480 3517 2532 3564 et
2570 3518 2626 3564 tu
2657 3509 2736 3564 sic
2756 3507 2968 3564 faceres
2997 3516 3258 3579 quantum
3283 3507 3550 3580 intelligo,
3567 3506 3615 3561 si
3643 3522 3798 3562 ama-

2201 3597 2382 3652 ritudo
2408 3597 2573 3652 animi
2605 3597 2682 3652 tui
2711 3597 2808 3652 tibi
2837 3597 3191 3668 permitteret,
3243 3604 3298 3653 et
3340 3595 3686 3652 occasionem
3711 3595 3796 3650 in-

2197 3686 2382 3744 venire
2410 3701 2520 3742 non
2549 3685 2737 3751 velles,
2771 3695 2827 3742 ut
2847 3686 2978 3740 mihi
3006 3686 3076 3740 de
3105 3685 3190 3740 his
3209 3701 3333 3757 quae
3350 3685 3410 3740 in
3428 3685 3791 3756 quaterniun-
3833 3688 3837 3691 ’

2198 3775 2333 3830 cluis
2359 3791 2456 3845 per
2485 3775 2852 3830 venerabilem
2871 3773 3342 3844 archiepiscopum
3373 3773 3725 3830 Wenilonem
3753 3787 3791 3828 a

2199 3871 2254 3918 te
2283 3863 2467 3918 missis
2497 3863 2821 3934 compilasti,
2853 3863 3052 3918 iterum
3087 3863 3215 3918 licet
3241 3879 3350 3917 non
3383 3862 3455 3918 ad
3483 3878 3602 3916 rem
3629 3862 3801 3932 perti-

2199 3953 2380 4008 nentia
2400 3953 2724 4009 inculcando
2752 3952 3147 4020 conscriberes,
3181 3960 3232 4006 et
3259 3967 3349 4008 me
3377 3951 3560 4006 dicere
3587 3967 3796 4022 provo—

2201 4057 2376 4104 cares,
2410 4041 2555 4097 unde
2602 4041 2657 4095 in
2687 4055 2936 4096 sermone
2987 4056 3186 4110 capere
3231 4055 3443 4110 posses.
3475 4039 3636 4108 Quod
3674 4040 3795 4095 evi-

503 4128 603 4194 cis,
632 4143 698 4183 ac
745 4127 978 4195 feminis,
1023 4135 1076 4182 et
1103 4127 1395 4194 nobilibus,
1444 4134 1496 4181 et
1537 4125 1752 4183 villanis
1807 4127 1864 4182 in
1912 4133 2100 4180 nostra
2199 4131 2392 4184 denter
2420 4130 2621 4200 ipsein
2649 4128 2877 4200 praefato
2907 4137 2999 4184 tuo
3031 4129 3230 4200 scripto
3251 4129 3592 4184 demonstras
3621 4147 3634 4182 :
3666 4129 3796 4202 quia

503 4216 738 4283 civitate,
773 4216 897 4289 quia
945 4216 1426 4284 sanctimonialem,
1468 4217 1538 4271 de
1591 4231 1694 4286 qua
1750 4215 1848 4268 tibi
1877 4214 2095 4286 scripsi,
2199 4219 2641 4274 commemoratis
2675 4218 2836 4274 dictis
2864 4217 3130 4285 Anacleti,
3181 4216 3435 4283 Victoris,
3467 4217 3694 4285 Callisti,
3739 4227 3796 4272 et

503 4307 574 4361 ab
605 4306 827 4361 infantia
856 4307 912 4360 in
949 4305 1284 4383 monasterio
1314 4307 1432 4360 Deo
1461 4305 1717 4371 dicatam,
1743 4313 1793 4358 et
1821 4319 1854 4358 a
1905 4319 2095 4359 sacer-
2198 4307 2603 4378 Dieutheri,'qui
2632 4315 2756 4362 ante
2785 4307 3071 4362 Nicaenum
3098 4306 3386 4362 concilium
3405 4322 3507 4377 pro
3536 4321 3797 4378 quorum-

503 4397 628 4450 dote
679 4396 934 4461 velatam,
985 4393 1233 4449 clanculo
1290 4395 1440 4464 prius
1495 4394 1564 4447 de
1613 4393 1732 4463 ipso
1762 4392 2096 4447 monasterio
2196 4396 2321 4450 dam
2354 4395 2838 4462 consolationibus,
2873 4396 3012 4452 sicut
3041 4395 3172 4452 dicit
3201 4395 3474 4463 Gelasiua,
3506 4386 3796 4450 ad‘diver-

501 4483 754 4550 furatam,
786 4483 842 4536 in
896 4483 1182 4536 mansione
1220 4483 1275 4535 in
1318 4497 1427 4552 qua
1454 4481 1706 4536 manebat
1735 4482 1880 4551 apud
1910 4482 2095 4535 hortos
2125 4477 2176 4536 D
2199 4500 2291 4540 sos
2320 4500 2447 4540 suas
2468 4485 2727 4556 epistolas
2775 4484 3112 4552 direxerunt,
3137 4485 3422 4558 subjungis
3446 4501 3458 4540 :
3481 4485 3648 4552 Ecce,
3688 4499 3794 4556 pa-

501 4587 600 4643 per
628 4571 886 4642 plurimas
941 4577 1128 4625 noctes
1172 4569 1376 4635 habuit,
1419 4569 1793 4623 consentiente
1837 4568 2094 4638 portario,

504 4657 658 4724 cujus
686 4657 922 4713 factione
956 4655 1075 4726 ipse
1103 4654 1488 4726 egrediebatur
1516 4655 1585 4706 de
1615 4653 1963 4718 monasterio,
1995 4659 2048 4705 et
2068 4666 2101 4706 a

501 4745 698 4800 Novini
727 4745 1038 4800 hominibus
1084 4743 1456 4798 abducebatur
1489 4760 1500 4794 :
1533 4741 1591 4795 in
1631 4757 1739 4812 quo
1767 4740 2100 4794 monasterio

499 4833 620 4901 ipsa
637 4833 1064 4888 sanctimonialis
1094 4831 1420 4903 regulariter
1451 4831 1577 4884 inde
1617 4837 1699 4884 est
1732 4828 2098 4898 disciplinata.

505 4920 848 4991 Quapropter
894 4938 1018 4976 cum
1064 4920 1211 4975 fama
1255 4935 1572 4974 excrescerc
1601 4917 1783 4988 coepit,
1816 4925 1867 4971 et
1897 4934 2003 4990 ego
2031 4918 2102 4972 ad

505 5007 778 5064 civitatem
806 5009 1000 5064 reverti
1030 5009 1227 5078 incepi,
1273 5009 1420 5062 misit
1467 5022 1595 5061 suos
1651 5006 1918 5075 homines,
1954 5007 2104 5060 Wal-

507 5097 812 5153 ehanonem
851 5097 1058 5152 scilicet
1106 5105 1159 5150 et
1189 5097 1420 5166 Lupum,
1463 5095 1557 5166 qui
1587 5110 1709 5150 eam
1738 5095 1902 5151 scalis
1930 5097 2102 5166 pretio

506 5185 703 5240 locatis
731 5185 800 5240 de
831 5186 950 5257 ipso
996 5185 1332 5240 monasterio
1382 5192 1544 5239 noctu
1585 5185 1908 5256 eduxerunt,
1951 5193 2004 5239 et
2033 5185 2102 5238 ad

512 5273 854 5344 beneficium,
913 5274 1059 5346 quod
1089 5273 1140 5326 ei
1198 5274 1456 5328 dederam
1506 5273 1562 5327 in
1615 5283 1797 5330 nostra
1825 5273 2098 5345 parochia,

507 5363 866 5432 deduxerunt,
899 5371 954 5418 et
974 5362 1050 5417 ibi
1065 5379 1166 5433 per
1181 5353 1367 5432 plures
1387 5362 1503 5418 dies
1520 5364 1777 5418 eamdem
1805 5363 2102 5419 sanctimo—

507 5451 708 5508 nialem
736 5452 965 5508 Nivinus
982 5451 1184 5516 habuit,
1205 5451 1341 5506 sicut
1356 5460 1410 5506 et
1439 5453 1762 5524 presbyteri,
1792 5460 1846 5508 et
1874 5451 2104 5507 circum-

506 5558 790 5610 manentea
821 5549 1071 5605 homines
1097 5563 1163 5602 ac
1195 5547 1383 5604 villani
1411 5548 1856 5603 manifestissime
1903 5548 2099 5602 sciunt.

2199 4582 2299 4641 ter,
2335 4573 2426 4644 qui
2455 4589 2690 4628 canones
2748 4573 3064 4644 recipiendi,
3117 4573 3432 4639 venerandi,
3487 4589 3552 4629 ac
3599 4574 3796 4629 obser-

2198 4661 2360 4720 vandi
2414 4662 2729 4717 habeantur.
2781 4662 2850 4716 Et
2911 4663 3034 4734 quia
3080 4671 3293 4733 patrem
3344 4678 3452 4728 me,
3513 4671 3572 4718 ut
3621 4671 3792 4734 paret,

2199 4749 2449 4805 irrisione
2476 4750 2654 4820 potius
2685 4765 2848 4821 quam
2867 4751 3216 4806 veneratione
3244 4751 3471 4818 vocasti,
3505 4751 3628 4806 dico
3675 4752 3794 4806 tibi.

2202 4839 2337 4894 Etsi
2363 4843 2530 4911 pater
2557 4855 2650 4909 ego
2667 4844 2825 4907 sunt,
2851 4840 2944 4896 ubi
2975 4844 3060 4895 est
3085 4841 3262 4896 honor
3302 4857 3462 4896 meus
3493 4845 3516 4896 ?
3543 4842 3696 4910 (Mat.
3727 4840 3796 4910 ι.)

2200 4926 2388 4982 Dicam
2437 4935 2618 4982 tamen
2648 4927 2745 4981 tibi
2775 4945 2788 4982 :
2821 4927 2919 4986 Fili
2947 4944 3046 4998 pro
3075 4928 3304 4984 arbitrio
3333 4936 3425 4984 tuo
3454 4927 3542 4984 vel
3569 4929 3795 4999 proprie

2200 5015 2289 5072 vel
2315 5016 2512 5083 aliene,
2545 5015 2593 5070 si
2610 5015 2700 5070 isti
2721 5025 2846 5071 sunt
2873 5032 3112 5072 canones
3133 5017 3450 5088 recipiendi,
3471 5017 3790 5084 venerandi,

2198 5121 2262 5160 ac
2291 5104 2638 5172 observandi,
2673 5120 2810 5176 quos
2865 5106 3328 5172 commemorasti,
3390 5105 3483 5177 qui
3511 5113 3638 5164 sunt
3690 5105 3791 5172 illi,

2201 5209 2338 5266 quos
2367 5201 2423 5248 et
2448 5193 2747 5265 apostolica
2775 5194 2958 5262 sedes,
2987 5203 3040 5249 et
3067 5209 3260 5251 omnes
3289 5194 3531 5266 episcopi
3545 5210 3647 5266 per
3672 5195 3794 5250 uni-

2201 5299 2424 5337 versum
2453 5283 2662 5348 orbem,
2699 5299 2732 5338 a
2773 5282 2964 5354 primae
2993 5283 3141 5338 sedis
3195 5283 3504 5355 apostolicae
3539 5283 3796 5354 pontiﬁce

2202 5388 2374 5443 usque
2418 5372 2486 5427 ad
2515 5371 2666 5426 illum
2720 5371 2811 5444 qui
2839 5372 3002 5428 modo
3030 5373 3326 5428 novissime
3383 5373 3540 5428 etiam
3569 5380 3696 5444 post
3741 5379 3795 5428 te

2203 5469 2287 5514 est
2334 5460 2614 5519 ordinatus
2667 5460 2980 5532 episcopus,
3030 5461 3140 5516 imo
3195 5470 3249 5517 et
3303 5462 3482 5520 omnis
3527 5461 3800 5517 catholica

2206 5547 2472 5612 Ecclesia,
2529 5565 2772 5605 canones
2815 5549 3127 5620 appellant?
3154 5551 3356 5623 quique
3395 5549 3619 5608 Niceno
3656 5565 3796 5605 con-
