4164 6302
327 265 434 321 “5

1036 267 1274 324 OPUSC.
1327 268 1416 324 ΕΤ
1471 268 1690 343 EPIST.
1751 270 1820 326 IN
1871 267 2094 329 CAUSA
2142 271 2484 328 HINCMABI
2541 274 2842 332 LAUDUN.

3533 281 3636 341 446

333 387 480 458 cilia,
537 390 692 477 quod
747 391 980 477 primum
1027 391 1082 447 in
1133 393 1332 450 nostris
1360 393 1638 460 codicibus
1657 437 1670 462 ,
1704 409 1840 466 quos
1869 394 1940 451 ab
1969 392 2025 462 Α
2045 394 2290 464 ρτεείἱιί,
2322 405 2375 452 et
2429 413 2576 469 saepe
2630 400 2812 456 dicere
2867 403 3166 460 necessitas
3194 405 3312 476 ipsa
3338 404 3636 477 compellit,

339 474 644 548 apostolica
671 475 802 534 sede
830 479 1068 548 majores
1098 481 1272 538 nostri
1291 490 1614 553 acceperunt
1635 482 1944 556 sequendos

337 580 438 638 per
465 565 715 624 ordinem
745 582 918 638 usque
949 567 1020 624 ad
1054 567 1368 625 Africanum
1400 571 1690 627 concilium
1718 586 1818 642 pro
1847 586 1942 626 ca-

341 653 576 712 uonibus
603 655 932 725 recipiendis
965 657 1313 727 venerandis,
1347 666 1400 713 et
1427 657 1785 716 observandis
1815 659 1944 715 reti-

340 749 490 810 nent,
521 750 577 798 et
601 743 968 814 Innocentius,
996 746 1265 813 Zosimus,
1326 746 1656 812 Bonifacius,
1691 746 1942 803 Caelesti-

339 847 464 900 nus,
494 831 626 896 Leo,
658 831 905 900 Hilarus,
927 833 1287 905 Symmachus
1306 876 1320 901 ,
1355 835 1606 890 Gelasius
1634 836 1938 902 Hormisda,

343 919 665 992 Gregorius,
716 928 769 976 et
806 921 990 978 ceteri
1047 923 1247 994 quique
1276 923 1650 980 observandas
1706 939 1943 980 canones

339 1007 667 1066 nominant?
695 1009 841 1064 Inter
883 1026 1024 1080 quos
1063 1017 1116 1066 et
1145 1011 1274 1066 istas
1323 1011 1588 1082 epistolas
1630 1012 1944 1084 apostolicae

344 1095 492 1153 sedis
549 1095 887 1166 pontiﬁcum,
911 1114 1047 1170 quas
1103 1114 1342 1156 canones
1369 1101 1645 1171 appellas,
1667 1100 1940 1172 Gelasius,

341 1188 398 1246 ut
453 1196 620 1252 supra
670 1181 849 1254 posui,
883 1180 1248 1250 differentiam
1274 1183 1454 1249 \facit,
1487 1193 1540 1240 et
1585 1183 1678 1239 illa
1715 1183 1943 1241 concilia

340 1283 615 1328 canonum
642 1269 989 1326 observanda
1035 1271 1297 1341 decrevit,
1330 1273 1432 1328 has
1477 1281 1657 1328 autem
1687 1273 1943 1344 epistolas

339 1373 441 1428 pro
469 1357 840 1417 consolatione
879 1360 1240 1430 quorumdam
1269 1359 1526 1431 directas,
1561 1361 1944 1417 venerabiliter
2009 1368 2012 1377 '

339 1445 719 1518 suscipiendas
748 1446 898 1514 dicit,
932 1455 985 1502 et
1013 1447 1140 1503 item
1169 1449 1228 1503 in
1256 1449 1494 1504 decretis
1525 1449 1638 1505 suis
1667 1451 1806 1504 inter
1834 1451 1942 1504 alia

340 1534 472 1592 dicit
502 1535 782 1602 (Getasius
803 1537 866 1594 in
904 1539 1332 1594 comnzonitorio
1363 1539 1436 1593 ad
1463 1539 1760 1609 Faustum)
1785 1555 1799 1594 :
1823 1539 1940 1593 No-

341 1623 445 1689 bis,
498 1622 691 1695 inquit,
723 1633 1004 1695 apponunt
1048 1641 1285 1682 canones
1310 1667 1324 1692 ,
1358 1626 1450 1698 qui
1497 1626 1792 1682 orientales
1821 1627 1936 1698 epi-

2043 497 2148 552 pro
2166 483 2506 540 diversorum
2527 487 2740 542 Patrum
2767 489 3135 548 eonsolatione
3163 493 3393 550 diversis
3421 503 3634 565 tempo-

2043 571 2196 626 ribus
2241 572 2412 640 datas,
2447 589 2480 629 α
2511 575 2640 630 sede
2690 577 2988 647 apostolica
3035 581 3416 637 venerabiliter
3458 583 3637 638 susci-

2043 658 2307 730 piendas,
2340 662 2479 718 sicut
2521 671 2574 717 et
2605 663 2852 731 facimus,
2887 666 3035 722 dicit.
3085 667 3298 723 Addam
3337 670 3500 726 etiam
3533 689 3546 724 :
3581 671 3636 726 Si

2041 747 2139 802 illa
2179 765 2302 819 quae
2344 750 2413 805 de
2443 750 2794 821 praefatorum
2831 754 3148 824 pontificum
3194 757 3506 826 apostolicae
3545 775 3638 815 se-

2044 835 2127 890 dis
2159 837 2402 908 epistolis
2460 839 2596 894 dicis
2643 841 2986 912 recipiendos
3035 845 3379 900 venerandos
3405 861 3642 901 canones

2043 940 2184 992 esse,
2219 925 2311 996 qui
2358 928 2504 998 quod
2531 929 2613 984 vis
2643 938 2884 985 sanctum
2915 931 3052 987 dicis
3072 941 3126 986 et
3157 933 3381 1002 licitum,
3414 941 3468 989 et
3494 935 3640 1005 quod

2043 1027 2150 1067 non
2207 1013 2290 1068 vis
2337 1030 2447 1069 non
2501 1024 2744 1072 sanctum
2777 1026 2829 1072 et
2882 1016 3162 1090 illicitum,
3197 1036 3260 1078 ac
3290 1021 3337 1076 si
3365 1021 3641 1078 voluntate

2043 1109 2130 1155 tua
2159 1110 2352 1157 cuncta
2399 1103 2505 1157 sint
2531 1105 2728 1174 posita,
2761 1114 2814 1161 et
2859 1122 2969 1162 non
2997 1109 3066 1162 sit
3095 1109 3188 1180 qui
3216 1117 3323 1165 tuae
3348 1110 3520 1180 possit
3550 1125 3642 1165 re-

2043 1189 2238 1246 sistere
2267 1191 2546 1257 voluntati,
2581 1194 2756 1264 pende
2786 1195 2961 1260 nobis,
2987 1212 3320 1268 quaesumus,
3355 1199 3486 1268 quid
3511 1214 3640 1254 cen-

2043 1293 2165 1332 seas
2203 1279 2273 1333 de
2311 1295 2502 1334 eorum
2542 1281 2807 1350 decretis,
2839 1283 2931 1354 qui
2975 1292 3096 1353 post
3145 1286 3424 1341 Nicaannm
3453 1287 3640 1342 conci-

2042 1366 2194 1434 lium,
2227 1374 2278 1420 et
2331 1368 2436 1422 alia
2491 1369 2753 1425 catholica
2801 1372 3047 1438 concilia,
3079 1373 3416 1430 observanda
3445 1375 3638 1430 decre-

2041 1453 2167 1508 talia
2197 1455 2488 1511 constituta
2516 1457 2586 1512 de
2615 1458 2822 1513 eisdem
2853 1461 3026 1516 sacris
3059 1463 3360 1517 canonibus
3389 1463 3637 1532 promul-

2039 1549 2166 1614 gata
2197 1553 2508 1610 sanxerunt,
2543 1545 2683 1600 sicut
2709 1547 2954 1614 Siricius,
2982 1549 3345 1614 Innocentius,
3369 1549 3636 1618 Zosimus,

2039 1629 2364 1700 Bonifacius,
2395 1632 2738 1700 leestinus,
2790 1637 2918 1702 Leo,
2965 1636 3200 1706 Hilarus,
3253 1637 3632 1708 Symmachus,

342 1710 513 1783 scopi,
545 1711 674 1771 dum
704 1711 953 1768 nesciunt
983 1713 1113 1784 quid
1141 1713 1443 1785 loquantur,
1477 1723 1666 1770 contra
1686 1729 1824 1787 quos
1838 1715 1943 1788 ipsi
1972 1745 2024 1809 B
2046 1719 2317 1785 Gelasius,
2354 1721 2659 1787 Hormisda,
2692 1723 3012 1795 Gregorius,
3049 1733 3100 1779 et
3131 1725 3330 1796 quique
3357 1725 3467 1792 alii,
3497 1741 3638 1798 quo-

343 1815 402 1854 se
449 1799 639 1856 venire
695 1800 948 1870 produnt,
983 1801 1078 1872 qui
1115 1803 1304 1876 primae
1349 1803 1468 1858 sedi
1522 1819 1656 1858 sana
1683 1811 1942 1875 rectaque

343 1888 590 1944 suadenti
627 1904 828 1962 parere
857 1889 1088 1960 fugiunt.
1128 1891 1240 1960 Ipsi
1268 1899 1394 1948 sunt
1441 1906 1698 1960 canones,
1733 1891 1825 1964 qui
1852 1909 1946 1963 ap-

249 1974 255 1980 ’
339 1975 666 2048 pellationes
713 1977 879 2035 totius
934 1977 1198 2036 Ecclesiae
1253 1977 1321 2035 ad
1351 1979 1510 2048 hujus
1539 1979 1684 2035 sedis
1715 1995 1947 2036 examen

341 2065 566 2123 voluere
585 2065 801 2122 deferri.
837 2086 862 2118 ›
897 2065 1056 2135 Quod
1075 2066 1424 2123 manifestum
1451 2076 1534 2123 est
1563 2069 1634 2124 de
1663 2068 1947 2125 Sardicen—

341 2153 492 2210 sibus
520 2154 826 2214 cononibns
851 2153 1005 2210 illum
1034 2155 1238 2222 dicere,
1263 2157 1334 2212 de
1365 2155 1562 2226 quibus
1592 2165 1646 2210 et
1675 2157 1944 2214 Innocen-

343 2237 448 2297 tius
474 2237 544 2295 ad
576 2237 910 2303 Victricium,
949 2247 1003 2294 et
1039 2239 1337 2310 Gregorius
1367 2239 1439 2296 ad
1491 2240 1832 2296 Vincentium
1859 2240 1946 2296 his

343 2341 588 2384 consona
643 2326 846 2396 dicunt,
900 2343 1022 2398 qum
1065 2327 1120 2381 in
1148 2329 1252 2386 hoc
1298 2327 1461 2382 etiam
1489 2327 1628 2400 legis
1658 2329 1940 2400 opusculo.

345 2414 411 2478 Et
453 2414 660 2472 ibidem
703 2422 828 2486 post
855 2415 1134 2487 aliquanta
1166 2434 1179 2470 :
1219 2437 1240 2466 ι
1276 2415 1521 2471 Viderint
1577 2433 1708 2490 ergo
1738 2418 1784 2472 si
1806 2417 1945 2473 alios

343 2503 546 2562 habent
591 2519 852 2571 canones,
885 2503 1080 2575 quibus
1113 2520 1242 2559 suas
1295 2505 1529 2575 ineptias
1555 2514 1940 2576 exsequantur.

345 2593 616 2650 Caeterum
643 2592 751 2660 isti,
785 2593 878 2664 qui
919 2593 1096 2657 sacri,
1131 2593 1224 2664 qui
1269 2593 1644 2664 ecclesiastici,
1681 2594 1774 2666 qui
1802 2595 1943 2667 legi—

343 2681 459 2738 timi
487 2679 854 2748 celebrantur,
888 2697 998 2736 non
1041 2682 1218 2736 solum
1251 2683 1440 2744 sedem
1488 2682 1846 2753 apostolicam
1873 2683 1943 2738 ad

333 2770 604 2839 judicium
633 2785 833 2828 vocare
851 2786 962 2826 non
991 2779 1241 2840 possunt,
1263 2779 1315 2825 et
1335 2771 1944 2842 Constantinopolitanae

345 2859 636 2930 episoOpus
691 2858 945 2926 civitatis,
997 2876 1119 2930 quae
1171 2859 1358 2930 utique
1405 2875 1506 2930 per
1536 2874 1775 2915 canones
1803 2861 1944 2914 inter

343 2949 504 3006 sedes
533 2947 741 3007 nullum
783 2962 984 3006 nomen
1012 2948 1244 3018 accepit,
1295 2948 1352 3002 in
1381 2949 1818 3006 communionem
1848 2965 1941 3004 re-

339 3046 532 3102 cidens
571 3043 906 3116 perﬁdorum
934 3060 1044 3100 non
1074 3045 1262 3100 debuit
1288 3045 1646 3102 submoveri?
1675 3046 1858 3110 Nam;
1886 3055 1944 3100 ut

340 3135 460 3206 ipse
502 3135 870 3203 demonstrat,
921 3134 1270 3190 Heracleotes
1311 3133 1652 3204 suffraganea
1683 3134 1797 3188 fuit.
1829 3136 1943 3190 Hoc

341 3231 528 3280 autem
559 3222 841 3281 Gelasium
869 3221 1056 3278 dicere
1101 3227 1248 3294 patet
1276 3223 1345 3277 de
1375 3223 1546 3278 sacris
1580 3223 1816 3277 Nicamis
1847 3239 1944 3277 ca-

343 3311 598 3376 nonibus.
631 3311 723 3382 qui
750 3309 1040 3384 privilegia
1097 3311 1308 3366 sedium
1353 3310 1772 3377 constituerunt,
1807 3311 1948 3366 sicut

339 3401 398 3456 in
424 3407 588 3456 sexto
615 3399 863 3470 ipsorum
901 3399 1134 3470 capitulo
1175 3406 1362 3470 aperte
1407 3406 1758 3453 monstratur.
1792 3399 1948 3454 Unde

343 3487 654 3546 Bonifacius
681 3488 870 3560 (epist.
905 3491 957 3554 3,
1009 3489 1224 3544 Hilario
1255 3488 1520 3556 Narbon.)
1556 3505 1569 3540 :
1607 3507 1629 3538 α
1662 3486 1826 3556 Nulli,
1857 3487 1941 3542 in-

344 3577 480 3650 quit,
525 3576 742 3633 videtur
790 3576 1068 3646 incognita
1108 3575 1306 3646 synodi
1335 3575 1644 3631 constitutio
1684 3575 1943 3642 Nicmnae,

342 3682 468 3738 qua
491 3665 569 3724 ita
596 3663 863 3736 praecipit,
893 3671 951 3720 ut
980 3665 1175 3720 eadem
1200 3665 1420 3736 proprie
1449 3664 1616 3720 verba
1645 3679 1944 3734 ponamus:

343 3757 446 3811 Per
502 3769 944 3825 unamquamque
999 3753 1342 3824 provinciam
1379 3753 1472 3822 jus
1500 3752 1948 3824 metropolitanos

343 3842 592 3917 singulos
612 3843 817 3898 habere
847 3843 1065 3910 debere,
1091 3857 1194 3897 nec
1214 3841 1466 3912 cuiquam
1487 3841 1626 3896 duas
1646 3857 1766 3896 esse
1787 3857 1948 3911 posse

341 3933 638 4002 subjectos.
668 3929 830 3999 Quod
859 3931 956 3997 illi,
991 3931 1114 4002 quia
1142 3931 1298 3986 aliter
1329 3931 1658 3985 credendum
1705 3947 1814 3985 non
1843 3939 1942 3997 est,

341 4020 696 4086 servandum,
728 4028 922 4078 sancto
953 4019 1152 4090 Spiritu
1187 4027 1536 4092 suggerente,
1570 4019 1788 4074 sibimet
1815 4036 1943 4074 cen-

344 4117 603 4175 suerunt;
641 4130 664 4160 ι
697 4116 749 4164 et
776 4109 938 4180 paulo
957 4116 1082 4180 post
1114 4127 1128 4162 :
1165 4133 1186 4156 α
1218 4107 1378 4176 Quod
1396 4108 1600 4163 idcirco
1618 4107 1869 4175 dicimus,
1893 4117 1950 4162 ut

341 4201 588 4256 advertat
617 4198 854 4255 charitas
911 4206 1019 4264 tua,
1055 4198 1191 4254 adeo
1241 4213 1340 4252 nos
1379 4212 1646 4252 canonum
1675 4205 1945 4267 praecepta

339 4304 597 4354 servare,
628 4295 686 4342 ut
724 4287 801 4342 ita
849 4287 1158 4344 constitutio
1198 4301 1412 4358 quoque
1461 4293 1648 4339 nostra
1697 4284 1943 4350 ditiiniat,

341 4385 612 4449 quatenus
651 4375 1054 4448 metropolitani
1100 4375 1182 4430 sui
1213 4388 1548 4445 unaquzeque
1595 4373 1872 4443 provincia
1889 4373 1947 4428 in

2044 1823 2166 1861 rum
2196 1808 2420 1864 decreta
2449 1809 2695 1864 Ecclesia
2725 1812 3004 1878 catholica,
3038 1820 3092 1868 et
3121 1813 3306 1872 Patres
3333 1828 3398 1870 ac
3425 1815 3634 1884 praede-

2045 1910 2294 1950 cessores
2321 1897 2494 1952 nostri
2521 1899 2795 1954 servanda
2823 1907 3126 1968 tenuerunt,
3159 1909 3212 1956 et
3231 1903 3470 1958 venerati
3490 1911 3633 1957 sunt.

2043 1983 2112 2038 Et
2143 1985 2396 2055 quoniam
2423 1985 2480 2040 in
2507 1987 2827 2058 quibusdam
2857 2003 2890 2044 a
2933 1988 3193 2060 praefatis,
3227 2005 3366 2060 quos
3392 1991 3640 2062 appellas

2044 2087 2284 2129 canones
2313 2117 2326 2139 ,
2373 2075 2660 2131 dissonent
2681 2117 2695 2142 ,
2745 2077 3046 2150 magistrali
3091 2093 3326 2136 censura
3366 2079 3602 2135 decerne
3627 2121 3640 2147 ,

2045 2177 2166 2232 quae
2196 2177 2264 2216 ex
2292 2161 2378 2216 his
2408 2164 2562 2235 sequi
2591 2171 2644 2239 et
2685 2180 2807 2236 qum
2851 2165 3090 2221 refutare
3117 2167 3419 2223 debeamus
3452 2185 3464 2221 :
3499 2183 3640 2239 quo-

2045 2250 2194 2304 niam
2221 2250 2324 2304 nisi
2355 2259 2413 2305 tu
2442 2236 2939 2326 ferula'singularis
2988 2255 3327 2312 auctoritatis
3353 2256 3424 2316 de
3455 2236 3642 2312 nostra

2045 2339 2438 2394 consuetudine
2469 2340 2571 2394 ista
2599 2341 2874 2410 rejeceris,
2909 2359 3032 2414 quae
3079 2343 3218 2399 sicut
3243 2351 3297 2397 et
3325 2343 3514 2398 Patres
3543 2359 3640 2398 no-

2046 2427 2142 2481 stri
2162 2467 2176 2495 ,
2210 2427 2482 2482 mentibus
2529 2429 2732 2483 nostris
2773 2431 3008 2486 tenenda
3035 2439 3090 2485 et
3125 2431 3388 2488 servanda
3417 2431 3637 2486 imbibi-

2044 2531 2184 2581 mus,
2217 2531 2327 2570 non
2354 2516 2569 2572 videtur
2595 2517 2728 2571 mihi
2757 2526 2816 2572 ut
2854 2518 3018 2574 facile
3045 2518 3114 2572 ab
3141 2519 3512 2576 ecclesiastico
3541 2536 3640 2575 usu

2045 2603 2135 2657 illa
2191 2619 2313 2674 quae
2365 2613 2607 2660 tenemus
2645 2607 2974 2676 generaliter
3021 2608 3207 2663 valeas
3236 2623 3544 2677 removere,
3571 2608 3640 2663 de

2044 2691 2240 2763 quibus
2271 2692 2401 2746 satis
2429 2709 2698 2765 superque
2745 2695 2994 2765 superius
3035 2705 3194 2766 potes
3225 2697 3486 2769 relegere,
3521 2712 3643 2768 qua:

2045 2779 2093 2835 si
2120 2780 2218 2834 tibi
2247 2795 2358 2835 non
2401 2779 2734 2848 suffecerint,
2765 2799 2870 2838 nec
2914 2783 3070 2855 plura
3100 2783 3385 2840 sufficient.
3414 2785 3642 2846 Tantum

2045 2868 2112 2922 de
2143 2884 2250 2923 una
2275 2885 2334 2924 re
2381 2871 2816 2940 superadjiciam,
2864 2871 3118 2928 videlicet
3145 2872 3403 2944 quoniam
3433 2873 3528 2944 qui
3555 2872 3643 2926 di—

2045 2956 2124 3012 cis
2155 2975 2168 3009 :
2207 2979 2230 3008 α
2262 2957 2406 3013 Ecce
2434 2958 2527 3028 qui
2567 2973 2808 3014 canones
2859 2960 3157 3032 recipiendi
3183 3003 3198 3030 ,
3231 2961 3546 3028 venerandi,
3577 2975 3642 3015 ac

2032 3041 2369 3097 'observandi
2413 3043 2731 3109 habeantur,
2769 3065 2793 3094 r
2825 3060 2934 3100 non
2985 3045 3116 3099 satis
3149 3045 3372 3100 eosdem
3409 3061 3644 3100 canones

2047 3138 2422 3200 perscrutatus
2463 3147 2524 3184 es
2545 3171 2562 3198 ,
2593 3132 2650 3186 in
2678 3132 2892 3203 quibus,
2927 3133 3062 3187 sicut
3092 3133 3377 3203 scripsisti,
3411 3133 3644 3188 habetur

2046 3227 2104 3270 ut
2141 3217 2232 3289 qui
2277 3234 2537 3274 accusare
2586 3219 2751 3275 alium
2781 3220 3040 3292 elegerit,
3071 3237 3317 3292 praesens
3359 3237 3457 3292 per
3498 3237 3558 3276 se
3590 3230 3642 3276 et

2047 3322 2154 3361 non
2184 3323 2284 3377 per
2308 3307 2476 3361 alium
2532 3316 2781 3376 accuset,
2813 3309 3167 3380 inscriptione
3212 3309 3464 3366 videlicet
3493 3325 3641 3382 prae-

2047 3395 2231 3448 missa.
2267 3394 2424 3462 Quod
2481 3395 2610 3467 quia
2634 3396 2702 3451 ad
2732 3397 3025 3452 munimem
3069 3397 3147 3452 tui
3175 3407 3493 3456 convertere
3525 3406 3642 3453 stu-

2049 3491 2230 3557 duisti,
2263 3491 2452 3564 legere
2479 3493 2766 3562 debueras,
2797 3494 2922 3564 quia
2949 3495 3065 3565 ipsa
3095 3497 3364 3550 sententia
3396 3496 3465 3551 de
3495 3495 3641 3551 anti-

2051 3580 2172 3651 quis
2200 3579 2414 3650 legibus
2444 3581 2702 3638 Romanis
2730 3580 2830 3636 fuit
2869 3591 3165 3654 assumpta,
3199 3583 3253 3638 in
3283 3583 3478 3654 quibus
3497 3583 3640 3656 legi-

2051 3670 2170 3724 bus.
2207 3670 2268 3723 In
2298 3669 2514 3740 capituli
2544 3670 2988 3740 interpretatione
3009 3671 3172 3728 edicti
3197 3671 3549 3730 Valentiniani
3570 3672 3638 3726 de

2050 3757 2347 3828 episcopali
2369 3758 2594 3826 judicio,
2627 3759 2928 3830 posteriore
2955 3759 3210 3815 videlicet
3237 3760 3637 3823 constitutione,

2051 3846 2122 3900 ita
2179 3847 2443 3916 scriptum
2490 3847 2719 3902 habetur
2765 3849 3000 3920 (Interp.
3065 3849 3304 3905 Novella
3348 3850 3638 3919 Valent.):

2056 3957 2076 3984 α
2116 3935 2224 3989 Lex
2255 3934 2357 3990 ista
2385 3936 2454 3990 de
2483 3935 2716 3991 diversis
2748 3937 2914 3992 rebus
2943 3937 3109 3992 multa
3138 3937 3433 4006 constituit,
3457 3938 3555 3993 sed
3585 3937 3639 3992 in

2048 4023 2240 4092 primis
2269 4023 2336 4077 de
2365 4023 2580 4078 clericis
2609 4025 2754 4095 quod
2785 4025 2984 4079 dictum
3013 4032 3116 4091 est,
3155 4033 3210 4079 ut
3234 4025 3336 4080 nisi
3365 4042 3466 4096 per
3494 4041 3643 4080 com-

2049 4111 2305 4180 promissi
2335 4112 2606 4166 vinculum
2632 4112 2893 4178 judicium
2937 4112 3246 4182 episcopale
3281 4129 3391 4168 non
3424 4115 3636 4178 adeant,

2049 4199 2350 4269 posteriore
2384 4199 2508 4270 lege
2563 4199 2846 4266 Majoriani
2901 4200 3224 4269 abrogatum
3272 4208 3374 4254 est.
3413 4222 3434 4248 ι
3469 4199 3641 4266 Quam

2048 4286 2504 4352 constitutionem,
2541 4286 2676 4342 sicut
2713 4287 2878 4357 petiit.
2911 4295 2962 4342 et
3015 4287 3270 4354 obtinuit,
3303 4288 3374 4342 ila
3422 4301 3488 4342 ex
3517 4295 3646 4342 tunc

2050 4376 2308 4430 hactenus
2339 4375 2586 4431 Ecclesia
2615 4376 2974 4432 conservavit.
2999 4375 3107 4430 Sed
3139 4384 3191 4431 et
3213 4376 3350 4432 sicut
3379 4375 3434 4430 in
3454 4377 3644 4432 litteris

335 4466 596 4522 omnibus
622 4465 790 4522 rebus
818 4464 1218 4520 ordinationem
1252 4479 1472 4533 semper
1499 4471 1794 4533 exspectet.
1827 4487 1850 4510 ι»
1870 4463 1939 4517 Et
1969 4453 2020 4514 D
2042 4464 2180 4518 meis
2209 4463 2391 4536 legisti
2443 4463 2804 4520 differentiam
2856 4465 3163 4536 intelligere
3191 4466 3460 4524 debueras
3507 4465 3648 4520 inter

342 4556 452 4612 Leo
469 4556 544 4611 ad
573 4555 914 4610 Anastasium
943 4554 1130 4625 (epist.
1167 4558 1252 4622 88,
1286 4567 1407 4623 cap.
1442 4554 1496 4620 1)
1529 4569 1543 4606 :
1581 4575 1602 4599 »
1636 4550 1944 4606 Secundum

339 4651 655 4700 sanctorum
697 4643 912 4699 Patrum
950 4657 1190 4697 canones
1222 4682 1237 4708 ,
1300 4640 1503 4712 Spiritu
1539 4640 1643 4696 Dei
1673 4639 1940 4707 conditos,

341 4740 395 4788 et
421 4731 586 4789 totius
622 4731 812 4788 mundi
838 4730 1148 4787 reverentia
1202 4737 1571 4796 consecratos,
1632 4729 1944 4800 metropoli-

339 4829 501 4877 tanos
539 4819 880 4893 singularum
927 4817 1333 4890 provinciarum
1379 4817 1669 4889 episcopos
1710 4818 1802 4886 jus
1835 4825 1944 4872 tra-

338 4910 468 4966 dita
493 4909 600 4965 sibi
642 4908 937 4980 antiquitus
980 4906 1261 4978 dignitatis
1322 4906 1706 4983 intemeratum
1737 4905 1941 4960 habere

338 4997 705 5055 decernimus.
765 5021 787 5045 ιι
818 4997 890 5053 Ει
935 4997 1066 5052 item
1105 4995 1376 5061 Gelasius,
1427 5003 1484 5050 ut
1511 5011 1680 5065 supra
1706 4995 1941 5064 ostendi,

339 5095 465 5158 post
523 5085 950 5158 descriptionem
1001 5084 1432 5140 authenticarum
1508 5084 1911 5154 Scripturarum
1930 5127 1942 5150 ,

339 5183 396 5233 et
464 5175 705 5232 Nicanaa
778 5173 1391 5244 Constantinopolitanae
1424 5217 1435 5237 ,
1469 5188 1534 5228 ac
1618 5172 1942 5242 Ephesinas,

340 5263 804 5328 Chalcedonensis
861 5279 1076 5336 quoque
1133 5261 1358 5334 synodi,
1402 5261 1656 5315 addidit:
1693 5283 1714 5310 ‹‹
1776 5262 1845 5318 Et
1901 5261 1946 5316 si

343 5369 452 5426 qua
495 5359 625 5410 sunt
665 5351 894 5408 concilia
939 5369 972 5405 a
1013 5351 1217 5407 sanctis
1247 5349 1498 5404 Patribus
1527 5349 1788 5415 instituta,
1823 5359 1946 5420 post

340 5441 540 5508 horum
597 5449 827 5513 quatuor
888 5441 1264 5496 auctoritatem
1307 5479 1320 5506 ,
1380 5445 1432 5492 et
1495 5437 1848 5494 custodienda
1894 5447 1947 5492 et

343 5539 663 5613 recipienda
689 5539 1056 5596 decrevimus.
1099 5564 1120 5586 »
1163 5538 1313 5608 Ipsos
1362 5544 1541 5590 autem
1573 5534 1858 5604 epistolas.
1889 5545 1946 5589 ut

2044 4553 2464 4609 admonitionem
2512 4563 2566 4608 et
2605 4554 2678 4610 de
2741 4554 3086 4610 accusatione
3135 4555 3520 4623 judicationem
3547 4596 3559 4620 ,
3592 4563 3644 4608 et

2045 4641 2185 4697 inter
2213 4643 2316 4698 hoc
2346 4643 2492 4713 quod
2523 4643 2654 4709 dixi,
2687 4643 2735 4697 si
2764 4643 2834 4697 ita
2865 4651 2946 4697 est
2976 4649 3032 4698 ut
3072 4643 3278 4713 passim
3313 4657 3347 4696 a
3378 4642 3560 4696 multis
3589 4651 3640 4697 et

2045 4732 2210 4786 etiam
2239 4731 2456 4802 publice
2496 4731 2551 4786 in
2581 4731 2812 4802 publicis
2843 4731 3062 4802 placitis
3102 4731 3428 4802 dtVulgatut',
3460 4739 3514 4785 et
3541 4731 3644 4786 hoc

2047 4821 2192 4891 quod
2220 4836 2330 4875 non
2357 4820 2488 4886 dixi,
2521 4821 2644 4892 quia
2677 4820 2749 4875 ita
2779 4828 2881 4874 est.
2917 4819 3072 4874 Unde
3100 4835 3128 4872 a
3159 4809 3343 4874 multis
3400 4827 3452 4874 et
3481 4820 3640 4876 etiam

2042 4909 2268 4980 publice
2323 4910 2468 4980 quod
2527 4924 2637 4964 non
2685 4909 2830 4973 licet,
2863 4909 2917 4962 in
2949 4907 3180 4978 publicis
3209 4908 3354 4967 vela
3383 4909 3638 4980 publicis,

2043 4998 2255 5068 placitis
2276 4998 2574 5053 accusaris.
2608 4999 2674 5052 Et
2704 4997 2848 5068 quod
2879 4995 3106 5051 confuse
3137 4996 3338 5064 dixisti,
3373 5005 3424 5053 te
3453 4998 3640 5054 mirari

2047 5087 2092 5140 si
2119 5087 2283 5157 aliqui
2315 5103 2379 5142 ex
2411 5087 2493 5140 his
2512 5085 2727 5156 placitis
2757 5083 3016 5140 fecissent
3036 5101 3069 5140 a
3097 5087 3254 5142 vobis
3275 5103 3378 5157 pro
3407 5089 3511 5144 hoc
3541 5103 3642 5158 pe-

2043 5176 2287 5230 titionem
2319 5175 2557 5246 negotio,
2589 5192 2656 5229 ex
2685 5175 2869 5228 verbis
2901 5174 3105 5231 Callisti
3142 5176 3472 5248 adjungens,
3515 5175 3640 5230 nul-

2044 5265 2130 5319 lus
2160 5265 2348 5320 doctor
2374 5280 2472 5334 per
2491 5263 2690 5334 scripta
2713 5272 3016 5330 accusetur,
3040 5280 3147 5320 non
3178 5265 3316 5321 bene
3350 5263 3640 5319 distinxisti

2045 5353 2172 5423 quia
2200 5369 2302 5407 nec
2349 5353 2486 5406 bene
2517 5352 2830 5408 intellexisti
2877 5370 2944 5408 ex
2990 5353 3206 5426 legibus
3243 5362 3296 5410 et
3344 5352 3643 5408 canonibus

2043 5439 2408 5496 differentiam
2457 5441 2599 5496 inter
2645 5443 2964 5512 petitionem
2992 5451 3046 5498 et
3075 5443 3500 5498 accusationem.
3529 5441 3640 5495 Re-

2044 5531 2200 5586 volve
2249 5529 2375 5585 hinc
2401 5530 2583 5600 leges,
2638 5541 2692 5586 et
2717 5532 2948 5587 decreta
2997 5532 3144 5592 sedis
3207 5529 3554 5600 apostolicis,
3590 5536 3636 5582 et
