  <div class='ocr_page' id='page_1' title='image "/cluster/home/n/w/nwhite01/storage/ocr_20150623/126/umn.31951002477419r/257.png"; bbox 0 0 4164 6314; ppageno 0'>
   <div class='ocr_carea' id='block_1_1' title="bbox 527 278 3822 342">
    <p class='ocr_par' dir='ltr' id='par_1_1' title="bbox 527 278 3822 342">
     <span class='ocr_line' id='line_1_1' title="bbox 527 278 3822 342; baseline -0.001 -1"><span class='ocrx_word' id='word_1_1' title='bbox 527 278 631 342; x_wconf 73' lang='grc' dir='ltr'><strong>ιΗ</strong></span> <span class='ocrx_word' id='word_1_2' title='bbox 1444 290 1447 293; x_wconf 85' lang='grc'><em>’</em></span> <span class='ocrx_word' id='word_1_3' title='bbox 1479 285 1820 342; x_wconf 80' lang='lat' dir='ltr'><strong>HINCMARI</strong></span> <span class='ocrx_word' id='word_1_4' title='bbox 1849 282 2250 341; x_wconf 76' lang='lat' dir='ltr'><strong>BHEMENSIS</strong></span> <span class='ocrx_word' id='word_1_5' title='bbox 2279 279 2828 341; x_wconf 80' lang='lat' dir='ltr'><strong>ARCHIEPISCOPI.</strong></span> <span class='ocrx_word' id='word_1_6' title='bbox 3722 285 3822 337; x_wconf 67' lang='grc' dir='ltr'><strong>με</strong></span> 
     </span>
    </p>
   </div>
   <div class='ocr_carea' id='block_1_2' title="bbox 530 410 2130 499">
    <p class='ocr_par' dir='ltr' id='par_1_2' title="bbox 530 410 2119 484">
     <span class='ocr_line' id='line_1_2' title="bbox 530 410 2119 484; baseline -0.001 -17"><span class='ocrx_word' id='word_1_7' title='bbox 530 410 679 467; x_wconf 86' lang='lat' dir='ltr'><strong>disce</strong></span> <span class='ocrx_word' id='word_1_8' title='bbox 708 424 830 482; x_wconf 80' lang='lat' dir='ltr'><strong>qua</strong></span> <span class='ocrx_word' id='word_1_9' title='bbox 858 410 1058 467; x_wconf 90' lang='lat' dir='ltr'><strong>nescis.</strong></span> <span class='ocrx_word' id='word_1_10' title='bbox 1082 410 1239 467; x_wconf 88' lang='lat' dir='ltr'><strong>Unde</strong></span> <span class='ocrx_word' id='word_1_11' title='bbox 1277 411 1476 466; x_wconf 91' lang='lat' dir='ltr'><strong>iterum</strong></span> <span class='ocrx_word' id='word_1_12' title='bbox 1506 410 1663 484; x_wconf 87' lang='lat' dir='ltr'><strong>quasi</strong></span> <span class='ocrx_word' id='word_1_13' title='bbox 1693 411 1990 483; x_wconf 75' lang='lat' dir='ltr'><strong>vestigans,</strong></span> <span class='ocrx_word' id='word_1_14' title='bbox 2027 424 2119 465; x_wconf 88' lang='lat' dir='ltr'><strong>se-</strong></span> 
     </span>
    </p>
   </div>
   <div class='ocr_carea' id='block_1_3' title="bbox 2231 410 3825 499">
    <p class='ocr_par' dir='ltr' id='par_1_3' title="bbox 2231 417 3825 499">
     <span class='ocr_line' id='line_1_3' title="bbox 2231 417 3825 499; baseline 0.004 -19"><span class='ocrx_word' id='word_1_15' title='bbox 2231 441 2356 481; x_wconf 88' lang='lat' dir='ltr'><strong>sens</strong></span> <span class='ocrx_word' id='word_1_16' title='bbox 2385 426 2431 481; x_wconf 91' lang='lat' dir='ltr'><strong>si</strong></span> <span class='ocrx_word' id='word_1_17' title='bbox 2461 425 2682 483; x_wconf 84' lang='lat' dir='ltr'><strong>conﬁdit</strong></span> <span class='ocrx_word' id='word_1_18' title='bbox 2710 427 2780 483; x_wconf 87' lang='lat' dir='ltr'><strong>ad</strong></span> <span class='ocrx_word' id='word_1_19' title='bbox 2808 428 3019 497; x_wconf 83' lang='lat' dir='ltr'><strong>objecta</strong></span> <span class='ocrx_word' id='word_1_20' title='bbox 3048 417 3408 499; x_wconf 87' lang='lat' dir='ltr'><strong>respondeat,</strong></span> <span class='ocrx_word' id='word_1_21' title='bbox 3441 419 3648 485; x_wconf 82' lang='lat' dir='ltr'><strong>scilicet</strong></span> <span class='ocrx_word' id='word_1_22' title='bbox 3672 441 3825 499; x_wconf 52' lang='lat' dir='ltr'><strong>pra-i</strong></span> 
     </span>
    </p>
   </div>
   <div class='ocr_carea' id='block_1_4' title="bbox 534 496 2130 592">
    <p class='ocr_par' dir='ltr' id='par_1_4' title="bbox 534 496 2124 572">
     <span class='ocr_line' id='line_1_4' title="bbox 534 496 2124 572; baseline -0.001 -19"><span class='ocrx_word' id='word_1_23' title='bbox 534 514 667 571; x_wconf 92' lang='lat' dir='ltr'><strong>quar</strong></span> <span class='ocrx_word' id='word_1_24' title='bbox 690 505 743 553; x_wconf 89' lang='lat' dir='ltr'><strong>te</strong></span> <span class='ocrx_word' id='word_1_25' title='bbox 771 512 872 569; x_wconf 92' lang='lat' dir='ltr'><strong>per</strong></span> <span class='ocrx_word' id='word_1_26' title='bbox 929 499 1226 572; x_wconf 87' lang='lat' dir='ltr'><strong>angulosos</strong></span> <span class='ocrx_word' id='word_1_27' title='bbox 1271 497 1569 564; x_wconf 79' lang='lat' dir='ltr'><strong>anfractus,</strong></span> <span class='ocrx_word' id='word_1_28' title='bbox 1601 507 1653 553; x_wconf 90' lang='lat' dir='ltr'><strong>et</strong></span> <span class='ocrx_word' id='word_1_29' title='bbox 1704 499 1882 555; x_wconf 91' lang='lat' dir='ltr'><strong>dicam</strong></span> <span class='ocrx_word' id='word_1_30' title='bbox 1926 498 2022 553; x_wconf 86' lang='lat' dir='ltr'><strong>tibi</strong></span> <span class='ocrx_word' id='word_1_31' title='bbox 2053 496 2124 552; x_wconf 88' lang='lat' dir='ltr'><strong>ad</strong></span> 
     </span>
    </p>
   </div>
   <div class='ocr_carea' id='block_1_5' title="bbox 2231 496 3823 592">
    <p class='ocr_par' dir='ltr' id='par_1_5' title="bbox 2231 496 3823 592">
     <span class='ocr_line' id='line_1_5' title="bbox 2231 496 3823 592; baseline 0.002 -22"><span class='ocrx_word' id='word_1_32' title='bbox 2231 515 2361 570; x_wconf 81' lang='lat' dir='ltr'><strong>senti</strong></span> <span class='ocrx_word' id='word_1_33' title='bbox 2415 516 2716 572; x_wconf 78' lang='lat' dir='ltr'><strong>accusatori</strong></span> <span class='ocrx_word' id='word_1_34' title='bbox 2749 533 2762 571; x_wconf 89' lang='lat'>:</span> <span class='ocrx_word' id='word_1_35' title='bbox 2795 517 2841 571; x_wconf 90' lang='lat' dir='ltr'><strong>si</strong></span> <span class='ocrx_word' id='word_1_36' title='bbox 2870 515 3098 592; x_wconf 81' lang='lat' dir='ltr'><strong>adesse_</strong></span> <span class='ocrx_word' id='word_1_37' title='bbox 3123 496 3463 589; x_wconf 82' lang='lat' dir='ltr'><strong>neglexerit,</strong></span> <span class='ocrx_word' id='word_1_38' title='bbox 3508 496 3823 573; x_wconf 77' lang='lat' dir='ltr'><strong>dilationem</strong></span> 
     </span>
    </p>
   </div>
   <div class='ocr_carea' id='block_1_6' title="bbox 532 586 2124 660">
    <p class='ocr_par' dir='ltr' id='par_1_6' title="bbox 532 586 2124 660">
     <span class='ocr_line' id='line_1_6' title="bbox 532 586 2124 660; baseline 0 -19"><span class='ocrx_word' id='word_1_39' title='bbox 532 588 773 642; x_wconf 83' lang='lat' dir='ltr'><strong>notitiam</strong></span> <span class='ocrx_word' id='word_1_40' title='bbox 805 604 975 658; x_wconf 90' lang='lat' dir='ltr'><strong>pauca</strong></span> <span class='ocrx_word' id='word_1_41' title='bbox 1005 589 1073 643; x_wconf 93' lang='lat' dir='ltr'><strong>de</strong></span> <span class='ocrx_word' id='word_1_42' title='bbox 1103 589 1384 658; x_wconf 86' lang='lat' dir='ltr'><strong>pluribus,</strong></span> <span class='ocrx_word' id='word_1_43' title='bbox 1419 590 1516 643; x_wconf 91' lang='lat' dir='ltr'><strong>sed</strong></span> <span class='ocrx_word' id='word_1_44' title='bbox 1567 588 1763 660; x_wconf 90' lang='lat' dir='ltr'><strong>quibus</strong></span> <span class='ocrx_word' id='word_1_45' title='bbox 1784 596 1838 643; x_wconf 91' lang='lat' dir='ltr'><strong>te</strong></span> <span class='ocrx_word' id='word_1_46' title='bbox 1862 586 2124 659; x_wconf 88' lang='lat' dir='ltr'><strong>consequi</strong></span> 
     </span>
    </p>
   </div>
   <div class='ocr_carea' id='block_1_7' title="bbox 457 675 2123 746">
    <p class='ocr_par' dir='ltr' id='par_1_7' title="bbox 457 675 2123 746">
     <span class='ocr_line' id='line_1_7' title="bbox 457 675 2123 746; baseline -0.001 -15"><span class='ocrx_word' id='word_1_47' title='bbox 457 711 461 715; x_wconf 56' lang='grc' dir='ltr'><strong><em>ν</em></strong></span> <span class='ocrx_word' id='word_1_48' title='bbox 533 676 765 731; x_wconf 80' lang='lat' dir='ltr'><strong>valeam.</strong></span> <span class='ocrx_word' id='word_1_49' title='bbox 802 677 1151 731; x_wconf 89' lang='lat' dir='ltr'><strong>Innocentius</strong></span> <span class='ocrx_word' id='word_1_50' title='bbox 1180 678 1249 731; x_wconf 89' lang='lat' dir='ltr'><strong>ad</strong></span> <span class='ocrx_word' id='word_1_51' title='bbox 1284 677 1572 731; x_wconf 82' lang='lat' dir='ltr'><strong>Maximum</strong></span> <span class='ocrx_word' id='word_1_52' title='bbox 1606 685 1657 732; x_wconf 90' lang='lat' dir='ltr'><strong>et</strong></span> <span class='ocrx_word' id='word_1_53' title='bbox 1710 678 1970 731; x_wconf 85' lang='lat' dir='ltr'><strong>Severum</strong></span> <span class='ocrx_word' id='word_1_54' title='bbox 2002 675 2123 746; x_wconf 89' lang='lat' dir='ltr'><strong>epi-</strong></span> 
     </span>
    </p>
   </div>
   <div class='ocr_carea' id='block_1_8' title="bbox 535 765 2125 838">
    <p class='ocr_par' dir='ltr' id='par_1_8' title="bbox 535 765 2125 838">
     <span class='ocr_line' id='line_1_8' title="bbox 535 765 2125 838; baseline -0.001 -19"><span class='ocrx_word' id='word_1_55' title='bbox 535 780 733 835; x_wconf 91' lang='lat' dir='ltr'><strong>scopos</strong></span> <span class='ocrx_word' id='word_1_56' title='bbox 775 765 986 835; x_wconf 89' lang='lat' dir='ltr'><strong>scripsit</strong></span> <span class='ocrx_word' id='word_1_57' title='bbox 1035 768 1219 838; x_wconf 79' lang='lat' dir='ltr'><strong>(epist.</strong></span> <span class='ocrx_word' id='word_1_58' title='bbox 1255 767 1335 835; x_wconf 88' lang='lat' dir='ltr'><strong>tv)</strong></span> <span class='ocrx_word' id='word_1_59' title='bbox 1370 784 1382 819; x_wconf 90' lang='lat'>:</span> <span class='ocrx_word' id='word_1_60' title='bbox 1423 788 1445 815; x_wconf 83' lang='grc'><strong>«</strong></span> <span class='ocrx_word' id='word_1_61' title='bbox 1497 767 1688 835; x_wconf 87' lang='lat' dir='ltr'><strong>Nuper</strong></span> <span class='ocrx_word' id='word_1_62' title='bbox 1730 765 2125 819; x_wconf 86' lang='lat' dir='ltr'><strong>Maximilianus</strong></span> 
     </span>
    </p>
   </div>
   <div class='ocr_carea' id='block_1_9' title="bbox 531 850 2126 925">
    <p class='ocr_par' dir='ltr' id='par_1_9' title="bbox 531 850 2126 925">
     <span class='ocr_line' id='line_1_9' title="bbox 531 850 2126 925; baseline 0 -20"><span class='ocrx_word' id='word_1_63' title='bbox 531 850 675 906; x_wconf 85' lang='lat' dir='ltr'><strong>filius</strong></span> <span class='ocrx_word' id='word_1_64' title='bbox 721 860 907 907; x_wconf 87' lang='lat' dir='ltr'><strong>noster</strong></span> <span class='ocrx_word' id='word_1_65' title='bbox 952 868 1123 925; x_wconf 81' lang='lat' dir='ltr'><strong>agens</strong></span> <span class='ocrx_word' id='word_1_66' title='bbox 1152 854 1207 907; x_wconf 92' lang='lat' dir='ltr'><strong>in</strong></span> <span class='ocrx_word' id='word_1_67' title='bbox 1261 854 1426 908; x_wconf 89' lang='lat' dir='ltr'><strong>rebus</strong></span> <span class='ocrx_word' id='word_1_68' title='bbox 1495 853 1798 921; x_wconf 90' lang='lat' dir='ltr'><strong>cujusmodi</strong></span> <span class='ocrx_word' id='word_1_69' title='bbox 1844 852 2126 923; x_wconf 88' lang='lat' dir='ltr'><strong>querelam</strong></span> 
     </span>
    </p>
   </div>
   <div class='ocr_carea' id='block_1_10' title="bbox 531 938 2127 1009">
    <p class='ocr_par' dir='ltr' id='par_1_10' title="bbox 531 938 2127 1009">
     <span class='ocr_line' id='line_1_10' title="bbox 531 938 2127 1009; baseline 0.001 -16"><span class='ocrx_word' id='word_1_70' title='bbox 531 938 806 1005; x_wconf 88' lang='lat' dir='ltr'><strong>detulerit,</strong></span> <span class='ocrx_word' id='word_1_71' title='bbox 840 940 1006 995; x_wconf 87' lang='lat' dir='ltr'><strong>libelli</strong></span> <span class='ocrx_word' id='word_1_72' title='bbox 1042 941 1156 1009; x_wconf 88' lang='lat' dir='ltr'><strong>ejus</strong></span> <span class='ocrx_word' id='word_1_73' title='bbox 1203 941 1372 996; x_wconf 89' lang='lat' dir='ltr'><strong>series</strong></span> <span class='ocrx_word' id='word_1_74' title='bbox 1427 956 1638 995; x_wconf 86' lang='lat' dir='ltr'><strong>annexa</strong></span> <span class='ocrx_word' id='word_1_75' title='bbox 1684 940 1949 996; x_wconf 89' lang='lat' dir='ltr'><strong>declarat.</strong></span> <span class='ocrx_word' id='word_1_76' title='bbox 1999 960 2022 989; x_wconf 70' lang='grc' dir='ltr'><strong><em>ι</em></strong></span> <span class='ocrx_word' id='word_1_77' title='bbox 2057 940 2127 994; x_wconf 90' lang='lat' dir='ltr'><strong>Et</strong></span> 
     </span>
    </p>
   </div>
   <div class='ocr_carea' id='block_1_11' title="bbox 533 1027 2123 1101">
    <p class='ocr_par' dir='ltr' id='par_1_11' title="bbox 533 1027 2123 1101">
     <span class='ocr_line' id='line_1_11' title="bbox 533 1027 2123 1101; baseline 0 -18"><span class='ocrx_word' id='word_1_78' title='bbox 533 1027 836 1100; x_wconf 84' lang='lat' dir='ltr'><strong>Gregorius</strong></span> <span class='ocrx_word' id='word_1_79' title='bbox 858 1028 1056 1084; x_wconf 90' lang='lat' dir='ltr'><strong>Sabino</strong></span> <span class='ocrx_word' id='word_1_80' title='bbox 1077 1030 1408 1085; x_wconf 89' lang='lat' dir='ltr'><strong>subdiacono</strong></span> <span class='ocrx_word' id='word_1_81' title='bbox 1439 1030 1557 1098; x_wconf 93' lang='lat' dir='ltr'><strong>(lib.</strong></span> <span class='ocrx_word' id='word_1_82' title='bbox 1583 1044 1679 1092; x_wconf 84' lang='lat' dir='ltr'><strong>vn,</strong></span> <span class='ocrx_word' id='word_1_83' title='bbox 1704 1030 1823 1085; x_wconf 82' lang='lat' dir='ltr'><strong>ind.</strong></span> <span class='ocrx_word' id='word_1_84' title='bbox 1850 1032 1935 1094; x_wconf 81' lang='lat' dir='ltr'><strong>ll,</strong></span> <span class='ocrx_word' id='word_1_85' title='bbox 1960 1029 2123 1101; x_wconf 77' lang='lat' dir='ltr'><strong>epist.</strong></span> 
     </span>
    </p>
   </div>
   <div class='ocr_carea' id='block_1_12' title="bbox 533 1117 2126 1190">
    <p class='ocr_par' dir='ltr' id='par_1_12' title="bbox 533 1117 2126 1190">
     <span class='ocr_line' id='line_1_12' title="bbox 533 1117 2126 1190; baseline 0.001 -20"><span class='ocrx_word' id='word_1_86' title='bbox 533 1118 623 1186; x_wconf 72' lang='grc'><strong>46)</strong></span> <span class='ocrx_word' id='word_1_87' title='bbox 657 1133 670 1170; x_wconf 91' lang='lat'><strong>:</strong></span> <span class='ocrx_word' id='word_1_88' title='bbox 709 1141 731 1163; x_wconf 93' lang='grc'><strong>‹‹</strong></span> <span class='ocrx_word' id='word_1_89' title='bbox 768 1117 960 1172; x_wconf 90' lang='lat' dir='ltr'><strong>Clerus</strong></span> <span class='ocrx_word' id='word_1_90' title='bbox 990 1118 1234 1173; x_wconf 85' lang='lat' dir='ltr'><strong>ecclesia</strong></span> <span class='ocrx_word' id='word_1_91' title='bbox 1256 1118 1532 1190; x_wconf 79' lang='lat' dir='ltr'><strong>Regitana</strong></span> <span class='ocrx_word' id='word_1_92' title='bbox 1561 1117 1728 1171; x_wconf 89' lang='lat' dir='ltr'><strong>multa</strong></span> <span class='ocrx_word' id='word_1_93' title='bbox 1748 1126 1933 1173; x_wconf 91' lang='lat' dir='ltr'><strong>contra</strong></span> <span class='ocrx_word' id='word_1_94' title='bbox 1966 1133 2126 1172; x_wconf 87' lang='lat' dir='ltr'><strong>reve-</strong></span> 
     </span>
    </p>
   </div>
   <div class='ocr_carea' id='block_1_13' title="bbox 537 1205 2128 1275">
    <p class='ocr_par' dir='ltr' id='par_1_13' title="bbox 537 1205 2128 1275">
     <span class='ocr_line' id='line_1_13' title="bbox 537 1205 2128 1275; baseline 0.001 -17"><span class='ocrx_word' id='word_1_95' title='bbox 537 1205 899 1259; x_wconf 88' lang='lat' dir='ltr'><strong>rentissimum</strong></span> <span class='ocrx_word' id='word_1_96' title='bbox 922 1205 1145 1259; x_wconf 86' lang='lat' dir='ltr'><strong>fratrem</strong></span> <span class='ocrx_word' id='word_1_97' title='bbox 1174 1214 1420 1260; x_wconf 90' lang='lat' dir='ltr'><strong>nostrum</strong></span> <span class='ocrx_word' id='word_1_98' title='bbox 1450 1205 1783 1261; x_wconf 90' lang='lat' dir='ltr'><strong>Bonifacium</strong></span> <span class='ocrx_word' id='word_1_99' title='bbox 1815 1206 2128 1275; x_wconf 89' lang='lat' dir='ltr'><strong>episcopum</strong></span> 
     </span>
    </p>
   </div>
   <div class='ocr_carea' id='block_1_14' title="bbox 536 1294 2131 1365">
    <p class='ocr_par' dir='ltr' id='par_1_14' title="bbox 536 1294 2131 1365">
     <span class='ocr_line' id='line_1_14' title="bbox 536 1294 2131 1365; baseline 0.001 -19"><span class='ocrx_word' id='word_1_100' title='bbox 536 1308 712 1360; x_wconf 90' lang='lat' dir='ltr'><strong>suum,</strong></span> <span class='ocrx_word' id='word_1_101' title='bbox 744 1294 867 1347; x_wconf 89' lang='lat' dir='ltr'><strong>data</strong></span> <span class='ocrx_word' id='word_1_102' title='bbox 895 1294 1052 1348; x_wconf 90' lang='lat' dir='ltr'><strong>nobis</strong></span> <span class='ocrx_word' id='word_1_103' title='bbox 1082 1294 1357 1364; x_wconf 89' lang='lat' dir='ltr'><strong>petitione,</strong></span> <span class='ocrx_word' id='word_1_104' title='bbox 1389 1302 1719 1365; x_wconf 86' lang='lat' dir='ltr'><strong>conquestus</strong></span> <span class='ocrx_word' id='word_1_105' title='bbox 1740 1302 1839 1357; x_wconf 87' lang='lat' dir='ltr'><strong>est,</strong></span> <span class='ocrx_word' id='word_1_106' title='bbox 1863 1301 2053 1365; x_wconf 84' lang='lat' dir='ltr'><strong>petens</strong></span> <span class='ocrx_word' id='word_1_107' title='bbox 2073 1300 2131 1347; x_wconf 88' lang='lat' dir='ltr'><strong>ut</strong></span> 
     </span>
    </p>
   </div>
   <div class='ocr_carea' id='block_1_15' title="bbox 532 1381 2129 1453">
    <p class='ocr_par' dir='ltr' id='par_1_15' title="bbox 532 1381 2129 1453">
     <span class='ocr_line' id='line_1_15' title="bbox 532 1381 2129 1453; baseline 0.001 -18"><span class='ocrx_word' id='word_1_108' title='bbox 532 1381 600 1435; x_wconf 90' lang='lat' dir='ltr'><strong>ad</strong></span> <span class='ocrx_word' id='word_1_109' title='bbox 633 1396 733 1436; x_wconf 90' lang='lat' dir='ltr'><strong>nos</strong></span> <span class='ocrx_word' id='word_1_110' title='bbox 779 1381 1058 1436; x_wconf 89' lang='lat' dir='ltr'><strong>debuisset</strong></span> <span class='ocrx_word' id='word_1_111' title='bbox 1091 1384 1293 1437; x_wconf 86' lang='lat' dir='ltr'><strong>habere</strong></span> <span class='ocrx_word' id='word_1_112' title='bbox 1323 1383 1575 1437; x_wconf 88' lang='lat' dir='ltr'><strong>veniendi</strong></span> <span class='ocrx_word' id='word_1_113' title='bbox 1603 1382 1895 1449; x_wconf 88' lang='lat' dir='ltr'><strong>licentiam,</strong></span> <span class='ocrx_word' id='word_1_114' title='bbox 1939 1390 2129 1453; x_wconf 90' lang='lat' dir='ltr'><strong>quate-</strong></span> 
     </span>
    </p>
   </div>
   <div class='ocr_carea' id='block_1_16' title="bbox 535 1470 2133 1547">
    <p class='ocr_par' dir='ltr' id='par_1_16' title="bbox 535 1470 2133 1547">
     <span class='ocr_line' id='line_1_16' title="bbox 535 1470 2133 1547; baseline 0.002 -25"><span class='ocrx_word' id='word_1_115' title='bbox 535 1484 638 1523; x_wconf 92' lang='lat' dir='ltr'><strong>nus</strong></span> <span class='ocrx_word' id='word_1_116' title='bbox 670 1484 850 1525; x_wconf 90' lang='lat' dir='ltr'><strong>causa</strong></span> <span class='ocrx_word' id='word_1_117' title='bbox 871 1470 988 1540; x_wconf 90' lang='lat' dir='ltr'><strong>ipse</strong></span> <span class='ocrx_word' id='word_1_118' title='bbox 1020 1470 1105 1526; x_wconf 89' lang='lat' dir='ltr'><strong>hic</strong></span> <span class='ocrx_word' id='word_1_119' title='bbox 1131 1471 1400 1526; x_wconf 89' lang='lat' dir='ltr'><strong>subtiliter</strong></span> <span class='ocrx_word' id='word_1_120' title='bbox 1446 1472 1832 1541; x_wconf 89' lang='lat' dir='ltr'><strong>probarentur.</strong></span> <span class='ocrx_word' id='word_1_121' title='bbox 1867 1471 1975 1547; x_wconf 86' lang='lat' dir='ltr'><strong>Sed</strong></span> <span class='ocrx_word' id='word_1_122' title='bbox 2007 1470 2133 1542; x_wconf 84' lang='lat' dir='ltr'><strong>quia</strong></span> 
     </span>
    </p>
   </div>
   <div class='ocr_carea' id='block_1_17' title="bbox 533 1557 2131 1629">
    <p class='ocr_par' dir='ltr' id='par_1_17' title="bbox 533 1557 2131 1629">
     <span class='ocr_line' id='line_1_17' title="bbox 533 1557 2131 1629; baseline 0.003 -20"><span class='ocrx_word' id='word_1_123' title='bbox 533 1572 632 1611; x_wconf 92' lang='lat' dir='ltr'><strong>nos</strong></span> <span class='ocrx_word' id='word_1_124' title='bbox 660 1557 874 1612; x_wconf 85' lang='lat' dir='ltr'><strong>interim</strong></span> <span class='ocrx_word' id='word_1_125' title='bbox 921 1559 1238 1629; x_wconf 84' lang='lat' dir='ltr'><strong>pradictum</strong></span> <span class='ocrx_word' id='word_1_126' title='bbox 1291 1558 1514 1614; x_wconf 84' lang='lat' dir='ltr'><strong>fratrem</strong></span> <span class='ocrx_word' id='word_1_127' title='bbox 1561 1568 1803 1615; x_wconf 88' lang='lat' dir='ltr'><strong>nostrum</strong></span> <span class='ocrx_word' id='word_1_128' title='bbox 1835 1560 1940 1615; x_wconf 90' lang='lat' dir='ltr'><strong>hoc</strong></span> <span class='ocrx_word' id='word_1_129' title='bbox 1968 1560 2131 1614; x_wconf 91' lang='lat' dir='ltr'><strong>modo</strong></span> 
     </span>
    </p>
   </div>
   <div class='ocr_carea' id='block_1_18' title="bbox 533 1647 2132 1716">
    <p class='ocr_par' dir='ltr' id='par_1_18' title="bbox 533 1647 2132 1716">
     <span class='ocr_line' id='line_1_18' title="bbox 533 1647 2132 1716; baseline 0.002 -18"><span class='ocrx_word' id='word_1_130' title='bbox 533 1659 641 1699; x_wconf 92' lang='lat' dir='ltr'><strong>non</strong></span> <span class='ocrx_word' id='word_1_131' title='bbox 671 1647 1022 1716; x_wconf 79' lang='lat' dir='ltr'><strong>pravidimus</strong></span> <span class='ocrx_word' id='word_1_132' title='bbox 1051 1648 1450 1716; x_wconf 90' lang='lat' dir='ltr'><strong>deducendum,</strong></span> <span class='ocrx_word' id='word_1_133' title='bbox 1494 1647 1672 1702; x_wconf 90' lang='lat' dir='ltr'><strong>visum</strong></span> <span class='ocrx_word' id='word_1_134' title='bbox 1729 1648 1887 1703; x_wconf 86' lang='lat' dir='ltr'><strong>nobis</strong></span> <span class='ocrx_word' id='word_1_135' title='bbox 1908 1656 1993 1702; x_wconf 90' lang='lat' dir='ltr'><strong>est</strong></span> <span class='ocrx_word' id='word_1_136' title='bbox 2021 1647 2132 1702; x_wconf 88' lang='lat' dir='ltr'><strong>illic</strong></span> 
     </span>
    </p>
   </div>
   <div class='ocr_carea' id='block_1_19' title="bbox 2223 596 3822 661">
    <p class='ocr_par' dir='ltr' id='par_1_19' title="bbox 2223 596 3822 661">
     <span class='ocr_line' id='line_1_19' title="bbox 2223 596 3822 661; baseline 0.003 -4"><span class='ocrx_word' id='word_1_137' title='bbox 2223 605 2503 660; x_wconf 88' lang='lat' dir='ltr'><strong>sententia</strong></span> <span class='ocrx_word' id='word_1_138' title='bbox 2532 606 2601 659; x_wconf 92' lang='lat' dir='ltr'><strong>de</strong></span> <span class='ocrx_word' id='word_1_139' title='bbox 2651 605 2897 661; x_wconf 89' lang='lat' dir='ltr'><strong>absentia</strong></span> <span class='ocrx_word' id='word_1_140' title='bbox 2939 621 3049 661; x_wconf 89' lang='lat' dir='ltr'><strong>non</strong></span> <span class='ocrx_word' id='word_1_141' title='bbox 3095 606 3350 661; x_wconf 89' lang='lat' dir='ltr'><strong>lucretur.</strong></span> <span class='ocrx_word' id='word_1_142' title='bbox 3390 632 3412 654; x_wconf 75' lang='grc' dir='ltr'><strong>ι</strong></span> <span class='ocrx_word' id='word_1_143' title='bbox 3448 596 3822 661; x_wconf 70' lang='grc' dir='ltr'><strong>Ᾱοαοηιιηοάθ,</strong></span> 
     </span>
    </p>
   </div>
   <div class='ocr_carea' id='block_1_20' title="bbox 2222 694 3825 766">
    <p class='ocr_par' dir='ltr' id='par_1_20' title="bbox 2222 694 3825 766">
     <span class='ocr_line' id='line_1_20' title="bbox 2222 694 3825 766; baseline 0 -19"><span class='ocrx_word' id='word_1_144' title='bbox 2222 709 2354 763; x_wconf 90' lang='lat' dir='ltr'><strong>ergo</strong></span> <span class='ocrx_word' id='word_1_145' title='bbox 2384 710 2603 747; x_wconf 90' lang='lat' dir='ltr'><strong>sensum</strong></span> <span class='ocrx_word' id='word_1_146' title='bbox 2631 702 2776 748; x_wconf 91' lang='lat' dir='ltr'><strong>tuum</strong></span> <span class='ocrx_word' id='word_1_147' title='bbox 2810 695 2947 749; x_wconf 91' lang='lat' dir='ltr'><strong>bene</strong></span> <span class='ocrx_word' id='word_1_148' title='bbox 2978 694 3156 762; x_wconf 90' lang='lat' dir='ltr'><strong>dictis,</strong></span> <span class='ocrx_word' id='word_1_149' title='bbox 3183 703 3234 749; x_wconf 91' lang='lat' dir='ltr'><strong>et</strong></span> <span class='ocrx_word' id='word_1_150' title='bbox 3263 710 3370 749; x_wconf 91' lang='lat' dir='ltr'><strong>non</strong></span> <span class='ocrx_word' id='word_1_151' title='bbox 3401 711 3563 764; x_wconf 88' lang='lat' dir='ltr'><strong>prave</strong></span> <span class='ocrx_word' id='word_1_152' title='bbox 3594 694 3825 766; x_wconf 79' lang='lat' dir='ltr'><strong>intelligi</strong></span> 
     </span>
    </p>
   </div>
   <div class='ocr_carea' id='block_1_21' title="bbox 2226 781 3818 849">
    <p class='ocr_par' dir='ltr' id='par_1_21' title="bbox 2226 781 3818 849">
     <span class='ocr_line' id='line_1_21' title="bbox 2226 781 3818 849; baseline 0.001 -15"><span class='ocrx_word' id='word_1_153' title='bbox 2226 781 2408 836; x_wconf 86' lang='lat' dir='ltr'><strong>tradas</strong></span> <span class='ocrx_word' id='word_1_154' title='bbox 2449 782 2588 837; x_wconf 89' lang='lat' dir='ltr'><strong>bene</strong></span> <span class='ocrx_word' id='word_1_155' title='bbox 2639 782 2799 849; x_wconf 89' lang='lat' dir='ltr'><strong>dicta,</strong></span> <span class='ocrx_word' id='word_1_156' title='bbox 2833 783 2904 837; x_wconf 92' lang='lat' dir='ltr'><strong>ad</strong></span> <span class='ocrx_word' id='word_1_157' title='bbox 2962 790 3111 837; x_wconf 91' lang='lat' dir='ltr'><strong>tuum</strong></span> <span class='ocrx_word' id='word_1_158' title='bbox 3143 799 3365 836; x_wconf 91' lang='lat' dir='ltr'><strong>sensum</strong></span> <span class='ocrx_word' id='word_1_159' title='bbox 3394 782 3485 835; x_wconf 89' lang='lat' dir='ltr'><strong>illa</strong></span> <span class='ocrx_word' id='word_1_160' title='bbox 3514 782 3818 837; x_wconf 83' lang='lat' dir='ltr'><strong>inﬂectens.</strong></span> 
     </span>
    </p>
   </div>
   <div class='ocr_carea' id='block_1_22' title="bbox 2226 869 3827 941">
    <p class='ocr_par' dir='ltr' id='par_1_22' title="bbox 2226 869 3827 941">
     <span class='ocr_line' id='line_1_22' title="bbox 2226 869 3827 941; baseline 0.002 -18"><span class='ocrx_word' id='word_1_161' title='bbox 2226 869 2372 925; x_wconf 82' lang='lat' dir='ltr'><strong>Velis</strong></span> <span class='ocrx_word' id='word_1_162' title='bbox 2396 870 2540 924; x_wconf 91' lang='lat' dir='ltr'><strong>enim</strong></span> <span class='ocrx_word' id='word_1_163' title='bbox 2558 870 2642 926; x_wconf 89' lang='lat' dir='ltr'><strong>vel</strong></span> <span class='ocrx_word' id='word_1_164' title='bbox 2672 870 2833 939; x_wconf 90' lang='lat' dir='ltr'><strong>nolis,</strong></span> <span class='ocrx_word' id='word_1_165' title='bbox 2855 870 2930 925; x_wconf 90' lang='lat' dir='ltr'><strong>illi</strong></span> <span class='ocrx_word' id='word_1_166' title='bbox 2948 879 3104 925; x_wconf 90' lang='lat' dir='ltr'><strong>erunt</strong></span> <span class='ocrx_word' id='word_1_167' title='bbox 3125 886 3380 939; x_wconf 90' lang='lat' dir='ltr'><strong>canones,</strong></span> <span class='ocrx_word' id='word_1_168' title='bbox 3407 886 3543 941; x_wconf 91' lang='lat' dir='ltr'><strong>quos</strong></span> <span class='ocrx_word' id='word_1_169' title='bbox 3560 870 3827 926; x_wconf 86' lang='lat' dir='ltr'><strong>catholica</strong></span> 
     </span>
    </p>
   </div>
   <div class='ocr_carea' id='block_1_23' title="bbox 2225 958 3826 1030">
    <p class='ocr_par' dir='ltr' id='par_1_23' title="bbox 2225 958 3826 1030">
     <span class='ocr_line' id='line_1_23' title="bbox 2225 958 3826 1030; baseline -0.001 -16"><span class='ocrx_word' id='word_1_170' title='bbox 2225 958 2471 1014; x_wconf 89' lang='lat' dir='ltr'><strong>Ecclesia</strong></span> <span class='ocrx_word' id='word_1_171' title='bbox 2482 974 2722 1014; x_wconf 88' lang='lat' dir='ltr'><strong>canones</strong></span> <span class='ocrx_word' id='word_1_172' title='bbox 2737 964 2913 1026; x_wconf 84' lang='lat' dir='ltr'><strong>vocat,</strong></span> <span class='ocrx_word' id='word_1_173' title='bbox 2938 966 2991 1014; x_wconf 90' lang='lat' dir='ltr'><strong>et</strong></span> <span class='ocrx_word' id='word_1_174' title='bbox 3010 975 3116 1015; x_wconf 89' lang='lat' dir='ltr'><strong>non</strong></span> <span class='ocrx_word' id='word_1_175' title='bbox 3141 968 3296 1015; x_wconf 90' lang='lat' dir='ltr'><strong>erunt</strong></span> <span class='ocrx_word' id='word_1_176' title='bbox 3315 958 3391 1014; x_wconf 90' lang='lat' dir='ltr'><strong>illi</strong></span> <span class='ocrx_word' id='word_1_177' title='bbox 3407 974 3663 1023; x_wconf 87' lang='lat' dir='ltr'><strong>canones,</strong></span> <span class='ocrx_word' id='word_1_178' title='bbox 3687 974 3826 1030; x_wconf 91' lang='lat' dir='ltr'><strong>quos</strong></span> 
     </span>
    </p>
   </div>
   <div class='ocr_carea' id='block_1_24' title="bbox 2227 1045 3829 1103">
    <p class='ocr_par' dir='ltr' id='par_1_24' title="bbox 2227 1045 3829 1103">
     <span class='ocr_line' id='line_1_24' title="bbox 2227 1045 3829 1103; baseline 0.001 -2"><span class='ocrx_word' id='word_1_179' title='bbox 2227 1054 2317 1101; x_wconf 90' lang='lat' dir='ltr'><strong>tua</strong></span> <span class='ocrx_word' id='word_1_180' title='bbox 2349 1048 2601 1102; x_wconf 87' lang='lat' dir='ltr'><strong>socordia</strong></span> <span class='ocrx_word' id='word_1_181' title='bbox 2617 1048 2687 1102; x_wconf 91' lang='lat' dir='ltr'><strong>ad</strong></span> <span class='ocrx_word' id='word_1_182' title='bbox 2724 1045 3097 1103; x_wconf 81' lang='lat' dir='ltr'><strong>eﬂ‘renationis</strong></span> <span class='ocrx_word' id='word_1_183' title='bbox 3119 1057 3224 1103; x_wconf 88' lang='lat' dir='ltr'><strong>tua</strong></span> <span class='ocrx_word' id='word_1_184' title='bbox 3255 1048 3559 1103; x_wconf 89' lang='lat' dir='ltr'><strong>libertatem</strong></span> <span class='ocrx_word' id='word_1_185' title='bbox 3590 1062 3829 1103; x_wconf 87' lang='lat' dir='ltr'><strong>canones</strong></span> 
     </span>
    </p>
   </div>
   <div class='ocr_carea' id='block_1_25' title="bbox 2226 1128 3824 1208">
    <p class='ocr_par' dir='ltr' id='par_1_25' title="bbox 2226 1128 3824 1208">
     <span class='ocr_line' id='line_1_25' title="bbox 2226 1128 3824 1208; baseline 0.001 -19"><span class='ocrx_word' id='word_1_186' title='bbox 2226 1136 2484 1191; x_wconf 86' lang='lat' dir='ltr'><strong>advocas.</strong></span> <span class='ocrx_word' id='word_1_187' title='bbox 2516 1136 2689 1191; x_wconf 88' lang='lat' dir='ltr'><strong>Erunt</strong></span> <span class='ocrx_word' id='word_1_188' title='bbox 2734 1145 2910 1192; x_wconf 89' lang='lat' dir='ltr'><strong>autem</strong></span> <span class='ocrx_word' id='word_1_189' title='bbox 2942 1137 3186 1208; x_wconf 87' lang='lat' dir='ltr'><strong>epistola</strong></span> <span class='ocrx_word' id='word_1_190' title='bbox 3230 1135 3619 1191; x_wconf 88' lang='lat' dir='ltr'><strong>venerabiliter</strong></span> <span class='ocrx_word' id='word_1_191' title='bbox 3647 1128 3824 1191; x_wconf 78' lang='lat' dir='ltr'><strong>susci-</strong></span> 
     </span>
    </p>
   </div>
   <div class='ocr_carea' id='block_1_26' title="bbox 2228 1224 3826 1296">
    <p class='ocr_par' dir='ltr' id='par_1_26' title="bbox 2228 1224 3826 1296">
     <span class='ocr_line' id='line_1_26' title="bbox 2228 1224 3826 1296; baseline 0 -18"><span class='ocrx_word' id='word_1_192' title='bbox 2228 1224 2461 1295; x_wconf 78' lang='lat' dir='ltr'><strong>pianda,</strong></span> <span class='ocrx_word' id='word_1_193' title='bbox 2490 1240 2520 1277; x_wconf 91' lang='lat' dir='ltr'><strong>a</strong></span> <span class='ocrx_word' id='word_1_194' title='bbox 2549 1226 2679 1279; x_wconf 90' lang='lat' dir='ltr'><strong>sede</strong></span> <span class='ocrx_word' id='word_1_195' title='bbox 2726 1224 3018 1295; x_wconf 89' lang='lat' dir='ltr'><strong>apostolica</strong></span> <span class='ocrx_word' id='word_1_196' title='bbox 3050 1241 3151 1296; x_wconf 89' lang='lat' dir='ltr'><strong>pro</strong></span> <span class='ocrx_word' id='word_1_197' title='bbox 3208 1226 3551 1280; x_wconf 89' lang='lat' dir='ltr'><strong>diversorum</strong></span> <span class='ocrx_word' id='word_1_198' title='bbox 3605 1225 3826 1279; x_wconf 78' lang='lat' dir='ltr'><strong>Patrum</strong></span> 
     </span>
    </p>
   </div>
   <div class='ocr_carea' id='block_1_27' title="bbox 2228 1312 3827 1385">
    <p class='ocr_par' dir='ltr' id='par_1_27' title="bbox 2228 1312 3827 1385">
     <span class='ocr_line' id='line_1_27' title="bbox 2228 1312 3827 1385; baseline -0.001 -17"><span class='ocrx_word' id='word_1_199' title='bbox 2228 1312 2595 1368; x_wconf 88' lang='lat' dir='ltr'><strong>consolatione</strong></span> <span class='ocrx_word' id='word_1_200' title='bbox 2625 1313 2767 1368; x_wconf 91' lang='lat' dir='ltr'><strong>data</strong></span> <span class='ocrx_word' id='word_1_201' title='bbox 2787 1357 2799 1377; x_wconf 87' lang='lat'><strong>,</strong></span> <span class='ocrx_word' id='word_1_202' title='bbox 2833 1330 2967 1385; x_wconf 91' lang='lat' dir='ltr'><strong>quas</strong></span> <span class='ocrx_word' id='word_1_203' title='bbox 2996 1329 3236 1369; x_wconf 91' lang='lat' dir='ltr'><strong>canones</strong></span> <span class='ocrx_word' id='word_1_204' title='bbox 3282 1328 3485 1378; x_wconf 86' lang='lat' dir='ltr'><strong>vocas;</strong></span> <span class='ocrx_word' id='word_1_205' title='bbox 3518 1320 3571 1367; x_wconf 93' lang='lat' dir='ltr'><strong>et</strong></span> <span class='ocrx_word' id='word_1_206' title='bbox 3599 1312 3827 1368; x_wconf 90' lang='lat' dir='ltr'><strong>concilia</strong></span> 
     </span>
    </p>
   </div>
   <div class='ocr_carea' id='block_1_28' title="bbox 2231 1401 3820 1469">
    <p class='ocr_par' dir='ltr' id='par_1_28' title="bbox 2231 1401 3820 1469">
     <span class='ocr_line' id='line_1_28' title="bbox 2231 1401 3820 1469; baseline 0 -13"><span class='ocrx_word' id='word_1_207' title='bbox 2231 1416 2262 1456; x_wconf 91' lang='lat' dir='ltr'><strong>a</strong></span> <span class='ocrx_word' id='word_1_208' title='bbox 2292 1401 2496 1456; x_wconf 88' lang='lat' dir='ltr'><strong>sanctis</strong></span> <span class='ocrx_word' id='word_1_209' title='bbox 2544 1401 2790 1456; x_wconf 86' lang='lat' dir='ltr'><strong>Patribus</strong></span> <span class='ocrx_word' id='word_1_210' title='bbox 2819 1401 3039 1456; x_wconf 90' lang='lat' dir='ltr'><strong>institua</strong></span> <span class='ocrx_word' id='word_1_211' title='bbox 3065 1446 3078 1469; x_wconf 93' lang='lat'><strong>,</strong></span> <span class='ocrx_word' id='word_1_212' title='bbox 3126 1402 3195 1457; x_wconf 90' lang='lat' dir='ltr'><strong>ad</strong></span> <span class='ocrx_word' id='word_1_213' title='bbox 3239 1401 3616 1457; x_wconf 87' lang='lat' dir='ltr'><strong>auctoritatem</strong></span> <span class='ocrx_word' id='word_1_214' title='bbox 3665 1408 3820 1457; x_wconf 85' lang='lat' dir='ltr'><strong>erunt</strong></span> 
     </span>
    </p>
   </div>
   <div class='ocr_carea' id='block_1_29' title="bbox 2231 1489 3824 1561">
    <p class='ocr_par' dir='ltr' id='par_1_29' title="bbox 2231 1489 3824 1561">
     <span class='ocr_line' id='line_1_29' title="bbox 2231 1489 3824 1561; baseline 0 -16"><span class='ocrx_word' id='word_1_215' title='bbox 2231 1489 2586 1545; x_wconf 90' lang='lat' dir='ltr'><strong>custodienda</strong></span> <span class='ocrx_word' id='word_1_216' title='bbox 2623 1498 2677 1545; x_wconf 92' lang='lat' dir='ltr'><strong>et</strong></span> <span class='ocrx_word' id='word_1_217' title='bbox 2729 1490 3060 1561; x_wconf 87' lang='lat' dir='ltr'><strong>recipienda.</strong></span> <span class='ocrx_word' id='word_1_218' title='bbox 3096 1490 3235 1546; x_wconf 90' lang='lat' dir='ltr'><strong>sicut</strong></span> <span class='ocrx_word' id='word_1_219' title='bbox 3286 1490 3531 1546; x_wconf 89' lang='lat' dir='ltr'><strong>decrevit</strong></span> <span class='ocrx_word' id='word_1_220' title='bbox 3557 1490 3824 1558; x_wconf 89' lang='lat' dir='ltr'><strong>Gelasius,</strong></span> 
     </span>
    </p>
   </div>
   <div class='ocr_carea' id='block_1_30' title="bbox 2232 1578 3818 1651">
    <p class='ocr_par' dir='ltr' id='par_1_30' title="bbox 2232 1578 3818 1651">
     <span class='ocr_line' id='line_1_30' title="bbox 2232 1578 3818 1651; baseline 0.001 -19"><span class='ocrx_word' id='word_1_221' title='bbox 2232 1586 2284 1632; x_wconf 91' lang='lat' dir='ltr'><strong>et</strong></span> <span class='ocrx_word' id='word_1_222' title='bbox 2316 1578 2497 1633; x_wconf 87' lang='lat' dir='ltr'><strong>cateri</strong></span> <span class='ocrx_word' id='word_1_223' title='bbox 2528 1578 2674 1632; x_wconf 89' lang='lat' dir='ltr'><strong>sedis</strong></span> <span class='ocrx_word' id='word_1_224' title='bbox 2701 1579 2956 1633; x_wconf 83' lang='lat' dir='ltr'><strong>Romana</strong></span> <span class='ocrx_word' id='word_1_225' title='bbox 2999 1578 3306 1650; x_wconf 87' lang='lat' dir='ltr'><strong>pontifices,</strong></span> <span class='ocrx_word' id='word_1_226' title='bbox 3342 1587 3504 1650; x_wconf 87' lang='lat' dir='ltr'><strong>atque</strong></span> <span class='ocrx_word' id='word_1_227' title='bbox 3534 1578 3612 1633; x_wconf 89' lang='lat' dir='ltr'><strong>illi</strong></span> <span class='ocrx_word' id='word_1_228' title='bbox 3641 1579 3733 1651; x_wconf 90' lang='lat' dir='ltr'><strong>qui</strong></span> <span class='ocrx_word' id='word_1_229' title='bbox 3762 1578 3818 1633; x_wconf 91' lang='lat' dir='ltr'><strong>in</strong></span> 
     </span>
    </p>
   </div>
   <div class='ocr_carea' id='block_1_31' title="bbox 2231 1666 3823 1740">
    <p class='ocr_par' dir='ltr' id='par_1_31' title="bbox 2231 1666 3823 1740">
     <span class='ocr_line' id='line_1_31' title="bbox 2231 1666 3823 1740; baseline 0 -18"><span class='ocrx_word' id='word_1_230' title='bbox 2231 1666 2437 1722; x_wconf 88' lang='lat' dir='ltr'><strong>eisdem</strong></span> <span class='ocrx_word' id='word_1_231' title='bbox 2468 1666 2730 1731; x_wconf 89' lang='lat' dir='ltr'><strong>conciliis,</strong></span> <span class='ocrx_word' id='word_1_232' title='bbox 2763 1675 3094 1740; x_wconf 81' lang='lat' dir='ltr'><strong>suggerente</strong></span> <span class='ocrx_word' id='word_1_233' title='bbox 3126 1667 3360 1723; x_wconf 89' lang='lat' dir='ltr'><strong>siblimet</strong></span> <span class='ocrx_word' id='word_1_234' title='bbox 3388 1675 3573 1721; x_wconf 89' lang='lat' dir='ltr'><strong>sancto</strong></span> <span class='ocrx_word' id='word_1_235' title='bbox 3601 1667 3823 1737; x_wconf 86' lang='lat' dir='ltr'><strong>Spiritu,</strong></span> 
     </span>
    </p>
   </div>
   <div class='ocr_carea' id='block_1_32' title="bbox 534 1736 2130 1828">
    <p class='ocr_par' dir='ltr' id='par_1_32' title="bbox 534 1736 2130 1808">
     <span class='ocr_line' id='line_1_32' title="bbox 534 1736 2130 1808; baseline 0.001 -20"><span class='ocrx_word' id='word_1_236' title='bbox 534 1749 826 1805; x_wconf 88' lang='lat' dir='ltr'><strong>personam</strong></span> <span class='ocrx_word' id='word_1_237' title='bbox 857 1736 1117 1805; x_wconf 88' lang='lat' dir='ltr'><strong>deputare</strong></span> <span class='ocrx_word' id='word_1_238' title='bbox 1154 1736 1225 1790; x_wconf 91' lang='lat' dir='ltr'><strong>ad</strong></span> <span class='ocrx_word' id='word_1_239' title='bbox 1255 1752 1477 1792; x_wconf 88' lang='lat' dir='ltr'><strong>causam</strong></span> <span class='ocrx_word' id='word_1_240' title='bbox 1506 1737 1754 1791; x_wconf 91' lang='lat' dir='ltr'><strong>eamdem</strong></span> <span class='ocrx_word' id='word_1_241' title='bbox 1785 1751 2130 1808; x_wconf 87' lang='lat' dir='ltr'><strong>cognoscen-</strong></span> 
     </span>
    </p>
   </div>
   <div class='ocr_carea' id='block_1_33' title="bbox 2231 1736 3824 1828">
    <p class='ocr_par' dir='ltr' id='par_1_33' title="bbox 2234 1736 3824 1828">
     <span class='ocr_line' id='line_1_33' title="bbox 2234 1736 3824 1828; baseline 0.001 -20"><span class='ocrx_word' id='word_1_242' title='bbox 2234 1770 2420 1810; x_wconf 85' lang='lat' dir='ltr'><strong>sacros</strong></span> <span class='ocrx_word' id='word_1_243' title='bbox 2450 1770 2689 1810; x_wconf 87' lang='lat' dir='ltr'><strong>canones</strong></span> <span class='ocrx_word' id='word_1_244' title='bbox 2720 1736 3097 1820; x_wconf 77' lang='lat' dir='ltr'><strong>condiderunt,</strong></span> <span class='ocrx_word' id='word_1_245' title='bbox 3135 1763 3187 1810; x_wconf 93' lang='lat' dir='ltr'><strong>et</strong></span> <span class='ocrx_word' id='word_1_246' title='bbox 3218 1771 3353 1828; x_wconf 93' lang='lat' dir='ltr'><strong>quos</strong></span> <span class='ocrx_word' id='word_1_247' title='bbox 3411 1755 3572 1810; x_wconf 89' lang='lat' dir='ltr'><strong>sedes</strong></span> <span class='ocrx_word' id='word_1_248' title='bbox 3600 1736 3824 1825; x_wconf 84' lang='lat' dir='ltr'><strong>aposto-</strong></span> 
     </span>
    </p>
   </div>
   <div class='ocr_carea' id='block_1_34' title="bbox 535 1822 2128 1895">
    <p class='ocr_par' dir='ltr' id='par_1_34' title="bbox 535 1822 2128 1895">
     <span class='ocr_line' id='line_1_34' title="bbox 535 1822 2128 1895; baseline 0.001 -18"><span class='ocrx_word' id='word_1_249' title='bbox 535 1822 681 1877; x_wconf 89' lang='lat' dir='ltr'><strong>dam.</strong></span> <span class='ocrx_word' id='word_1_250' title='bbox 706 1822 775 1877; x_wconf 90' lang='lat' dir='ltr'><strong>Et</strong></span> <span class='ocrx_word' id='word_1_251' title='bbox 805 1822 931 1878; x_wconf 91' lang='lat' dir='ltr'><strong>ideo</strong></span> <span class='ocrx_word' id='word_1_252' title='bbox 960 1824 1156 1877; x_wconf 91' lang='lat' dir='ltr'><strong>mediis</strong></span> <span class='ocrx_word' id='word_1_253' title='bbox 1204 1825 1571 1880; x_wconf 88' lang='lat' dir='ltr'><strong>sacrosanctis</strong></span> <span class='ocrx_word' id='word_1_254' title='bbox 1599 1824 1933 1895; x_wconf 85' lang='lat' dir='ltr'><strong>Evangeliis,</strong></span> <span class='ocrx_word' id='word_1_255' title='bbox 1965 1840 2128 1895; x_wconf 89' lang='lat' dir='ltr'><strong>expe-</strong></span> 
     </span>
    </p>
   </div>
   <div class='ocr_carea' id='block_1_35' title="bbox 531 1910 2125 1982">
    <p class='ocr_par' dir='ltr' id='par_1_35' title="bbox 531 1910 2125 1982">
     <span class='ocr_line' id='line_1_35' title="bbox 531 1910 2125 1982; baseline 0.001 -17"><span class='ocrx_word' id='word_1_256' title='bbox 531 1910 729 1965; x_wconf 89' lang='lat' dir='ltr'><strong>rientia</strong></span> <span class='ocrx_word' id='word_1_257' title='bbox 768 1919 882 1976; x_wconf 89' lang='lat' dir='ltr'><strong>tua,</strong></span> <span class='ocrx_word' id='word_1_258' title='bbox 916 1927 1021 1966; x_wconf 90' lang='lat' dir='ltr'><strong>una</strong></span> <span class='ocrx_word' id='word_1_259' title='bbox 1055 1928 1177 1966; x_wconf 90' lang='lat' dir='ltr'><strong>cum</strong></span> <span class='ocrx_word' id='word_1_260' title='bbox 1226 1912 1483 1978; x_wconf 87' lang='lat' dir='ltr'><strong>Paulino,</strong></span> <span class='ocrx_word' id='word_1_261' title='bbox 1543 1912 1793 1978; x_wconf 87' lang='lat' dir='ltr'><strong>Proculo,</strong></span> <span class='ocrx_word' id='word_1_262' title='bbox 1844 1912 2125 1982; x_wconf 88' lang='lat' dir='ltr'><strong>Palumbo,</strong></span> 
     </span>
    </p>
   </div>
   <div class='ocr_carea' id='block_1_36' title="bbox 535 1998 2128 2070">
    <p class='ocr_par' dir='ltr' id='par_1_36' title="bbox 535 1998 2128 2070">
     <span class='ocr_line' id='line_1_36' title="bbox 535 1998 2128 2070; baseline 0.002 -18"><span class='ocrx_word' id='word_1_263' title='bbox 535 1998 769 2053; x_wconf 84' lang='lat' dir='ltr'><strong>Venerio</strong></span> <span class='ocrx_word' id='word_1_264' title='bbox 794 2041 809 2064; x_wconf 89' lang='lat'><strong>,</strong></span> <span class='ocrx_word' id='word_1_265' title='bbox 833 2007 995 2070; x_wconf 87' lang='lat' dir='ltr'><strong>atque</strong></span> <span class='ocrx_word' id='word_1_266' title='bbox 1050 2000 1309 2054; x_wconf 80' lang='lat' dir='ltr'><strong>Martiano</strong></span> <span class='ocrx_word' id='word_1_267' title='bbox 1367 2001 1837 2056; x_wconf 88' lang='lat' dir='ltr'><strong>reverentissimus</strong></span> <span class='ocrx_word' id='word_1_268' title='bbox 1866 2000 2128 2055; x_wconf 82' lang='lat' dir='ltr'><strong>fratribus</strong></span> 
     </span>
    </p>
   </div>
   <div class='ocr_carea' id='block_1_37' title="bbox 543 2086 2128 2161">
    <p class='ocr_par' dir='ltr' id='par_1_37' title="bbox 543 2086 2128 2161">
     <span class='ocr_line' id='line_1_37' title="bbox 543 2086 2128 2161; baseline 0.002 -20"><span class='ocrx_word' id='word_1_269' title='bbox 543 2086 991 2159; x_wconf 86' lang='lat' dir='ltr'><strong>coepiscopisque</strong></span> <span class='ocrx_word' id='word_1_270' title='bbox 1023 2090 1242 2158; x_wconf 89' lang='lat' dir='ltr'><strong>nostris,</strong></span> <span class='ocrx_word' id='word_1_271' title='bbox 1274 2089 1390 2144; x_wconf 86' lang='lat' dir='ltr'><strong>sine</strong></span> <span class='ocrx_word' id='word_1_272' title='bbox 1418 2090 1733 2161; x_wconf 87' lang='lat' dir='ltr'><strong>cujusquam</strong></span> <span class='ocrx_word' id='word_1_273' title='bbox 1762 2104 2007 2160; x_wconf 91' lang='lat' dir='ltr'><strong>persona</strong></span> <span class='ocrx_word' id='word_1_274' title='bbox 2035 2104 2128 2143; x_wconf 88' lang='lat' dir='ltr'><strong>re—</strong></span> 
     </span>
    </p>
   </div>
   <div class='ocr_carea' id='block_1_38' title="bbox 535 2176 2129 2249">
    <p class='ocr_par' dir='ltr' id='par_1_38' title="bbox 535 2176 2129 2249">
     <span class='ocr_line' id='line_1_38' title="bbox 535 2176 2129 2249; baseline 0.002 -20"><span class='ocrx_word' id='word_1_275' title='bbox 535 2183 723 2245; x_wconf 91' lang='lat' dir='ltr'><strong>spectu</strong></span> <span class='ocrx_word' id='word_1_276' title='bbox 746 2216 760 2243; x_wconf 93' lang='lat'><strong>,</strong></span> <span class='ocrx_word' id='word_1_277' title='bbox 784 2184 894 2230; x_wconf 91' lang='lat' dir='ltr'><strong>tam</strong></span> <span class='ocrx_word' id='word_1_278' title='bbox 937 2176 1254 2232; x_wconf 91' lang='lat' dir='ltr'><strong>clericorum</strong></span> <span class='ocrx_word' id='word_1_279' title='bbox 1306 2178 1585 2249; x_wconf 80' lang='lat' dir='ltr'><strong>querelam</strong></span> <span class='ocrx_word' id='word_1_280' title='bbox 1609 2220 1623 2242; x_wconf 94' lang='lat'><strong>,</strong></span> <span class='ocrx_word' id='word_1_281' title='bbox 1656 2194 1818 2249; x_wconf 90' lang='lat' dir='ltr'><strong>quam</strong></span> <span class='ocrx_word' id='word_1_282' title='bbox 1864 2178 2129 2233; x_wconf 90' lang='lat' dir='ltr'><strong>adversus</strong></span> 
     </span>
    </p>
   </div>
   <div class='ocr_carea' id='block_1_39' title="bbox 535 2264 2129 2338">
    <p class='ocr_par' dir='ltr' id='par_1_39' title="bbox 535 2264 2129 2338">
     <span class='ocr_line' id='line_1_39' title="bbox 535 2264 2129 2338; baseline 0.002 -21"><span class='ocrx_word' id='word_1_283' title='bbox 535 2279 709 2331; x_wconf 89' lang='lat' dir='ltr'><strong>suum,</strong></span> <span class='ocrx_word' id='word_1_284' title='bbox 743 2264 883 2319; x_wconf 89' lang='lat' dir='ltr'><strong>sicut</strong></span> <span class='ocrx_word' id='word_1_285' title='bbox 909 2265 1160 2329; x_wconf 84' lang='lat' dir='ltr'><strong>diximus,</strong></span> <span class='ocrx_word' id='word_1_286' title='bbox 1194 2267 1393 2320; x_wconf 89' lang='lat' dir='ltr'><strong>habent</strong></span> <span class='ocrx_word' id='word_1_287' title='bbox 1421 2266 1753 2337; x_wconf 89' lang='lat' dir='ltr'><strong>episcopum,</strong></span> <span class='ocrx_word' id='word_1_288' title='bbox 1777 2267 1864 2322; x_wconf 91' lang='lat' dir='ltr'><strong>vel</strong></span> <span class='ocrx_word' id='word_1_289' title='bbox 1894 2267 1940 2320; x_wconf 89' lang='lat' dir='ltr'><strong>si</strong></span> <span class='ocrx_word' id='word_1_290' title='bbox 1969 2282 2129 2338; x_wconf 92' lang='lat' dir='ltr'><strong>quam</strong></span> 
     </span>
    </p>
   </div>
   <div class='ocr_carea' id='block_1_40' title="bbox 534 2349 2130 2425">
    <p class='ocr_par' dir='ltr' id='par_1_40' title="bbox 534 2349 2130 2425">
     <span class='ocr_line' id='line_1_40' title="bbox 534 2349 2130 2425; baseline 0.003 -20"><span class='ocrx_word' id='word_1_291' title='bbox 534 2349 673 2406; x_wconf 88' lang='lat' dir='ltr'><strong>forte</strong></span> <span class='ocrx_word' id='word_1_292' title='bbox 730 2361 922 2408; x_wconf 90' lang='lat' dir='ltr'><strong>contra</strong></span> <span class='ocrx_word' id='word_1_293' title='bbox 982 2368 1079 2408; x_wconf 90' lang='lat' dir='ltr'><strong>eos</strong></span> <span class='ocrx_word' id='word_1_294' title='bbox 1130 2354 1379 2409; x_wconf 87' lang='lat' dir='ltr'><strong>habuerit</strong></span> <span class='ocrx_word' id='word_1_295' title='bbox 1424 2399 1437 2420; x_wconf 91' lang='lat'><strong>,</strong></span> <span class='ocrx_word' id='word_1_296' title='bbox 1497 2371 1621 2410; x_wconf 91' lang='lat' dir='ltr'><strong>cum</strong></span> <span class='ocrx_word' id='word_1_297' title='bbox 1677 2355 1823 2410; x_wconf 91' lang='lat' dir='ltr'><strong>omni</strong></span> <span class='ocrx_word' id='word_1_298' title='bbox 1879 2354 2130 2425; x_wconf 89' lang='lat' dir='ltr'><strong>aquitate</strong></span> 
     </span>
    </p>
   </div>
   <div class='ocr_carea' id='block_1_41' title="bbox 532 2440 2130 2515">
    <p class='ocr_par' dir='ltr' id='par_1_41' title="bbox 532 2440 2130 2515">
     <span class='ocr_line' id='line_1_41' title="bbox 532 2440 2130 2515; baseline 0.003 -21"><span class='ocrx_word' id='word_1_299' title='bbox 532 2454 598 2495; x_wconf 87' lang='lat' dir='ltr'><strong>ac</strong></span> <span class='ocrx_word' id='word_1_300' title='bbox 629 2440 990 2496; x_wconf 88' lang='lat' dir='ltr'><strong>sollicitudine</strong></span> <span class='ocrx_word' id='word_1_301' title='bbox 1020 2451 1392 2513; x_wconf 82' lang='lat' dir='ltr'><strong>perscrtttetur</strong></span> <span class='ocrx_word' id='word_1_302' title='bbox 1423 2460 1436 2497; x_wconf 91' lang='lat'><strong>:</strong></span> <span class='ocrx_word' id='word_1_303' title='bbox 1471 2452 1524 2497; x_wconf 91' lang='lat' dir='ltr'><strong>et</strong></span> <span class='ocrx_word' id='word_1_304' title='bbox 1544 2443 1807 2515; x_wconf 90' lang='lat' dir='ltr'><strong>quidquid</strong></span> <span class='ocrx_word' id='word_1_305' title='bbox 1831 2444 1886 2497; x_wconf 90' lang='lat' dir='ltr'><strong>in</strong></span> <span class='ocrx_word' id='word_1_306' title='bbox 1906 2444 2130 2499; x_wconf 87' lang='lat' dir='ltr'><strong>veritate</strong></span> 
     </span>
    </p>
   </div>
   <div class='ocr_carea' id='block_1_42' title="bbox 530 2529 2129 2602">
    <p class='ocr_par' dir='ltr' id='par_1_42' title="bbox 530 2529 2129 2602">
     <span class='ocr_line' id='line_1_42' title="bbox 530 2529 2129 2602; baseline 0.002 -19"><span class='ocrx_word' id='word_1_307' title='bbox 530 2529 869 2601; x_wconf 89' lang='lat' dir='ltr'><strong>cognoverit,</strong></span> <span class='ocrx_word' id='word_1_308' title='bbox 904 2530 1060 2585; x_wconf 90' lang='lat' dir='ltr'><strong>nobis</strong></span> <span class='ocrx_word' id='word_1_309' title='bbox 1100 2546 1224 2590; x_wconf 83' lang='lat' dir='ltr'><strong>una</strong></span> <span class='ocrx_word' id='word_1_310' title='bbox 1270 2547 1395 2585; x_wconf 91' lang='lat' dir='ltr'><strong>cum</strong></span> <span class='ocrx_word' id='word_1_311' title='bbox 1455 2532 1727 2602; x_wconf 75' lang='lat' dir='ltr'><strong>praedictis</strong></span> <span class='ocrx_word' id='word_1_312' title='bbox 1784 2531 1986 2587; x_wconf 89' lang='lat' dir='ltr'><strong>nostris</strong></span> <span class='ocrx_word' id='word_1_313' title='bbox 2015 2531 2129 2587; x_wconf 89' lang='lat' dir='ltr'><strong>fra-</strong></span> 
     </span>
    </p>
   </div>
   <div class='ocr_carea' id='block_1_43' title="bbox 533 2616 2130 2692">
    <p class='ocr_par' dir='ltr' id='par_1_43' title="bbox 533 2616 2130 2692">
     <span class='ocr_line' id='line_1_43' title="bbox 533 2616 2130 2692; baseline 0.004 -22"><span class='ocrx_word' id='word_1_314' title='bbox 533 2616 707 2671; x_wconf 89' lang='lat' dir='ltr'><strong>tribus</strong></span> <span class='ocrx_word' id='word_1_315' title='bbox 745 2618 1013 2673; x_wconf 91' lang='lat' dir='ltr'><strong>subtiliter</strong></span> <span class='ocrx_word' id='word_1_316' title='bbox 1060 2619 1464 2691; x_wconf 80' lang='lat' dir='ltr'><strong>diligenterque</strong></span> <span class='ocrx_word' id='word_1_317' title='bbox 1496 2619 1801 2692; x_wconf 87' lang='lat' dir='ltr'><strong>significet,</strong></span> <span class='ocrx_word' id='word_1_318' title='bbox 1836 2628 1894 2675; x_wconf 93' lang='lat' dir='ltr'><strong>ut</strong></span> <span class='ocrx_word' id='word_1_319' title='bbox 1923 2636 2130 2676; x_wconf 87' lang='lat' dir='ltr'><strong>renun-</strong></span> 
     </span>
    </p>
   </div>
   <div class='ocr_carea' id='block_1_44' title="bbox 530 2705 2132 2780">
    <p class='ocr_par' dir='ltr' id='par_1_44' title="bbox 530 2705 2132 2780">
     <span class='ocr_line' id='line_1_44' title="bbox 530 2705 2132 2780; baseline 0.002 -21"><span class='ocrx_word' id='word_1_320' title='bbox 530 2705 754 2760; x_wconf 90' lang='lat' dir='ltr'><strong>tiatione</strong></span> <span class='ocrx_word' id='word_1_321' title='bbox 810 2716 991 2761; x_wconf 88' lang='lat' dir='ltr'><strong>vestra</strong></span> <span class='ocrx_word' id='word_1_322' title='bbox 1048 2708 1244 2762; x_wconf 88' lang='lat' dir='ltr'><strong>redditi</strong></span> <span class='ocrx_word' id='word_1_323' title='bbox 1303 2708 1563 2763; x_wconf 88' lang='lat' dir='ltr'><strong>certiores</strong></span> <span class='ocrx_word' id='word_1_324' title='bbox 1584 2752 1596 2775; x_wconf 91' lang='lat'><strong>,</strong></span> <span class='ocrx_word' id='word_1_325' title='bbox 1628 2710 1758 2780; x_wconf 92' lang='lat' dir='ltr'><strong>quid</strong></span> <span class='ocrx_word' id='word_1_326' title='bbox 1790 2709 1907 2763; x_wconf 87' lang='lat' dir='ltr'><strong>fieri</strong></span> <span class='ocrx_word' id='word_1_327' title='bbox 1937 2710 2132 2765; x_wconf 89' lang='lat' dir='ltr'><strong>debeat</strong></span> 
     </span>
    </p>
   </div>
   <div class='ocr_carea' id='block_1_45' title="bbox 535 2802 2131 2876">
    <p class='ocr_par' dir='ltr' id='par_1_45' title="bbox 535 2802 2131 2876">
     <span class='ocr_line' id='line_1_45' title="bbox 535 2802 2131 2876; baseline 0.002 -20"><span class='ocrx_word' id='word_1_328' title='bbox 535 2802 906 2857; x_wconf 89' lang='lat' dir='ltr'><strong>decernamus.</strong></span> <span class='ocrx_word' id='word_1_329' title='bbox 946 2823 968 2852; x_wconf 72' lang='grc' dir='ltr'><strong><em>ι</em></strong></span> <span class='ocrx_word' id='word_1_330' title='bbox 1010 2803 1077 2857; x_wconf 89' lang='lat' dir='ltr'><strong>Et</strong></span> <span class='ocrx_word' id='word_1_331' title='bbox 1123 2805 1191 2858; x_wconf 89' lang='lat' dir='ltr'><strong>ad</strong></span> <span class='ocrx_word' id='word_1_332' title='bbox 1245 2806 1537 2875; x_wconf 89' lang='lat' dir='ltr'><strong>pradictos</strong></span> <span class='ocrx_word' id='word_1_333' title='bbox 1585 2806 1893 2876; x_wconf 89' lang='lat' dir='ltr'><strong>episcopos,</strong></span> <span class='ocrx_word' id='word_1_334' title='bbox 1952 2806 2131 2861; x_wconf 90' lang='lat' dir='ltr'><strong>clerus</strong></span> 
     </span>
    </p>
   </div>
   <div class='ocr_carea' id='block_1_46' title="bbox 535 2889 2131 2963">
    <p class='ocr_par' dir='ltr' id='par_1_46' title="bbox 535 2889 2131 2963">
     <span class='ocr_line' id='line_1_46' title="bbox 535 2889 2131 2963; baseline 0.003 -19"><span class='ocrx_word' id='word_1_335' title='bbox 535 2889 783 2946; x_wconf 87' lang='lat' dir='ltr'><strong>ecclesia</strong></span> <span class='ocrx_word' id='word_1_336' title='bbox 813 2891 1090 2963; x_wconf 86' lang='lat' dir='ltr'><strong>Regitana</strong></span> <span class='ocrx_word' id='word_1_337' title='bbox 1148 2901 1338 2947; x_wconf 91' lang='lat' dir='ltr'><strong>contra</strong></span> <span class='ocrx_word' id='word_1_338' title='bbox 1368 2894 1870 2948; x_wconf 83' lang='lat' dir='ltr'><strong>reverentissimum</strong></span> <span class='ocrx_word' id='word_1_339' title='bbox 1902 2893 2131 2948; x_wconf 87' lang='lat' dir='ltr'><strong>fratrum</strong></span> 
     </span>
    </p>
   </div>
   <div class='ocr_carea' id='block_1_47' title="bbox 533 2978 2132 3056">
    <p class='ocr_par' dir='ltr' id='par_1_47' title="bbox 533 2978 2132 3056">
     <span class='ocr_line' id='line_1_47' title="bbox 533 2978 2132 3056; baseline 0.003 -24"><span class='ocrx_word' id='word_1_340' title='bbox 533 2987 772 3033; x_wconf 90' lang='lat' dir='ltr'><strong>nostrum</strong></span> <span class='ocrx_word' id='word_1_341' title='bbox 805 2978 1137 3035; x_wconf 90' lang='lat' dir='ltr'><strong>Bonifacium</strong></span> <span class='ocrx_word' id='word_1_342' title='bbox 1170 2981 1486 3052; x_wconf 89' lang='lat' dir='ltr'><strong>episcopum</strong></span> <span class='ocrx_word' id='word_1_343' title='bbox 1519 2998 1674 3036; x_wconf 91' lang='lat' dir='ltr'><strong>suum</strong></span> <span class='ocrx_word' id='word_1_344' title='bbox 1706 2982 1832 3036; x_wconf 92' lang='lat' dir='ltr'><strong>data</strong></span> <span class='ocrx_word' id='word_1_345' title='bbox 1851 2982 2008 3037; x_wconf 90' lang='lat' dir='ltr'><strong>nobis</strong></span> <span class='ocrx_word' id='word_1_346' title='bbox 2038 2999 2132 3056; x_wconf 42' lang='lat' dir='ltr'><strong>pe:</strong></span> 
     </span>
    </p>
   </div>
   <div class='ocr_carea' id='block_1_48' title="bbox 532 3066 2129 3142">
    <p class='ocr_par' dir='ltr' id='par_1_48' title="bbox 532 3066 2129 3142">
     <span class='ocr_line' id='line_1_48' title="bbox 532 3066 2129 3142; baseline 0.003 -22"><span class='ocrx_word' id='word_1_347' title='bbox 532 3066 716 3121; x_wconf 90' lang='lat' dir='ltr'><strong>titione</strong></span> <span class='ocrx_word' id='word_1_348' title='bbox 745 3076 1079 3140; x_wconf 89' lang='lat' dir='ltr'><strong>conquestus</strong></span> <span class='ocrx_word' id='word_1_349' title='bbox 1109 3077 1207 3137; x_wconf 91' lang='lat' dir='ltr'><strong>est,</strong></span> <span class='ocrx_word' id='word_1_350' title='bbox 1261 3077 1314 3124; x_wconf 91' lang='lat' dir='ltr'><strong>et</strong></span> <span class='ocrx_word' id='word_1_351' title='bbox 1364 3070 1592 3142; x_wconf 89' lang='lat' dir='ltr'><strong>reliqua.</strong></span> <span class='ocrx_word' id='word_1_352' title='bbox 1654 3070 1762 3125; x_wconf 92' lang='lat' dir='ltr'><strong>Sed</strong></span> <span class='ocrx_word' id='word_1_353' title='bbox 1795 3079 1847 3125; x_wconf 91' lang='lat' dir='ltr'><strong>et</strong></span> <span class='ocrx_word' id='word_1_354' title='bbox 1876 3071 1944 3125; x_wconf 90' lang='lat' dir='ltr'><strong>de</strong></span> <span class='ocrx_word' id='word_1_355' title='bbox 1972 3071 2129 3125; x_wconf 91' lang='lat' dir='ltr'><strong>audi-</strong></span> 
     </span>
    </p>
   </div>
   <div class='ocr_carea' id='block_1_49' title="bbox 531 3155 2132 3227">
    <p class='ocr_par' dir='ltr' id='par_1_49' title="bbox 531 3155 2132 3227">
     <span class='ocr_line' id='line_1_49' title="bbox 531 3155 2132 3227; baseline 0.002 -18"><span class='ocrx_word' id='word_1_356' title='bbox 531 3155 696 3221; x_wconf 89' lang='lat' dir='ltr'><strong>tione,</strong></span> <span class='ocrx_word' id='word_1_357' title='bbox 731 3155 847 3211; x_wconf 89' lang='lat' dir='ltr'><strong>sine</strong></span> <span class='ocrx_word' id='word_1_358' title='bbox 878 3157 1137 3227; x_wconf 89' lang='lat' dir='ltr'><strong>petitione</strong></span> <span class='ocrx_word' id='word_1_359' title='bbox 1190 3158 1278 3213; x_wconf 83' lang='lat' dir='ltr'><strong>vel</strong></span> <span class='ocrx_word' id='word_1_360' title='bbox 1323 3158 1668 3214; x_wconf 89' lang='lat' dir='ltr'><strong>accusatione</strong></span> <span class='ocrx_word' id='word_1_361' title='bbox 1692 3200 1705 3227; x_wconf 93' lang='lat'><strong>,</strong></span> <span class='ocrx_word' id='word_1_362' title='bbox 1739 3160 1809 3213; x_wconf 87' lang='lat' dir='ltr'><strong>ad</strong></span> <span class='ocrx_word' id='word_1_363' title='bbox 1870 3159 2132 3214; x_wconf 89' lang='lat' dir='ltr'><strong>Sabinum</strong></span> 
     </span>
    </p>
   </div>
   <div class='ocr_carea' id='block_1_50' title="bbox 531 3244 2129 3320">
    <p class='ocr_par' dir='ltr' id='par_1_50' title="bbox 531 3244 2129 3320">
     <span class='ocr_line' id='line_1_50' title="bbox 531 3244 2129 3320; baseline 0.003 -23"><span class='ocrx_word' id='word_1_364' title='bbox 531 3244 676 3299; x_wconf 90' lang='lat' dir='ltr'><strong>idem</strong></span> <span class='ocrx_word' id='word_1_365' title='bbox 714 3245 903 3299; x_wconf 89' lang='lat' dir='ltr'><strong>beatus</strong></span> <span class='ocrx_word' id='word_1_366' title='bbox 934 3246 1235 3316; x_wconf 85' lang='lat' dir='ltr'><strong>Gregorius</strong></span> <span class='ocrx_word' id='word_1_367' title='bbox 1287 3247 1505 3317; x_wconf 86' lang='lat' dir='ltr'><strong>scripsit</strong></span> <span class='ocrx_word' id='word_1_368' title='bbox 1533 3248 1655 3317; x_wconf 92' lang='lat' dir='ltr'><strong>(lib.</strong></span> <span class='ocrx_word' id='word_1_369' title='bbox 1687 3263 1770 3311; x_wconf 69' lang='grc' dir='ltr'><strong>χι,</strong></span> <span class='ocrx_word' id='word_1_370' title='bbox 1806 3250 1971 3320; x_wconf 83' lang='lat' dir='ltr'><strong>epist.</strong></span> <span class='ocrx_word' id='word_1_371' title='bbox 1997 3248 2129 3319; x_wconf 73' lang='lat'><strong>28):</strong></span> 
     </span>
    </p>
   </div>
   <div class='ocr_carea' id='block_1_51' title="bbox 535 3333 2132 3405">
    <p class='ocr_par' dir='ltr' id='par_1_51' title="bbox 535 3333 2132 3405">
     <span class='ocr_line' id='line_1_51' title="bbox 535 3333 2132 3405; baseline 0.003 -20"><span class='ocrx_word' id='word_1_372' title='bbox 535 3356 555 3379; x_wconf 75' lang='grc' dir='ltr'><strong><em>κ</em></strong></span> <span class='ocrx_word' id='word_1_373' title='bbox 594 3333 841 3385; x_wconf 85' lang='lat' dir='ltr'><strong>Pervenit</strong></span> <span class='ocrx_word' id='word_1_374' title='bbox 864 3334 933 3386; x_wconf 92' lang='lat' dir='ltr'><strong>ad</strong></span> <span class='ocrx_word' id='word_1_375' title='bbox 950 3349 1069 3399; x_wconf 91' lang='lat' dir='ltr'><strong>nos,</strong></span> <span class='ocrx_word' id='word_1_376' title='bbox 1095 3334 1365 3405; x_wconf 88' lang='lat' dir='ltr'><strong>inquiens,</strong></span> <span class='ocrx_word' id='word_1_377' title='bbox 1392 3336 1892 3389; x_wconf 89' lang='lat' dir='ltr'><strong>reverentissimum</strong></span> <span class='ocrx_word' id='word_1_378' title='bbox 1915 3336 2132 3391; x_wconf 89' lang='lat' dir='ltr'><strong>Palum-</strong></span> 
     </span>
    </p>
   </div>
   <div class='ocr_carea' id='block_1_52' title="bbox 533 3419 2133 3496">
    <p class='ocr_par' dir='ltr' id='par_1_52' title="bbox 533 3419 2133 3496">
     <span class='ocr_line' id='line_1_52' title="bbox 533 3419 2133 3496; baseline 0.004 -23"><span class='ocrx_word' id='word_1_379' title='bbox 533 3419 683 3486; x_wconf 86' lang='lat' dir='ltr'><strong>bum,</strong></span> <span class='ocrx_word' id='word_1_380' title='bbox 715 3420 936 3475; x_wconf 89' lang='lat' dir='ltr'><strong>fratrem</strong></span> <span class='ocrx_word' id='word_1_381' title='bbox 995 3429 1047 3476; x_wconf 90' lang='lat' dir='ltr'><strong>et</strong></span> <span class='ocrx_word' id='word_1_382' title='bbox 1095 3423 1467 3493; x_wconf 76' lang='lat' dir='ltr'><strong>capiscopum</strong></span> <span class='ocrx_word' id='word_1_383' title='bbox 1520 3431 1765 3478; x_wconf 90' lang='lat' dir='ltr'><strong>nostrum</strong></span> <span class='ocrx_word' id='word_1_384' title='bbox 1800 3466 1813 3493; x_wconf 90' lang='lat'><strong>,</strong></span> <span class='ocrx_word' id='word_1_385' title='bbox 1847 3425 1993 3496; x_wconf 82' lang='lat' dir='ltr'><strong>quod</strong></span> <span class='ocrx_word' id='word_1_386' title='bbox 2024 3424 2133 3480; x_wconf 88' lang='lat' dir='ltr'><strong>dici</strong></span> 
     </span>
    </p>
   </div>
   <div class='ocr_carea' id='block_1_53' title="bbox 530 3510 2133 3583">
    <p class='ocr_par' dir='ltr' id='par_1_53' title="bbox 530 3510 2133 3583">
     <span class='ocr_line' id='line_1_53' title="bbox 530 3510 2133 3583; baseline 0.003 -21"><span class='ocrx_word' id='word_1_387' title='bbox 530 3524 699 3580; x_wconf 87' lang='lat' dir='ltr'><strong>grave</strong></span> <span class='ocrx_word' id='word_1_388' title='bbox 741 3517 841 3576; x_wconf 90' lang='lat' dir='ltr'><strong>est,</strong></span> <span class='ocrx_word' id='word_1_389' title='bbox 893 3510 1155 3566; x_wconf 83' lang='lat' dir='ltr'><strong>Ecclesia</strong></span> <span class='ocrx_word' id='word_1_390' title='bbox 1198 3527 1349 3575; x_wconf 89' lang='lat' dir='ltr'><strong>sua,</strong></span> <span class='ocrx_word' id='word_1_391' title='bbox 1382 3511 1469 3566; x_wconf 89' lang='lat' dir='ltr'><strong>vel</strong></span> <span class='ocrx_word' id='word_1_392' title='bbox 1516 3513 1900 3583; x_wconf 88' lang='lat' dir='ltr'><strong>parochiarum</strong></span> <span class='ocrx_word' id='word_1_393' title='bbox 1943 3528 2133 3568; x_wconf 89' lang='lat' dir='ltr'><strong>causas</strong></span> 
     </span>
    </p>
   </div>
   <div class='ocr_carea' id='block_1_54' title="bbox 527 3597 2132 3671">
    <p class='ocr_par' dir='ltr' id='par_1_54' title="bbox 527 3597 2132 3671">
     <span class='ocr_line' id='line_1_54' title="bbox 527 3597 2132 3671; baseline 0.004 -21"><span class='ocrx_word' id='word_1_394' title='bbox 527 3597 891 3669; x_wconf 89' lang='lat' dir='ltr'><strong>utilitatesque</strong></span> <span class='ocrx_word' id='word_1_395' title='bbox 918 3599 1220 3671; x_wconf 85' lang='lat' dir='ltr'><strong>negligere.</strong></span> <span class='ocrx_word' id='word_1_396' title='bbox 1259 3619 1282 3650; x_wconf 74' lang='grc' dir='ltr'><strong><em>ι</em></strong></span> <span class='ocrx_word' id='word_1_397' title='bbox 1318 3602 1384 3654; x_wconf 83' lang='grc' dir='ltr'><strong>Ει</strong></span> <span class='ocrx_word' id='word_1_398' title='bbox 1413 3608 1535 3670; x_wconf 89' lang='lat' dir='ltr'><strong>post</strong></span> <span class='ocrx_word' id='word_1_399' title='bbox 1556 3601 1835 3671; x_wconf 87' lang='lat' dir='ltr'><strong>aliquanta</strong></span> <span class='ocrx_word' id='word_1_400' title='bbox 1867 3617 1882 3656; x_wconf 90' lang='lat'>:</span> <span class='ocrx_word' id='word_1_401' title='bbox 1922 3623 1942 3649; x_wconf 71' lang='grc' dir='ltr'><strong>α</strong></span> <span class='ocrx_word' id='word_1_402' title='bbox 1970 3601 2132 3656; x_wconf 88' lang='lat' dir='ltr'><strong>Ideo-</strong></span> 
     </span>
    </p>
   </div>
   <div class='ocr_carea' id='block_1_55' title="bbox 532 3687 2131 3760">
    <p class='ocr_par' dir='ltr' id='par_1_55' title="bbox 532 3687 2131 3760">
     <span class='ocr_line' id='line_1_55' title="bbox 532 3687 2131 3760; baseline 0.003 -22"><span class='ocrx_word' id='word_1_403' title='bbox 532 3701 638 3756; x_wconf 91' lang='lat' dir='ltr'><strong>que</strong></span> <span class='ocrx_word' id='word_1_404' title='bbox 695 3687 1030 3756; x_wconf 86' lang='lat' dir='ltr'><strong>experientia</strong></span> <span class='ocrx_word' id='word_1_405' title='bbox 1071 3696 1162 3742; x_wconf 87' lang='lat' dir='ltr'><strong>tua</strong></span> <span class='ocrx_word' id='word_1_406' title='bbox 1223 3689 1544 3760; x_wconf 82' lang='lat' dir='ltr'><strong>pradictum</strong></span> <span class='ocrx_word' id='word_1_407' title='bbox 1599 3689 1827 3744; x_wconf 85' lang='lat' dir='ltr'><strong>fratrem</strong></span> <span class='ocrx_word' id='word_1_408' title='bbox 1884 3697 2131 3744; x_wconf 90' lang='lat' dir='ltr'><strong>nostrum</strong></span> 
     </span>
    </p>
   </div>
   <div class='ocr_carea' id='block_1_56' title="bbox 534 3773 2133 3849">
    <p class='ocr_par' dir='ltr' id='par_1_56' title="bbox 534 3773 2133 3849">
     <span class='ocr_line' id='line_1_56' title="bbox 534 3773 2133 3849; baseline 0.003 -21"><span class='ocrx_word' id='word_1_409' title='bbox 534 3773 745 3828; x_wconf 89' lang='lat' dir='ltr'><strong>studeat</strong></span> <span class='ocrx_word' id='word_1_410' title='bbox 775 3790 1153 3842; x_wconf 87' lang='lat' dir='ltr'><strong>commonere,</strong></span> <span class='ocrx_word' id='word_1_411' title='bbox 1187 3785 1244 3830; x_wconf 92' lang='lat' dir='ltr'><strong>ut</strong></span> <span class='ocrx_word' id='word_1_412' title='bbox 1273 3793 1364 3831; x_wconf 88' lang='lat' dir='ltr'><strong>res</strong></span> <span class='ocrx_word' id='word_1_413' title='bbox 1391 3777 1675 3844; x_wconf 84' lang='lat' dir='ltr'><strong>Ecclesia,</strong></span> <span class='ocrx_word' id='word_1_414' title='bbox 1710 3778 1796 3833; x_wconf 91' lang='lat' dir='ltr'><strong>vel</strong></span> <span class='ocrx_word' id='word_1_415' title='bbox 1850 3780 2133 3849; x_wconf 88' lang='lat' dir='ltr'><strong>parochia-</strong></span> 
     </span>
    </p>
   </div>
   <div class='ocr_carea' id='block_1_57' title="bbox 532 3864 2134 3931">
    <p class='ocr_par' dir='ltr' id='par_1_57' title="bbox 532 3864 2134 3931">
     <span class='ocr_line' id='line_1_57' title="bbox 532 3864 2134 3931; baseline 0.003 -15"><span class='ocrx_word' id='word_1_416' title='bbox 532 3878 653 3916; x_wconf 88' lang='lat' dir='ltr'><strong>rum</strong></span> <span class='ocrx_word' id='word_1_417' title='bbox 684 3878 923 3929; x_wconf 88' lang='lat' dir='ltr'><strong>suarum,</strong></span> <span class='ocrx_word' id='word_1_418' title='bbox 946 3864 1061 3918; x_wconf 90' lang='lat' dir='ltr'><strong>sive</strong></span> <span class='ocrx_word' id='word_1_419' title='bbox 1101 3865 1400 3919; x_wconf 89' lang='lat' dir='ltr'><strong>ministeria</strong></span> <span class='ocrx_word' id='word_1_420' title='bbox 1426 3909 1438 3931; x_wconf 91' lang='lat'><strong>,</strong></span> <span class='ocrx_word' id='word_1_421' title='bbox 1473 3866 1867 3921; x_wconf 88' lang='lat' dir='ltr'><strong>rationabiliter</strong></span> <span class='ocrx_word' id='word_1_422' title='bbox 1893 3867 2134 3923; x_wconf 91' lang='lat' dir='ltr'><strong>vindicet</strong></span> 
     </span>
    </p>
   </div>
   <div class='ocr_carea' id='block_1_58' title="bbox 533 3950 2132 4025">
    <p class='ocr_par' dir='ltr' id='par_1_58' title="bbox 533 3950 2132 4025">
     <span class='ocr_line' id='line_1_58' title="bbox 533 3950 2132 4025; baseline 0.004 -21"><span class='ocrx_word' id='word_1_423' title='bbox 533 3958 695 4021; x_wconf 89' lang='lat' dir='ltr'><strong>atque</strong></span> <span class='ocrx_word' id='word_1_424' title='bbox 717 3950 988 4018; x_wconf 89' lang='lat' dir='ltr'><strong>defendat,</strong></span> <span class='ocrx_word' id='word_1_425' title='bbox 1030 3973 1051 4006; x_wconf 77' lang='grc' dir='ltr'>ι</span> <span class='ocrx_word' id='word_1_426' title='bbox 1086 3961 1140 4009; x_wconf 90' lang='lat' dir='ltr'><strong>et</strong></span> <span class='ocrx_word' id='word_1_427' title='bbox 1171 3953 1396 4025; x_wconf 90' lang='lat' dir='ltr'><strong>reliqua.</strong></span> <span class='ocrx_word' id='word_1_428' title='bbox 1448 3955 1528 4009; x_wconf 93' lang='lat' dir='ltr'><strong>De</strong></span> <span class='ocrx_word' id='word_1_429' title='bbox 1576 3955 1924 4010; x_wconf 89' lang='lat' dir='ltr'><strong>accusatione</strong></span> <span class='ocrx_word' id='word_1_430' title='bbox 1953 3964 2132 4012; x_wconf 90' lang='lat' dir='ltr'><strong>autem</strong></span> 
     </span>
    </p>
   </div>
   <div class='ocr_carea' id='block_1_59' title="bbox 535 4039 2134 4112">
    <p class='ocr_par' dir='ltr' id='par_1_59' title="bbox 535 4039 2134 4112">
     <span class='ocr_line' id='line_1_59' title="bbox 535 4039 2134 4112; baseline 0.004 -19"><span class='ocrx_word' id='word_1_431' title='bbox 535 4039 812 4109; x_wconf 88' lang='lat' dir='ltr'><strong>episcopi,</strong></span> <span class='ocrx_word' id='word_1_432' title='bbox 865 4049 957 4095; x_wconf 92' lang='lat' dir='ltr'><strong>aut</strong></span> <span class='ocrx_word' id='word_1_433' title='bbox 1006 4042 1290 4110; x_wconf 88' lang='lat' dir='ltr'><strong>cujuslibet</strong></span> <span class='ocrx_word' id='word_1_434' title='bbox 1331 4042 1539 4097; x_wconf 90' lang='lat' dir='ltr'><strong>ordinis</strong></span> <span class='ocrx_word' id='word_1_435' title='bbox 1575 4044 1782 4112; x_wconf 90' lang='lat' dir='ltr'><strong>clerici,</strong></span> <span class='ocrx_word' id='word_1_436' title='bbox 1842 4061 1908 4099; x_wconf 90' lang='lat' dir='ltr'><strong>ex</strong></span> <span class='ocrx_word' id='word_1_437' title='bbox 1963 4045 2134 4101; x_wconf 91' lang='lat' dir='ltr'><strong>sacris</strong></span> 
     </span>
    </p>
   </div>
   <div class='ocr_carea' id='block_1_60' title="bbox 530 4129 2135 4205">
    <p class='ocr_par' dir='ltr' id='par_1_60' title="bbox 530 4129 2135 4205">
     <span class='ocr_line' id='line_1_60' title="bbox 530 4129 2135 4205; baseline 0.003 -22"><span class='ocrx_word' id='word_1_438' title='bbox 530 4129 832 4183; x_wconf 89' lang='lat' dir='ltr'><strong>canonibus</strong></span> <span class='ocrx_word' id='word_1_439' title='bbox 862 4129 1191 4185; x_wconf 70' lang='lat' dir='ltr'><strong>sufficienter</strong></span> <span class='ocrx_word' id='word_1_440' title='bbox 1220 4147 1384 4202; x_wconf 87' lang='lat' dir='ltr'><strong>supra</strong></span> <span class='ocrx_word' id='word_1_441' title='bbox 1405 4141 1559 4202; x_wconf 91' lang='lat' dir='ltr'><strong>potes</strong></span> <span class='ocrx_word' id='word_1_442' title='bbox 1606 4132 1877 4205; x_wconf 89' lang='lat' dir='ltr'><strong>relegere.</strong></span> <span class='ocrx_word' id='word_1_443' title='bbox 1912 4134 2135 4188; x_wconf 89' lang='lat' dir='ltr'><strong>Verum-</strong></span> 
     </span>
    </p>
   </div>
   <div class='ocr_carea' id='block_1_61' title="bbox 528 4219 2132 4294">
    <p class='ocr_par' dir='ltr' id='par_1_61' title="bbox 528 4219 2132 4294">
     <span class='ocr_line' id='line_1_61' title="bbox 528 4219 2132 4294; baseline 0.004 -23"><span class='ocrx_word' id='word_1_444' title='bbox 528 4225 712 4273; x_wconf 86' lang='lat' dir='ltr'><strong>tamen</strong></span> <span class='ocrx_word' id='word_1_445' title='bbox 743 4227 957 4289; x_wconf 87' lang='lat' dir='ltr'><strong>Oportet</strong></span> <span class='ocrx_word' id='word_1_446' title='bbox 987 4227 1039 4274; x_wconf 88' lang='lat' dir='ltr'><strong>te</strong></span> <span class='ocrx_word' id='word_1_447' title='bbox 1070 4219 1306 4275; x_wconf 90' lang='lat' dir='ltr'><strong>discrete</strong></span> <span class='ocrx_word' id='word_1_448' title='bbox 1348 4221 1654 4293; x_wconf 90' lang='lat' dir='ltr'><strong>intelligere</strong></span> <span class='ocrx_word' id='word_1_449' title='bbox 1685 4222 1830 4294; x_wconf 93' lang='lat' dir='ltr'><strong>quod</strong></span> <span class='ocrx_word' id='word_1_450' title='bbox 1861 4223 1930 4277; x_wconf 91' lang='lat' dir='ltr'><strong>de</strong></span> <span class='ocrx_word' id='word_1_451' title='bbox 1970 4237 2132 4278; x_wconf 89' lang='lat' dir='ltr'><strong>accu-</strong></span> 
     </span>
    </p>
   </div>
   <div class='ocr_carea' id='block_1_62' title="bbox 531 4300 2128 4383">
    <p class='ocr_par' dir='ltr' id='par_1_62' title="bbox 531 4300 2128 4383">
     <span class='ocr_line' id='line_1_62' title="bbox 531 4300 2128 4383; baseline 0.004 -23"><span class='ocrx_word' id='word_1_452' title='bbox 531 4300 741 4383; x_wconf 77' lang='lat' dir='ltr'><strong>satione</strong></span> <span class='ocrx_word' id='word_1_453' title='bbox 786 4308 940 4381; x_wconf 90' lang='lat' dir='ltr'><strong>leges</strong></span> <span class='ocrx_word' id='word_1_454' title='bbox 979 4309 1199 4364; x_wconf 89' lang='lat' dir='ltr'><strong>dicunt:</strong></span> <span class='ocrx_word' id='word_1_455' title='bbox 1237 4333 1257 4356; x_wconf 89' lang='grc'><strong>‹‹</strong></span> <span class='ocrx_word' id='word_1_456' title='bbox 1312 4310 1370 4363; x_wconf 90' lang='lat' dir='ltr'><strong>In</strong></span> <span class='ocrx_word' id='word_1_457' title='bbox 1419 4310 1829 4375; x_wconf 88' lang='lat' dir='ltr'><strong>criminalibus,</strong></span> <span class='ocrx_word' id='word_1_458' title='bbox 1861 4311 2128 4383; x_wconf 90' lang='lat' dir='ltr'><strong>inquiunt,</strong></span> 
     </span>
    </p>
   </div>
   <div class='ocr_carea' id='block_1_63' title="bbox 2164 3114 2212 3177">
    <p class='ocr_par' dir='ltr' id='par_1_63' title="bbox 2164 3114 2212 3177">
     <span class='ocr_line' id='line_1_63' title="bbox 2164 3114 2212 3177; baseline 0 -4"><span class='ocrx_word' id='word_1_459' title='bbox 2164 3114 2212 3177; x_wconf 90' lang='lat' dir='ltr'>C</span> 
     </span>
    </p>
   </div>
   <div class='ocr_carea' id='block_1_64' title="bbox 2229 1842 3830 1915">
    <p class='ocr_par' dir='ltr' id='par_1_64' title="bbox 2229 1842 3830 1915">
     <span class='ocr_line' id='line_1_64' title="bbox 2229 1842 3830 1915; baseline 0.001 -19"><span class='ocrx_word' id='word_1_460' title='bbox 2229 1842 2349 1909; x_wconf 89' lang='lat' dir='ltr'><strong>lica,</strong></span> <span class='ocrx_word' id='word_1_461' title='bbox 2384 1852 2435 1897; x_wconf 92' lang='lat' dir='ltr'><strong>et</strong></span> <span class='ocrx_word' id='word_1_462' title='bbox 2455 1843 2702 1901; x_wconf 88' lang='lat' dir='ltr'><strong>Ecclesia</strong></span> <span class='ocrx_word' id='word_1_463' title='bbox 2732 1844 2999 1900; x_wconf 88' lang='lat' dir='ltr'><strong>catholica</strong></span> <span class='ocrx_word' id='word_1_464' title='bbox 3027 1859 3269 1899; x_wconf 89' lang='lat' dir='ltr'><strong>canones</strong></span> <span class='ocrx_word' id='word_1_465' title='bbox 3284 1851 3459 1899; x_wconf 89' lang='lat' dir='ltr'><strong>vocat.</strong></span> <span class='ocrx_word' id='word_1_466' title='bbox 3487 1842 3664 1899; x_wconf 86' lang='lat' dir='ltr'><strong>Verba</strong></span> <span class='ocrx_word' id='word_1_467' title='bbox 3693 1858 3830 1915; x_wconf 86' lang='lat' dir='ltr'><strong>quo-</strong></span> 
     </span>
    </p>
   </div>
   <div class='ocr_carea' id='block_1_65' title="bbox 2231 1931 3825 2005">
    <p class='ocr_par' dir='ltr' id='par_1_65' title="bbox 2231 1931 3825 2005">
     <span class='ocr_line' id='line_1_65' title="bbox 2231 1931 3825 2005; baseline 0.001 -20"><span class='ocrx_word' id='word_1_468' title='bbox 2231 1947 2335 2003; x_wconf 90' lang='lat' dir='ltr'><strong>que</strong></span> <span class='ocrx_word' id='word_1_469' title='bbox 2363 1932 2615 1987; x_wconf 88' lang='lat' dir='ltr'><strong>obstrusa</strong></span> <span class='ocrx_word' id='word_1_470' title='bbox 2634 1975 2646 1998; x_wconf 90' lang='lat'><strong>,</strong></span> <span class='ocrx_word' id='word_1_471' title='bbox 2678 1940 2733 1987; x_wconf 93' lang='lat' dir='ltr'><strong>et</strong></span> <span class='ocrx_word' id='word_1_472' title='bbox 2762 1932 3125 2005; x_wconf 88' lang='lat' dir='ltr'><strong>undecunque</strong></span> <span class='ocrx_word' id='word_1_473' title='bbox 3151 1949 3252 2003; x_wconf 88' lang='lat' dir='ltr'><strong>per</strong></span> <span class='ocrx_word' id='word_1_474' title='bbox 3278 1931 3550 2005; x_wconf 88' lang='lat' dir='ltr'><strong>glossulas</strong></span> <span class='ocrx_word' id='word_1_475' title='bbox 3581 1931 3825 1998; x_wconf 87' lang='lat' dir='ltr'><strong>collecta,</strong></span> 
     </span>
    </p>
   </div>
   <div class='ocr_carea' id='block_1_66' title="bbox 2230 2020 3829 2091">
    <p class='ocr_par' dir='ltr' id='par_1_66' title="bbox 2230 2020 3829 2091">
     <span class='ocr_line' id='line_1_66' title="bbox 2230 2020 3829 2091; baseline -0.001 -16"><span class='ocrx_word' id='word_1_476' title='bbox 2230 2027 2284 2076; x_wconf 90' lang='lat' dir='ltr'><strong>et</strong></span> <span class='ocrx_word' id='word_1_477' title='bbox 2316 2020 2434 2074; x_wconf 91' lang='lat' dir='ltr'><strong>sine</strong></span> <span class='ocrx_word' id='word_1_478' title='bbox 2454 2021 2662 2075; x_wconf 89' lang='lat' dir='ltr'><strong>ratione</strong></span> <span class='ocrx_word' id='word_1_479' title='bbox 2692 2020 2884 2091; x_wconf 90' lang='lat' dir='ltr'><strong>posita,</strong></span> <span class='ocrx_word' id='word_1_480' title='bbox 2918 2037 3040 2091; x_wconf 87' lang='lat' dir='ltr'><strong>qua</strong></span> <span class='ocrx_word' id='word_1_481' title='bbox 3067 2020 3121 2075; x_wconf 90' lang='lat' dir='ltr'><strong>in</strong></span> <span class='ocrx_word' id='word_1_482' title='bbox 3152 2021 3256 2076; x_wconf 90' lang='lat' dir='ltr'><strong>hoc</strong></span> <span class='ocrx_word' id='word_1_483' title='bbox 3286 2020 3490 2090; x_wconf 88' lang='lat' dir='ltr'><strong>scripto</strong></span> <span class='ocrx_word' id='word_1_484' title='bbox 3518 2028 3610 2074; x_wconf 95' lang='lat' dir='ltr'><strong>tuo</strong></span> <span class='ocrx_word' id='word_1_485' title='bbox 3637 2020 3829 2091; x_wconf 64' lang='lat' dir='ltr'><strong>posui-</strong></span> 
     </span>
    </p>
   </div>
   <div class='ocr_carea' id='block_1_67' title="bbox 2230 2090 3830 2162">
    <p class='ocr_par' dir='ltr' id='par_1_67' title="bbox 2230 2090 3830 2162">
     <span class='ocr_line' id='line_1_67' title="bbox 2230 2090 3830 2162; baseline 0.001 -17"><span class='ocrx_word' id='word_1_486' title='bbox 2230 2091 2317 2157; x_wconf 92' lang='lat' dir='ltr'><strong>sti,</strong></span> <span class='ocrx_word' id='word_1_487' title='bbox 2350 2091 2490 2146; x_wconf 89' lang='lat' dir='ltr'><strong>sicut</strong></span> <span class='ocrx_word' id='word_1_488' title='bbox 2546 2100 2599 2145; x_wconf 92' lang='lat' dir='ltr'><strong>et</strong></span> <span class='ocrx_word' id='word_1_489' title='bbox 2626 2090 2707 2145; x_wconf 35' lang='lat' dir='ltr'><strong>in’</strong></span> <span class='ocrx_word' id='word_1_490' title='bbox 2736 2091 2856 2145; x_wconf 90' lang='lat' dir='ltr'><strong>aliis</strong></span> <span class='ocrx_word' id='word_1_491' title='bbox 2910 2090 3112 2147; x_wconf 86' lang='lat' dir='ltr'><strong>domno</strong></span> <span class='ocrx_word' id='word_1_492' title='bbox 3143 2092 3257 2162; x_wconf 90' lang='lat' dir='ltr'><strong>regi</strong></span> <span class='ocrx_word' id='word_1_493' title='bbox 3288 2099 3341 2146; x_wconf 91' lang='lat' dir='ltr'><strong>et</strong></span> <span class='ocrx_word' id='word_1_494' title='bbox 3371 2091 3503 2145; x_wconf 88' lang='lat' dir='ltr'><strong>mihi</strong></span> <span class='ocrx_word' id='word_1_495' title='bbox 3531 2090 3659 2145; x_wconf 87' lang='lat' dir='ltr'><strong>olim</strong></span> <span class='ocrx_word' id='word_1_496' title='bbox 3686 2091 3830 2147; x_wconf 90' lang='lat' dir='ltr'><strong>dire-</strong></span> 
     </span>
    </p>
   </div>
   <div class='ocr_carea' id='block_1_68' title="bbox 2230 2179 3825 2252">
    <p class='ocr_par' dir='ltr' id='par_1_68' title="bbox 2230 2179 3825 2252">
     <span class='ocr_line' id='line_1_68' title="bbox 2230 2179 3825 2252; baseline -0.001 -18"><span class='ocrx_word' id='word_1_497' title='bbox 2230 2180 2329 2234; x_wconf 88' lang='lat' dir='ltr'><strong>ctis</strong></span> <span class='ocrx_word' id='word_1_498' title='bbox 2382 2179 2730 2251; x_wconf 88' lang='lat' dir='ltr'><strong>congessisti,</strong></span> <span class='ocrx_word' id='word_1_499' title='bbox 2783 2179 3120 2252; x_wconf 90' lang='lat' dir='ltr'><strong>redarguunt</strong></span> <span class='ocrx_word' id='word_1_500' title='bbox 3148 2187 3200 2235; x_wconf 92' lang='lat' dir='ltr'><strong>te</strong></span> <span class='ocrx_word' id='word_1_501' title='bbox 3233 2179 3665 2251; x_wconf 80' lang='lat' dir='ltr'><strong>typojactantia,</strong></span> <span class='ocrx_word' id='word_1_502' title='bbox 3699 2194 3825 2234; x_wconf 89' lang='lat' dir='ltr'><strong>cum</strong></span> 
     </span>
    </p>
   </div>
   <div class='ocr_carea' id='block_1_69' title="bbox 2230 2267 3829 2338">
    <p class='ocr_par' dir='ltr' id='par_1_69' title="bbox 2230 2267 3829 2338">
     <span class='ocr_line' id='line_1_69' title="bbox 2230 2267 3829 2338; baseline 0 -16"><span class='ocrx_word' id='word_1_503' title='bbox 2230 2267 2375 2322; x_wconf 89' lang='lat' dir='ltr'><strong>dicat</strong></span> <span class='ocrx_word' id='word_1_504' title='bbox 2396 2268 2690 2337; x_wconf 79' lang='lat' dir='ltr'><strong>Apostolus</strong></span> <span class='ocrx_word' id='word_1_505' title='bbox 2714 2286 2727 2322; x_wconf 90' lang='lat'><strong>:</strong></span> <span class='ocrx_word' id='word_1_506' title='bbox 2759 2269 2956 2324; x_wconf 81' lang='lat' dir='ltr'><strong>Vocum</strong></span> <span class='ocrx_word' id='word_1_507' title='bbox 2975 2270 3254 2324; x_wconf 79' lang='lat' dir='ltr'><strong>novitates</strong></span> <span class='ocrx_word' id='word_1_508' title='bbox 3270 2269 3518 2336; x_wconf 81' lang='lat' dir='ltr'><strong>devita(l</strong></span> <span class='ocrx_word' id='word_1_509' title='bbox 3539 2268 3676 2323; x_wconf 80' lang='lat' dir='ltr'><strong>Tim.</strong></span> <span class='ocrx_word' id='word_1_510' title='bbox 3700 2268 3829 2338; x_wconf 76' lang='lat' dir='ltr'><strong>VL);</strong></span> 
     </span>
    </p>
   </div>
   <div class='ocr_carea' id='block_1_70' title="bbox 2231 2356 3826 2428">
    <p class='ocr_par' dir='ltr' id='par_1_70' title="bbox 2231 2356 3826 2428">
     <span class='ocr_line' id='line_1_70' title="bbox 2231 2356 3826 2428; baseline 0.002 -20"><span class='ocrx_word' id='word_1_511' title='bbox 2231 2362 2284 2409; x_wconf 92' lang='lat' dir='ltr'><strong>et</strong></span> <span class='ocrx_word' id='word_1_512' title='bbox 2316 2373 2329 2409; x_wconf 88' lang='lat'>:</span> <span class='ocrx_word' id='word_1_513' title='bbox 2362 2357 2501 2411; x_wconf 84' lang='lat' dir='ltr'><strong>Malo</strong></span> <span class='ocrx_word' id='word_1_514' title='bbox 2514 2357 2758 2428; x_wconf 80' lang='lat' dir='ltr'><strong>quinque</strong></span> <span class='ocrx_word' id='word_1_515' title='bbox 2772 2358 2939 2412; x_wconf 87' lang='lat' dir='ltr'><strong>verba</strong></span> <span class='ocrx_word' id='word_1_516' title='bbox 2959 2358 3108 2428; x_wconf 87' lang='lat' dir='ltr'><strong>loqui</strong></span> <span class='ocrx_word' id='word_1_517' title='bbox 3125 2358 3187 2411; x_wconf 85' lang='lat' dir='ltr'><strong>in</strong></span> <span class='ocrx_word' id='word_1_518' title='bbox 3207 2357 3459 2412; x_wconf 78' lang='lat' dir='ltr'><strong>Ecclesia</strong></span> <span class='ocrx_word' id='word_1_519' title='bbox 3477 2356 3551 2411; x_wconf 83' lang='lat' dir='ltr'><strong>ad</strong></span> <span class='ocrx_word' id='word_1_520' title='bbox 3571 2356 3826 2424; x_wconf 77' lang='lat' dir='ltr'><strong>cedi/ica—</strong></span> 
     </span>
    </p>
   </div>
   <div class='ocr_carea' id='block_1_71' title="bbox 2233 2444 3829 2516">
    <p class='ocr_par' dir='ltr' id='par_1_71' title="bbox 2233 2444 3829 2516">
     <span class='ocr_line' id='line_1_71' title="bbox 2233 2444 3829 2516; baseline 0.001 -18"><span class='ocrx_word' id='word_1_521' title='bbox 2233 2446 2461 2509; x_wconf 80' lang='lat' dir='ltr'><strong>tionem,</strong></span> <span class='ocrx_word' id='word_1_522' title='bbox 2484 2461 2651 2516; x_wconf 82' lang='lat' dir='ltr'><strong>quam</strong></span> <span class='ocrx_word' id='word_1_523' title='bbox 2667 2446 2856 2501; x_wconf 85' lang='lat' dir='ltr'><strong>decem</strong></span> <span class='ocrx_word' id='word_1_524' title='bbox 2875 2446 3065 2501; x_wconf 86' lang='lat' dir='ltr'><strong>millia</strong></span> <span class='ocrx_word' id='word_1_525' title='bbox 3080 2445 3367 2501; x_wconf 84' lang='lat' dir='ltr'><strong>verborum</strong></span> <span class='ocrx_word' id='word_1_526' title='bbox 3383 2446 3448 2501; x_wconf 82' lang='lat' dir='ltr'><strong>in</strong></span> <span class='ocrx_word' id='word_1_527' title='bbox 3467 2445 3659 2516; x_wconf 81' lang='lat' dir='ltr'><strong>lingua</strong></span> <span class='ocrx_word' id='word_1_528' title='bbox 3679 2444 3829 2516; x_wconf 85' lang='lat' dir='ltr'><strong>(Cor.</strong></span> 
     </span>
    </p>
   </div>
   <div class='ocr_carea' id='block_1_72' title="bbox 2232 2531 3832 2604">
    <p class='ocr_par' dir='ltr' id='par_1_72' title="bbox 2232 2531 3832 2604">
     <span class='ocr_line' id='line_1_72' title="bbox 2232 2531 3832 2604; baseline 0.001 -17"><span class='ocrx_word' id='word_1_529' title='bbox 2232 2533 2375 2603; x_wconf 80' lang='lat' dir='ltr'><strong>xw).</strong></span> <span class='ocrx_word' id='word_1_530' title='bbox 2424 2531 2528 2601; x_wconf 88' lang='lat' dir='ltr'><strong>Qui</strong></span> <span class='ocrx_word' id='word_1_531' title='bbox 2562 2534 2706 2588; x_wconf 88' lang='lat' dir='ltr'><strong>enim</strong></span> <span class='ocrx_word' id='word_1_532' title='bbox 2743 2533 2984 2604; x_wconf 88' lang='lat' dir='ltr'><strong>linguam</strong></span> <span class='ocrx_word' id='word_1_533' title='bbox 3006 2576 3019 2598; x_wconf 88' lang='lat'><strong>,</strong></span> <span class='ocrx_word' id='word_1_534' title='bbox 3051 2534 3107 2588; x_wconf 92' lang='lat' dir='ltr'><strong>in</strong></span> <span class='ocrx_word' id='word_1_535' title='bbox 3137 2548 3246 2604; x_wconf 90' lang='lat' dir='ltr'><strong>qua</strong></span> <span class='ocrx_word' id='word_1_536' title='bbox 3273 2541 3433 2588; x_wconf 88' lang='lat' dir='ltr'><strong>natus</strong></span> <span class='ocrx_word' id='word_1_537' title='bbox 3480 2549 3561 2599; x_wconf 89' lang='lat' dir='ltr'><strong>es,</strong></span> <span class='ocrx_word' id='word_1_538' title='bbox 3593 2548 3704 2587; x_wconf 93' lang='lat' dir='ltr'><strong>non</strong></span> <span class='ocrx_word' id='word_1_539' title='bbox 3735 2548 3832 2588; x_wconf 86' lang='lat' dir='ltr'><strong>so-</strong></span> 
     </span>
    </p>
   </div>
   <div class='ocr_carea' id='block_1_73' title="bbox 2232 2620 3833 2693">
    <p class='ocr_par' dir='ltr' id='par_1_73' title="bbox 2232 2620 3833 2693">
     <span class='ocr_line' id='line_1_73' title="bbox 2232 2620 3833 2693; baseline 0.001 -18"><span class='ocrx_word' id='word_1_540' title='bbox 2232 2621 2342 2675; x_wconf 91' lang='lat' dir='ltr'><strong>lum</strong></span> <span class='ocrx_word' id='word_1_541' title='bbox 2374 2637 2481 2676; x_wconf 91' lang='lat' dir='ltr'><strong>non</strong></span> <span class='ocrx_word' id='word_1_542' title='bbox 2503 2620 2671 2693; x_wconf 92' lang='lat' dir='ltr'><strong>loqui,</strong></span> <span class='ocrx_word' id='word_1_543' title='bbox 2705 2637 2895 2677; x_wconf 90' lang='lat' dir='ltr'><strong>verum</strong></span> <span class='ocrx_word' id='word_1_544' title='bbox 2917 2638 3018 2678; x_wconf 89' lang='lat' dir='ltr'><strong>nec</strong></span> <span class='ocrx_word' id='word_1_545' title='bbox 3051 2622 3355 2693; x_wconf 89' lang='lat' dir='ltr'><strong>intelligere</strong></span> <span class='ocrx_word' id='word_1_546' title='bbox 3384 2621 3487 2676; x_wconf 91' lang='lat' dir='ltr'><strong>nisi</strong></span> <span class='ocrx_word' id='word_1_547' title='bbox 3527 2637 3627 2693; x_wconf 89' lang='lat' dir='ltr'><strong>per</strong></span> <span class='ocrx_word' id='word_1_548' title='bbox 3657 2622 3833 2677; x_wconf 82' lang='lat' dir='ltr'><strong>inter-</strong></span> 
     </span>
    </p>
   </div>
   <div class='ocr_carea' id='block_1_74' title="bbox 2231 2709 3835 2781">
    <p class='ocr_par' dir='ltr' id='par_1_74' title="bbox 2231 2709 3835 2781">
     <span class='ocr_line' id='line_1_74' title="bbox 2231 2709 3835 2781; baseline 0.001 -18"><span class='ocrx_word' id='word_1_549' title='bbox 2231 2718 2444 2779; x_wconf 90' lang='lat' dir='ltr'><strong>pretem</strong></span> <span class='ocrx_word' id='word_1_550' title='bbox 2501 2719 2677 2780; x_wconf 88' lang='lat' dir='ltr'><strong>potes,</strong></span> <span class='ocrx_word' id='word_1_551' title='bbox 2709 2727 2832 2765; x_wconf 93' lang='lat' dir='ltr'><strong>cum</strong></span> <span class='ocrx_word' id='word_1_552' title='bbox 2883 2718 3237 2781; x_wconf 91' lang='lat' dir='ltr'><strong>suppeterent</strong></span> <span class='ocrx_word' id='word_1_553' title='bbox 3291 2709 3615 2765; x_wconf 80' lang='lat' dir='ltr'><strong>sufficienter</strong></span> <span class='ocrx_word' id='word_1_554' title='bbox 3660 2710 3835 2765; x_wconf 83' lang='lat' dir='ltr'><strong>verba</strong></span> 
     </span>
    </p>
   </div>
   <div class='ocr_carea' id='block_1_75' title="bbox 2233 2797 3829 2870">
    <p class='ocr_par' dir='ltr' id='par_1_75' title="bbox 2233 2797 3829 2870">
     <span class='ocr_line' id='line_1_75' title="bbox 2233 2797 3829 2870; baseline 0.001 -18"><span class='ocrx_word' id='word_1_555' title='bbox 2233 2797 2440 2863; x_wconf 88' lang='lat' dir='ltr'><strong>Latina,</strong></span> <span class='ocrx_word' id='word_1_556' title='bbox 2477 2799 2668 2869; x_wconf 87' lang='lat' dir='ltr'><strong>quain</strong></span> <span class='ocrx_word' id='word_1_557' title='bbox 2699 2799 2783 2853; x_wconf 88' lang='lat' dir='ltr'><strong>his</strong></span> <span class='ocrx_word' id='word_1_558' title='bbox 2813 2799 2949 2854; x_wconf 90' lang='lat' dir='ltr'><strong>locis</strong></span> <span class='ocrx_word' id='word_1_559' title='bbox 2984 2814 3191 2870; x_wconf 86' lang='lat' dir='ltr'><strong>ponere</strong></span> <span class='ocrx_word' id='word_1_560' title='bbox 3222 2807 3461 2870; x_wconf 91' lang='lat' dir='ltr'><strong>poteras,</strong></span> <span class='ocrx_word' id='word_1_561' title='bbox 3493 2798 3584 2853; x_wconf 90' lang='lat' dir='ltr'><strong>ubi</strong></span> <span class='ocrx_word' id='word_1_562' title='bbox 3615 2798 3829 2866; x_wconf 70' lang='lat' dir='ltr'><strong>Graca,</strong></span> 
     </span>
    </p>
   </div>
   <div class='ocr_carea' id='block_1_76' title="bbox 2234 2886 3833 2955">
    <p class='ocr_par' dir='ltr' id='par_1_76' title="bbox 2234 2886 3833 2955">
     <span class='ocr_line' id='line_1_76' title="bbox 2234 2886 3833 2955; baseline 0.001 -15"><span class='ocrx_word' id='word_1_563' title='bbox 2234 2892 2287 2941; x_wconf 90' lang='lat' dir='ltr'><strong>et</strong></span> <span class='ocrx_word' id='word_1_564' title='bbox 2324 2887 2591 2955; x_wconf 79' lang='lat' dir='ltr'><strong>abstrusa,</strong></span> <span class='ocrx_word' id='word_1_565' title='bbox 2626 2895 2678 2941; x_wconf 93' lang='lat' dir='ltr'><strong>et</strong></span> <span class='ocrx_word' id='word_1_566' title='bbox 2734 2887 3002 2942; x_wconf 89' lang='lat' dir='ltr'><strong>interdum</strong></span> <span class='ocrx_word' id='word_1_567' title='bbox 3061 2888 3294 2943; x_wconf 90' lang='lat' dir='ltr'><strong>Scottica</strong></span> <span class='ocrx_word' id='word_1_568' title='bbox 3340 2895 3393 2943; x_wconf 92' lang='lat' dir='ltr'><strong>et</strong></span> <span class='ocrx_word' id='word_1_569' title='bbox 3441 2886 3548 2943; x_wconf 88' lang='lat' dir='ltr'><strong>alia</strong></span> <span class='ocrx_word' id='word_1_570' title='bbox 3577 2887 3833 2953; x_wconf 87' lang='lat' dir='ltr'><strong>barbara,</strong></span> 
     </span>
    </p>
   </div>
   <div class='ocr_carea' id='block_1_77' title="bbox 2232 2974 3833 3047">
    <p class='ocr_par' dir='ltr' id='par_1_77' title="bbox 2232 2974 3833 3047">
     <span class='ocr_line' id='line_1_77' title="bbox 2232 2974 3833 3047; baseline 0.001 -18"><span class='ocrx_word' id='word_1_571' title='bbox 2232 2981 2289 3030; x_wconf 91' lang='lat' dir='ltr'><strong>ut</strong></span> <span class='ocrx_word' id='word_1_572' title='bbox 2317 2974 2416 3029; x_wconf 90' lang='lat' dir='ltr'><strong>tibi</strong></span> <span class='ocrx_word' id='word_1_573' title='bbox 2459 2974 2631 3029; x_wconf 89' lang='lat' dir='ltr'><strong>visum</strong></span> <span class='ocrx_word' id='word_1_574' title='bbox 2679 2974 2794 3040; x_wconf 90' lang='lat' dir='ltr'><strong>fuit,</strong></span> <span class='ocrx_word' id='word_1_575' title='bbox 2826 2977 3049 3031; x_wconf 87' lang='lat' dir='ltr'><strong>nothata</strong></span> <span class='ocrx_word' id='word_1_576' title='bbox 3095 2984 3256 3047; x_wconf 89' lang='lat' dir='ltr'><strong>atque</strong></span> <span class='ocrx_word' id='word_1_577' title='bbox 3284 2983 3537 3047; x_wconf 91' lang='lat' dir='ltr'><strong>corrupta</strong></span> <span class='ocrx_word' id='word_1_578' title='bbox 3583 2975 3833 3047; x_wconf 91' lang='lat' dir='ltr'><strong>posuisti,</strong></span> 
     </span>
    </p>
   </div>
   <div class='ocr_carea' id='block_1_78' title="bbox 2232 3062 3834 3134">
    <p class='ocr_par' dir='ltr' id='par_1_78' title="bbox 2232 3062 3834 3134">
     <span class='ocr_line' id='line_1_78' title="bbox 2232 3062 3834 3134; baseline 0.002 -17"><span class='ocrx_word' id='word_1_579' title='bbox 2232 3071 2388 3134; x_wconf 90' lang='lat' dir='ltr'><strong>paret</strong></span> <span class='ocrx_word' id='word_1_580' title='bbox 2416 3063 2541 3134; x_wconf 90' lang='lat' dir='ltr'><strong>quia</strong></span> <span class='ocrx_word' id='word_1_581' title='bbox 2587 3079 2696 3118; x_wconf 92' lang='lat' dir='ltr'><strong>non</strong></span> <span class='ocrx_word' id='word_1_582' title='bbox 2751 3080 2815 3119; x_wconf 87' lang='lat' dir='ltr'><strong>ex</strong></span> <span class='ocrx_word' id='word_1_583' title='bbox 2873 3064 3189 3130; x_wconf 91' lang='lat' dir='ltr'><strong>humilitate,</strong></span> <span class='ocrx_word' id='word_1_584' title='bbox 3222 3064 3309 3119; x_wconf 90' lang='lat' dir='ltr'><strong>vel</strong></span> <span class='ocrx_word' id='word_1_585' title='bbox 3339 3065 3407 3120; x_wconf 88' lang='lat' dir='ltr'><strong>ad</strong></span> <span class='ocrx_word' id='word_1_586' title='bbox 3438 3062 3834 3120; x_wconf 81' lang='lat' dir='ltr'><strong>manifestatio-</strong></span> 
     </span>
    </p>
   </div>
   <div class='ocr_carea' id='block_1_79' title="bbox 2234 3152 3837 3225">
    <p class='ocr_par' dir='ltr' id='par_1_79' title="bbox 2234 3152 3837 3225">
     <span class='ocr_line' id='line_1_79' title="bbox 2234 3152 3837 3225; baseline 0.002 -20"><span class='ocrx_word' id='word_1_587' title='bbox 2234 3167 2378 3220; x_wconf 92' lang='lat' dir='ltr'><strong>nem,</strong></span> <span class='ocrx_word' id='word_1_588' title='bbox 2411 3168 2473 3206; x_wconf 90' lang='lat' dir='ltr'><strong>ea</strong></span> <span class='ocrx_word' id='word_1_589' title='bbox 2504 3168 2623 3223; x_wconf 83' lang='lat' dir='ltr'><strong>qua</strong></span> <span class='ocrx_word' id='word_1_590' title='bbox 2652 3152 2832 3208; x_wconf 90' lang='lat' dir='ltr'><strong>dicere</strong></span> <span class='ocrx_word' id='word_1_591' title='bbox 2859 3153 3077 3207; x_wconf 90' lang='lat' dir='ltr'><strong>voluisti</strong></span> <span class='ocrx_word' id='word_1_592' title='bbox 3116 3154 3309 3209; x_wconf 88' lang='lat' dir='ltr'><strong>Graca</strong></span> <span class='ocrx_word' id='word_1_593' title='bbox 3339 3153 3529 3218; x_wconf 89' lang='lat' dir='ltr'><strong>verba,</strong></span> <span class='ocrx_word' id='word_1_594' title='bbox 3564 3170 3686 3225; x_wconf 90' lang='lat' dir='ltr'><strong>qua</strong></span> <span class='ocrx_word' id='word_1_595' title='bbox 3714 3152 3837 3224; x_wconf 89' lang='lat' dir='ltr'><strong>ipse</strong></span> 
     </span>
    </p>
   </div>
   <div class='ocr_carea' id='block_1_80' title="bbox 2231 3241 3838 3313">
    <p class='ocr_par' dir='ltr' id='par_1_80' title="bbox 2231 3241 3838 3313">
     <span class='ocr_line' id='line_1_80' title="bbox 2231 3241 3838 3313; baseline 0.001 -19"><span class='ocrx_word' id='word_1_596' title='bbox 2231 3256 2340 3296; x_wconf 91' lang='lat' dir='ltr'><strong>non</strong></span> <span class='ocrx_word' id='word_1_597' title='bbox 2396 3241 2673 3312; x_wconf 89' lang='lat' dir='ltr'><strong>intelligis,</strong></span> <span class='ocrx_word' id='word_1_598' title='bbox 2731 3242 3304 3297; x_wconf 89' lang='lat' dir='ltr'><strong>inconvenientissime</strong></span> <span class='ocrx_word' id='word_1_599' title='bbox 3347 3242 3593 3313; x_wconf 91' lang='lat' dir='ltr'><strong>posuisti,</strong></span> <span class='ocrx_word' id='word_1_600' title='bbox 3628 3243 3726 3297; x_wconf 91' lang='lat' dir='ltr'><strong>sed</strong></span> <span class='ocrx_word' id='word_1_601' title='bbox 3770 3243 3838 3296; x_wconf 89' lang='lat' dir='ltr'><strong>ad</strong></span> 
     </span>
    </p>
   </div>
   <div class='ocr_carea' id='block_1_81' title="bbox 2232 3330 3835 3401">
    <p class='ocr_par' dir='ltr' id='par_1_81' title="bbox 2232 3330 3835 3401">
     <span class='ocr_line' id='line_1_81' title="bbox 2232 3330 3835 3401; baseline 0 -17"><span class='ocrx_word' id='word_1_602' title='bbox 2232 3330 2648 3384; x_wconf 90' lang='lat' dir='ltr'><strong>ostentationem</strong></span> <span class='ocrx_word' id='word_1_603' title='bbox 2690 3330 2782 3383; x_wconf 89' lang='lat' dir='ltr'><strong>illa</strong></span> <span class='ocrx_word' id='word_1_604' title='bbox 2822 3330 3263 3401; x_wconf 89' lang='lat' dir='ltr'><strong>insipientissime</strong></span> <span class='ocrx_word' id='word_1_605' title='bbox 3292 3330 3591 3398; x_wconf 87' lang='lat' dir='ltr'><strong>inseruisti,</strong></span> <span class='ocrx_word' id='word_1_606' title='bbox 3623 3338 3682 3384; x_wconf 92' lang='lat' dir='ltr'><strong>ut</strong></span> <span class='ocrx_word' id='word_1_607' title='bbox 3710 3345 3835 3385; x_wconf 88' lang='lat' dir='ltr'><strong>om-</strong></span> 
     </span>
    </p>
   </div>
   <div class='ocr_carea' id='block_1_82' title="bbox 2231 3418 3836 3491">
    <p class='ocr_par' dir='ltr' id='par_1_82' title="bbox 2231 3418 3836 3491">
     <span class='ocr_line' id='line_1_82' title="bbox 2231 3418 3836 3491; baseline 0.001 -18"><span class='ocrx_word' id='word_1_608' title='bbox 2231 3433 2331 3473; x_wconf 92' lang='lat' dir='ltr'><strong>nes</strong></span> <span class='ocrx_word' id='word_1_609' title='bbox 2360 3418 2452 3489; x_wconf 92' lang='lat' dir='ltr'><strong>qui</strong></span> <span class='ocrx_word' id='word_1_610' title='bbox 2483 3418 2576 3472; x_wconf 88' lang='lat' dir='ltr'><strong>illa</strong></span> <span class='ocrx_word' id='word_1_611' title='bbox 2606 3418 2840 3489; x_wconf 90' lang='lat' dir='ltr'><strong>legerint</strong></span> <span class='ocrx_word' id='word_1_612' title='bbox 2869 3419 3173 3491; x_wconf 90' lang='lat' dir='ltr'><strong>intelligere</strong></span> <span class='ocrx_word' id='word_1_613' title='bbox 3221 3419 3452 3490; x_wconf 88' lang='lat' dir='ltr'><strong>possint,</strong></span> <span class='ocrx_word' id='word_1_614' title='bbox 3484 3427 3538 3473; x_wconf 93' lang='lat' dir='ltr'><strong>te</strong></span> <span class='ocrx_word' id='word_1_615' title='bbox 3573 3419 3667 3474; x_wconf 90' lang='lat' dir='ltr'><strong>illa</strong></span> <span class='ocrx_word' id='word_1_616' title='bbox 3694 3418 3836 3474; x_wconf 91' lang='lat' dir='ltr'><strong>velle</strong></span> 
     </span>
    </p>
   </div>
   <div class='ocr_carea' id='block_1_83' title="bbox 2231 3507 3834 3579">
    <p class='ocr_par' dir='ltr' id='par_1_83' title="bbox 2231 3507 3834 3579">
     <span class='ocr_line' id='line_1_83' title="bbox 2231 3507 3834 3579; baseline 0.001 -17"><span class='ocrx_word' id='word_1_617' title='bbox 2231 3521 2453 3562; x_wconf 91' lang='lat' dir='ltr'><strong>vomere</strong></span> <span class='ocrx_word' id='word_1_618' title='bbox 2512 3522 2633 3577; x_wconf 92' lang='lat' dir='ltr'><strong>qua</strong></span> <span class='ocrx_word' id='word_1_619' title='bbox 2685 3522 2794 3562; x_wconf 93' lang='lat' dir='ltr'><strong>non</strong></span> <span class='ocrx_word' id='word_1_620' title='bbox 2825 3507 3068 3579; x_wconf 88' lang='lat' dir='ltr'><strong>glutiisti.</strong></span> <span class='ocrx_word' id='word_1_621' title='bbox 3121 3509 3275 3564; x_wconf 85' lang='lat' dir='ltr'><strong>Hunc</strong></span> <span class='ocrx_word' id='word_1_622' title='bbox 3331 3523 3569 3579; x_wconf 90' lang='lat' dir='ltr'><strong>namque</strong></span> <span class='ocrx_word' id='word_1_623' title='bbox 3620 3522 3834 3563; x_wconf 90' lang='lat' dir='ltr'><strong>morem</strong></span> 
     </span>
    </p>
   </div>
   <div class='ocr_carea' id='block_1_84' title="bbox 2233 3594 3832 3666">
    <p class='ocr_par' dir='ltr' id='par_1_84' title="bbox 2233 3594 3832 3666">
     <span class='ocr_line' id='line_1_84' title="bbox 2233 3594 3832 3666; baseline 0.002 -17"><span class='ocrx_word' id='word_1_624' title='bbox 2233 3594 2394 3649; x_wconf 92' lang='lat' dir='ltr'><strong>etiam</strong></span> <span class='ocrx_word' id='word_1_625' title='bbox 2422 3610 2455 3648; x_wconf 92' lang='lat' dir='ltr'><strong>a</strong></span> <span class='ocrx_word' id='word_1_626' title='bbox 2485 3594 2709 3665; x_wconf 89' lang='lat' dir='ltr'><strong>pueritia</strong></span> <span class='ocrx_word' id='word_1_627' title='bbox 2759 3596 2993 3650; x_wconf 88' lang='lat' dir='ltr'><strong>habuisti</strong></span> <span class='ocrx_word' id='word_1_628' title='bbox 3022 3597 3078 3650; x_wconf 89' lang='lat' dir='ltr'><strong>in</strong></span> <span class='ocrx_word' id='word_1_629' title='bbox 3108 3596 3191 3650; x_wconf 86' lang='lat' dir='ltr'><strong>his</strong></span> <span class='ocrx_word' id='word_1_630' title='bbox 3225 3612 3345 3666; x_wconf 91' lang='lat' dir='ltr'><strong>qua</strong></span> <span class='ocrx_word' id='word_1_631' title='bbox 3391 3605 3443 3651; x_wconf 90' lang='lat' dir='ltr'><strong>te</strong></span> <span class='ocrx_word' id='word_1_632' title='bbox 3499 3595 3708 3651; x_wconf 88' lang='lat' dir='ltr'><strong>dictare</strong></span> <span class='ocrx_word' id='word_1_633' title='bbox 3736 3611 3832 3652; x_wconf 85' lang='lat' dir='ltr'><strong>ro-</strong></span> 
     </span>
    </p>
   </div>
   <div class='ocr_carea' id='block_1_85' title="bbox 2232 3683 3825 3755">
    <p class='ocr_par' dir='ltr' id='par_1_85' title="bbox 2232 3683 3825 3755">
     <span class='ocr_line' id='line_1_85' title="bbox 2232 3683 3825 3755; baseline 0.003 -19"><span class='ocrx_word' id='word_1_634' title='bbox 2232 3683 2451 3754; x_wconf 90' lang='lat' dir='ltr'><strong>gabam,</strong></span> <span class='ocrx_word' id='word_1_635' title='bbox 2493 3684 2731 3739; x_wconf 89' lang='lat' dir='ltr'><strong>maxime</strong></span> <span class='ocrx_word' id='word_1_636' title='bbox 2761 3693 2941 3739; x_wconf 91' lang='lat' dir='ltr'><strong>autem</strong></span> <span class='ocrx_word' id='word_1_637' title='bbox 2971 3684 3026 3739; x_wconf 93' lang='lat' dir='ltr'><strong>in</strong></span> <span class='ocrx_word' id='word_1_638' title='bbox 3083 3684 3352 3750; x_wconf 85' lang='lat' dir='ltr'><strong>versibus,</strong></span> <span class='ocrx_word' id='word_1_639' title='bbox 3388 3693 3440 3739; x_wconf 90' lang='lat' dir='ltr'><strong>et</strong></span> <span class='ocrx_word' id='word_1_640' title='bbox 3467 3685 3742 3755; x_wconf 88' lang='lat' dir='ltr'><strong>pracipue</strong></span> <span class='ocrx_word' id='word_1_641' title='bbox 3770 3685 3825 3740; x_wconf 91' lang='lat' dir='ltr'><strong>in</strong></span> 
     </span>
    </p>
   </div>
   <div class='ocr_carea' id='block_1_86' title="bbox 2231 3770 3832 3846">
    <p class='ocr_par' dir='ltr' id='par_1_86' title="bbox 2231 3770 3832 3846">
     <span class='ocr_line' id='line_1_86' title="bbox 2231 3770 3832 3846; baseline 0.002 -21"><span class='ocrx_word' id='word_1_642' title='bbox 2231 3770 2420 3843; x_wconf 87' lang='lat' dir='ltr'><strong>ﬁguris</strong></span> <span class='ocrx_word' id='word_1_643' title='bbox 2447 3772 2838 3844; x_wconf 89' lang='lat' dir='ltr'><strong>porphyriacis,</strong></span> <span class='ocrx_word' id='word_1_644' title='bbox 2870 3774 2924 3827; x_wconf 91' lang='lat' dir='ltr'><strong>in</strong></span> <span class='ocrx_word' id='word_1_645' title='bbox 2969 3774 3167 3845; x_wconf 90' lang='lat' dir='ltr'><strong>quibus</strong></span> <span class='ocrx_word' id='word_1_646' title='bbox 3198 3773 3362 3829; x_wconf 88' lang='lat' dir='ltr'><strong>verba</strong></span> <span class='ocrx_word' id='word_1_647' title='bbox 3392 3773 3595 3846; x_wconf 87' lang='lat' dir='ltr'><strong>lingua</strong></span> <span class='ocrx_word' id='word_1_648' title='bbox 3620 3773 3832 3838; x_wconf 88' lang='lat' dir='ltr'><strong>aliena,</strong></span> 
     </span>
    </p>
   </div>
   <div class='ocr_carea' id='block_1_87' title="bbox 2232 3862 3836 3932">
    <p class='ocr_par' dir='ltr' id='par_1_87' title="bbox 2232 3862 3836 3932">
     <span class='ocr_line' id='line_1_87' title="bbox 2232 3862 3836 3932; baseline 0.002 -18"><span class='ocrx_word' id='word_1_649' title='bbox 2232 3868 2396 3931; x_wconf 90' lang='lat' dir='ltr'><strong>atque</strong></span> <span class='ocrx_word' id='word_1_650' title='bbox 2432 3862 2705 3926; x_wconf 89' lang='lat' dir='ltr'><strong>obstrusa,</strong></span> <span class='ocrx_word' id='word_1_651' title='bbox 2752 3862 3049 3932; x_wconf 90' lang='lat' dir='ltr'><strong>impropria</strong></span> <span class='ocrx_word' id='word_1_652' title='bbox 3078 3870 3130 3917; x_wconf 91' lang='lat' dir='ltr'><strong>et</strong></span> <span class='ocrx_word' id='word_1_653' title='bbox 3158 3862 3387 3918; x_wconf 87' lang='lat' dir='ltr'><strong>utilitate</strong></span> <span class='ocrx_word' id='word_1_654' title='bbox 3417 3878 3613 3917; x_wconf 84' lang='lat' dir='ltr'><strong>sensus</strong></span> <span class='ocrx_word' id='word_1_655' title='bbox 3642 3877 3836 3918; x_wconf 84' lang='lat' dir='ltr'><strong>caren-</strong></span> 
     </span>
    </p>
   </div>
   <div class='ocr_carea' id='block_1_88' title="bbox 2231 3947 3831 4021">
    <p class='ocr_par' dir='ltr' id='par_1_88' title="bbox 2231 3947 3831 4021">
     <span class='ocr_line' id='line_1_88' title="bbox 2231 3947 3831 4021; baseline 0.003 -20"><span class='ocrx_word' id='word_1_656' title='bbox 2231 3947 2324 4011; x_wconf 88' lang='lat' dir='ltr'><strong>tia,</strong></span> <span class='ocrx_word' id='word_1_657' title='bbox 2360 3966 2481 4020; x_wconf 89' lang='lat' dir='ltr'><strong>qua</strong></span> <span class='ocrx_word' id='word_1_658' title='bbox 2531 3964 2634 4005; x_wconf 91' lang='lat' dir='ltr'><strong>nec</strong></span> <span class='ocrx_word' id='word_1_659' title='bbox 2665 3950 2782 4021; x_wconf 91' lang='lat' dir='ltr'><strong>ipse</strong></span> <span class='ocrx_word' id='word_1_660' title='bbox 2839 3950 3220 4021; x_wconf 88' lang='lat' dir='ltr'><strong>intelligebas,</strong></span> <span class='ocrx_word' id='word_1_661' title='bbox 3263 3951 3505 4006; x_wconf 90' lang='lat' dir='ltr'><strong>studiose</strong></span> <span class='ocrx_word' id='word_1_662' title='bbox 3561 3951 3831 4021; x_wconf 90' lang='lat' dir='ltr'><strong>ponebas.</strong></span> 
     </span>
    </p>
   </div>
   <div class='ocr_carea' id='block_1_89' title="bbox 2235 4036 3838 4109">
    <p class='ocr_par' dir='ltr' id='par_1_89' title="bbox 2235 4036 3838 4109">
     <span class='ocr_line' id='line_1_89' title="bbox 2235 4036 3838 4109; baseline 0.002 -19"><span class='ocrx_word' id='word_1_663' title='bbox 2235 4036 2392 4105; x_wconf 80' lang='lat' dir='ltr'><strong>Quod</strong></span> <span class='ocrx_word' id='word_1_664' title='bbox 2421 4046 2602 4093; x_wconf 91' lang='lat' dir='ltr'><strong>mente</strong></span> <span class='ocrx_word' id='word_1_665' title='bbox 2628 4038 3017 4109; x_wconf 88' lang='lat' dir='ltr'><strong>percipiebam,</strong></span> <span class='ocrx_word' id='word_1_666' title='bbox 3050 4047 3103 4094; x_wconf 89' lang='lat' dir='ltr'><strong>et</strong></span> <span class='ocrx_word' id='word_1_667' title='bbox 3132 4039 3265 4094; x_wconf 90' lang='lat' dir='ltr'><strong>mihi</strong></span> <span class='ocrx_word' id='word_1_668' title='bbox 3300 4039 3588 4094; x_wconf 88' lang='lat' dir='ltr'><strong>admodum</strong></span> <span class='ocrx_word' id='word_1_669' title='bbox 3649 4039 3838 4109; x_wconf 87' lang='lat' dir='ltr'><strong>displi-</strong></span> 
     </span>
    </p>
   </div>
   <div class='ocr_carea' id='block_1_90' title="bbox 2233 4125 3837 4198">
    <p class='ocr_par' dir='ltr' id='par_1_90' title="bbox 2233 4125 3837 4198">
     <span class='ocr_line' id='line_1_90' title="bbox 2233 4125 3837 4198; baseline 0.001 -17"><span class='ocrx_word' id='word_1_670' title='bbox 2233 4125 2391 4181; x_wconf 91' lang='lat' dir='ltr'><strong>cebat</strong></span> <span class='ocrx_word' id='word_1_671' title='bbox 2442 4143 2455 4179; x_wconf 93' lang='lat'>:</span> <span class='ocrx_word' id='word_1_672' title='bbox 2510 4127 2605 4181; x_wconf 89' lang='lat' dir='ltr'><strong>sed</strong></span> <span class='ocrx_word' id='word_1_673' title='bbox 2638 4143 2761 4183; x_wconf 91' lang='lat' dir='ltr'><strong>cum</strong></span> <span class='ocrx_word' id='word_1_674' title='bbox 2816 4128 3060 4182; x_wconf 87' lang='lat' dir='ltr'><strong>viderem</strong></span> <span class='ocrx_word' id='word_1_675' title='bbox 3091 4136 3141 4183; x_wconf 91' lang='lat' dir='ltr'><strong>te</strong></span> <span class='ocrx_word' id='word_1_676' title='bbox 3168 4143 3265 4198; x_wconf 90' lang='lat' dir='ltr'><strong>per</strong></span> <span class='ocrx_word' id='word_1_677' title='bbox 3302 4128 3617 4197; x_wconf 88' lang='lat' dir='ltr'><strong>jactantiam</strong></span> <span class='ocrx_word' id='word_1_678' title='bbox 3648 4142 3837 4183; x_wconf 86' lang='lat' dir='ltr'><strong>amore</strong></span> 
     </span>
    </p>
   </div>
   <div class='ocr_carea' id='block_1_91' title="bbox 2232 4213 3839 4287">
    <p class='ocr_par' dir='ltr' id='par_1_91' title="bbox 2232 4213 3839 4287">
     <span class='ocr_line' id='line_1_91' title="bbox 2232 4213 3839 4287; baseline 0.001 -19"><span class='ocrx_word' id='word_1_679' title='bbox 2232 4213 2407 4269; x_wconf 89' lang='lat' dir='ltr'><strong>laudis</strong></span> <span class='ocrx_word' id='word_1_680' title='bbox 2438 4214 2694 4287; x_wconf 87' lang='lat' dir='ltr'><strong>ﬂagrare,</strong></span> <span class='ocrx_word' id='word_1_681' title='bbox 2730 4224 2782 4270; x_wconf 92' lang='lat' dir='ltr'><strong>et</strong></span> <span class='ocrx_word' id='word_1_682' title='bbox 2811 4231 2900 4269; x_wconf 91' lang='lat' dir='ltr'><strong>me</strong></span> <span class='ocrx_word' id='word_1_683' title='bbox 2931 4232 3040 4270; x_wconf 93' lang='lat' dir='ltr'><strong>non</strong></span> <span class='ocrx_word' id='word_1_684' title='bbox 3070 4232 3233 4286; x_wconf 91' lang='lat' dir='ltr'><strong>posse</strong></span> <span class='ocrx_word' id='word_1_685' title='bbox 3265 4217 3521 4272; x_wconf 89' lang='lat' dir='ltr'><strong>sentirem</strong></span> <span class='ocrx_word' id='word_1_686' title='bbox 3552 4216 3609 4270; x_wconf 93' lang='lat' dir='ltr'><strong>in</strong></span> <span class='ocrx_word' id='word_1_687' title='bbox 3664 4216 3839 4273; x_wconf 79' lang='lat' dir='ltr'><strong>atatis</strong></span> 
     </span>
    </p>
   </div>
   <div class='ocr_carea' id='block_1_92' title="bbox 2234 4303 3834 4369">
    <p class='ocr_par' dir='ltr' id='par_1_92' title="bbox 2234 4303 3834 4369">
     <span class='ocr_line' id='line_1_92' title="bbox 2234 4303 3834 4369; baseline 0.002 -12"><span class='ocrx_word' id='word_1_688' title='bbox 2234 4303 2601 4359; x_wconf 88' lang='lat' dir='ltr'><strong>adolescentia</strong></span> <span class='ocrx_word' id='word_1_689' title='bbox 2647 4313 2700 4360; x_wconf 91' lang='lat' dir='ltr'><strong>te</strong></span> <span class='ocrx_word' id='word_1_690' title='bbox 2724 4304 2792 4358; x_wconf 90' lang='lat' dir='ltr'><strong>ad</strong></span> <span class='ocrx_word' id='word_1_691' title='bbox 2840 4312 3045 4359; x_wconf 90' lang='lat' dir='ltr'><strong>tantum</strong></span> <span class='ocrx_word' id='word_1_692' title='bbox 3076 4306 3247 4359; x_wconf 89' lang='lat' dir='ltr'><strong>robur</strong></span> <span class='ocrx_word' id='word_1_693' title='bbox 3281 4305 3479 4360; x_wconf 88' lang='lat' dir='ltr'><strong>mentis</strong></span> <span class='ocrx_word' id='word_1_694' title='bbox 3512 4305 3834 4369; x_wconf 87' lang='lat' dir='ltr'><strong>accendere,</strong></span> 
     </span>
    </p>
   </div>
   <div class='ocr_carea' id='block_1_93' title="bbox 530 4381 3837 4468">
    <p class='ocr_par' dir='ltr' id='par_1_93' title="bbox 530 4381 3837 4468">
     <span class='ocr_line' id='line_1_93' title="bbox 530 4381 3837 4468; baseline 0 -19"><span class='ocrx_word' id='word_1_695' title='bbox 530 4381 732 4461; x_wconf 84' lang='lat' dir='ltr'><strong>causis,</strong></span> <span class='ocrx_word' id='word_1_696' title='bbox 765 4397 851 4450; x_wconf 85' lang='lat' dir='ltr'><strong>vel</strong></span> <span class='ocrx_word' id='word_1_697' title='bbox 877 4397 1276 4465; x_wconf 87' lang='lat' dir='ltr'><strong>objectionibus</strong></span> <span class='ocrx_word' id='word_1_698' title='bbox 1300 4440 1313 4463; x_wconf 90' lang='lat'><strong>,</strong></span> <span class='ocrx_word' id='word_1_699' title='bbox 1348 4414 1447 4468; x_wconf 89' lang='lat' dir='ltr'><strong>per</strong></span> <span class='ocrx_word' id='word_1_700' title='bbox 1477 4399 1789 4453; x_wconf 84' lang='lat' dir='ltr'><strong>mandatum</strong></span> <span class='ocrx_word' id='word_1_701' title='bbox 1830 4381 2010 4454; x_wconf 13' lang='lat' dir='ltr'><strong>nullius</strong></span> <span class='ocrx_word' id='word_1_702' title='bbox 2041 4417 2133 4456; x_wconf 82' lang='lat' dir='ltr'><strong>ac.</strong></span> <span class='ocrx_word' id='word_1_703' title='bbox 2231 4399 2293 4446; x_wconf 91' lang='lat' dir='ltr'><strong>ut</strong></span> <span class='ocrx_word' id='word_1_704' title='bbox 2333 4393 2403 4447; x_wconf 86' lang='lat' dir='ltr'><strong>ad</strong></span> <span class='ocrx_word' id='word_1_705' title='bbox 2460 4393 2706 4448; x_wconf 89' lang='lat' dir='ltr'><strong>discendi</strong></span> <span class='ocrx_word' id='word_1_706' title='bbox 2736 4409 2801 4448; x_wconf 91' lang='lat' dir='ltr'><strong>ac</strong></span> <span class='ocrx_word' id='word_1_707' title='bbox 2857 4393 3202 4448; x_wconf 86' lang='lat' dir='ltr'><strong>versificandi</strong></span> <span class='ocrx_word' id='word_1_708' title='bbox 3224 4394 3460 4448; x_wconf 90' lang='lat' dir='ltr'><strong>studium</strong></span> <span class='ocrx_word' id='word_1_709' title='bbox 3489 4401 3542 4449; x_wconf 92' lang='lat' dir='ltr'><strong>te</strong></span> <span class='ocrx_word' id='word_1_710' title='bbox 3571 4409 3837 4465; x_wconf 84' lang='lat' dir='ltr'><strong>provoca-</strong></span> 
     </span>
    </p>
   </div>
   <div class='ocr_carea' id='block_1_94' title="bbox 530 4471 3837 4554">
    <p class='ocr_par' dir='ltr' id='par_1_94' title="bbox 530 4471 3837 4554">
     <span class='ocr_line' id='line_1_94' title="bbox 530 4471 3837 4554; baseline 0.001 -20"><span class='ocrx_word' id='word_1_711' title='bbox 530 4487 705 4547; x_wconf 88' lang='lat' dir='ltr'><strong>cuset,</strong></span> <span class='ocrx_word' id='word_1_712' title='bbox 729 4495 831 4534; x_wconf 92' lang='lat' dir='ltr'><strong>nec</strong></span> <span class='ocrx_word' id='word_1_713' title='bbox 860 4479 905 4532; x_wconf 90' lang='lat' dir='ltr'><strong>si</strong></span> <span class='ocrx_word' id='word_1_714' title='bbox 938 4496 1036 4549; x_wconf 91' lang='lat' dir='ltr'><strong>per</strong></span> <span class='ocrx_word' id='word_1_715' title='bbox 1077 4490 1404 4550; x_wconf 76' lang='lat' dir='ltr'><strong>rescriptum</strong></span> <span class='ocrx_word' id='word_1_716' title='bbox 1453 4482 1712 4551; x_wconf 89' lang='lat' dir='ltr'><strong>principis</strong></span> <span class='ocrx_word' id='word_1_717' title='bbox 1768 4483 1871 4537; x_wconf 92' lang='lat' dir='ltr'><strong>hoc</strong></span> <span class='ocrx_word' id='word_1_718' title='bbox 1900 4471 2203 4554; x_wconf 87' lang='lat' dir='ltr'><strong>potueritD</strong></span> <span class='ocrx_word' id='word_1_719' title='bbox 2234 4496 2352 4534; x_wconf 90' lang='lat' dir='ltr'><strong>rem</strong></span> <span class='ocrx_word' id='word_1_720' title='bbox 2387 4524 2399 4545; x_wconf 89' lang='lat'><strong>,</strong></span> <span class='ocrx_word' id='word_1_721' title='bbox 2447 4489 2500 4534; x_wconf 92' lang='lat' dir='ltr'><strong>et</strong></span> <span class='ocrx_word' id='word_1_722' title='bbox 2548 4481 2820 4551; x_wconf 87' lang='lat' dir='ltr'><strong>jactantia</strong></span> <span class='ocrx_word' id='word_1_723' title='bbox 2848 4499 2879 4535; x_wconf 89' lang='lat' dir='ltr'><strong>a</strong></span> <span class='ocrx_word' id='word_1_724' title='bbox 2922 4489 2974 4536; x_wconf 90' lang='lat' dir='ltr'><strong>te</strong></span> <span class='ocrx_word' id='word_1_725' title='bbox 3030 4482 3350 4552; x_wconf 90' lang='lat' dir='ltr'><strong>pravitatem</strong></span> <span class='ocrx_word' id='word_1_726' title='bbox 3409 4482 3689 4538; x_wconf 89' lang='lat' dir='ltr'><strong>eraderem</strong></span> <span class='ocrx_word' id='word_1_727' title='bbox 3723 4524 3736 4547; x_wconf 97' lang='lat'><strong>,</strong></span> <span class='ocrx_word' id='word_1_728' title='bbox 3769 4498 3837 4537; x_wconf 92' lang='lat' dir='ltr'><strong>ne</strong></span> 
     </span>
    </p>
   </div>
   <div class='ocr_carea' id='block_1_95' title="bbox 530 4567 3833 4641">
    <p class='ocr_par' dir='ltr' id='par_1_95' title="bbox 530 4567 3833 4641">
     <span class='ocr_line' id='line_1_95' title="bbox 530 4567 3833 4641; baseline 0.002 -21"><span class='ocrx_word' id='word_1_729' title='bbox 530 4567 823 4638; x_wconf 90' lang='lat' dir='ltr'><strong>impetrare</strong></span> <span class='ocrx_word' id='word_1_730' title='bbox 864 4569 1009 4622; x_wconf 91' lang='lat' dir='ltr'><strong>:sed</strong></span> <span class='ocrx_word' id='word_1_731' title='bbox 1057 4568 1175 4638; x_wconf 90' lang='lat' dir='ltr'><strong>ipse</strong></span> <span class='ocrx_word' id='word_1_732' title='bbox 1205 4570 1295 4639; x_wconf 90' lang='lat' dir='ltr'><strong>qui</strong></span> <span class='ocrx_word' id='word_1_733' title='bbox 1344 4570 1551 4624; x_wconf 86' lang='lat' dir='ltr'><strong>crimen</strong></span> <span class='ocrx_word' id='word_1_734' title='bbox 1592 4571 1858 4635; x_wconf 89' lang='lat' dir='ltr'><strong>intendit,</strong></span> <span class='ocrx_word' id='word_1_735' title='bbox 1890 4588 2133 4641; x_wconf 89' lang='lat' dir='ltr'><strong>prasens</strong></span> <span class='ocrx_word' id='word_1_736' title='bbox 2232 4569 2431 4623; x_wconf 85' lang='lat' dir='ltr'><strong>acriori</strong></span> <span class='ocrx_word' id='word_1_737' title='bbox 2476 4571 2823 4641; x_wconf 88' lang='lat' dir='ltr'><strong>correptione</strong></span> <span class='ocrx_word' id='word_1_738' title='bbox 2878 4570 3080 4625; x_wconf 84' lang='lat' dir='ltr'><strong>fractus</strong></span> <span class='ocrx_word' id='word_1_739' title='bbox 3122 4572 3463 4627; x_wconf 87' lang='lat' dir='ltr'><strong>revocareris</strong></span> <span class='ocrx_word' id='word_1_740' title='bbox 3506 4571 3575 4624; x_wconf 90' lang='lat' dir='ltr'><strong>ab</strong></span> <span class='ocrx_word' id='word_1_741' title='bbox 3619 4571 3833 4637; x_wconf 88' lang='lat' dir='ltr'><strong>studio,</strong></span> 
     </span>
    </p>
   </div>
   <div class='ocr_carea' id='block_1_96' title="bbox 531 4657 2135 4728">
    <p class='ocr_par' dir='ltr' id='par_1_96' title="bbox 531 4657 2135 4728">
     <span class='ocr_line' id='line_1_96' title="bbox 531 4657 2135 4728; baseline 0.002 -18"><span class='ocrx_word' id='word_1_742' title='bbox 531 4671 629 4725; x_wconf 91' lang='lat' dir='ltr'><strong>per</strong></span> <span class='ocrx_word' id='word_1_743' title='bbox 658 4673 716 4711; x_wconf 92' lang='lat' dir='ltr'><strong>se</strong></span> <span class='ocrx_word' id='word_1_744' title='bbox 747 4664 988 4722; x_wconf 90' lang='lat' dir='ltr'><strong>accuset,</strong></span> <span class='ocrx_word' id='word_1_745' title='bbox 1019 4664 1077 4711; x_wconf 92' lang='lat' dir='ltr'><strong>ut</strong></span> <span class='ocrx_word' id='word_1_746' title='bbox 1137 4657 1280 4711; x_wconf 87' lang='lat' dir='ltr'><strong>scias</strong></span> <span class='ocrx_word' id='word_1_747' title='bbox 1337 4674 1443 4728; x_wconf 88' lang='lat' dir='ltr'><strong>quo</strong></span> <span class='ocrx_word' id='word_1_748' title='bbox 1494 4674 1657 4712; x_wconf 92' lang='lat' dir='ltr'><strong>sensu</strong></span> <span class='ocrx_word' id='word_1_749' title='bbox 1687 4659 1755 4713; x_wconf 92' lang='lat' dir='ltr'><strong>de</strong></span> <span class='ocrx_word' id='word_1_750' title='bbox 1787 4660 2135 4713; x_wconf 88' lang='lat' dir='ltr'><strong>accusatione</strong></span> 
     </span>
    </p>
   </div>
   <div class='ocr_carea' id='block_1_97' title="bbox 530 4744 2130 4819">
    <p class='ocr_par' dir='ltr' id='par_1_97' title="bbox 530 4744 2130 4819">
     <span class='ocr_line' id='line_1_97' title="bbox 530 4744 2130 4819; baseline 0.004 -23"><span class='ocrx_word' id='word_1_751' title='bbox 530 4744 631 4797; x_wconf 91' lang='lat' dir='ltr'><strong>hos</strong></span> <span class='ocrx_word' id='word_1_752' title='bbox 678 4745 879 4800; x_wconf 90' lang='lat' dir='ltr'><strong>dicant.</strong></span> <span class='ocrx_word' id='word_1_753' title='bbox 921 4769 941 4791; x_wconf 74' lang='grc' dir='ltr'><strong>»ν</strong></span> <span class='ocrx_word' id='word_1_754' title='bbox 977 4747 1042 4799; x_wconf 90' lang='lat' dir='ltr'><strong>Et</strong></span> <span class='ocrx_word' id='word_1_755' title='bbox 1087 4760 1328 4800; x_wconf 89' lang='lat' dir='ltr'><strong>canones</strong></span> <span class='ocrx_word' id='word_1_756' title='bbox 1372 4745 1557 4800; x_wconf 91' lang='lat' dir='ltr'><strong>dicunt</strong></span> <span class='ocrx_word' id='word_1_757' title='bbox 1608 4746 1788 4815; x_wconf 84' lang='lat' dir='ltr'><strong>(conc.</strong></span> <span class='ocrx_word' id='word_1_758' title='bbox 1847 4747 2130 4819; x_wconf 83' lang='lat' dir='ltr'><strong>Carthag.,</strong></span> 
     </span>
    </p>
   </div>
   <div class='ocr_carea' id='block_1_98' title="bbox 531 4833 2134 4906">
    <p class='ocr_par' dir='ltr' id='par_1_98' title="bbox 531 4833 2134 4906">
     <span class='ocr_line' id='line_1_98' title="bbox 531 4833 2134 4906; baseline 0.004 -23"><span class='ocrx_word' id='word_1_759' title='bbox 531 4846 580 4884; x_wconf 95' lang='lat' dir='ltr'><strong>c.</strong></span> <span class='ocrx_word' id='word_1_760' title='bbox 615 4834 704 4896; x_wconf 81' lang='grc'><strong>19)</strong></span> <span class='ocrx_word' id='word_1_761' title='bbox 738 4851 751 4885; x_wconf 92' lang='lat'>:</span> <span class='ocrx_word' id='word_1_762' title='bbox 791 4856 811 4880; x_wconf 75' lang='grc' dir='ltr'>ιι</span> <span class='ocrx_word' id='word_1_763' title='bbox 849 4833 1108 4905; x_wconf 88' lang='lat' dir='ltr'><strong>Quisquis</strong></span> <span class='ocrx_word' id='word_1_764' title='bbox 1167 4834 1528 4905; x_wconf 90' lang='lat' dir='ltr'><strong>episcoporun</strong></span> <span class='ocrx_word' id='word_1_765' title='bbox 1585 4842 1875 4889; x_wconf 90' lang='lat' dir='ltr'><strong>accusatur</strong></span> <span class='ocrx_word' id='word_1_766' title='bbox 1903 4850 1966 4890; x_wconf 89' lang='lat' dir='ltr'><strong>ac</strong></span> <span class='ocrx_word' id='word_1_767' title='bbox 2015 4837 2134 4906; x_wconf 88' lang='lat' dir='ltr'><strong>pri-</strong></span> 
     </span>
    </p>
   </div>
   <div class='ocr_carea' id='block_1_99' title="bbox 533 4921 2130 4995">
    <p class='ocr_par' dir='ltr' id='par_1_99' title="bbox 533 4921 2130 4995">
     <span class='ocr_line' id='line_1_99' title="bbox 533 4921 2130 4995; baseline 0.006 -24"><span class='ocrx_word' id='word_1_768' title='bbox 533 4925 734 4973; x_wconf 89' lang='lat' dir='ltr'><strong>matem</strong></span> <span class='ocrx_word' id='word_1_769' title='bbox 776 4923 1073 4991; x_wconf 88' lang='lat' dir='ltr'><strong>provincia</strong></span> <span class='ocrx_word' id='word_1_770' title='bbox 1113 4923 1285 4993; x_wconf 91' lang='lat' dir='ltr'><strong>ipsius</strong></span> <span class='ocrx_word' id='word_1_771' title='bbox 1314 4934 1531 4978; x_wconf 90' lang='lat' dir='ltr'><strong>causam</strong></span> <span class='ocrx_word' id='word_1_772' title='bbox 1574 4921 1788 4978; x_wconf 87' lang='lat' dir='ltr'><strong>deferat</strong></span> <span class='ocrx_word' id='word_1_773' title='bbox 1829 4934 2130 4995; x_wconf 88' lang='lat' dir='ltr'><strong>accusator,</strong></span> 
     </span>
    </p>
   </div>
   <div class='ocr_carea' id='block_1_100' title="bbox 533 5011 2135 5082">
    <p class='ocr_par' dir='ltr' id='par_1_100' title="bbox 533 5011 2135 5082">
     <span class='ocr_line' id='line_1_100' title="bbox 533 5011 2135 5082; baseline 0.006 -21"><span class='ocrx_word' id='word_1_774' title='bbox 533 5022 636 5061; x_wconf 91' lang='lat' dir='ltr'><strong>nec</strong></span> <span class='ocrx_word' id='word_1_775' title='bbox 665 5023 698 5062; x_wconf 89' lang='lat' dir='ltr'><strong>a</strong></span> <span class='ocrx_word' id='word_1_776' title='bbox 755 5011 1136 5066; x_wconf 89' lang='lat' dir='ltr'><strong>communione</strong></span> <span class='ocrx_word' id='word_1_777' title='bbox 1176 5012 1545 5082; x_wconf 89' lang='lat' dir='ltr'><strong>suspendatur</strong></span> <span class='ocrx_word' id='word_1_778' title='bbox 1588 5012 1675 5066; x_wconf 90' lang='lat' dir='ltr'><strong>cui</strong></span> <span class='ocrx_word' id='word_1_779' title='bbox 1719 5012 1924 5067; x_wconf 90' lang='lat' dir='ltr'><strong>crimen</strong></span> <span class='ocrx_word' id='word_1_780' title='bbox 1962 5014 2135 5069; x_wconf 89' lang='lat' dir='ltr'><strong>inten-</strong></span> 
     </span>
    </p>
   </div>
   <div class='ocr_carea' id='block_1_101' title="bbox 532 5094 2135 5161">
    <p class='ocr_par' dir='ltr' id='par_1_101' title="bbox 532 5094 2135 5161">
     <span class='ocr_line' id='line_1_101' title="bbox 532 5094 2135 5161; baseline 0.005 -12"><span class='ocrx_word' id='word_1_781' title='bbox 532 5094 691 5161; x_wconf 89' lang='lat' dir='ltr'><strong>ditur,</strong></span> <span class='ocrx_word' id='word_1_782' title='bbox 724 5096 827 5150; x_wconf 90' lang='lat' dir='ltr'><strong>nisi</strong></span> <span class='ocrx_word' id='word_1_783' title='bbox 887 5098 956 5151; x_wconf 90' lang='lat' dir='ltr'><strong>ad</strong></span> <span class='ocrx_word' id='word_1_784' title='bbox 1012 5115 1229 5153; x_wconf 88' lang='lat' dir='ltr'><strong>causam</strong></span> <span class='ocrx_word' id='word_1_785' title='bbox 1283 5117 1434 5155; x_wconf 90' lang='lat' dir='ltr'><strong>suam</strong></span> <span class='ocrx_word' id='word_1_786' title='bbox 1474 5101 1761 5155; x_wconf 90' lang='lat' dir='ltr'><strong>dicendam</strong></span> <span class='ocrx_word' id='word_1_787' title='bbox 1840 5102 2135 5157; x_wconf 91' lang='lat' dir='ltr'><strong>electorum</strong></span> 
     </span>
    </p>
   </div>
   <div class='ocr_carea' id='block_1_102' title="bbox 525 5184 2134 5252">
    <p class='ocr_par' dir='ltr' id='par_1_102' title="bbox 525 5184 2134 5252">
     <span class='ocr_line' id='line_1_102' title="bbox 525 5184 2134 5252; baseline 0.006 -15"><span class='ocrx_word' id='word_1_788' title='bbox 525 5184 772 5252; x_wconf 89' lang='lat' dir='ltr'><strong>judicum</strong></span> <span class='ocrx_word' id='word_1_789' title='bbox 811 5185 898 5239; x_wconf 90' lang='lat' dir='ltr'><strong>die</strong></span> <span class='ocrx_word' id='word_1_790' title='bbox 926 5194 1128 5241; x_wconf 89' lang='lat' dir='ltr'><strong>statuta</strong></span> <span class='ocrx_word' id='word_1_791' title='bbox 1159 5188 1351 5243; x_wconf 91' lang='lat' dir='ltr'><strong>litteris</strong></span> <span class='ocrx_word' id='word_1_792' title='bbox 1382 5197 1640 5243; x_wconf 86' lang='lat' dir='ltr'><strong>evocatus</strong></span> <span class='ocrx_word' id='word_1_793' title='bbox 1687 5190 1909 5245; x_wconf 89' lang='lat' dir='ltr'><strong>minime</strong></span> <span class='ocrx_word' id='word_1_794' title='bbox 1940 5207 2134 5246; x_wconf 88' lang='lat' dir='ltr'><strong>occur-</strong></span> 
     </span>
    </p>
   </div>
   <div class='ocr_carea' id='block_1_103' title="bbox 532 5273 2139 5350">
    <p class='ocr_par' dir='ltr' id='par_1_103' title="bbox 532 5273 2139 5350">
     <span class='ocr_line' id='line_1_103' title="bbox 532 5273 2139 5350; baseline 0.006 -23"><span class='ocrx_word' id='word_1_795' title='bbox 532 5273 682 5327; x_wconf 88' lang='lat' dir='ltr'><strong>rerit.</strong></span> <span class='ocrx_word' id='word_1_796' title='bbox 721 5294 744 5323; x_wconf 73' lang='grc' dir='ltr'><strong><em>ι</em></strong></span> <span class='ocrx_word' id='word_1_797' title='bbox 781 5274 1122 5330; x_wconf 83' lang='lat' dir='ltr'><strong>Manifestum</strong></span> <span class='ocrx_word' id='word_1_798' title='bbox 1153 5285 1235 5330; x_wconf 89' lang='lat' dir='ltr'><strong>est</strong></span> <span class='ocrx_word' id='word_1_799' title='bbox 1266 5286 1465 5342; x_wconf 88' lang='lat' dir='ltr'><strong>autem,</strong></span> <span class='ocrx_word' id='word_1_800' title='bbox 1499 5278 1624 5348; x_wconf 90' lang='lat' dir='ltr'><strong>quia</strong></span> <span class='ocrx_word' id='word_1_801' title='bbox 1661 5280 1951 5350; x_wconf 90' lang='lat' dir='ltr'><strong>episcopus</strong></span> <span class='ocrx_word' id='word_1_802' title='bbox 1980 5295 2139 5336; x_wconf 85' lang='lat' dir='ltr'><strong>accu&#39;</strong></span> 
     </span>
    </p>
   </div>
   <div class='ocr_carea' id='block_1_104' title="bbox 533 5363 2135 5438">
    <p class='ocr_par' dir='ltr' id='par_1_104' title="bbox 533 5363 2135 5438">
     <span class='ocr_line' id='line_1_104' title="bbox 533 5363 2135 5438; baseline 0.005 -22"><span class='ocrx_word' id='word_1_803' title='bbox 533 5369 684 5417; x_wconf 87' lang='lat' dir='ltr'><strong>satus</strong></span> <span class='ocrx_word' id='word_1_804' title='bbox 711 5364 854 5433; x_wconf 90' lang='lat' dir='ltr'><strong>apud</strong></span> <span class='ocrx_word' id='word_1_805' title='bbox 883 5363 1173 5434; x_wconf 90' lang='lat' dir='ltr'><strong>primatem</strong></span> <span class='ocrx_word' id='word_1_806' title='bbox 1216 5381 1325 5420; x_wconf 92' lang='lat' dir='ltr'><strong>non</strong></span> <span class='ocrx_word' id='word_1_807' title='bbox 1368 5381 1489 5421; x_wconf 91' lang='lat' dir='ltr'><strong>esse</strong></span> <span class='ocrx_word' id='word_1_808' title='bbox 1536 5382 1781 5438; x_wconf 88' lang='lat' dir='ltr'><strong>prasens</strong></span> <span class='ocrx_word' id='word_1_809' title='bbox 1810 5369 2135 5435; x_wconf 88' lang='lat' dir='ltr'><strong>ostenditur,</strong></span> 
     </span>
    </p>
   </div>
   <div class='ocr_carea' id='block_1_105' title="bbox 532 5450 2136 5527">
    <p class='ocr_par' dir='ltr' id='par_1_105' title="bbox 532 5450 2136 5527">
     <span class='ocr_line' id='line_1_105' title="bbox 532 5450 2136 5527; baseline 0.006 -22"><span class='ocrx_word' id='word_1_810' title='bbox 532 5450 624 5523; x_wconf 91' lang='lat' dir='ltr'><strong>qui</strong></span> <span class='ocrx_word' id='word_1_811' title='bbox 680 5451 870 5508; x_wconf 87' lang='lat' dir='ltr'><strong>litteris</strong></span> <span class='ocrx_word' id='word_1_812' title='bbox 928 5454 1139 5509; x_wconf 87' lang='lat' dir='ltr'><strong>evocari</strong></span> <span class='ocrx_word' id='word_1_813' title='bbox 1185 5454 1517 5527; x_wconf 88' lang='lat' dir='ltr'><strong>pracipitur.</strong></span> <span class='ocrx_word' id='word_1_814' title='bbox 1578 5457 1645 5513; x_wconf 91' lang='lat' dir='ltr'><strong>Et</strong></span> <span class='ocrx_word' id='word_1_815' title='bbox 1703 5458 2012 5515; x_wconf 90' lang='lat' dir='ltr'><strong>Bonifacius</strong></span> <span class='ocrx_word' id='word_1_816' title='bbox 2068 5460 2136 5514; x_wconf 90' lang='lat' dir='ltr'><strong>de</strong></span> 
     </span>
    </p>
   </div>
   <div class='ocr_carea' id='block_1_106' title="bbox 532 5539 2135 5617">
    <p class='ocr_par' dir='ltr' id='par_1_106' title="bbox 532 5539 2135 5617">
     <span class='ocr_line' id='line_1_106' title="bbox 532 5539 2135 5617; baseline 0.006 -25"><span class='ocrx_word' id='word_1_817' title='bbox 532 5539 768 5595; x_wconf 81' lang='lat' dir='ltr'><strong>Maximo</strong></span> <span class='ocrx_word' id='word_1_818' title='bbox 797 5541 927 5596; x_wconf 92' lang='lat' dir='ltr'><strong>dicit</strong></span> <span class='ocrx_word' id='word_1_819' title='bbox 961 5541 1147 5613; x_wconf 69' lang='lat' dir='ltr'><strong>(epist.</strong></span> <span class='ocrx_word' id='word_1_820' title='bbox 1182 5546 1237 5607; x_wconf 75' lang='grc'><strong>2)</strong></span> <span class='ocrx_word' id='word_1_821' title='bbox 1271 5560 1284 5599; x_wconf 91' lang='lat'><strong>:</strong></span> <span class='ocrx_word' id='word_1_822' title='bbox 1322 5567 1344 5589; x_wconf 76' lang='grc' dir='ltr'><strong>«ε</strong></span> <span class='ocrx_word' id='word_1_823' title='bbox 1377 5544 1432 5598; x_wconf 89' lang='lat' dir='ltr'><strong>Si</strong></span> <span class='ocrx_word' id='word_1_824' title='bbox 1462 5545 1659 5601; x_wconf 88' lang='lat' dir='ltr'><strong>adesse</strong></span> <span class='ocrx_word' id='word_1_825' title='bbox 1701 5546 1951 5612; x_wconf 89' lang='lat' dir='ltr'><strong>voluerit,</strong></span> <span class='ocrx_word' id='word_1_826' title='bbox 1985 5563 2135 5617; x_wconf 81' lang='lat' dir='ltr'><strong>pra-</strong></span> 
     </span>
    </p>
   </div>
   <div class='ocr_carea' id='block_1_107' title="bbox 2235 4658 3833 4728">
    <p class='ocr_par' dir='ltr' id='par_1_107' title="bbox 2235 4658 3833 4728">
     <span class='ocr_line' id='line_1_107' title="bbox 2235 4658 3833 4728; baseline 0.002 -17"><span class='ocrx_word' id='word_1_827' title='bbox 2235 4658 2457 4728; x_wconf 90' lang='lat' dir='ltr'><strong>permisi</strong></span> <span class='ocrx_word' id='word_1_828' title='bbox 2489 4666 2538 4712; x_wconf 87' lang='lat' dir='ltr'><strong>te</strong></span> <span class='ocrx_word' id='word_1_829' title='bbox 2569 4659 2783 4713; x_wconf 90' lang='lat' dir='ltr'><strong>interim</strong></span> <span class='ocrx_word' id='word_1_830' title='bbox 2812 4667 3038 4725; x_wconf 90' lang='lat' dir='ltr'><strong>tantum,</strong></span> <span class='ocrx_word' id='word_1_831' title='bbox 3083 4668 3142 4714; x_wconf 90' lang='lat' dir='ltr'><strong>ut</strong></span> <span class='ocrx_word' id='word_1_832' title='bbox 3175 4660 3353 4714; x_wconf 89' lang='lat' dir='ltr'><strong>studio</strong></span> <span class='ocrx_word' id='word_1_833' title='bbox 3372 4659 3590 4714; x_wconf 83' lang='lat' dir='ltr'><strong>litterali</strong></span> <span class='ocrx_word' id='word_1_834' title='bbox 3618 4660 3833 4715; x_wconf 90' lang='lat' dir='ltr'><strong>incum-</strong></span> 
     </span>
    </p>
   </div>
   <div class='ocr_carea' id='block_1_108' title="bbox 2235 4745 3838 4816">
    <p class='ocr_par' dir='ltr' id='par_1_108' title="bbox 2235 4745 3838 4816">
     <span class='ocr_line' id='line_1_108' title="bbox 2235 4745 3838 4816; baseline 0.001 -17"><span class='ocrx_word' id='word_1_835' title='bbox 2235 4745 2421 4812; x_wconf 89' lang='lat' dir='ltr'><strong>beres,</strong></span> <span class='ocrx_word' id='word_1_836' title='bbox 2482 4748 2551 4801; x_wconf 93' lang='lat' dir='ltr'><strong>de</strong></span> <span class='ocrx_word' id='word_1_837' title='bbox 2606 4746 2829 4801; x_wconf 90' lang='lat' dir='ltr'><strong>scientia</strong></span> <span class='ocrx_word' id='word_1_838' title='bbox 2879 4748 3147 4816; x_wconf 88' lang='lat' dir='ltr'><strong>jactitare,</strong></span> <span class='ocrx_word' id='word_1_839' title='bbox 3211 4749 3388 4803; x_wconf 90' lang='lat' dir='ltr'><strong>donec</strong></span> <span class='ocrx_word' id='word_1_840' title='bbox 3449 4748 3505 4802; x_wconf 92' lang='lat' dir='ltr'><strong>in</strong></span> <span class='ocrx_word' id='word_1_841' title='bbox 3551 4748 3838 4803; x_wconf 90' lang='lat' dir='ltr'><strong>maturiori</strong></span> 
     </span>
    </p>
   </div>
   <div class='ocr_carea' id='block_1_109' title="bbox 2235 4834 3838 4908">
    <p class='ocr_par' dir='ltr' id='par_1_109' title="bbox 2235 4834 3838 4908">
     <span class='ocr_line' id='line_1_109' title="bbox 2235 4834 3838 4908; baseline 0.002 -19"><span class='ocrx_word' id='word_1_842' title='bbox 2235 4841 2389 4891; x_wconf 85' lang='lat' dir='ltr'><strong>atate</strong></span> <span class='ocrx_word' id='word_1_843' title='bbox 2419 4835 2489 4890; x_wconf 90' lang='lat' dir='ltr'><strong>ab</strong></span> <span class='ocrx_word' id='word_1_844' title='bbox 2533 4834 2628 4889; x_wconf 91' lang='lat' dir='ltr'><strong>illo</strong></span> <span class='ocrx_word' id='word_1_845' title='bbox 2659 4836 2822 4890; x_wconf 90' lang='lat' dir='ltr'><strong>etiam</strong></span> <span class='ocrx_word' id='word_1_846' title='bbox 2848 4836 2978 4891; x_wconf 89' lang='lat' dir='ltr'><strong>vitio</strong></span> <span class='ocrx_word' id='word_1_847' title='bbox 3023 4852 3245 4907; x_wconf 89' lang='lat' dir='ltr'><strong>possem</strong></span> <span class='ocrx_word' id='word_1_848' title='bbox 3274 4852 3644 4908; x_wconf 89' lang='lat' dir='ltr'><strong>compescere,</strong></span> <span class='ocrx_word' id='word_1_849' title='bbox 3681 4852 3838 4892; x_wconf 88' lang='lat' dir='ltr'><strong>secu-</strong></span> 
     </span>
    </p>
   </div>
   <div class='ocr_carea' id='block_1_110' title="bbox 2235 4923 3839 4997">
    <p class='ocr_par' dir='ltr' id='par_1_110' title="bbox 2235 4923 3839 4997">
     <span class='ocr_line' id='line_1_110' title="bbox 2235 4923 3839 4997; baseline 0.001 -19"><span class='ocrx_word' id='word_1_850' title='bbox 2235 4932 2320 4978; x_wconf 92' lang='lat' dir='ltr'><strong>tus</strong></span> <span class='ocrx_word' id='word_1_851' title='bbox 2351 4940 2450 4994; x_wconf 91' lang='lat' dir='ltr'><strong>pro</strong></span> <span class='ocrx_word' id='word_1_852' title='bbox 2482 4923 2702 4979; x_wconf 91' lang='lat' dir='ltr'><strong>modulo</strong></span> <span class='ocrx_word' id='word_1_853' title='bbox 2730 4940 2852 4979; x_wconf 91' lang='lat' dir='ltr'><strong>meo</strong></span> <span class='ocrx_word' id='word_1_854' title='bbox 2891 4925 3230 4996; x_wconf 81' lang='lat' dir='ltr'><strong>Apostolum,</strong></span> <span class='ocrx_word' id='word_1_855' title='bbox 3266 4926 3359 4997; x_wconf 92' lang='lat' dir='ltr'><strong>qui</strong></span> <span class='ocrx_word' id='word_1_856' title='bbox 3414 4942 3537 4981; x_wconf 92' lang='lat' dir='ltr'><strong>cum</strong></span> <span class='ocrx_word' id='word_1_857' title='bbox 3568 4924 3839 4980; x_wconf 85' lang='lat' dir='ltr'><strong>infirmum</strong></span> 
     </span>
    </p>
   </div>
   <div class='ocr_carea' id='block_1_111' title="bbox 2235 5012 3839 5084">
    <p class='ocr_par' dir='ltr' id='par_1_111' title="bbox 2235 5012 3839 5084">
     <span class='ocr_line' id='line_1_111' title="bbox 2235 5012 3839 5084; baseline 0 -17"><span class='ocrx_word' id='word_1_858' title='bbox 2235 5012 2537 5067; x_wconf 88' lang='lat' dir='ltr'><strong>auditorem</strong></span> <span class='ocrx_word' id='word_1_859' title='bbox 2569 5029 2726 5067; x_wconf 91' lang='lat' dir='ltr'><strong>suum</strong></span> <span class='ocrx_word' id='word_1_860' title='bbox 2752 5015 3133 5083; x_wconf 90' lang='lat' dir='ltr'><strong>perpenderet,</strong></span> <span class='ocrx_word' id='word_1_861' title='bbox 3181 5022 3271 5069; x_wconf 87' lang='lat' dir='ltr'><strong>aut</strong></span> <span class='ocrx_word' id='word_1_862' title='bbox 3302 5030 3472 5084; x_wconf 86' lang='lat' dir='ltr'><strong>prava</strong></span> <span class='ocrx_word' id='word_1_863' title='bbox 3502 5014 3683 5070; x_wconf 87' lang='lat' dir='ltr'><strong>adhuc</strong></span> <span class='ocrx_word' id='word_1_864' title='bbox 3698 5014 3839 5070; x_wconf 85' lang='lat' dir='ltr'><strong>velle</strong></span> 
     </span>
    </p>
   </div>
   <div class='ocr_carea' id='block_1_112' title="bbox 2234 5097 3839 5168">
    <p class='ocr_par' dir='ltr' id='par_1_112' title="bbox 2234 5097 3839 5168">
     <span class='ocr_line' id='line_1_112' title="bbox 2234 5097 3839 5168; baseline 0.001 -18"><span class='ocrx_word' id='word_1_865' title='bbox 2234 5112 2421 5168; x_wconf 85' lang='lat' dir='ltr'><strong>agere,</strong></span> <span class='ocrx_word' id='word_1_866' title='bbox 2453 5104 2543 5149; x_wconf 89' lang='lat' dir='ltr'><strong>aut</strong></span> <span class='ocrx_word' id='word_1_867' title='bbox 2567 5097 2634 5151; x_wconf 92' lang='lat' dir='ltr'><strong>de</strong></span> <span class='ocrx_word' id='word_1_868' title='bbox 2664 5098 2872 5152; x_wconf 88' lang='lat' dir='ltr'><strong>actione</strong></span> <span class='ocrx_word' id='word_1_869' title='bbox 2920 5107 3070 5152; x_wconf 91' lang='lat' dir='ltr'><strong>recta</strong></span> <span class='ocrx_word' id='word_1_870' title='bbox 3101 5099 3347 5153; x_wconf 88' lang='lat' dir='ltr'><strong>humana</strong></span> <span class='ocrx_word' id='word_1_871' title='bbox 3394 5098 3572 5153; x_wconf 90' lang='lat' dir='ltr'><strong>laudis</strong></span> <span class='ocrx_word' id='word_1_872' title='bbox 3603 5098 3839 5153; x_wconf 82' lang='lat' dir='ltr'><strong>retribu-</strong></span> 
     </span>
    </p>
   </div>
   <div class='ocr_carea' id='block_1_113' title="bbox 2236 5183 3840 5258">
    <p class='ocr_par' dir='ltr' id='par_1_113' title="bbox 2236 5183 3840 5258">
     <span class='ocr_line' id='line_1_113' title="bbox 2236 5183 3840 5258; baseline 0.002 -19"><span class='ocrx_word' id='word_1_873' title='bbox 2236 5183 2381 5239; x_wconf 90' lang='lat' dir='ltr'><strong>tione</strong></span> <span class='ocrx_word' id='word_1_874' title='bbox 2401 5185 2661 5254; x_wconf 86' lang='lat' dir='ltr'><strong>gaudere,</strong></span> <span class='ocrx_word' id='word_1_875' title='bbox 2695 5186 2770 5241; x_wconf 89' lang='lat' dir='ltr'><strong>ait</strong></span> <span class='ocrx_word' id='word_1_876' title='bbox 2802 5204 2815 5239; x_wconf 89' lang='lat'><strong>:</strong></span> <span class='ocrx_word' id='word_1_877' title='bbox 2857 5187 2939 5241; x_wconf 75' lang='lat' dir='ltr'><strong>Vis</strong></span> <span class='ocrx_word' id='word_1_878' title='bbox 2970 5203 3084 5241; x_wconf 81' lang='lat' dir='ltr'><strong>non</strong></span> <span class='ocrx_word' id='word_1_879' title='bbox 3117 5189 3318 5242; x_wconf 84' lang='lat' dir='ltr'><strong>timere</strong></span> <span class='ocrx_word' id='word_1_880' title='bbox 3344 5191 3685 5258; x_wconf 80' lang='lat' dir='ltr'><strong>potestatem</strong></span> <span class='ocrx_word' id='word_1_881' title='bbox 3710 5191 3731 5242; x_wconf 72' lang='lat'><strong>.9</strong></span> <span class='ocrx_word' id='word_1_882' title='bbox 3753 5188 3840 5243; x_wconf 88' lang='lat' dir='ltr'><strong>bo-</strong></span> 
     </span>
    </p>
   </div>
   <div class='ocr_carea' id='block_1_114' title="bbox 2235 5275 3839 5345">
    <p class='ocr_par' dir='ltr' id='par_1_114' title="bbox 2235 5275 3839 5345">
     <span class='ocr_line' id='line_1_114' title="bbox 2235 5275 3839 5345; baseline 0.001 -18"><span class='ocrx_word' id='word_1_883' title='bbox 2235 5290 2377 5328; x_wconf 83' lang='lat' dir='ltr'><strong>num</strong></span> <span class='ocrx_word' id='word_1_884' title='bbox 2405 5276 2519 5344; x_wconf 81' lang='lat' dir='ltr'><strong>fac,</strong></span> <span class='ocrx_word' id='word_1_885' title='bbox 2558 5280 2617 5328; x_wconf 87' lang='lat' dir='ltr'><strong>et</strong></span> <span class='ocrx_word' id='word_1_886' title='bbox 2641 5275 2860 5330; x_wconf 81' lang='lat' dir='ltr'><strong>habebis</strong></span> <span class='ocrx_word' id='word_1_887' title='bbox 2882 5275 3107 5330; x_wconf 84' lang='lat' dir='ltr'><strong>laudem</strong></span> <span class='ocrx_word' id='word_1_888' title='bbox 3136 5291 3211 5330; x_wconf 73' lang='lat' dir='ltr'><strong>ea:</strong></span> <span class='ocrx_word' id='word_1_889' title='bbox 3238 5276 3343 5330; x_wconf 84' lang='lat' dir='ltr'><strong>illa</strong></span> <span class='ocrx_word' id='word_1_890' title='bbox 3374 5277 3557 5342; x_wconf 85' lang='lat' dir='ltr'><strong>(Rom.</strong></span> <span class='ocrx_word' id='word_1_891' title='bbox 3595 5276 3721 5345; x_wconf 81' lang='lat' dir='ltr'><strong>xu).</strong></span> <span class='ocrx_word' id='word_1_892' title='bbox 3750 5276 3839 5329; x_wconf 87' lang='lat' dir='ltr'><strong>In-</strong></span> 
     </span>
    </p>
   </div>
   <div class='ocr_carea' id='block_1_115' title="bbox 2236 5362 3836 5437">
    <p class='ocr_par' dir='ltr' id='par_1_115' title="bbox 2236 5362 3836 5437">
     <span class='ocr_line' id='line_1_115' title="bbox 2236 5362 3836 5437; baseline 0.003 -22"><span class='ocrx_word' id='word_1_893' title='bbox 2236 5370 2407 5428; x_wconf 89' lang='lat' dir='ltr'><strong>terea,</strong></span> <span class='ocrx_word' id='word_1_894' title='bbox 2442 5362 2568 5433; x_wconf 90' lang='lat' dir='ltr'><strong>quia</strong></span> <span class='ocrx_word' id='word_1_895' title='bbox 2587 5362 2739 5427; x_wconf 89' lang='lat' dir='ltr'><strong>illud,</strong></span> <span class='ocrx_word' id='word_1_896' title='bbox 2772 5379 2882 5435; x_wconf 92' lang='lat' dir='ltr'><strong>quo</strong></span> <span class='ocrx_word' id='word_1_897' title='bbox 2910 5364 3027 5419; x_wconf 87' lang='lat' dir='ltr'><strong>hac</strong></span> <span class='ocrx_word' id='word_1_898' title='bbox 3056 5380 3219 5437; x_wconf 89' lang='lat' dir='ltr'><strong>agere</strong></span> <span class='ocrx_word' id='word_1_899' title='bbox 3249 5364 3582 5437; x_wconf 89' lang='lat' dir='ltr'><strong>cogitabam,</strong></span> <span class='ocrx_word' id='word_1_900' title='bbox 3618 5373 3836 5436; x_wconf 86' lang='lat' dir='ltr'><strong>tempus</strong></span> 
     </span>
    </p>
   </div>
   <div class='ocr_carea' id='block_1_116' title="bbox 2236 5452 3835 5526">
    <p class='ocr_par' dir='ltr' id='par_1_116' title="bbox 2236 5452 3835 5526">
     <span class='ocr_line' id='line_1_116' title="bbox 2236 5452 3835 5526; baseline 0.003 -21"><span class='ocrx_word' id='word_1_901' title='bbox 2236 5459 2360 5505; x_wconf 89' lang='lat' dir='ltr'><strong>ante</strong></span> <span class='ocrx_word' id='word_1_902' title='bbox 2413 5460 2626 5523; x_wconf 91' lang='lat' dir='ltr'><strong>tempus</strong></span> <span class='ocrx_word' id='word_1_903' title='bbox 2683 5452 2933 5522; x_wconf 85' lang='lat' dir='ltr'><strong>excessit,</strong></span> <span class='ocrx_word' id='word_1_904' title='bbox 2982 5469 3106 5508; x_wconf 92' lang='lat' dir='ltr'><strong>cum</strong></span> <span class='ocrx_word' id='word_1_905' title='bbox 3142 5452 3510 5525; x_wconf 85' lang='lat' dir='ltr'><strong>praceptione</strong></span> <span class='ocrx_word' id='word_1_906' title='bbox 3557 5453 3835 5526; x_wconf 76' lang='lat' dir='ltr'><strong>Apostoli,</strong></span> 
     </span>
    </p>
   </div>
   <div class='ocr_carea' id='block_1_117' title="bbox 2232 5539 3839 5612">
    <p class='ocr_par' dir='ltr' id='par_1_117' title="bbox 2232 5539 3839 5612">
     <span class='ocr_line' id='line_1_117' title="bbox 2232 5539 3839 5612; baseline 0.002 -21"><span class='ocrx_word' id='word_1_907' title='bbox 2232 5539 2471 5606; x_wconf 88' lang='lat' dir='ltr'><strong>jubentis</strong></span> <span class='ocrx_word' id='word_1_908' title='bbox 2505 5555 2694 5595; x_wconf 85' lang='lat' dir='ltr'><strong>vocum</strong></span> <span class='ocrx_word' id='word_1_909' title='bbox 2729 5539 2994 5596; x_wconf 87' lang='lat' dir='ltr'><strong>novitates</strong></span> <span class='ocrx_word' id='word_1_910' title='bbox 3037 5541 3223 5605; x_wconf 87' lang='lat' dir='ltr'><strong>vitare,</strong></span> <span class='ocrx_word' id='word_1_911' title='bbox 3256 5542 3323 5595; x_wconf 91' lang='lat' dir='ltr'><strong>ab</strong></span> <span class='ocrx_word' id='word_1_912' title='bbox 3345 5542 3458 5612; x_wconf 48' lang='lat' dir='ltr'><strong>.hac</strong></span> <span class='ocrx_word' id='word_1_913' title='bbox 3493 5541 3759 5611; x_wconf 86' lang='lat' dir='ltr'><strong>jactantia</strong></span> <span class='ocrx_word' id='word_1_914' title='bbox 3789 5550 3839 5595; x_wconf 88' lang='lat' dir='ltr'><strong>et</strong></span> 
     </span>
    </p>
   </div>
  </div>
