4164 6312
356 295 462 350 M9

1041 295 1282 352 OPUSG.
1344 296 1438 352 ET
1490 295 1707 352 EPIST.
1768 294 1842 349 IN
1897 291 2123 350 CAUSA
2179 293 2522 350 HINCMABJ
2576 294 2881 351 LAUDUN.

3558 292 3662 350 460

372 417 744 474 ostentatione
771 425 823 473 te
851 419 1134 474 doctorem
1161 427 1215 475 et
1242 419 1561 491 episcopum
1589 418 1847 476 cohibere
1875 419 1972 475 de-
1997 415 2335 486 Ajudicium
2363 417 2552 474 reduci
2579 417 2819 490 rogasti;
2850 425 2905 472 et
2931 432 3036 490 ego
3064 417 3245 473 dicam
3285 416 3381 472 tibi
3435 415 3670 489 qualiter

375 505 571 561 bneras
602 522 617 559 :
650 505 905 576 quoniam
935 507 1106 562 sancti
1135 515 1185 562 et
1212 508 1485 578 sapientes
1531 523 1598 565 ac
1639 523 1853 580 magnae
1881 523 1976 562 au-

375 593 646 650 ctoritatis
691 593 811 662 viri,
859 603 913 650 et
959 595 1122 651 etiam
1168 597 1450 668 utriusque
1499 595 1721 668 linguae,
1773 595 1978 652 Grmcae

380 681 638 738 videlicet
667 689 719 736 et
749 683 953 738 Latinae
980 683 1160 754 periti,
1183 684 1298 739 suis
1321 684 1540 755 scriptis
1561 685 1734 740 verba
1757 683 1972 750 Graeca,

383 769 491 824 nisi
520 784 587 824 ea
617 787 739 842 qua:
765 770 823 824 in
854 771 1166 841 Scripturis,
1198 772 1288 826 vel
1317 772 1638 838 canonibus,
1691 771 1806 827 sive
1841 771 1978 844 legi-

371 856 496 922 bus,
531 856 650 912 sine
682 857 1134 928 interpretatione
1162 866 1287 914 sunt
1315 859 1514 930 posita,
1561 867 1615 916 et
1661 859 1827 914 veluti
1867 859 1975 912 La-

369 945 485 1000 tina
514 945 573 999 in
613 961 716 1000 usu
744 945 968 1011 habita,
1012 962 1201 1002 verum
1252 954 1306 1002 et
1354 947 1612 1003 obstrusa
1659 947 1770 1002 suis
1819 945 1976 1002 dictis

369 1032 669 1089 immittere
699 1033 770 1088 ad
799 1033 1217 1090 ostentationem
1255 1034 1566 1091 noluerunt.
1619 1036 1699 1091 De
1745 1035 1978 1091 Hebraea

367 1136 501 1177 vero
529 1121 717 1193 lingua
749 1121 1004 1189 Alleluia,
1036 1130 1091 1177 et
1119 1122 1361 1189 Osanna,
1391 1131 1558 1194 atque
1593 1125 1787 1192 Amen,
1839 1137 1975 1194 pro-

367 1216 494 1280 pter
551 1209 932 1264 auctoritatem
987 1210 1183 1280 primm
1231 1210 1452 1283 linguae,
1512 1219 1566 1266 et
1610 1211 1976 1266 reverentiam

369 1311 569 1352 sensus
598 1296 718 1352 sine
745 1297 1191 1368 interpretatione
1238 1299 1322 1353 usi
1367 1297 1601 1354 fuerunt.
1651 1300 1766 1354 Nos
1815 1299 1975 1354 etiam

363 1385 621 1440 moderni
666 1384 972 1458 glossarios
1021 1387 1268 1455 Graecos,
1315 1402 1454 1458 quos
1502 1387 1695 1442 suatim
1745 1387 1974 1442 Lexicos

368 1473 559 1528 vocari
589 1473 916 1538 audivimus,
951 1474 1050 1528 sed
1079 1482 1133 1529 et
1162 1475 1468 1545 sapientum
1520 1475 1726 1546 scripta
1773 1476 1842 1530 de
1875 1489 1974 1530 no-

369 1561 610 1616 minibus
641 1561 910 1616 obstrusis
962 1562 1246 1630 habemus,
1291 1569 1345 1618 et
1385 1563 1526 1618 adeo
1578 1563 1838 1618 sensatuli
1883 1579 1974 1618 su-

2076 503 2313 561 facerem
2337 506 2407 562 de
2436 505 2698 571 Bertrico,
2733 505 2778 559 si
2807 505 2876 560 de
2932 519 3053 560 mea
3106 513 3252 560 esset
3280 503 3576 577 provincia,
3619 511 3674 560 et

2075 609 2183 648 non
2216 601 2363 650 esset
2391 611 2456 649 ex
2488 593 2709 665 pr0pria
2744 609 2868 650 mea
2914 593 3188 664 parocliia.
3243 595 3323 649 De
3369 595 3474 650 hoc
3521 591 3670 664 quod

2077 681 2214 737 dicis
2245 699 2257 737 :
2294 682 2560 738 Sciendus
2593 689 2675 736 est
2723 682 2918 736 modus
2962 681 3335 752 correptionis,
3367 682 3494 752 quin
3522 697 3670 752 pree-

2076 768 2166 824 fati
2193 771 2442 836 Bertrici,
2477 779 2654 824 utrum
2683 778 2947 833 secretus,
2993 786 3060 823 an
3089 769 3366 840 publicus,
3412 777 3591 824 utrum
3638 783 3672 824 a

2077 857 2505 912 Christianorum
2539 858 2831 924 consortio,
2867 865 2960 912 aut
2989 873 3022 911 a
3055 873 3290 927 corpore
3329 865 3382 912 et
3410 857 3671 927 sanguine

2074 945 2292 1001 Domini
2313 945 2472 1001 fuerit
2493 955 2832 1018 segregatus,
2866 961 3025 1018 quem
3045 945 3279 1016 publicae
3300 945 3541 1000 deditum
3555 959 3672 1015 pue-

2075 1033 2313 1090 nitentiae
2329 1048 2439 1089 non
2455 1033 2672 1100 audisti,
2689 1041 2741 1090 et
2760 1034 2983 1089 modum
3021 1033 3175 1088 istius
3195 1033 3474 1102 ejectionis
3492 1033 3560 1087 de
3581 1049 3673 1104 pa-

2075 1121 2259 1176 rochia
2291 1137 2416 1176 mea
2452 1137 2616 1177 nosse
2654 1121 3080 1178 convenitzTibi
3118 1123 3444 1192 respondeo,
3477 1121 3601 1193 quia
3629 1120 3676 1176 si

2075 1217 2225 1264 tanto
2247 1210 2426 1264 studio
2447 1225 2637 1266 sacros
2658 1226 2898 1266 canones
2917 1209 3358 1280 perscrutateris,
3395 1217 3451 1264 ut
3488 1209 3676 1266 mode-

2075 1305 2196 1352 rata
2216 1297 2544 1353 discretione
2567 1305 2620 1352 te
2640 1297 2694 1352 in
2715 1297 3082 1366 subjectorum
3095 1297 3189 1351 tibi
3202 1298 3414 1353 actibus
3429 1314 3676 1370 gereres,

2075 1401 2145 1439 ne
2176 1385 2232 1438 in
2266 1393 2578 1441 sanctarum
2609 1386 3009 1456 Scripturarum
3054 1386 3426 1440 auctoritatem
3473 1385 3679 1456 pracdi-

2072 1473 2448 1546 cationemque
2505 1473 2772 1543 majorum
2821 1473 3149 1541 offenderes,
3203 1481 3256 1528 et
3306 1475 3360 1527 in
3389 1473 3524 1544 ipsis
3573 1473 3671 1528 tibi

2073 1561 2333 1631 subjectis
2378 1577 2632 1617 servares
2677 1563 2825 1632 quod
2869 1562 3130 1633 scriptum
3177 1569 3258 1616 est
3301 1580 3316 1615 :
3358 1562 3677 1634 Diligenter

370 1665 518 1715 mus,
546 1657 605 1704 ut
632 1657 848 1704 nostras
879 1649 1299 1707 dictatiunculas
1331 1665 1397 1706 eo
1444 1667 1617 1722 usque
1663 1651 1973 1708 circumdu-
2071 1666 2306 1720 agnosce
2323 1652 2546 1706 vultum
2565 1651 2782 1722 pecoris
2809 1653 2916 1716 tui,
2933 1655 2990 1706 et
3005 1667 3197 1707 omnes
3207 1667 3394 1722 greges
3412 1653 3536 1706 tuos
3557 1666 3682 1706 con-

373 1751 503 1794 cere
533 1745 587 1792 et
613 1737 921 1808 producere
948 1737 1245 1808 possimus,
1279 1745 1542 1809 quatenus
1571 1739 1740 1794 verba
1785 1739 1973 1794 Grmca
1994 1766 2048 1826 Β
2076 1738 2262 1794 sidera
2293 1741 2475 1810 (Prov.
2509 1741 2694 1810 xxvr);
2733 1747 2785 1793 et
2820 1756 2833 1792 :
2868 1739 3102 1799 Perfode
3129 1739 3424 1810 parietem,
3471 1742 3529 1794 et
3555 1737 3678 1795 vide

375 1825 464 1882 vel
492 1825 752 1881 obstrusa
777 1825 846 1881 de
895 1825 1181 1899 glossariis
1227 1835 1506 1898 assumpta
1554 1827 1607 1882 in
1657 1827 1977 1906 admiratio-
2078 1826 2546 1892 abominationes,
2580 1843 2717 1899 quas
2750 1828 2848 1882 isti
2874 1829 3102 1898 faciunt
3132 1827 3222 1882 hic
3266 1827 3490 1896 (Ezech.
3529 1826 3673 1897 vm),

370 1928 500 1969 nem
529 1913 618 1969 vel
645 1922 926 1985 stuporem
955 1914 1326 1970 nescientibus
1357 1931 1455 1970 seu
1477 1915 1788 1986 scalpentes
1815 1931 1979 1972 aures

370 2001 696 2058 habentibus
750 2001 992 2072 proferre
1048 2003 1346 2074 possimus,
1393 2003 1480 2058 cui
1527 2003 1747 2058 vanitati
1795 2004 1979 2060 obviat

375 2089 660 2160 Scriptura
689 2089 878 2145 dicens
912 2107 924 2144 :
969 2091 1196 2146 Vanitas
1227 2093 1573 2156 vanitatum,
1593 2095 1650 2147 et
1663 2093 1856 2148 omnia
1886 2109 1981 2148 va-

372 2179 532 2234 nitas
571 2177 778 2247 (Eccle.
812 2179 873 2249 ι).
906 2179 975 2234 Ει
1003 2179 1186 2243 timeo,
1211 2179 1340 2250 quia
1365 2179 1504 2235 sicut
1526 2179 1647 2252 agis
1675 2180 1745 2236 de
1773 2180 1976 2247 verbis,

375 2273 430 2322 et
459 2281 731 2322 canonum
759 2281 823 2322 ac
852 2266 1037 2340 legum
1069 2267 1342 2333 sensibus,
1387 2267 1654 2322 novitates
1701 2283 1894 2324 vocum
1924 2268 1981 2323 in

375 2353 456 2409 eis
485 2353 809 2410 delectando
853 2355 1162 2427 requirens,
1217 2355 1286 2410 ad
1314 2356 1419 2411 hoc
1449 2372 1623 2426 usque
1645 2365 1696 2412 te
1717 2357 1982 2427 perducat

376 2440 542 2498 elatio
575 2442 775 2508 cordis,
807 2451 860 2496 et
881 2442 1142 2512 jactantia
1172 2442 1373 2498 inﬂatae
1401 2458 1465 2499 ac
1492 2443 1670 2498 inanis
1717 2445 1976 2511 scientiae,

376 2538 436 2585 ut
459 2530 535 2585 ita
562 2531 618 2584 in
651 2531 1058 2602 Scripturarum
1115 2531 1365 2586 sensibus
1416 2531 1583 2588 facias
1631 2540 1685 2587 et
1730 2533 1976 2600 aberres,

375 2619 506 2690 quia
534 2626 591 2674 ut
623 2617 898 2689 Scriptura
926 2619 1056 2676 dicit
1091 2637 1105 2674 :
1142 2619 1247 2686 Qui
1274 2621 1492 2677 modica
1508 2622 1750 2693 spernit,
1769 2623 1978 2694 paula-

379 2708 487 2762 tim
517 2707 728 2762 decidit
749 2707 944 2777 (Eccli.
973 2709 1118 2779 xxx).
1152 2706 1418 2776 Quoniam
1448 2708 1541 2780 qui
1570 2709 1782 2764 minora
1812 2707 1982 2765 corri-

378 2810 518 2868 gere
545 2809 612 2850 ac
641 2795 879 2850 devitare
907 2795 1155 2867 negligit,
1203 2795 1272 2850 ad
1319 2796 1526 2865 majora
1572 2813 1861 2868 promens,
1911 2796 1980 2852 ab

2080 1921 2279 1984 quanta
2306 1913 2603 1969 intentione
2633 1914 2726 1968 illa
2745 1914 2908 1987 legis,
2934 1915 3078 1968 unde
3100 1922 3193 1968 tua
3212 1922 3516 1970 commenta
3531 1929 3680 1969 com-

2077 2001 2250 2072 pilare
2297 2017 2578 2072 procuras,
2641 2010 2910 2073 quatenus
2968 2001 3210 2069 eﬂ'renis,
3259 2011 3312 2057 et
3358 2003 3475 2057 sine
3519 2001 3680 2056 ullius

2079 2089 2431 2157 coercitione,
2467 2090 2610 2146 viam
2641 2091 2980 2164 voluntatum
3011 2099 3225 2146 tuarum
3258 2107 3503 2158 currere,
3545 2097 3598 2164 et
3624 2090 3680 2144 in

2079 2177 2332 2234 affectum
2363 2178 2548 2234 cordis
2579 2163 2814 2247 transire
2845 2179 3165 2250 praevaleas,
3209 2179 3350 2234 bene
3379 2163 3684 2250 intelligere

2078 2282 2272 2337 posses
2305 2274 2358 2322 et
2389 2267 2634 2336 modum,
2669 2283 2778 2338 quo
2808 2267 3070 2322 toleratus
3101 2275 3154 2322 et
3187 2275 3472 2338 correptus
3511 2275 3563 2321 et
3592 2266 3682 2320 diu

2081 2363 2428 2426 exspectatus
2457 2355 2576 2421 fuit,
2612 2373 2774 2428 quem
2804 2357 2990 2410 audire
3018 2355 3258 2426 potuisti,
3305 2356 3444 2410 sicut
3473 2371 3600 2410 eum
3626 2354 3684 2409 in

2079 2443 2397 2512 poenitentia
2425 2443 2646 2514 publica
2673 2443 2908 2514 positum
2939 2443 3076 2498 dicis
3107 2451 3158 2498 le
3185 2459 3295 2498 non
3345 2443 3579 2512 audisse,
3631 2450 3686 2497 et

2081 2530 2219 2586 scire
2249 2547 2344 2586 cur
2372 2532 2476 2587 hac
2519 2531 2827 2587 conditione
2881 2531 3055 2586 isdem
3101 2531 3388 2596 Bertricus,
3437 2529 3530 2602 qui
3573 2545 3684 2586 non

2082 2626 2163 2673 est
2191 2619 2261 2673 de
2291 2635 2415 2674 mea
2441 2619 2724 2690 parochia,
2748 2635 2925 2690 neque
2955 2619 3024 2673 de
3054 2635 3174 2674 mea
3191 2618 3495 2690 provincia,
3515 2634 3680 2692 regu-

2080 2705 2266 2761 lariter
2292 2723 2416 2762 cum
2446 2707 2559 2761 suis
2590 2707 2739 2762 exire
2778 2707 3106 2778 praecipitur.
3154 2709 3224 2761 Et
3271 2706 3529 2778 quoniam
3575 2722 3683 2778 qua

2081 2803 2262 2850 mente
2293 2796 2396 2850 hoc
2427 2795 2738 2866 interrogas
2767 2811 2856 2850 me
2889 2795 3058 2850 latere
3077 2811 3185 2850 non
3204 2803 3404 2866 potest,
3424 2799 3686 2868 paratus,

377 2890 522 2938 statu
571 2882 812 2952 justitize,
871 2900 982 2939 non
1029 2883 1251 2956 quidem
1296 2893 1542 2955 repente,
1591 2885 1688 2940 sed
1737 2885 1982 2956 partibus
2075 2883 2226 2952 juxta
2255 2883 2398 2938 Petri
2427 2900 2640 2950 vocem,
2668 2884 2740 2940 ad
2761 2885 3216 2955 satisfactionem
3235 2886 3393 2941 omni
3412 2885 3684 2956 poscenti,

377 2978 525 3026 totus
554 2971 716 3028 cadit.
749 2972 981 3028 Attende
1009 2973 1173 3044 igitur
1201 2973 1347 3044 quod
1376 2973 1510 3028 dicit
1550 2974 1844 3044 Apostolus
1881 2991 1892 3027 :
1923 2975 1982 3029 Si

381 3061 508 3133 quis
533 3061 834 3116 existimat
860 3077 920 3116 se
949 3061 1166 3133 aliquid
1195 3063 1362 3127 scire,
1385 3063 1640 3118 nondum
1659 3064 1769 3118 scit
1785 3079 1982 3136 quem-

384 3148 692 3203 admodum
709 3152 962 3220 oporteat
984 3165 1114 3204 eum
1134 3149 1342 3220 scire(I
1357 3151 1478 3205 Cor.
1498 3151 1642 3219 vm);
1669 3158 1722 3204 et
1747 3167 1760 3203 :
1781 3151 1842 3208 Si
1859 3151 1984 3223 quis

387 3237 514 3291 vult
533 3239 690 3292 inter
706 3253 798 3292 vos
817 3238 1046 3309 sapiens
1065 3253 1204 3304 esse,
1223 3239 1438 3294 stultus
1453 3237 1576 3306 ﬁat,
1591 3242 1658 3292 ut
1672 3238 1750 3293 sit
1765 3239 1990 3308 sapiens

389 3323 442 3394 (Ι
469 3325 594 3380 Cor.
635 3324 738 3390 In);
771 3331 824 3380 et
855 3341 869 3378 :
899 3326 1082 3381 Nolite
1116 3325 1428 3398 prudentes
1484 3343 1604 3382 esse
1659 3327 1810 3399 apud
1863 3343 1988 3382 vos-

388 3413 847 3483 metipsos(Rom.
870 3413 1000 3484 xu);
1033 3421 1086 3468 et
1119 3431 1133 3468 :
1166 3415 1283 3470 Non
1303 3415 1425 3470 alta
1445 3417 1752 3486 sapientes,
1775 3415 1872 3470 sed
1893 3416 1990 3471 hu-

381 3501 616 3556 milibus
634 3504 1052 3557 consentientes
1073 3501 1277 3573 (ibid.).
1302 3503 1499 3558 Beatus
1529 3519 1744 3575 quoque
1776 3503 1990 3576 Grego-

384 3587 504 3644 rius
529 3589 585 3643 in
617 3588 850 3660 epistola
877 3606 975 3644 sua
1004 3589 1152 3656 dicit,
1187 3591 1441 3663 quoniam
1476 3591 1692 3647 domnae
1738 3580 1990 3648 Domini-

387 3693 467 3734 cm
497 3677 704 3732 salutes
735 3677 998 3732 mandans
1029 3679 1153 3734 ideo
1183 3694 1293 3734 non
1343 3679 1642 3750 rescripsit,
1692 3681 1819 3751 quia
1867 3696 1990 3736 cum

384 3773 535 3822 esset
563 3765 751 3820 Latina
783 3765 834 3822 ei
865 3765 1060 3822 Graece
1090 3767 1332 3823 scribere
1359 3767 1548 3835 voluit,
1589 3767 1990 3840 parvipendens

383 3852 464 3910 illi
495 3854 825 3922 rescribere,
858 3855 1117 3927 quoniam
1147 3871 1180 3910 a
1209 3857 1377 3912 corde
1424 3856 1676 3928 pensavit
1722 3874 1844 3929 quae
1891 3872 1991 3928 per

386 3958 701 4000 sermonem
730 3943 786 3998 in
816 3943 1022 4015 scripto
1051 3945 1308 4016 suscepit.
1360 3945 1442 4001 De
1481 3960 1548 4001 eo
1595 3945 1740 4017 quod
1789 3947 1928 4017 petis
1958 3959 1992 4002 a

389 4047 480 4087 me
511 4040 562 4087 te
589 4031 804 4100 instrui,
837 4031 886 4086 si
913 4033 1189 4088 Bertricus
1216 4033 1284 4088 de
1327 4049 1450 4088 mea
1497 4042 1642 4088 esset
1687 4034 1988 4104 provincia,

386 4136 499 4176 non
555 4128 736 4176 autem
793 4136 860 4176 ex
915 4121 1138 4193 propria
1191 4121 1466 4192 parochia,
1519 4122 1748 4193 qualiter
1803 4138 1870 4178 ex
1925 4137 1992 4176 eo

388 4217 612 4267 acturus
641 4224 840 4275 essem,
871 4209 966 4264 illo
995 4209 1313 4280 inspirante,
1345 4209 1439 4282 qui
1494 4211 1712 4282 cognita
1749 4210 1993 4282 nequitia

389 4296 496 4352 sibi
528 4297 823 4354 dicentium
856 4316 870 4352 :
909 4299 1186 4370 Magister,
1223 4300 1433 4354 scimus
1460 4301 1592 4372 quia
1623 4315 1798 4356 verax
1830 4315 1906 4365 es,
1935 4303 1993 4354 et

391 4389 547 4442 viam
563 4388 664 4442 Dei
682 4387 744 4441 in
763 4388 1002 4442 veritate
1023 4388 1202 4453 doces,
1221 4391 1280 4442 et
1294 4403 1409 4442 non
1426 4391 1512 4442 est
1533 4387 1784 4442 tibicura
1805 4387 1872 4442 de
1893 4377 1994 4442 dli-

2083 2981 2343 3043 quantum
2376 2972 2524 3027 Deus
2553 2973 2788 3038 dederit,
2819 2973 3152 3044 respondere
3179 2973 3246 3028 de
3274 2988 3340 3027 ea
3367 2989 3489 3044 qua:
3518 2973 3581 3026 in
3597 2988 3686 3028 me

2086 3063 2170 3116 est
2198 3077 2294 3132 spe
2325 3061 2376 3128 (Ι
2399 3062 2552 3115 Petr.
2587 3061 2690 3130 tu),
2717 3059 2814 3113 tibi
2833 3076 2897 3114 ex
2917 3060 3019 3114 hac
3039 3059 3339 3130 quaestione
3357 3059 3684 3129 respondeo,

2093 3148 2218 3218 quia
2247 3148 2446 3202 Pilatus
2475 3148 2779 3214 veritatem,
2815 3163 2978 3218 quam
3022 3155 3145 3201 ante
3189 3146 3376 3202 oculos
3417 3147 3683 3216 corporis,

2089 3251 2196 3290 non
2245 3244 2427 3290 autem
2483 3245 2607 3290 ante
2655 3236 2846 3292 oculos
2891 3235 3089 3290 mentis
3127 3235 3380 3300 habebat,
3425 3235 3559 3307 quid
3603 3237 3688 3290 est

2089 3325 2344 3380 veritas?
2383 3325 2564 3396 (Joan.
2613 3329 2780 3393 xvm)
2824 3323 3203 3396 interrogavit,
3255 3331 3308 3378 et
3353 3323 3540 3378 audire
3579 3337 3690 3378 non

2088 3412 2306 3479 meruit,
2338 3412 2482 3484 quia,
2516 3420 2574 3466 ut
2604 3412 2735 3468 dicit
2767 3413 2821 3468 S.
2857 3411 3174 3484 Gregorius,
3195 3428 3364 3485 quam
3384 3428 3500 3468 non
3528 3413 3689 3468 inve-

2089 3503 2181 3556 nit
2222 3501 2516 3567 humilem,
2550 3502 2759 3557 veritas
2795 3503 2950 3573 fugit
2976 3505 3263 3568 mentem;
3295 3508 3384 3554 et:
3411 3501 3516 3567 Qui
3560 3499 3692 3569 ﬁcte

2089 3593 2373 3662 quaerunt,
2404 3591 2664 3644 invenire
2701 3591 3006 3645 Dominum
3053 3605 3348 3662 nunquam
3395 3591 3692 3644 merentur

2093 3679 2142 3748 (Ι
2169 3679 2288 3734 Cor.
2323 3679 2386 3749 1);
2419 3685 2471 3734 et
2501 3678 2674 3734 isdem
2710 3695 2723 3732 :
2756 3679 2857 3734 Dei
2885 3679 3084 3743 virtus,
3105 3682 3162 3734 et
3188 3678 3288 3733 Dei
3317 3677 3620 3750 sapientia,
3655 3693 3693 3732 α

2091 3761 2254 3838 cujus
2283 3767 2432 3838 facie
2463 3770 2547 3822 est
2577 3767 2863 3839 sapientia
2883 3769 2939 3822 et
2956 3767 3284 3822 intellectus
3301 3767 3478 3836 (Psal.
3504 3764 3688 3837 xcm);

2091 3863 2145 3909 et
2179 3872 2192 3908 :
2227 3855 2331 3922 Qui
2349 3855 2508 3911 docet
2524 3856 2809 3911 hominem
2823 3857 3150 3921 scientiam,
3175 3859 3375 3911 contra
3393 3871 3556 3928 quem
3575 3871 3692 3910 non

2092 3947 2178 3998 est
2208 3945 2514 4014 sapientia,
2548 3961 2663 4000 non
2684 3947 2770 4000 est
2799 3944 3121 4014 prudentia,
3146 3960 3262 3999 non
3284 3947 3369 3998 est
3389 3943 3693 4000 consilium

2091 4032 2274 4102 (Prov.
2294 4033 2440 4101 XXI);
2459 4033 2660 4104 quique
2675 4035 2761 4086 est
2779 4033 2889 4097 via,
2909 4033 3138 4097 veritas,
3153 4036 3210 4087 et
3230 4033 3345 4086 vita
3357 4030 3691 4103 (locuntur),

2092 4119 2180 4173 via
2209 4118 2415 4174 scilicet
2445 4119 2875 4173 conversationis
2923 4127 3144 4182 sanctae,
3198 4119 3397 4174 veritas
3435 4117 3694 4174 doctrinae

2093 4206 2310 4272 divinae,
2362 4206 2473 4260 vita
2519 4205 2862 4260 beatitudinis
2893 4207 3258 4276 sempiterna},
3297 4205 3605 4270 conﬁtetur,
3636 4205 3692 4260 id

2093 4303 2196 4361 est,
2229 4294 2411 4349 laudat
2440 4302 2672 4364 patrem,
2705 4294 2836 4366 quia
2867 4294 3155 4370 abscondit
3184 4311 3248 4348 ea
3281 4311 3315 4348 a
3343 4295 3692 4366 sapientibus

2093 4387 2152 4438 et
2175 4383 2554 4456 prudentibus
2587 4383 2718 4453 (Isa.
2769 4385 2850 4452 v),
2899 4382 2969 4438 de
3017 4382 3212 4455 quibus
3262 4381 3519 4452 scriptum
3560 4389 3688 4436 est:

390 4491 519 4546 quo,
534 4491 652 4530 non
661 4476 817 4530 enim
829 4475 1062 4546 respicis
1073 4491 1374 4547 personam
1387 4474 1698 4541 hominum,
1715 4475 1803 4531 dic
1815 4475 1990 4541 nobis,
2022 4466 2076 4527 D
2109 4473 2189 4528 Vae
2203 4474 2298 4545 qui
2316 4473 2600 4545 sapientes
2617 4473 2753 4528 estis
2769 4471 2830 4526 in
2858 4473 3038 4528 oculis
3055 4473 3274 4538 vestris,
3309 4475 3366 4526 et
3385 4487 3575 4526 coram
3594 4486 3688 4526 vo-

391 4565 446 4618 si
481 4563 617 4618 licet
643 4579 877 4619 censum
909 4563 1046 4618 dare
1077 4564 1302 4633 Cwsari,
1333 4580 1410 4618 an
1439 4581 1553 4619 non
1571 4563 1789 4633 (Matth.
1823 4565 1992 4635 XXII),

390 4651 703 4720 respondeo
732 4651 826 4705 tibi
861 4667 873 4706 :
907 4651 1258 4722 Interrogabo
1290 4660 1340 4706 te
1371 4661 1424 4707 et
1451 4667 1558 4724 ego
1587 4669 1752 4706 unum
1783 4666 1994 4708 sermo-

391 4755 542 4794 nem.
574 4739 836 4796 Rescribe
853 4739 997 4815 mihi
1026 4755 1124 4810 per
1151 4740 1398 4796 ordinem
1429 4749 1483 4796 et
1511 4757 1576 4796 ex
1615 4741 1844 4814 integro,
1869 4755 1998 4812 qua-

391 4827 520 4884 liter
547 4843 654 4900 ego
683 4826 786 4884 feci
815 4836 869 4884 et
898 4827 1028 4896 dixi,
1061 4835 1114 4883 et
1143 4829 1376 4900 qualiter
1405 4837 1464 4884 tu
1492 4827 1666 4886 fecisti
1714 4837 1768 4885 et
1815 4829 1996 4884 dixisti

393 4916 450 4971 in
503 4915 706 4987 placito
761 4914 1054 4972 confinium
1110 4917 1489 4987 parochiarum
1541 4925 1848 4974 nostrarum
1873 4959 1889 4986 ,
1943 4925 1997 4972 te

397 5004 728 5060 conhibente
757 5005 1009 5060 condicto
1039 5005 1106 5060 de
1137 5005 1452 5061 Amalberto
1479 5007 1811 5076 parochiano
1848 5021 1994 5075 meo,

395 5093 488 5164 qui
520 5092 572 5146 in
609 5101 696 5146 tua
725 5093 983 5164 parochia
1014 5101 1068 5148 et
1096 5109 1218 5148 mea
1248 5093 1530 5164 provincia
1578 5095 1826 5166 legaliter
1855 5109 1996 5149 uxo-

397 5196 515 5236 rem
545 5182 775 5252 accepit,
805 5189 862 5236 et
887 5181 943 5236 in
971 5182 1286 5254 parochiam
1315 5199 1493 5237 meam
1524 5183 1690 5248 duxit,
1742 5200 1904 5256 quem
1940 5191 1998 5238 tu

395 5269 774 5341 irregulariter
803 5271 1307 5337 excommunicasti,
1341 5279 1396 5328 et
1432 5286 1661 5326 uxorem
1708 5288 1866 5328 suam
1910 5271 1996 5328 le-

395 5358 597 5432 galiter
625 5367 924 5430 acceptam,
957 5376 1079 5432 quae
1107 5375 1208 5430 per
1235 5359 1549 5416 mandatum
1579 5359 1674 5414 tibi
1719 5359 1998 5434 suggessit

397 5447 657 5520 quoniam
685 5448 833 5504 idem
861 5444 943 5503 vi?
969 5449 1088 5518 ejus
1119 5463 1244 5506 cum
1273 5464 1341 5504 ea
1370 5464 1478 5504 non
1508 5457 1696 5520 posset
1733 5465 1996 5506 concum-

394 5535 549 5608 bere,
581 5536 651 5592 de
699 5537 956 5608 parochia
1001 5551 1123 5594 mea
1167 5537 1311 5608 apud
1361 5537 1676 5593 Laudunum
1723 5539 1794 5594 ad
1848 5546 1996 5595 tuum

2093 4563 2433 4634 bismrtipsis
2461 4561 2792 4634 prudentes,
2815 4577 2937 4633 quae
2956 4562 3226 4617 reuelauit
3253 4559 3507 4632 parvulis
3529 4559 3686 4628 (Luc.

2093 4651 2175 4721 Χ),
2208 4649 2263 4704 id
2293 4657 2371 4706 est
2402 4650 2717 4717 humilibus,
2751 4649 3026 4722 quoniam,
3056 4649 3160 4716 Qui
3180 4649 3396 4704 resistit
3417 4648 3686 4718 superbis,

2096 4738 2404 4794 humilibus
2437 4739 2536 4794 dat
2565 4741 2813 4811 gratiam
2843 4740 2987 4806 (Jac.
3022 4740 3123 4808 Iv);
3155 4744 3208 4791 et
3240 4753 3253 4790 :
3295 4737 3492 4802 Valles,
3525 4735 3581 4790 id
3611 4743 3696 4792 est

2094 4827 2346 4894 humiles,
2383 4827 2749 4884 abundabunt
2777 4829 3067 4898 frumento
3098 4825 3272 4891 (Psal.
3308 4824 3484 4895 LXIV),
3523 4825 3580 4880 id
3608 4831 3694 4880 est

2093 4917 2294 4988 eloquii
2323 4916 2492 4970 divini
2520 4916 2734 4986 pabulo.
2771 4914 2866 4968 His
2895 4915 2969 4968 ita
2996 4913 3065 4968 de
3096 4913 3180 4968 his
3210 4913 3301 4985 qui
3332 4931 3442 4970 non
3471 4923 3596 4970 sunt
3623 4914 3694 4970 de

2093 5019 2214 5060 mea
2243 5004 2522 5075 parochia,
2565 5004 2663 5059 sed
2709 5018 2885 5073 neque
2929 5002 2997 5056 de
3042 5018 3160 5056 mea
3210 5003 3502 5074 provincia.
3557 5004 3694 5058 Cum

2095 5101 2276 5147 autem
2308 5109 2395 5148 me
2424 5091 2856 5164 interrogaveris
2873 5090 2940 5144 de
2963 5090 3066 5144 tuis
3087 5091 3453 5161 parochianis,
3477 5090 3692 5146 confido

2095 5181 2150 5235 in
2172 5181 2594 5238 clementissima
2614 5179 2791 5252 gratia
2812 5179 2906 5233 Dei
2928 5179 3158 5235 dicentis
3183 5197 3197 5234 :
3223 5182 3391 5253 Aperi
3416 5197 3473 5236 os
3505 5185 3688 5246 tuum,

2095 5275 2152 5326 et
2181 5287 2274 5342 ego
2307 5270 2613 5342 adimplebo
2643 5269 2788 5324 illud
2814 5268 2991 5339 (Psal.
3044 5269 3244 5334 ωαχ),
3294 5268 3551 5342 quoniam
3601 5269 3693 5342 qui

2095 5359 2227 5414 mihi
2283 5358 2432 5414 dedit
2481 5358 2725 5430 regimen
2772 5356 3094 5431 disciplinae,
3147 5358 3295 5414 dabit
3349 5366 3400 5414 et
3447 5357 3692 5430 spiritum

2097 5447 2390 5518 sapientiae,
2452 5462 2558 5520 quo
2618 5446 2876 5504 salutaria
2931 5447 3029 5502 tibi
3080 5447 3291 5504 valeam
3338 5447 3686 5519 respondere.

2096 5534 2342 5607 Denique
2371 5535 2439 5592 de
2471 5535 2575 5593 hoc
2605 5536 2750 5607 quod
2779 5536 2911 5594 mihi
2957 5535 3166 5605 objicis,
3213 5543 3264 5594 te
3315 5535 3486 5592 scisse
3529 5543 3694 5607 atque
