4164 6318
493 344 591 402 ibi

1379 341 1721 402 meum
1756 328 2161 402 RHEMENSIS
2187 340 2738 401 ARCHIEPISCOPI.

3683 334 3790 403 iss

498 470 755 535 sensisse,
790 469 990 542 saepius
1020 465 1089 525 de
1118 477 1173 525 te
1203 469 1400 525 similia
1427 485 1517 526 me
1563 470 1802 538 audisse,
1850 486 1913 526 ac
1956 468 2096 525 falso
2123 466 2183 529 A
2200 468 2603 540 correptionem
2644 484 2856 537 meam,
2907 478 2965 525 ut
3008 478 3342 542 optaveram,
3394 470 3661 543 prodesse
3707 470 3807 528 tibi

494 558 680 613 audita
710 573 813 630 pro
840 558 986 614 veris
1015 558 1310 628 recepisse,
1361 565 1523 630 atque
1568 556 1828 625 tenuisse,
1880 567 1934 614 et
1978 557 2104 630 quia

496 645 799 701 voluntarie
853 645 1022 702 audio
1062 644 1231 702 verba
1266 645 1558 715 mendacii,
1607 654 1659 701 et
1698 645 2103 701 detractoribus

494 734 600 790 tuis
651 750 843 790 aurem
898 734 1134 790 libenter
1189 734 1566 799 accommodo,
1598 750 1709 790 non
1737 750 1827 790 me
1856 734 1929 789 ad
1956 733 2098 789 iram

496 838 838 893 commoveo,
883 823 1009 894 quia
1054 830 1108 878 et
1153 822 1316 894 capiti
1366 830 1552 878 nostro
1596 822 1756 894 plura
1801 830 1856 877 et
1896 821 2102 893 majora

496 910 836 967 mendaciter
865 911 1077 981 objecta
1107 910 1279 978 fuere,
1313 909 1542 978 scilicet,
1594 909 1723 982 quia
1771 910 2101 967 daemonium

499 998 742 1067 haberet,
800 1007 853 1054 et
894 999 1310 1070 publicanorum
1352 1005 1514 1071 atque
1556 1005 1908 1070 peccatorum
1957 1006 2104 1054 esset

498 1087 705 1143 amicus
733 1087 957 1159 (Matth.
990 1092 1108 1156 x1);
1148 1094 1201 1142 et
1227 1084 1398 1141 multa
1442 1085 1564 1142 alia.
1615 1084 1771 1142 Unde
1819 1094 1872 1142 et
1918 1085 1974 1140 in
2014 1086 2100 1141 his

499 1174 709 1230 titulum
738 1174 846 1230 mei
890 1172 1109 1230 Domini
1157 1189 1520 1245 recognosco,
1570 1182 1624 1230 et
1671 1182 1819 1230 tanta
1863 1189 1928 1230 ac
1977 1173 2103 1230 talia

501 1262 634 1318 mihi
662 1271 716 1319 et
741 1262 901 1330 facta,
935 1271 988 1318 et
1014 1260 1174 1328 dicta,
1205 1270 1260 1317 et
1280 1262 1538 1318 mandata
1575 1261 1765 1329 habes,
1812 1270 1872 1317 ut
1918 1260 1987 1318 de
2014 1260 2102 1318 his

500 1350 835 1407 commoveri
861 1365 972 1406 non
1000 1349 1209 1421 possim
1242 1367 1256 1404 :
1290 1350 1388 1405 sed
1419 1350 1566 1422 quod
1583 1348 1652 1405 ad
1682 1349 1986 1406 remedium
2004 1350 2102 1406 tibi

500 1439 844 1505 adinvenisti,
904 1437 1331 1494 remediabiliter
1392 1437 1598 1494 dictum
1654 1438 1862 1510 accipio
1913 1456 1926 1492 :
1976 1437 2103 1512 quia

499 1527 640 1583 sicut
669 1524 826 1582 Heliu
856 1526 1092 1598 praevius
1118 1525 1513 1600 arrogantium,
1534 1525 1632 1599 qui
1655 1542 1765 1583 non
1783 1525 1984 1582 meruit
2001 1542 2103 1599 per

498 1614 718 1671 beatum
744 1615 869 1681 Job,
905 1615 1045 1671 sicut
1073 1614 1260 1671 caeteri
1290 1613 1452 1670 amici
1499 1614 1634 1685 ejus,
1668 1631 1700 1670 a
1731 1631 1829 1670 sua
1876 1613 2103 1670 stultitia

498 1701 689 1758 hostiis
714 1701 942 1774 expiari,
975 1702 1045 1758 de
1072 1718 1133 1758 se
1162 1700 1332 1759 dicit:
1364 1704 1566 1760 Venter
1599 1706 1734 1759 tuus
1767 1703 1933 1777 quasi
1967 1719 2101 1759 mu-

497 1796 653 1848 stum
672 1791 876 1864 absque
912 1792 1225 1881 spiracula,
1253 1790 1397 1881 quod
1435 1792 1769 1881 lagunculas
1801 1791 2173 1881 novasAdi-B

496 1881 745 1953 srumpit
759 1878 896 1951 (Job.
928 1880 1140 1951 χχχιι),
1173 1878 1280 1934 nisi
1323 1895 1383 1934 se
1412 1877 1596 1935 verbis
1625 1887 1885 1951 evaporet
1913 1878 2100 1935 inﬂata

497 1968 787 2024 adversum
815 1983 905 2022 me
931 1975 1027 2022 tua
1056 1965 1428 2035 stomachatio,
1448 1974 1542 2022 aut
1570 1965 1757 2022 follem
1785 1966 1955 2022 inﬂati
1969 1982 2100 2024 ven-

499 2056 598 2110 tris
628 2054 702 2111 tui
730 2055 1114 2128 disrumperet,
1156 2062 1248 2110 aut
1293 2054 1428 2111 alias
1477 2056 1777 2112 secundum
1821 2055 2101 2128 antiquum

498 2151 736 2215 poetam,

638 2313 702 2360 Ut
718 2310 944 2369 displosa
962 2313 1112 2359 sonat
1133 2314 1377 2370 quantum
1401 2312 1597 2360 vesstca
1625 2314 1846 2360 sonaret.

502 2416 699 2472 Factus
729 2432 847 2470 sum
877 2415 1160 2486 insipiens,
1208 2422 1265 2470 tu
1307 2432 1396 2472 me
1442 2415 1690 2489 coegisti.
1741 2416 1851 2471 Sed
1898 2432 2002 2472 nec
2047 2423 2100 2473 te

498 2512 730 2575 cogente
759 2503 858 2558 tibi
886 2503 1064 2558 taliter
1108 2505 1518 2575 responderem,
1568 2502 1673 2558 nisi
1718 2502 1937 2560 beatum
1982 2506 2098 2560 Au-

501 2592 782 2664 gustinum
808 2591 1040 2660 Iuliano,
1081 2579 1222 2647 elato
1273 2607 1337 2648 ac
1379 2593 1533 2647 durae
1578 2592 1775 2648 mentis
1814 2592 2004 2662 juveni
2047 2601 2100 2649 et

497 2681 844 2752 exepiscopo,
878 2680 1227 2751 respondisse
1256 2680 1569 2750 hujusmodi
1602 2697 1770 2736 sensu
1818 2689 1872 2736 et
1898 2681 2099 2753 partim

500 2768 664 2824 etiam
693 2767 878 2823 verbis
905 2767 1186 2841 legissem,
1220 2767 1451 2824 docente
1479 2768 1664 2835 Paulo,
1699 2776 1751 2825 et
1776 2769 2099 2841 explanante

501 2855 771 2927 Gregorio
789 2897 805 2921 ,
865 2855 1096 2927 qualiter
1151 2855 1220 2910 sit
1274 2856 1712 2928 respondendum
1785 2857 2099 2915 Galatarum

498 2953 712 3000 mentes
755 2943 1102 3000 habentibus.
1162 2944 1544 3000 Verumtamen
1593 2944 1721 3016 quia
1762 2945 2099 3018 sapientibus

496 3041 551 3089 et
579 3032 957 3104 insipientibus
985 3032 1198 3089 debitor
1225 3048 1366 3101 sum,
1395 3033 1666 3105 praecipue
1685 3034 1938 3090 omnibus
1967 3050 2098 3091 con-

497 3120 815 3178 sistentibus
843 3119 899 3175 in
925 3121 1206 3192 provincia
1235 3121 1551 3189 Rhemensi,
1589 3123 1743 3193 cujus
1789 3123 2096 3180 sollicitudo

498 3227 637 3266 meae
665 3209 972 3286 indignitati
1013 3217 1096 3266 est
1123 3226 1159 3266 a
1185 3211 1301 3266 Deo
1349 3211 1664 3280 commissa,
1708 3219 1763 3267 et
1803 3212 2094 3286 unicuique

501 3285 802 3355 secundum
829 3299 1075 3354 ordinem
1105 3307 1158 3354 et
1185 3315 1482 3370 personam
1504 3316 1571 3357 ac
1591 3300 1902 3374 qualitatem
1921 3285 2093 3372 suam,

496 3390 639 3442 inter
667 3402 806 3458 quos
835 3394 890 3441 et
918 3394 977 3442 tu
1007 3387 1404 3455 annumeraris,
1453 3405 1537 3445 va:
1581 3389 1714 3444 mihi
1752 3398 1854 3457 est,
1895 3390 1942 3444 si
1986 3406 2098 3446 non

498 3475 767 3544 docendo,
801 3475 1182 3546 custodiendo,
1213 3476 1518 3544 suadendo,
1550 3476 1905 3550 increpando,
1952 3479 2098 3534 mul-

495 3564 694 3631 cendo,
729 3564 1000 3631 terrendo,
1033 3564 1322 3636 aliquando
1365 3564 1579 3634 leniter,
1623 3565 1919 3639 aliquando
1964 3583 2097 3623 vero

498 3652 739 3708 severius
768 3653 1005 3726 agendo,
1037 3668 1140 3724 pro
1168 3653 1375 3709 viribus
1405 3662 1458 3709 et
1484 3662 1646 3726 captu
1672 3670 1797 3711 meo
1825 3655 2100 3728 evangeli-

496 3756 691 3797 zavero
721 3739 819 3795 tibi
846 3755 972 3796 cum
999 3740 1141 3811 aliis,
1174 3757 1296 3812 quae
1325 3741 1395 3796 ad
1414 3740 1576 3798 fidem
1598 3751 1820 3815 rectam,
1843 3752 1898 3800 et
1922 3744 2098 3801 bonos

496 3844 697 3898 mores,
727 3835 888 3900 atque
918 3829 989 3883 ad
1017 3829 1192 3884 bonas
1221 3829 1465 3887 actiones
1495 3831 1786 3901 pertinent,
1806 3831 1863 3888 in
1892 3833 2098 3888 sanctis

497 3915 792 3989 Scripturis
847 3924 1008 3988 atque
1064 3917 1235 3972 sacris
1290 3918 1588 3974 canonibus
1638 3928 1848 3976 rectam
1893 3920 2098 3978 habere

499 4004 936 4079 intelligentiam,
970 4012 1024 4060 et
1051 4005 1360 4061 continuam
1389 4006 1808 4081 observantiam,
1845 4016 1899 4065 et
1928 4010 2099 4065 humi-

492 4094 720 4161 litatem,
753 4101 918 4166 atque
946 4094 1310 4151 obedientiam
1338 4095 1439 4151 tibi
1482 4097 1744 4169 prelatis,
1795 4100 2097 4156 secundum

495 4190 715 4240 sanctas
745 4183 1078 4256 Scripturas,
1102 4191 1157 4240 et
1185 4184 1410 4240 eosdem
1431 4201 1615 4243 saeros
1635 4202 1873 4244 canones
1891 4187 2098 4261 depen-

495 4273 749 4339 dendam,
781 4280 834 4328 et
862 4272 961 4327 tibi
992 4272 1221 4329 subditis
1252 4274 1620 4331 necessariam
1651 4276 2090 4344 sollicitudinem,

493 4370 546 4417 et
576 4361 985 4433 benignitatem,
1020 4369 1183 4434 atque
1211 4363 1538 4419 modestiam
1563 4364 2008 4436 impendendam,
2041 4374 2096 4422 et

485 4451 546 4505 in
601 4450 687 4505 his
735 4449 1048 4506 continuum
1105 4449 1353 4506 laborem
1397 4459 1560 4523 atque
1606 4455 2123 4523 perseverantiam”

2116 3166 2171 3236 Ο

2202 573 2314 612 non
2341 556 2472 624 vidi,
2503 558 2573 614 de
2601 556 2797 631 quibus
2825 556 3156 630 reprehendi
3182 566 3234 614 te
3261 558 3443 626 audio,
3474 562 3658 616 tacere
3704 558 3807 615 tibi

2201 660 2312 700 non
2341 635 2536 714 audeo,
2568 653 2621 701 et
2651 664 2772 719 quas
2798 644 3087 703 adversum
3114 663 3224 716 me,
3256 646 3454 705 rationi
3473 655 3528 705 et
3552 646 3800 705 auctori-

2201 732 2300 787 tati
2327 741 2490 806 atque
2522 734 2684 790 saluti
2712 742 2822 791 tuae
2848 735 3140 802 contraria,
3173 744 3474 809 contraque
3522 732 3662 793 alios
3704 735 3807 793 tibi

2201 820 2343 876 male
2375 837 2484 878 non
2511 822 2752 889 meritos,
2777 823 2973 896 quibus
3001 832 3158 895 potes
3179 820 3553 880 molitionibus
3573 822 3803 899 satagis,

2201 909 2347 965 unde
2377 909 2524 982 apud
2553 910 2802 967 homines
2831 911 3224 968 inconveniens
3269 928 3472 969 nomen
3517 912 3803 985 episcopo,

2201 1004 2254 1052 et
2281 996 2589 1068 periculum
2620 996 2791 1054 habes
2820 1015 3006 1055 coram
3034 1000 3288 1069 Domino,
3339 1017 3460 1074 quas
3487 996 3639 1058 nullo
3664 1017 3803 1057 ran-

2200 1100 2328 1141 core
2357 1087 2454 1141 sed
2481 1085 2574 1158 pio
2604 1086 2772 1143 animi
2805 1086 2994 1144 dolore
3045 1104 3434 1156 commemoro,
3477 1087 3575 1145 tibi
3617 1096 3806 1146 tacere

2200 1188 2313 1228 non
2338 1172 2534 1241 debeo,
2567 1190 2693 1230 cum
2722 1175 2985 1232 Dominus
3013 1175 3160 1233 dicat
3191 1193 3204 1232 :
3238 1177 3316 1234 Ne
3343 1176 3528 1235 oderis
3555 1179 3804 1251 fratrem

2202 1264 2366 1317 tuum
2413 1262 2478 1318 in
2524 1264 2688 1319 corde
2731 1267 2846 1331 tuo,
2899 1264 2997 1320 sed
3035 1266 3259 1338 publice
3304 1280 3478 1338 argue
3525 1282 3676 1334 eum,
3728 1283 3802 1323 ne

2202 1348 2404 1406 habeas
2433 1367 2606 1423 super
2634 1351 2733 1409 illo
2761 1357 3059 1424 peccatum
3086 1352 3288 1424 (Leuit.
3320 1353 3483 1425 xxx);
3527 1362 3580 1411 et
3616 1353 3749 1411 item
3782 1369 3798 1410 :

2199 1436 2260 1492 Si
2292 1441 2611 1510 peccaverit
2653 1440 2717 1494 in
2768 1444 2822 1496 te
2860 1442 3046 1512 frater
3104 1444 3254 1507 tuus,
3306 1442 3542 1517 increpa
3588 1443 3801 1511 illum;

2199 1526 2254 1580 si
2305 1527 2711 1598 paenitentiam
2767 1528 2961 1600 egerit,
3005 1526 3232 1586 dimitte
3278 1528 3374 1586 illi
3429 1529 3588 1601 (Luc.
3629 1530 3796 1603 xvu).

2198 1612 2324 1668 Non
2352 1613 2520 1688 igitur
2544 1615 2704 1670 nobis
2734 1612 3028 1673 tacendum
3056 1625 3138 1672 est
3166 1632 3230 1674 ea
3256 1633 3380 1690 qua
3404 1615 3473 1674 ad
3509 1618 3802 1675 dicendum

2201 1709 2326 1757 sunt
2353 1703 2684 1771 necessaria,
2718 1703 2806 1760 vel
2833 1703 2919 1760 his
2948 1720 2981 1760 a
3011 1704 3205 1777 quibus
3231 1702 3583 1774 honoramur,
3606 1706 3693 1763 vel
3712 1707 3802 1763 his

2200 1804 2234 1844 a
2252 1789 2446 1862 quibus
2461 1792 2876 1861 contemnimur,
2905 1808 3028 1849 cum
3056 1792 3322 1849 Dominus
3350 1792 3643 1868 unicuique
3688 1811 3800 1852 no-

2200 1886 2374 1934 strum
2389 1879 2536 1936 dicat
2565 1897 2582 1936 :
2613 1883 2751 1937 Ecce
2772 1880 2902 1937 dedi
2914 1883 3125 1954 faciem
3147 1886 3308 1939 tuam
3327 1884 3696 1941 valentiorem
3714 1887 3803 1956 fa-

2199 1967 2385 2024 ciebas
2420 1984 2635 2036 eorum,
2669 1972 2727 2025 et
2753 1972 3004 2042 frontem
3025 1974 3186 2027 tuam
3200 1971 3487 2028 duriorem
3512 1973 3799 2045 frontibus

2199 2071 2393 2112 eorum
2416 2076 2434 2111 :
2455 2060 2521 2113 ut
2537 2057 2904 2140 adamantegn
2923 2063 2980 2114 et
3009 2058 3230 2116 silicem
3260 2056 3390 2116 dedi
3403 2060 3615 2132 faciem
3634 2064 3798 2119 tuam

2200 2144 2421 2214 (Επειδὴ.
2453 2144 2560 2218 ιιι),
2591 2152 2649 2201 ut
2674 2161 2778 2202 nec
2804 2145 3146 2204 subditorum
3182 2146 3541 2205 humilitatem
3588 2146 3796 2206 debea-

2198 2248 2320 2287 mus
2347 2230 2693 2302 erubescere,
2725 2249 2828 2290 nec
2857 2233 3171 2307 superbiam
3198 2234 3510 2293 formidare.
3559 2236 3668 2294 Sed
3692 2254 3798 2295 nec

2198 2318 2543 2386 honorantes,
2572 2338 2673 2378 nec
2701 2329 3111 2379 contemnentes
3137 2338 3242 2380 nos
3280 2322 3579 2382 admonere
3621 2326 3797 2385 debe-

2196 2424 2320 2463 mus
2349 2409 2698 2478 erubescere,
2728 2427 2853 2467 cum
2894 2410 3112 2468 Veritas
3158 2411 3303 2469 dicat
3334 2429 3348 2469 :
3382 2415 3487 2484 Qui
3521 2431 3612 2472 me
3658 2430 3797 2471 eru-

2197 2497 2387 2553 buerit
2412 2502 2469 2554 et
2497 2515 2648 2556 meos
2679 2514 2982 2567 sermones,
3008 2500 3158 2558 hunc
3172 2501 3330 2570 ﬁlius
3350 2501 3594 2560 hominis
3609 2503 3799 2561 erube-

2197 2588 2334 2654 scet,
2368 2603 2499 2642 cum
2524 2589 2743 2644 venerit
2769 2590 2834 2644 in
2862 2591 3160 2662 majestate
3179 2606 3286 2647 sua
3314 2590 3468 2662 (Luc.
3486 2590 3591 2661 Ix).
3614 2590 3727 2648 Sed
3742 2599 3799 2648 et

2197 2689 2361 2746 quem
2388 2673 2444 2729 in
2472 2673 2586 2731 suis
2627 2674 2836 2731 actibus
2884 2674 3170 2745 inﬁrmari,
3216 2677 3304 2734 vel
3349 2678 3408 2734 in
3452 2678 3797 2747 contumacia

2196 2777 2522 2833 permanere
2549 2763 2934 2836 conspicimus,
2958 2764 3302 2822 remissiores
3330 2774 3384 2822 et
3412 2766 3796 2825 clementiores

2195 2866 2298 2906 nos
2327 2850 2454 2918 illis,
2487 2867 2662 2924 usque
2691 2852 2820 2908 dum
2848 2852 3134 2910 ﬁrmentur
3146 2868 3212 2912 ac
3231 2854 3592 2929 corrigantur,
3612 2864 3798 2914 osten—

2195 2938 2325 2994 dere
2354 2954 2465 2994 non
2494 2939 2778 2996 debemus.
2815 2942 2972 2999 Unde
3019 2943 3281 3015 scriptum
3325 2950 3410 3000 est
3441 2960 3456 2999 :
3488 2944 3650 3002 Filia:
3693 2945 3799 3002 tibi

2195 3030 2352 3095 sunt,
2377 3044 2536 3085 serva
2551 3046 2752 3103 corpus
2771 3031 3029 3098 illarum,
3053 3034 3245 3090 etnon
3263 3032 3527 3090 ostendas
3547 3033 3794 3091 hilarem

2198 3114 2405 3184 faciem
2435 3120 2594 3174 tuam
2636 3117 2710 3175 ad
2736 3118 2870 3176 illas
2911 3118 3108 3192 (Eccli.
3142 3120 3264 3192 vn).
3315 3118 3551 3178 Inﬁrmze
3593 3120 3796 3194 quippe

2199 3203 2416 3274 animae,
2436 3213 2598 3278 atque
2627 3204 2696 3262 ad
2725 3206 3021 3279 appetitum
3046 3208 3233 3264 mundi
3261 3208 3479 3278 deditae,
3498 3208 3795 3282 aliquando

2193 3291 2390 3348 melius
2421 3310 2485 3348 ex
2517 3294 2802 3352 severitate
2833 3305 3135 3368 servantur,
3159 3305 3218 3353 ut
3244 3294 3535 3354 obﬁrmata
3554 3296 3713 3369 facie,
3736 3298 3797 3355 id

2196 3388 2280 3435 est
2307 3397 2409 3453 per
2439 3383 2746 3439 severitatis
2775 3383 3098 3453 custodiam,
3140 3385 3210 3440 ab
3253 3387 3403 3442 omni
3450 3402 3547 3459 spe
3588 3386 3795 3443 frivola:

2194 3469 2538 3526 remissionis
2567 3468 2820 3540 obducta,
2853 3473 3251 3530 inconstantem
3283 3474 3522 3532 animam
3566 3482 3793 3541 terreat,

2195 3564 2358 3630 atque
2412 3575 2444 3613 a
2500 3559 2861 3617 delectatione
2903 3561 3159 3618 vitiorum
3203 3562 3554 3620 districtionis
3599 3563 3797 3637 vigore

2195 3646 2552 3720 constringat.
2584 3647 2742 3718 Quod
2771 3666 2895 3705 cum
2925 3664 2959 3706 a
2987 3650 3209 3708 doctore
3237 3651 3432 3724 agitur,
3455 3667 3677 3726 semper
3693 3666 3795 3711 ne-

2195 3750 2352 3792 cesse
2381 3743 2462 3792 est
2490 3744 2547 3793 ut
2573 3735 2806 3796 dulcedo
2835 3747 2887 3795 et
2918 3738 3194 3796 humilitas
3228 3739 3285 3796 in
3313 3741 3478 3798 corde
3521 3748 3790 3812 teneatur,

2196 3831 2465 3896 quatenus
2494 3833 2548 3880 et
2577 3826 2807 3882 multum
2833 3836 2999 3900 amet,
3029 3836 3084 3884 et
3108 3844 3389 3902 nunquam
3431 3837 3623 3888 contra
3663 3845 3793 3888 eum

2197 3929 2359 3984 quem
2388 3913 2630 3988 corrigit,
2659 3931 2760 3988 per
2788 3908 3076 3975 elationem
3117 3917 3418 3990 superbiat,
3469 3919 3557 3977 cui
3605 3926 3791 3977 tamen

2195 4014 2438 4058 amorem
2492 4020 2670 4073 suum,
2729 4012 2782 4061 et
2835 4005 3194 4063 humilitatem
3235 4023 3338 4079 pro
3391 4006 3618 4065 utilitate
3672 4008 3792 4079 ejus

2191 4091 2430 4162 prodere
2459 4101 2692 4149 recusat.
2723 4091 2853 4150 Mihi
2879 4111 3036 4169 ergo,
3065 4094 3140 4150 fili
3160 4103 3213 4152 et
3231 4103 3590 4169 contemptor,
3612 4104 3668 4152 et
3694 4095 3794 4153 tibi

2191 4195 2406 4251 parces,
2440 4179 2488 4237 si
2514 4197 2546 4236 a
2573 4182 2912 4240 contumacia
2936 4183 3138 4251 cordis,
3169 4193 3221 4241 et
3247 4185 3317 4240 ab
3345 4185 3635 4243 inconditis
3663 4201 3788 4243 rno-

2192 4267 2364 4339 ribus,
2383 4274 2543 4344 atque
2568 4270 3078 4328 inconvenientibus
3096 4273 3309 4331 actibus
3327 4274 3650 4347 resipueris.
3668 4270 3791 4333 Tibi

2192 4365 2246 4413 et
2272 4357 2404 4414 mihi
2433 4374 2670 4431 parcam,
2704 4361 2923 4434 quando
2951 4376 3038 4430 ea,
3071 4378 3191 4435 quas
3233 4362 3304 4420 de
3349 4370 3403 4419 te
3449 4363 3789 4436 displicenda

2193 4446 2439 4514 audiero,
2473 4456 2563 4504 aut
2592 4448 2921 4522 corrigenda
2948 4446 3006 4505 in
3031 4458 3082 4506 te
3110 4450 3302 4508 videro
3330 4451 3418 4509 vel
3445 4467 3783 4527 cognovero,

488 4537 628 4608 Quia
657 4554 782 4594 cum
814 4537 1009 4594 dicitur
1035 4537 1196 4593 nobis
1223 4520 1692 4612 qualibuscunque
1725 4543 2085 4612 speculatori-
2112 4520 2168 4588 D
2191 4550 2301 4588 non
2331 4534 2541 4591 ιδοθῢο-
2576 4535 2644 4591 Ut
2672 4520 2842 4610 igiiul'
2866 4553 2973 4612 ego
3001 4553 3110 4594 non
3133 4547 3360 4607 taceam,
3385 4547 3440 4596 et
3466 4520 3787 4597 tu'libenter

492 4627 592 4682 bus
627 4645 639 4682 :
675 4627 819 4696 Quia
846 4629 1079 4699 sanguis
1122 4629 1279 4683 nobis
1307 4627 1680 4697 subditorum,
1725 4632 1776 4686 si
1823 4647 1936 4688 non
1979 4649 2088 4689 an-

498 4718 960 4774 nuntiaverimus
989 4718 1092 4782 eis,
1123 4716 1190 4772 de
1221 4716 1478 4771 manibus
1520 4719 1732 4774 nostris
1770 4721 2092 4790 requiratur

488 4803 710 4867 (Ezech.
745 4805 849 4875 ιιι),
882 4812 1108 4877 augetur
1136 4811 1333 4860 metus.
1359 4803 1500 4873 Quia
1516 4804 1633 4859 siin
1663 4806 1921 4876 subjectis
1952 4807 2086 4879 suis,

488 4889 538 4944 is
566 4890 656 4962 qui
685 4893 942 4961 praelatus
971 4894 1042 4948 ad
1073 4893 1466 4964 speculandum
1494 4901 1596 4959 est,
1621 4893 1784 4948 etiam
1813 4895 1883 4951 de
1912 4904 2089 4952 morte

489 4978 732 5049 corporis
761 4981 1090 5054 quandoque
1118 4982 1368 5038 morituri
1400 4990 1512 5037 tam
1531 4982 1774 5055 graviter
1792 4999 1916 5040 reus
1939 4992 2091 5042 tene-

490 5076 596 5137 tur,
630 5083 739 5139 quo
788 5077 943 5124 reatu
971 5070 1039 5125 de
1086 5078 1261 5126 morte
1302 5071 1498 5127 animae
1537 5071 1907 5141 subjectorum
1950 5090 2086 5131 con-

490 5155 791 5227 stringitur,
845 5173 966 5230 qua
1006 5159 1269 5229 potuisset
1311 5176 1531 5231 semper
1577 5160 1780 5232 vivere,
1832 5160 1880 5217 si
1919 5164 2087 5219 verba

487 5244 848 5315 correptionis
893 5245 1188 5302 audisset?
1227 5248 1464 5322 Sanguis
1508 5265 1645 5323 ergo
1691 5251 1974 5307 morientis
2017 5253 2087 5309 de

438 5356 455 5367 ι
482 5333 735 5390 manibus
765 5334 1124 5407 speculatoris
1155 5336 1469 5408 requiritur,
1504 5337 1627 5410 quia
1655 5347 1941 5411 peccatum
1956 5343 2086 5398 sub-

483 5423 580 5481 diti
609 5424 784 5496 culpai
813 5423 1090 5496 praepositi
1139 5424 1184 5480 si
1230 5425 1457 5481 tacuerit
1501 5435 1796 5500 reputatur.
1848 5432 1917 5486 Et
1957 5432 2087 5505 quia

484 5512 818 5586 frequenter.
856 5513 1011 5583 juxta
1052 5513 1473 5585 praceptionem
1521 5516 1758 5587 Domini,
1805 5520 1986 5576 verbis
2032 5527 2086 5576 et

483 5602 690 5670 litteris,
725 5611 938 5661 secreto
964 5619 1066 5675 per
1093 5619 1184 5660 me
1213 5611 1268 5659 et
1296 5619 1423 5660 cum
1450 5605 1589 5673 aliis,
1622 5616 1672 5664 te
1701 5607 1962 5680 corripui,
1986 5610 2085 5665 sed

2191 4620 2404 4691 audias,
2437 4631 2597 4696 atque
2628 4623 2906 4695 obaudias,
2941 4626 3353 4684 consideremus
3387 4628 3596 4701 pariter
3621 4645 3787 4702 quam

2190 4708 2329 4766 liber
2356 4727 2389 4765 a
2413 4710 2828 4768 commissorum
2857 4713 2959 4769 sibi
2983 4715 3252 4789 sanguine
3266 4714 3441 4773 fuerat
3455 4713 3786 4790 praedicator

2190 4798 2469 4872 egregius,
2499 4799 2592 4872 qui
2619 4800 2832 4857 dicebat
2864 4819 2878 4856 :
2912 4803 3150 4860 Mundus
3167 4821 3297 4862 sum
3314 4823 3350 4862 a
3367 4806 3647 4878 sanguine
3666 4823 3789 4864 om-

2189 4888 2353 4944 nium
2384 4893 2653 4956 vestrum,
2688 4907 2801 4947 non
2831 4893 2985 4948 enim
3005 4894 3323 4967 subterfugi
3335 4910 3442 4968 quo
3462 4895 3658 4952 minus
3678 4912 3784 4952 an-

2189 4979 2523 5034 nuntiarem
2551 4994 2716 5035 omne
2740 4983 3043 5038 consilium
3074 4983 3177 5038 Dei
3212 4984 3358 5041 vobis
3385 4984 3532 5056 (Act.
3568 4984 3694 5057 xx).
3724 4982 3785 5040 Si

2188 5065 2334 5120 enim
2353 5082 2464 5121 non
2479 5067 2875 5141 annuntiasset,
2893 5070 3126 5127 mundus
3141 5087 3176 5126 a
3190 5071 3454 5144 sanguine
3469 5089 3659 5129 eorum
3673 5086 3783 5129 non

2189 5162 2333 5211 esset
2357 5172 2370 5209 :
2395 5154 2493 5210 sed
2515 5154 2710 5228 quibus
2729 5173 2889 5214 omne
2905 5159 3191 5215 consilium
3209 5161 3313 5216 Dei
3331 5162 3652 5218 annuntiare
3671 5169 3789 5218 stu-

2186 5241 2319 5310 duit,
2337 5242 2404 5298 ab
2424 5260 2613 5301 eorum
2632 5246 2900 5320 sanguine
2929 5248 3164 5304 mundus
3191 5248 3307 5305 fuit.
3328 5251 3389 5306 In
3411 5266 3514 5323 qua
3528 5265 3665 5309 voce
3684 5265 3786 5306 nos

2187 5332 2556 5401 convenimur,
2588 5350 2690 5392 nos
2713 5335 3160 5411 constringimur,
3182 5354 3285 5395 nos
3305 5339 3386 5395 rei
3401 5355 3526 5396 esse
3544 5338 3788 5397 ostendi-

2185 5436 2324 5487 mur,
2360 5422 2452 5494 qui
2480 5424 2789 5482 sacerdotes
2817 5432 2869 5481 et
2911 5425 3117 5498 praelati
3159 5442 3440 5496 vocamur,
3486 5427 3580 5502 qui
3621 5444 3787 5502 super

2186 5525 2251 5564 ea
2277 5510 2419 5567 mala
2446 5528 2568 5585 quae
2594 5513 2819 5586 propria
2844 5513 3109 5572 habemus
3137 5514 3340 5573 alienas
3371 5530 3593 5591 quoque
3628 5532 3781 5575 mor-

2187 5617 2269 5666 tes
2295 5609 2564 5674 addimus.
2589 5611 2822 5684 quiastot
2850 5611 3171 5683 Occidimus,
3195 5622 3327 5689 quot
3356 5615 3427 5672 ad
3456 5623 3689 5674 mortem
3702 5615 3782 5674 ire
