4164 6302
343 310 448 368 ιω

1047 309 1294 366 OPUSC.
1357 311 1448 365 ET
1500 309 1718 366 EPlST.
1778 309 1850 364 IN
1898 307 2124 364 CAUSA
2179 309 2522 365 ﬂlNCMAM
2573 309 2887 367 LAUDUN.

3546 319 3650 372 LM

355 431 598 503 quotidie
619 433 787 504 tepidi
832 440 887 488 et
913 441 1156 490 tacentes
1203 434 1468 502 videmus,
1501 441 1580 489 et—
1603 433 1961 489 solertissime
1990 431 2043 493 Α
2067 431 2170 486 bus
2201 431 2332 488 dicit
2361 433 2545 505 (epist.
2581 436 2668 499 15,
2691 435 2763 490 ad
2781 435 3164 505 Pulcheriam)
3197 455 3210 492 :
3247 460 3268 488 ε
3334 439 3510 504 Sedis,
3568 439 3658 495 in-

353 520 718 588 attendamus,
751 521 880 593 quia
924 537 1037 577 non
1065 521 1262 578 sufﬁcit
1297 530 1498 578 tantum
1534 522 1582 577 si
1623 523 1792 578 verbo
1840 522 1959 577 sine

353 607 500 664 bono
518 609 768 680 exemplo
787 609 1164 680 pradicemus,
1189 611 1316 682 quia
1335 611 1491 681 cujus
1511 611 1622 666 vita
1640 609 1956 681 despicitur,

355 705 526 752 restat
554 705 612 751 ut
642 705 695 752 et
721 697 1038 768 praedicatio
1069 707 1480 765 contemnatur;
1513 707 1567 754 et
1599 715 1611 754 :
1649 700 1754 767 Qui
1798 717 1963 754 man-

360 785 562 840 datum
577 786 809 842 solverit
827 789 884 840 et
900 787 1170 853 docuerit,
1195 787 1285 842 hic
1303 787 1580 843 minimus
1594 787 1882 844 vocabitur
1898 789 1961 842 in

361 890 530 946 regno
547 875 814 930 caelorum
827 895 846 942 ;
860 876 959 947 qui
969 879 1162 930 autem
1175 877 1381 946 fecerit
1391 875 1729 941 etdocuerit,
1745 875 1838 931 hic
1849 893 1965 930 ma-

355 979 502 1034 gnus
518 961 808 1020 vocabitur
826 964 889 1019 in
905 979 1079 1034 regno
1095 964 1364 1020 caelorum
1380 964 1596 1035 (Matth.
1623 965 1703 1035 v),
1737 963 1794 1018 id
1815 962 1965 1019 estin

357 1050 606 1106 Ecclesia
617 1049 908 1118 iustorum.
933 1050 1102 1124 Igitur
1116 1051 1328 1124 corrige
1344 1053 1460 1107 haec
1481 1068 1603 1123 quae
1619 1050 1799 1122 egisti,
1823 1059 1875 1108 et
1897 1051 1966 1106 de

359 1147 559 1197 caetero
588 1138 821 1194 sollicite
839 1139 1013 1205 stude,
1038 1155 1106 1194 ne
1122 1139 1433 1210 huiusmodi
1444 1141 1680 1211 probras
1694 1139 1961 1208 incurras,

358 1235 452 1283 aut
479 1227 781 1298 scripturas
807 1227 1164 1293 authenticas,
1201 1236 1292 1282 aut
1321 1245 1386 1283 ea
1416 1245 1538 1300 quae
1557 1229 1820 1284 Dominus
1866 1243 1967 1299 per

357 1325 579 1372 sanctos
609 1331 735 1371 suos
763 1315 975 1371 locutus
1004 1323 1086 1371 est
1114 1317 1538 1387 corrumpendo,
1561 1317 1688 1388 quia
1708 1316 1967 1388 scriptum

361 1411 445 1460 est
480 1421 493 1460 :
527 1405 648 1461 Non
676 1404 852 1460 addas
866 1405 1170 1478 quidqttam
1190 1406 1367 1462 verbis
1386 1405 1568 1472 illius,
1609 1410 1665 1462 et
1713 1406 1964 1477 aquaria,

356 1494 786 1565 iuveniarisque
808 1493 1060 1549 mendax
1074 1492 1260 1562 (Prov.
1277 1493 1438 1564 xxx).
1459 1491 1708 1561 Quodita
1718 1493 1971 1550 catholici

358 1581 618 1636 doctores
643 1587 920 1652 exponunt
944 1598 957 1634 :
987 1597 1058 1636 ne
1084 1597 1402 1652 corrumpas
1431 1581 1647 1654 eloquia
1658 1589 1969 1638 sanctarum

360 1669 784 1740 Scripturarum,
820 1669 969 1742 quod
997 1669 1221 1742 quidam
1247 1670 1508 1736 haeretici,
1539 1687 1608 1726 ne
1629 1671 1716 1726 his
1741 1671 1969 1728 convin-

360 1761 636 1824 cerentur,
667 1757 864 1814 fecisse
893 1765 1214 1814 noscuntur.

947 1865 1177 1922 CAPUT
1204 1865 1392 1921 XLIV.

369 1955 627 2023 Qualiter
653 1955 841 2010 redire
867 1953 1158 2081 valeatdad
1183 1959 1442 2027 paterna:
1464 1955 1768 2011 charitatis
1789 1955 1979 2010 dulce-

1097 2041 1268 2081 mem.

1097 2041 1268 2082 mem.

433 2113 612 2179 Unde,
642 2113 811 2169 frater
839 2120 895 2168 et
923 2113 1198 2186 quondam
1229 2113 1546 2169 dulcissime
1571 2113 1668 2182 ﬁli,
1719 2113 1812 2185 qui
1859 2113 1977 2168 exi-

365 2203 624 2275 gentibus
651 2201 892 2273 peccatis
912 2202 980 2256 de
1009 2201 1140 2257 nido
1185 2210 1431 2273 paterno,
1492 2202 1638 2258 velut
1689 2201 1974 2272 implunis,

365 2291 526 2346 citius
555 2305 723 2362 quam
751 2305 979 2346 necesse
1009 2289 1184 2346 fuerat
1215 2290 1466 2360 evolasti,
1499 2298 1555 2346 et
1570 2298 1869 2362 antequam
1889 2289 1980 2345 So-

367 2378 578 2435 liditate
619 2379 943 2449 plumarum,
1001 2378 1056 2432 id
1104 2386 1187 2433 est
1242 2378 1558 2434 humilitatis
1613 2386 1766 2434 veste
1819 2377 1979 2436 ﬁeres

366 2475 665 2539 protectus,
699 2467 858 2540 quasi
885 2467 1064 2522 nudus
1091 2467 1176 2522 his
1206 2467 1604 2522 animositatum
1652 2475 1706 2523 et
1751 2465 1976 2524 saecula-

368 2556 511 2612 rium
530 2555 886 2627 cupiditatum
914 2555 1085 2626 spinis
1115 2571 1178 2611 ac
1209 2547 1488 2627 vepribus,
1523 2556 1720 2627 quibus
1768 2556 1978 2612 lacera-

370 2644 470 2712 ris,
490 2644 758 2711 insedisti,
784 2660 876 2701 sec
896 2643 943 2699 si
958 2643 1198 2700 volueris
1219 2644 1394 2700 sacris
1407 2643 1618 2717 regulis
1637 2652 1693 2699 et
1724 2645 1977 2717 religioni

370 2733 717 2800 concordari,
736 2733 914 2806 gratia
943 2733 1045 2788 Dei
1076 2733 1195 2788 sine
1240 2731 1555 2788 difficultate
1581 2733 1649 2787 ad
1677 2733 1857 2790 cubile
1883 2749 1980 2804 pa-

372 2831 544 2879 terna
572 2821 878 2878 dulcedinis
919 2822 1098 2877 redire
1126 2821 1355 2888 valebis,
1391 2829 1440 2877 te
1471 2829 1594 2897 ante
1624 2821 1860 2892 teipsum
1890 2838 1978 2878 re-

367 2926 534 2982 pone,
567 2917 621 2974 et
649 2917 923 2965 memento
949 2910 1095 2965 unde
1124 2909 1407 2976 excideris,
1469 2918 1520 2964 et
1566 2926 1672 2983 age
1712 2910 1977 2981 paeniten-

375 2998 527 3054 tiam.
560 2997 720 3068 Quod
749 2998 797 3052 si
823 2997 1086 3064 volueris,
1119 3013 1348 3053 necesse
1374 3005 1458 3053 est
1479 3006 1537 3052 ut
1563 2998 1836 3072 intelligas
1877 3014 1979 3069 per

370 3087 552 3160 qualia
581 3094 634 3142 et
667 3093 862 3159 quanta
914 3087 1222 3158 delinquas,
1277 3085 1371 3158 qui
1427 3087 1574 3158 apud
1630 3095 1684 3142 te
1738 3094 1973 3154 tumens,

369 3175 504 3231 nulli
533 3175 760 3232 subesse
790 3175 964 3240 voles,
996 3182 1049 3229 et
1070 3174 1279 3230 cunctis
1299 3189 1536 3245 praeesse
1552 3190 1660 3230 non
1698 3183 1856 3246 potes
1891 3183 1978 3231 :et

371 3265 582 3320 idcirco
626 3279 808 3320 sacras
857 3263 1094 3334 regulas,
1154 3279 1414 3334 perverse
1460 3263 1894 3334 interpretando,
1927 3271 1981 3319 et

375 3369 514 3425 quas
541 3367 711 3423 prave
741 3351 1078 3423 interpretari
1108 3367 1218 3407 non
1236 3359 1412 3422 potes,
1447 3351 1604 3422 quasi
1633 3367 1742 3407 non
1775 3351 1900 3420 sint,
1922 3353 1980 3406 in

370 3442 476 3496 tuis
505 3440 917 3498 collectionibus
947 3457 1014 3496 ex
1043 3440 1223 3496 studio
1251 3440 1737 3512 pratermittendo,
1759 3441 1980 3497 convel-

375 3531 488 3586 lere
518 3529 743 3603 satagis,
777 3529 1098 3601 quibusdam
1127 3528 1292 3584 etiam
1318 3529 1388 3584 de
1412 3536 1508 3585 tuo
1554 3529 1799 3602 quaedam
1851 3545 1981 3586 con-

373 3628 458 3675 tra
486 3619 778 3675 veritatem
806 3617 1068 3684 immittis,
1089 3623 1145 3672 et
1171 3617 1300 3672 dum
1334 3616 1566 3674 invictus
1588 3633 1710 3673 esse
1764 3617 1980 3674 deside-

378 3723 488 3774 ras,
519 3706 758 3762 exterius
788 3723 910 3778 quae
939 3721 1050 3762 non
1074 3704 1244 3762 debes
1261 3705 1532 3770 defendis,
1555 3713 1608 3762 et
1624 3705 1850 3762 interius
1877 3721 1978 3762 ve-

379 3811 496 3853 ram
525 3795 877 3852 dilectionem
906 3793 1127 3861 amittis,
1160 3802 1214 3850 et
1245 3803 1298 3850 te
1335 3810 1370 3850 a
1405 3809 1673 3868 compage
1729 3794 1984 3852 fraternae

375 3883 703 3942 unanimatis
730 3883 984 3955 praesidis
1016 3901 1030 3937 :
1065 3883 1210 3954 quod
1237 3883 1356 3939 sine
1394 3883 1503 3938 ulla
1547 3883 1883 3940 dubitatione
1910 3883 1979 3938 de

375 3973 525 4030 illius
552 3971 870 4045 magisterio
888 3971 983 4026 tibi
997 3971 1301 4038 descendit,
1327 3971 1439 4043 qui,
1471 3980 1529 4026 ut
1554 3971 1816 4043 scriptum
1845 3979 1930 4028 est
1962 3990 1974 4027 :

381 4063 558 4119 Omne
577 4062 816 4118 sublime
835 4061 1008 4126 videt,
1028 4063 1086 4117 et
1101 4065 1188 4117 est
1205 4077 1312 4117 rea:
1331 4077 1504 4132 super
1521 4063 1813 4117 universos
1830 4061 1978 4130 ﬁlios

380 4150 684 4225 superbire,
707 4153 1005 4222 factusque
1025 4153 1196 4206 estut
1216 4151 1445 4205 nullum
1467 4150 1691 4205 timeret
1709 4149 1826 4219 (Job
1839 4149 1978 4219 xm);

379 4239 582 4313 quique
598 4238 732 4294 dixit
755 4255 768 4292 :
791 4239 1106 4296 Asceudam
1126 4255 1297 4310 super
1329 4237 1698 4294 altitudinem
1717 4238 1974 4305 nubium,

378 4329 592 4386 similis
604 4343 698 4384 ero
717 4327 1008 4384 Altissimo
1031 4327 1162 4398 (Isa.
1195 4326 1342 4397 xw).
1373 4327 1442 4381 Et
1457 4325 1586 4397 quia
1603 4325 1802 4381 divinae
1823 4326 1977 4380 ordi-

2006 3133 2057 3196 C

2067 519 2279 592 quiens,
2331 521 2645 592 apostolicae
2701 522 2998 578 moderatio
3054 525 3195 580 hanc
3245 528 3660 598 temperantiam

2066 607 2344 677 observat,
2377 618 2437 663 ut
2461 609 2704 665 severius
2729 618 2858 682 agat
2885 626 3009 666 cum
3039 611 3337 680 obduratis,
3371 623 3423 670 et
3442 617 3658 672 veniam

2067 696 2246 766 cupiat
2276 705 2540 768 prmstare
2569 697 2844 753 correctis.
2884 719 2906 748 »
2932 698 3105 767 Quam
3133 703 3547 772 temperantiam
3591 721 3659 760 ex

2067 784 2252 840 divino
2281 785 2602 857 magisterio
2622 787 2784 842 sedes
2811 787 3111 858 apostolica
3135 791 3392 860 suscepit,
3435 800 3487 847 et
3517 793 3660 848 hanc

2067 873 2320 928 omnibus
2347 873 2568 929 sedibus
2596 874 2914 930 imitandam
2942 876 3222 947 proposuit
3255 895 3268 931 :
3303 879 3658 950 quoniamer-

2068 975 2164 1015 ror
2193 960 2478 1016 confessus
2507 969 2560 1016 et
2586 971 2869 1020 correctus
2889 964 3004 1032 jam
3031 965 3194 1036 culpa
3221 974 3390 1033 caret,
3423 967 3548 1038 quia
3567 983 3668 1024 ve-

2069 1047 2214 1104 niam
2244 1049 2406 1105 habet
2437 1068 2450 1104 :
2487 1065 2645 1106 error
2673 1067 2804 1108 vero
2832 1053 3114 1108 convictus
3141 1069 3244 1110 nec
3259 1055 3341 1110 sic
3355 1065 3657 1123 correctus,

2071 1145 2122 1191 et
2161 1137 2377 1207 culpam
2421 1138 2583 1193 habet
2621 1147 2674 1194 et
2723 1140 2886 1196 venia
2931 1150 3098 1197 caret.
3155 1163 3178 1191 «
3232 1145 3319 1212 Et,
3366 1152 3424 1198 ut
3477 1146 3664 1218 Augu-

2071 1224 2243 1280 stinus
2295 1225 2444 1292 dicit,
2501 1227 2696 1282 melius
2759 1237 2844 1284 est
2910 1229 2965 1283 in
3021 1229 3180 1286 factis
3234 1231 3394 1288 malis
3448 1234 3667 1290 humilis

2071 1311 2366 1383 confessio,
2453 1331 2614 1385 quam
2677 1315 2734 1370 in
2791 1316 2950 1372 bonis
3017 1319 3256 1390 superba
3327 1321 3602 1394 gloriatio.
3639 1344 3660 1374 ιο

2069 1401 2140 1455 Et
2172 1401 2363 1456 beatus
2391 1403 2629 1458 Joannes
2670 1403 2725 1458 in
2775 1405 3111 1476 Apocalypsi
3145 1423 3283 1464 voce
3336 1409 3522 1466 divina
3568 1427 3663 1466 an-

2070 1489 2217 1560 gelo,
2249 1489 2306 1545 id
2353 1499 2436 1546 est
2492 1491 2750 1564 episcopo
2800 1493 3006 1564 Ephesi
3059 1494 3240 1551 dicit:
3289 1498 3493 1555 Memor
3547 1503 3664 1556 esto

2071 1575 2220 1634 unde
2241 1579 2540 1648 excideris,
2560 1584 2617 1635 et
2643 1597 2743 1652 age
2761 1583 3175 1651 pceuitenliam,
3201 1588 3471 1658 etprima
3498 1604 3668 1660 opera

2070 1669 2165 1737 [ac
2192 1684 2204 1720 :
2236 1668 2328 1722 sin
2349 1671 2562 1734 autem,
2617 1671 2777 1726 venio
2817 1671 2920 1726 tibi
2940 1675 3000 1726 et
3016 1674 3238 1730 movebo
3257 1675 3660 1732 candelabrum

1993 1779 2048 1840 Β
2073 1758 2238 1810 tuum
2261 1757 2326 1811 de
2351 1757 2464 1812 loco
2480 1772 2600 1823 suo,
2627 1759 2742 1813 nisi
2759 1759 3160 1832 paenitentiam
3175 1764 3355 1832 egeris
3370 1761 3555 1832 (Apoc.
3575 1764 3657 1836 ιι).

2080 1843 2148 1898 Ει
2176 1843 2394 1916 angelo,
2429 1843 2486 1900 id
2515 1853 2596 1900 est
2616 1845 2876 1918 episcOpo
2907 1847 3177 1906 Laodicia
3206 1849 3454 1907 ecclesiae
3500 1851 3663 1919 dicit;

2082 1932 2321 2004 Collyrio
2348 1935 2562 2005 inunge
2581 1935 2767 1990 oculos
2799 1939 2922 1992 tuos
2964 1941 3030 1993 ut
3075 1937 3264 1993 videas
3311 1939 3500 2012 (Apoc.
3559 1945 3664 2010 ιιι).

2078 2019 2317 2092 Collyrio
2346 2019 2545 2092 quippe
2574 2023 2762 2079 oculos
2790 2031 2848 2079 ut
2876 2025 3156 2080 videamus
3169 2025 3500 2098 inungimus,
3546 2045 3670 2086 cum

2079 2109 2150 2163 ad
2177 2109 2626 2180 conspiciendam
2655 2111 2770 2167 veri
2786 2112 3004 2168 luminis
3021 2113 3340 2170 charitatem
3358 2115 3668 2174 intellectus

2079 2197 2248 2252 nostri
2301 2197 2476 2254 aciem
2531 2199 2896 2256 medicamine
2951 2201 3283 2272 operationis
3328 2204 3667 2274 adjuvamus.

2079 2284 2278 2356 Sicque
2307 2285 2361 2340 in
2390 2295 2636 2343 mutuam
2665 2289 2894 2359 gratiam
2923 2289 3103 2346 redire
3131 2290 3451 2361 valebimus,
3485 2293 3534 2348 si
3553 2295 3671 2352 haec

2078 2381 2132 2427 et
2155 2373 2262 2428 alia
2290 2373 2388 2429 tibi
2407 2374 2667 2441 salubria,
2701 2384 2754 2430 et
2781 2376 3084 2433 ministerio
3111 2387 3300 2435 nostro
3348 2389 3668 2453 competen-
3722 2441 3742 2455 _

2077 2461 2172 2527 tia,
2206 2477 2370 2534 agere
2390 2471 2444 2516 et
2469 2463 2625 2535 sequi
2642 2463 2879 2520 volueris
2901 2481 2914 2518 :
2939 2465 3083 2536 quia,
3113 2474 3169 2522 ut
3189 2467 3318 2523 item
3348 2469 3539 2526 beatus
3560 2473 3669 2529 Leo

2077 2549 2206 2604 dicit
2240 2567 2254 2604 :
2293 2571 2314 2599 α
2347 2550 2572 2608 Dulcius
2609 2567 2839 2608 munera
2873 2553 3066 2624 gratia:
3105 2555 3303 2612 divinae
3317 2559 3670 2628 proveniunt,

2077 2637 2292 2708 quoties
2318 2654 2428 2693 non
2456 2639 2574 2696 sine
2602 2640 2820 2713 magnis
2848 2643 3139 2698 sudoribus
3186 2645 3561 2718 acquiruntur,
3581 2675 3598 2690 ε
3617 2657 3673 2704 et

2076 2727 2257 2782 minus
2284 2727 2458 2783 videri
2488 2728 2698 2784 bonum‘
2720 2729 2856 2785 solet
2882 2746 2988 2802 pax
3017 2731 3329 2791 continuata
3355 2751 3458 2805 per
3502 2736 3671 2792 otium

2078 2831 2244 2887 quam
2271 2816 2483 2871 reddita
2525 2833 2628 2888 per
2679 2817 2899 2874 labores
2931 2837 2946 2874 :
2975 2820 3093 2890 ipsa
3123 2837 3340 2894 quoque
3388 2825 3588 2880 veritas
3617 2834 3673 2882 et

2077 2903 2280 2960 clarius
2317 2905 2616 2972 renitescit,
2665 2913 2718 2962 et
2776 2905 2969 2962 fortius
3024 2908 3308 2978 retinetur,
3362 2912 3491 2967 dum
3550 2930 3672 2985 quae

2075 2993 2228 3062 prius
2260 2991 2396 3048 fides
2423 2993 2690 3064 docuerit,
2722 2995 2842 3052 haec
2868 3003 3061 3068 postea
3098 2999 3423 3056 examinatio
3477 3001 3675 3061 conﬁr-

2075 3081 2256 3136 marit.
2295 3100 2317 3130 ι
2349 3081 2474 3136 Noli
2503 3097 2636 3154 ergo
2665 3083 2886 3150 diutius,
2918 3093 3175 3155 tanquam
3205 3087 3350 3142 civili
3379 3088 3541 3155 bello,
3575 3106 3672 3146 no-

2079 3169 2206 3224 stris
2225 3176 2414 3225 contra
2443 3185 2545 3225 nos
2573 3171 2771 3226 erectis
2800 3172 2974 3243 signis
3011 3173 3288 3246 armisque
3317 3191 3586 3248 pugnare,
3619 3187 3676 3234 et

2079 3257 2374 3313 seditiones
2401 3272 2435 3312 a
2457 3259 2643 3313 multis
2672 3267 2725 3314 et
2753 3275 2854 3331 per
2881 3261 3080 3316 multos
3101 3279 3266 3332 super
3291 3265 3494 3320 multos
3521 3281 3671 3323 com-

2078 3359 2318 3418 pressae,
2353 3345 2600 3404 redivivo
2637 3349 2995 3405 contumaciae
3041 3349 3223 3406 furore
3261 3352 3318 3407 in
3373 3353 3668 3424 perniciem

2081 3442 2250 3502 tuam,
2281 3443 2333 3490 et
2362 3435 2623 3492 Ecclesiae
2666 3437 2945 3494 catholicae
2987 3441 3405 3496 commotionem
3453 3445 3670 3500 reexci-

2078 3531 2214 3580 tare.
2248 3523 2386 3580 Redi
2414 3525 2486 3579 ad
2514 3533 2798 3595 paternam
2827 3525 3146 3583 charitatem
3172 3529 3464 3597 humiliter,
3509 3549 3672 3604 quam

2078 3611 2454 3683 contempsisti
2472 3613 2880 3670 contumaciter.
2912 3615 3030 3670 Fiat
3049 3632 3176 3686 pax,
3217 3625 3274 3674 ut
3302 3617 3440 3674 dicis
3487 3620 3674 3678 beatus

2079 3699 2416 3772 Augustinus
2443 3696 2515 3758 d'e
2534 3702 2830 3760 Donatistis
2860 3711 3046 3760 contra
3092 3705 3392 3762 Ecclesiam
3445 3725 3506 3764 se
3560 3709 3672 3766 eri-

2077 3787 2353 3862 gentibus,
2388 3789 2444 3845 in
2473 3790 2669 3847 virtute
2695 3791 3019 3860 Jerusalem,
3053 3810 3174 3865 quae
3203 3795 3376 3851 virtus
3432 3799 3673 3856 charitas

2078 3884 2181 3945 est,
2211 3877 2298 3934 cui
2320 3886 2522 3934 sanctae
2550 3879 2766 3936 civitate
2795 3881 2996 3937 dictum
3028 3891 3110 3937 est
3141 3899 3156 3936 :
3181 3886 3306 3940 Fiat
3323 3903 3444 3958 pax
3473 3889 3534 3944 iu
3555 3891 3674 3946 vir—

2081 3969 2201 4022 tute
2215 3970 2336 4034 tua,
2361 3971 2418 4023 et
2437 3969 2789 4026 abundantia
2808 3969 2870 4024 in
2889 3971 3139 4027 turribus
3163 3973 3278 4030 tuis
3297 3973 3472 4043 (Psal.
3493 3981 3671 4046 exn).

2077 4053 2147 4108 Et
2173 4055 2284 4110 noli
2303 4061 2357 4110 te
2385 4055 2646 4111 extollere
2677 4064 2870 4112 contra
2897 4066 3198 4114 maternam
3227 4064 3543 4134 metropolis
3573 4073 3677 4120 tuae

2077 4142 2391 4214 generalem
2421 4143 2583 4198 totius
2625 4144 2922 4214 provinciae
2966 4146 3408 4216 sollicitudinem,
3461 4160 3515 4206 et
3543 4167 3674 4208 con-

2077 4235 2154 4285 tra
2181 4238 2462 4301 paternam
2492 4231 2774 4287 nutritoris
2795 4239 2848 4286 et
2877 4232 3205 4290 ordinatoris
3231 4237 3306 4290 tui
3364 4237 3671 4309 benignita-

2078 4326 2207 4387 tem,
2240 4334 2404 4390 quam
2427 4319 2523 4374 tibi
2553 4335 2677 4376 cum
2705 4321 2940 4390 caeteris,
2973 4321 3092 4398 sine
3124 4322 3310 4396 aliquo
3329 4324 3673 4394 detrimento,

375 4416 614 4473 nationis
644 4414 1054 4486 dispositionem
1083 4431 1321 4482 servare,
1345 4422 1400 4469 et
1423 4413 1681 4470 socialem
1726 4413 1894 4470 vitam
1923 4413 1979 4468 in
2077 4415 2284 4462 tantum
2314 4416 2371 4463 ut
2391 4416 2444 4464 le
2471 4424 2858 4482 recognoscas,
2894 4419 2947 4466 εἴ
2967 4413 3286 4484 ωθῑιὈΡοῙὶε
3305 4415 3674 4489 privilegium.

380 4505 524 4562 caelo
543 4513 735 4560 tenere
764 4519 874 4560 non
903 4503 1091 4572 voluit,
1125 4503 1340 4560 Lucifer
1371 4503 1463 4575 qui
1491 4517 1650 4558 mane
1702 4503 1980 4558 oriebatur
2007 4489 2066 4553 D
2083 4504 2134 4551 et
2165 4496 2562 4568 metropolitani
2592 4497 2831 4564 dilectio,
2865 4498 2981 4556 sine
3010 4499 3322 4560 difﬁcultate
3349 4505 3572 4575 cupiunt
3591 4521 3678 4562 ex-

381 4595 453 4650 de
485 4593 624 4650 cmlo
669 4593 884 4659 cecidit,
935 4601 988 4648 et
1031 4606 1221 4650 veram
1275 4592 1662 4648 beatitudinem
1729 4592 1984 4663 perdens,

381 4683 665 4740 miseriam
695 4682 1086 4752 sempiternam
1127 4681 1371 4752 incurrit,
1430 4681 1533 4736 sibi
1587 4682 1986 4737 consentientes

382 4781 438 4828 et
465 4773 836 4842 obsequentes
865 4779 1028 4843 atque
1055 4771 1354 4842 complices
1399 4771 1469 4826 de
1524 4769 1698 4826 beatis
1752 4771 1986 4825 miseros

381 4861 513 4918 fecit
531 4904 550 4930 ,
581 4868 636 4916 et
663 4860 802 4916 adeo
829 4859 888 4914 in
913 4859 1188 4915 miseriam
1216 4875 1373 4916 suam
1404 4859 1641 4915 excrevit
1666 4899 1679 4927 ,
1710 4867 1769 4914 ut
1801 4877 1860 4916 se
1891 4876 1984 4915 re-

378 4965 718 5022 cognoscere
760 4955 815 5004 et
856 4948 1143 5004 humiliare
1189 4963 1302 5004 non
1347 4948 1540 5020 possit.
1592 4947 1751 5017 Quod
1799 4947 1986 5004 vitium

378 5037 576 5108 primis
604 5036 922 5107 parentibus
954 5036 1156 5092 nostris
1183 5036 1426 5106 immisit,
1457 5045 1515 5091 ut
1555 5051 1711 5090 suam
1767 5035 1986 5107 culpam

382 5124 756 5197 delinquintes
783 5139 894 5180 non
921 5125 1164 5180 dicerent
1190 5125 1284 5180 sed
1325 5123 1379 5178 in
1407 5125 1589 5195 alium,
1648 5123 1902 5180 videlicet
1931 5124 1988 5178 in

386 5223 670 5272 auctorem
698 5230 809 5270 sua:
865 5213 1210 5280 conditionis,
1265 5228 1372 5269 non
1430 5221 1609 5268 autem
1660 5213 1981 5285 iniquitatis,

383 5311 708 5376 retorquere
731 5303 1027 5359 studerent.
1063 5302 1186 5372 Quo
1213 5302 1342 5359 vitio
1370 5301 1550 5357 adhuc
1603 5317 1712 5356 non
1765 5301 1986 5358 minime

383 5393 598 5450 laborat
615 5409 792 5466 genus
817 5393 1132 5460 humanum,
1167 5399 1221 5448 et
1248 5391 1415 5446 timeo
1443 5405 1509 5446 ac
1535 5390 1697 5446 doleo
1731 5391 1860 5462 quia
1880 5407 1986 5464 ego

385 5491 442 5538 ct
469 5491 528 5539 tu
564 5482 634 5538 ab
661 5483 768 5540 hoc
796 5481 926 5538 vitio
946 5481 1006 5537 in
1039 5489 1208 5538 totum
1229 5479 1394 5537 alieni
1409 5495 1520 5535 non
1539 5479 1730 5534 simus.
1755 5481 1986 5536 Attende

382 5572 554 5646 igitur
585 5579 696 5630 tota
724 5570 922 5630 mentis
949 5570 1249 5628 intentione
1278 5569 1448 5628 verba
1468 5568 1612 5626 beati
1625 5567 1844 5640 Leonis,
1867 5568 1984 5641 qui-

2085 4585 2294 4642 hihere.
2329 4586 2516 4642 Sciunt
2535 4587 2681 4642 enim
2711 4597 2762 4644 et
2791 4589 3082 4645 auctoritas
3107 4592 3419 4662 metrOpolis
3463 4601 3516 4650 et
3563 4611 3677 4650 me-

2085 4674 2464 4746 tropolitanus,
2497 4675 2648 4730 illum
2691 4691 2820 4732 vere
2876 4693 2998 4733 esse
3045 4695 3324 4750 magnum,
3371 4681 3462 4752 qui
3517 4683 3679 4740 totius

2085 4763 2395 4819 ambitionis
2423 4765 2585 4821 fuerit
2615 4763 2845 4832 alienus,
2877 4765 3090 4822 dicente
3121 4768 3352 4824 Domino
3386 4786 3400 4823 :
3437 4771 3680 4840 Quicun-

2085 4869 2187 4926 que
2198 4853 2438 4909 voluerit
2451 4855 2604 4909 inter
2616 4870 2705 4909 vos
2718 4855 2900 4925 major
2911 4854 2982 4922 [ie
2989 4857 3057 4919 ri,
3078 4857 3155 4910 sit
3167 4860 3350 4914 vester
3359 4860 3628 4919 minister
3661 4881 3674 4917 :

2086 4945 2143 4997 et
2155 4945 2472 5014 quicunque
2489 4944 2730 5000 voluerit
2741 4944 2896 4998 inter
2915 4960 3007 5000 vos
3018 4945 3238 5016 primus
3249 4963 3367 5004 esse
3379 4951 3488 5006 erit
3501 4957 3683 5008 vester

2085 5047 2298 5097 servus,
2321 5033 2471 5086 sicut
2481 5032 2638 5100 ﬁlius
2661 5032 2902 5088 lto-minis
2919 5049 3035 5089 non
3054 5035 3562 5106 venitmiuistrari,
3579 5042 3676 5097 sed

2084 5121 2418 5176 ministrare
2437 5119 2658 5185 (Matth.
2681 5119 2806 5189 xx).
2835 5141 2858 5170 α
2893 5121 2963 5176 Et
2984 5129 3182 5192 tamen,
3207 5125 3381 5198 inquit
3397 5127 3527 5196 Leo,
3558 5128 3674 5185 haec

2085 5207 2193 5263 illis
2246 5217 2373 5265 tunc
2448 5207 2842 5277 insinubantur,
2929 5212 3022 5282 qui
3055 5211 3125 5268 de
3171 5215 3370 5283 pusillo
3421 5217 3675 5272 volebant

2085 5311 2357 5364 crescere,
2391 5305 2444 5351 et
2471 5297 2540 5350 de
2570 5295 2750 5351 infinis
2775 5298 2844 5353 ad
2877 5316 3090 5356 summa
3121 5304 3376 5360 transire.
3415 5327 3436 5354 ››
3475 5308 3552 5360 'l‘u
3573 5323 3674 5362 au-

2085 5393 2215 5450 tem,
2249 5393 2306 5440 ut
2334 5385 2595 5456 scriptum
2625 5394 2728 5456 est,
2755 5387 2868 5457 jam
2887 5391 3150 5462 magister
3168 5391 3469 5464 infantium,
3502 5402 3554 5450 et
3574 5396 3672 5452 do-

2085 5481 2203 5530 ctor
2230 5473 2599 5545 insipientium
2627 5474 2820 5544 factus,
2852 5479 3024 5536 debes
3051 5480 3270 5538 modum
3317 5489 3429 5537 tum
3473 5497 3678 5554 cogno-

2085 5586 2260 5634 scere,
2293 5579 2344 5628 et
2375 5571 2469 5626 tibi
2499 5572 2750 5643 subditis,
2783 5591 2816 5631 a
2843 5575 3035 5648 quibus
3065 5578 3432 5636 obedientiam
3480 5581 3672 5652 exigis,
