4164 6316
494 330 598 394 L55

1462 330 1802 386 HINCMARI
1830 326 2229 384 RHEMENSIS
2255 325 2804 382 ARCHIEPISCOPI.

3686 326 3791 380 ‘56

493 459 848 516 humilitatem
876 455 1203 512 obedientia:
1229 454 1326 510 tibi
1357 453 1593 525 prelatis
1611 452 1977 524 dependendo
1996 451 2083 505 in-
2105 450 2161 512 A
2188 450 2285 505 tibi
2316 449 2518 506 collum
2547 449 2942 513 abscideretur,
2976 464 3143 521 quam
3159 449 3230 504 ab
3257 447 3352 503 illa
3408 446 3793 518 perducereris

492 549 709 604 sinuare
740 564 753 601 :
784 545 1087 617 praesertim
1142 552 1274 599 ’cum
1337 542 1556 598 ordines
1603 549 1656 596 et
1713 540 2086 615 distinctiones

492 637 874 707 episcoporum
905 633 1049 689 sacri
1080 648 1321 687 canones
1342 641 1395 685 et
1417 632 1636 685 decreta
1660 630 1806 683 sedis
1830 630 2087 684 Romana:

491 723 825 795 pontiﬁcum,
859 737 1073 777 necnon
1102 730 1155 775 et
1178 720 1333 792 leges
1364 734 1500 790 quas
1529 718 1779 773 Ecclesia
1809 718 2004 787 probat
2034 722 2089 769 et

493 820 696 879 servat,
731 809 1187 865 sufﬁcientissime
1220 808 1527 871 ostendant,
1561 814 1613 860 et
1636 804 2089 877 irrefragabiliter

492 900 809 957 conservari
838 899 1138 954 decernant
1171 914 1184 951 :
1221 911 1339 967 quae
1368 895 1414 949 si
1444 895 1565 964 quis
1612 892 1891 964 praesumit
1948 907 2087 947 con-

493 989 714 1052 vellere,
752 986 881 1059 quid
911 994 994 1041 est
1021 985 1164 1039 aliud
1205 983 1311 1038 nisi
1367 982 1607 1052 seipsum
1664 981 1730 1035 ab
1791 978 2091 1035 universali

496 1076 762 1139 Ecclesia,
797 1091 918 1146 quae
947 1073 1143 1145 partim
1167 1073 1281 1141 jam
1314 1071 1370 1124 in
1399 1070 1540 1125 coelo
1571 1085 1696 1124 cum
1728 1070 1840 1123 Deo
1871 1074 2087 1140 regnat,

498 1165 692 1235 partim
722 1171 905 1218 autem
934 1162 1112 1216 adhuc
1141 1160 1194 1213 in
1224 1159 1380 1214 terris
1402 1157 1802 1229 peregrinatur,
1829 1164 1882 1210 et
1911 1156 1978 1209 ad
1997 1169 2096 1225 pa-

497 1252 656 1307 triam
707 1251 986 1307 cmlestem
1033 1247 1289 1318 suspirat,
1322 1244 1669 1316 praecidere?
1698 1245 1873 1312 Unde,
1906 1242 2090 1307 frater,

498 1340 735 1395 maximo
763 1337 945 1393 cordis
975 1336 1165 1390 dolore
1192 1334 1494 1406 perculsus,
1530 1348 1701 1403 cogor
1754 1331 1851 1385 tibi
1906 1331 2095 1385 dicere

498 1428 643 1500 quad
673 1428 886 1498 Moyses
917 1433 969 1480 et
1000 1427 1184 1479 Aaron
1216 1422 1405 1477 rebelli
1427 1430 1481 1477 et
1504 1421 1606 1477 sibi
1625 1420 1826 1491 populo
1843 1418 2097 1474 resisten-

496 1516 536 1570 ti
555 1517 804 1569 dixerunt
836 1531 849 1567 :
885 1515 992 1569 Nec
1005 1516 1204 1568 contra
1216 1528 1317 1567 nos
1329 1515 1417 1566 est
1427 1526 1692 1565 murmur
1705 1512 1973 1572 vestrum,
1998 1506 2097 1562 sed

498 1608 696 1661 contra
710 1603 1034 1658 Dominum.
1051 1602 1156 1655 Nos
1174 1601 1327 1654 enim
1340 1599 1472 1671 quid
1484 1614 1680 1653 sumus
1702 1597 1935 1664 ?(Ea:od.
1951 1597 2097 1665 xvr.)

498 1693 569 1748 Et
592 1692 718 1747 licet
746 1707 836 1745 me
863 1690 998 1744 nihil
1028 1704 1151 1743 esse
1181 1703 1532 1759 cognoscam,
1564 1686 1678 1741 scio
1735 1692 1916 1739 tamen
1971 1682 2099 1754 quia.

498 1780 772 1836 servanda
802 1785 887 1833 est
914 1777 1046 1832 mihi
1091 1777 1148 1831 in
1202 1776 1370 1831 corde
1415 1774 1711 1838 humilitas,
1768 1780 1821 1827 et
1878 1770 2097 1843 quando

498 1883 663 1925 causa
692 1867 878 1939 exigit,
913 1866 968 1920 in
1008 1864 1273 1936 regimine
1328 1862 1631 1933 discipline
1684 1860 1962 1915 miscenda
2016 1868 2100 1915 est

498 1958 691 2013 lenitas
723 1971 847 2011 cum
879 1954 1194 2009 severitate.
1225 1951 1554 2007 Faciendum
1576 1950 1847 2021 quoddam
1863 1964 1929 2003 ex
1958 1955 2100 2003 utro-

499 2062 605 2118 que
662 2051 1165 2114 temperamentum,
1214 2049 1273 2095 ut
1342 2056 1518 2111 neque
1579 2038 1750 2093 multa
1807 2037 2101 2107 asperitate

505 2134 879 2191 exulcerentur
906 2129 1126 2193 subditi,
1159 2144 1336 2199 neque
1380 2127 1547 2181 nimia
1593 2126 1928 2199 benignitate
1984 2123 2100 2180 sol-

497 2230 693 2278 vantur
712 2221 833 2290 jura
863 2217 1163 2291 regiminis.
1198 2215 1355 2284 Quod
1380 2217 1530 2285 juxta
1544 2215 1695 2270 Pauli
1716 2230 1905 2270 vocem
1919 2214 2099 2283 (Hebr.

503 2311 608 2380 ιχ),
645 2311 783 2364 bene
812 2308 907 2362 illa
936 2305 1273 2362 tabernaculi
1295 2321 1427 2360 arca
1456 2303 1744 2375 signiﬁcat,
1771 2304 1825 2357 in
1846 2319 1949 2373 qua
1978 2317 2103 2357 cum

506 2397 705 2453 tabulis
736 2397 891 2469 virga
923 2394 1084 2449 simul
1112 2402 1165 2449 et
1192 2409 1389 2447 manna
1419 2401 1501 2447 est
1534 2410 1546 2446 :
1580 2392 1705 2463 quia
1752 2407 1875 2446 cum
1932 2405 2104 2444 sacra:

503 2486 795 2556 Scriptura
825 2483 1049 2539 scientia
1079 2483 1137 2537 in
1166 2482 1398 2537 redtoris
1426 2489 1650 2551 pectore
1680 2480 1758 2534 sic
1788 2494 1911 2533 esse
1940 2478 2105 2532 debet

504 2575 663 2647 virga
692 2571 1066 2637 districtionis,
1100 2578 1159 2625 ut
1189 2572 1255 2624 sit
1299 2570 1458 2625 etiam
1505 2584 1704 2623 manna
1749 2566 2053 2623 dulcedinis
2087 2584 2101 2620 :

503 2672 557 2719 et
585 2678 800 2717 rursum
829 2676 938 2716 non
968 2660 1037 2714 sit
1065 2667 1210 2714 tanta
1239 2659 1490 2722 dulcebo,
1527 2674 1593 2712 ne
1624 2658 1725 2711 hac
1747 2656 2104 2711 dissolutione

507 2750 594 2806 sui
621 2750 729 2805 loci
753 2749 952 2804 oblitus
982 2747 1105 2818 quis
1134 2754 1346 2817 pereat.
1377 2747 1514 2800 Nam
1544 2745 1680 2800 falsa
1707 2745 1906 2815 pietate
1936 2758 2104 2813 supe-

503 2846 675 2905 ratus,
711 2837 839 2909 quia
866 2836 1032 2891 ferire
1050 2835 1169 2889 Heli
1190 2835 1568 2905 delinquentes
1591 2834 1731 2888 ﬁlios
1753 2832 1942 2895 noluit,
1961 2829 2105 2901 apud

507 2926 810 2983 districtum
822 2924 1063 2993 judicem
1080 2923 1427 2993 semetipsum
1449 2938 1571 2976 cum
1591 2920 1717 2975 ﬁliis
1733 2919 1940 2975 crudeli
1958 2919 2107 2973 dam-

506 3015 726 3071 natione
756 3012 1046 3085 percussit.
1081 3011 1139 3066 Si
1155 3018 1334 3066 autem
1356 3010 1486 3063 mihi
1507 3010 1660 3064 locus
1676 3017 1728 3064 et
1749 3007 2103 3079 possibilitas,

511 3118 835 3177 quocunque
863 3099 1146 3156 obstaculo
1175 3098 1588 3163 intercludente,
1620 3097 1687 3151 ad
1719 3096 1773 3151 id
1804 3110 2106 3167 exsequen-

507 3192 635 3247 dum
651 3192 798 3263 quod
810 3190 988 3245 debeo
1009 3188 1262 3256 defuerit,
1285 3202 1484 3257 ponam
1512 3185 1845 3256 sartaginem
1867 3184 2005 3239 inter
2018 3199 2108 3238 me

508 3288 563 3336 et
581 3281 935 3335 obsistentem
948 3277 1099 3339 mihi,
1117 3291 1331 3330 murum
1349 3274 1604 3339 ferreum,
1628 3282 1685 3329 ut
1700 3274 1799 3329 zeli
1812 3272 2109 3328 munitione

511 3367 796 3435 defendar,
829 3382 899 3422 ne
928 3366 1216 3421 destitutus
1246 3379 1349 3434 pro
1379 3362 1736 3418 dissolutione
1756 3361 2105 3417 condemner.

1093 3488 1320 3545 CAPUT
1347 3487 1511 3542 XLV.

515 3582 582 3639 Ut
599 3580 927 3638 recordetur
954 3577 1253 3650 quantain
1274 3576 1572 3650 dulcedine
1588 3576 1771 3650 fuerit
1787 3573 1955 3629 initio
1986 3573 2109 3644 epi-

775 3647 1051 3720 scopatus,
1074 3653 1130 3705 et
1149 3648 1389 3718 deponat
1411 3647 1861 3722 animositatem.

586 3740 847 3797 Tandem.
874 3736 1042 3792 frater
1071 3745 1125 3791 et
1155 3735 1251 3799 ﬁli,
1284 3750 1480 3790 moneo
1509 3742 1582 3798 te,
1616 3734 1782 3789 reduc
1811 3732 1869 3787 in
1895 3745 2111 3787 memo-

518 3828 676 3894 riam,
706 3826 799 3898 qui
827 3841 969 3879 nunc
998 3840 1058 3878 es
1085 3823 1336 3878 omnibus
1358 3823 1416 3876 in
1445 3821 1749 3892 proverbio,
1784 3828 1839 3876 et
1862 3820 2113 3875 motione

514 3914 724 3987 capitis,
758 3922 919 3985 atque
959 3912 1015 3966 in
1069 3910 1255 3965 fabula
1286 3918 1338 3965 et
1380 3909 1592 3965 cantico
1647 3917 1760 3964 tota
1817 3908 1927 3973 die,
1986 3923 2112 3963 cum

516 4011 720 4076 quanta
750 4001 929 4074 quiete
958 4017 991 4055 a
1021 3999 1250 4055 tumultu
1281 3998 1689 4071 cogitationum,
1724 3997 1923 4068 quibus
1968 4012 2111 4050 nunc

513 4092 569 4146 in
590 4091 835 4147 diversas
864 4087 1210 4153 distenderis,
1264 4088 1529 4161 degebas,
1579 4087 1635 4141 in
1682 4086 1869 4157 primis
1916 4085 2112 4141 diebus

512 4180 731 4252 quando
761 4196 827 4235 ac
847 4178 1216 4249 episcopatum
1246 4177 1465 4245 venisti,
1510 4192 1634 4232 cum
1692 4182 1895 4247 quanta
1950 4172 2111 4229 beni-

512 4270 718 4341 gnitate
749 4284 781 4323 a
806 4269 1008 4323 domno
1026 4282 1158 4340 rege
1173 4266 1581 4337 suscipiebaris,
1603 4272 1806 4335 quanta
1824 4262 2111 4319 dulcedine

512 4373 635 4414 mea
667 4348 955 4422 fruebaris,
980 4364 1180 4427 quanta
1209 4355 1562 4409 unanimitate
1591 4368 1717 4408 cum
1747 4351 2004 4406 fratribus
2059 4357 2111 4405 et

514 4446 855 4517 coepiscOpis
884 4445 1084 4500 nostris
1126 4443 1387 4507 utebaris,
1442 4458 1566 4497 cum
1612 4449 1815 4512 quanto
1862 4455 2049 4494 amore
2080 4454 2112 4492 a

2192 547 2426 619 agenda,
2460 563 2582 618 quae
2609 545 2761 601 multi
2791 545 2977 602 dicunt
3004 561 3037 600 a
3064 554 3116 601 te
3136 545 3298 601 etiam
3320 543 3531 599 iterata.
3550 545 3619 599 Et
3652 544 3795 601 sicut

2189 635 2281 689 illa
2310 651 2417 689 non
2445 634 2678 689 servasti
2713 650 2865 699 vera,
2911 650 3033 705 qua:
3101 634 3260 689 toties
3318 640 3481 703 atque
3534 632 3798 703 tantisper

2191 722 2418 795 alligare
2447 722 2671 787 curasti,
2706 722 2797 792 qui
2827 721 3043 777 solebas
3072 721 3254 776 dicere
3286 728 3340 775 et
3362 720 3625 784 scribere,
3665 719 3797 791 quia

2190 811 2360 865 verba
2403 810 2702 865 sacerdotis
2747 817 2839 863 aut
2881 825 3013 864 vera
3061 816 3185 863 sunt
3239 816 3330 863 aut
3384 807 3673 878 sacrilega,
3724 807 3797 861 ita

2193 907 2317 954 sunt
2336 898 2685 953 nihilominus
2717 896 2854 952 falsa
2891 912 3011 968 quae
3040 896 3240 952 diceris
3267 912 3369 967 per
3398 895 3583 966 plures
3613 895 3797 950 disse-

2192 986 2419 1051 minare,
2453 986 2661 1041 scilicet
2688 985 2813 1056 quia
2842 984 2975 1039 nihil
2998 984 3153 1039 aliud
3182 984 3475 1039 adversum
3506 991 3556 1038 te
3598 982 3799 1052 habeo,

2193 1074 2297 1129 nisi
2358 1074 2614 1145 quoniam
2670 1088 2780 1128 non
2837 1072 2919 1127 vis
2973 1072 3282 1128 consentire
3337 1079 3396 1126 ut
3450 1071 3610 1126 sedes
3658 1086 3799 1141 apo-

2195 1161 2383 1217 stolica
2431 1177 2582 1217 suam
2642 1168 2964 1232 potestatem
3023 1176 3132 1213 non
3191 1160 3401 1215 habeat.
3435 1161 3481 1214 Α
3509 1159 3799 1228 temetipso

2195 1250 2340 1305 enim
2369 1250 2485 1305 haec
2516 1249 2673 1318 dicis,
2707 1257 2758 1303 et
2789 1264 2900 1303 non
2924 1247 3015 1302 alii
3037 1247 3131 1301 tibi
3163 1247 3415 1303 dixerunt
3462 1248 3531 1302 de
3558 1262 3665 1315 me,
3696 1260 3801 1302 nec

2195 1338 2431 1393 didicisti
2460 1354 2490 1391 a
2516 1354 2623 1407 me,
2656 1353 2757 1391 nec
2786 1336 2946 1391 etiam
2989 1336 3174 1389 didisti
3220 1336 3274 1389 in
3318 1350 3426 1400 me,
3468 1336 3557 1390 vel
3601 1333 3802 1389 audisti

2196 1443 2261 1481 ex
2290 1442 2377 1480 me
2411 1442 2422 1481 :
2448 1426 2545 1493 sed
2575 1434 2631 1480 tu
2662 1424 2948 1479 auxiliator
2962 1425 3231 1479 humanus
3252 1423 3399 1477 illam
3418 1428 3687 1478 summam
3707 1437 3802 1477 δε·-

2197 1515 2323 1569 dem
2351 1529 2460 1568 non
2488 1514 2687 1585 petitus
2717 1512 2841 1568 inde
2871 1513 3095 1581 adjuvas
3123 1513 3267 1567 unde
3295 1527 3326 1566 a
3355 1519 3409 1567 te
3455 1527 3514 1565 se
3558 1509 3803 1579 adjuvari

2196 1619 2305 1657 non
2323 1602 2501 1657 sentit.
2519 1603 2547 1655 J
2552 1618 2637 1655 am
2655 1618 2755 1671 per
2764 1617 3028 1656 annorum
3040 1600 3207 1654 millia
3224 1600 3387 1654 etiam
3404 1599 3459 1654 in
3473 1599 3800 1672 paganismo

2199 1690 2348 1746 orbis
2376 1698 2539 1761 caput
2568 1690 2824 1755 existens,
2857 1705 2961 1745 nec
2989 1705 3055 1744 ex
3101 1704 3209 1760 quo
3249 1688 3464 1743 Petrum
3518 1686 3802 1757 apostolo-

2126 1799 2179 1858 Β
2200 1795 2318 1833 rum
2349 1778 2605 1849 Cepham,
2638 1778 2768 1849 quin
2809 1793 2969 1848 caput
3023 1774 3486 1848 principemycui
3536 1775 3805 1830 Dominus

2202 1867 2379 1922 dixit:
2419 1869 2565 1923 Tues
2608 1868 2810 1922 Petrus
2830 1869 2886 1921 ct
2931 1881 3097 1937 super
3140 1865 3287 1920 hanc
3324 1867 3566 1936 petram,
3618 1863 3676 1918 id
3695 1871 3803 1931 est,

2202 1971 2365 2026 super
2392 1955 2533 2011 hanc
2565 1953 2774 2009 ﬁrrnam
2820 1962 2873 2009 et
2919 1953 3151 2009 solidam
3195 1951 3322 2008 ﬁdei
3378 1949 3799 2017 confessionem,

2204 2060 2363 2115 quam
2394 2051 2449 2097 tu
2481 2059 2542 2098 es
2580 2041 2885 2111 confessus,
2944 2042 3223 2111 mdiﬁcabo
3272 2041 3583 2097 Ecclesium
3618 2055 3808 2096 meam

2206 2133 2425 2203 (Matth.
2470 2132 2636 2199 xvr);
2669 2139 2723 2186 et
2771 2147 2786 2186 :
2840 2132 2915 2187 Ac
2993 2134 3057 2185 tu
3136 2129 3440 2202 aliquando
3505 2144 3805 2185 conversus

2205 2222 2479 2291 conﬁrma
2536 2223 2748 2292 fratres
2794 2224 2917 2276 tuo:
2974 2218 3132 2289 (Luc.
3183 2219 3369 2287 xxu);
3400 2224 3455 2273 et
3506 2218 3564 2273 Si
3617 2217 3806 2289 diligis

2203 2327 2312 2377 me,
2365 2325 2531 2381 pasce
2577 2325 2700 2364 oves
2756 2324 2910 2363 meas
2958 2307 3141 2377 (Joan.
3190 2306 3316 2375 xx),
3376 2305 3629 2361 videlicet
3689 2321 3810 2377 que

2205 2405 2329 2453 sunt
2353 2398 2409 2451 in
2435 2397 2691 2452 universo
2710 2395 2933 2462 mundo,
2967 2410 3409 2468 quaquaversum
3437 2409 3497 2449 se
3543 2393 3811 2450 catholica

2202 2484 2451 2540 diﬁ‘undit
2472 2484 2740 2553 Ecclesia,
2764 2484 2889 2539 licet
2911 2500 3011 2554 per
3031 2493 3305 2538 terrarum
3324 2482 3516 2555 plagas
3532 2481 3804 2552 dispersa,

2206 2575 2307 2630 sud
2337 2590 2445 2630 uno
2466 2582 2645 2628 tamen
2681 2581 2900 2644 pastore
2929 2588 2992 2628 ac
3007 2579 3282 2643 pastorum
3301 2570 3548 2641 principe
3582 2568 3800 2625 Christo

2204 2662 2408 2717 unitate
2439 2660 2567 2716 ﬁdei
2594 2661 2649 2715 in
2680 2660 2807 2716 ovili
2837 2675 2944 2715 uno
2974 2659 3251 2727 conclusa,
3284 2658 3564 2730 suscipere
3611 2657 3813 2714 meruit

2204 2750 2381 2821 prima
2400 2750 2579 2817 sedes,
2600 2757 2652 2804 et
2664 2750 2906 2805 omnium
2923 2747 3279 2804 ecclesiarum
3298 2747 3353 2800 in
3368 2754 3480 2802 toto
3495 2745 3628 2802 orbe
3648 2754 3815 2802 terra-

2204 2856 2325 2894 rum
2338 2847 2513 2893 mater
2523 2846 2683 2909 atque
2708 2836 2991 2909 magistra,
3010 2845 3300 2908 antequam
3314 2835 3430 2890 heri
3447 2850 3573 2891 sero
3588 2834 3676 2890 vel
3703 2850 3803 2890 nu-

2205 2926 2485 2982 diutertius
2514 2935 2658 2982 terra
2689 2934 2741 2981 te
2787 2925 3139 2999 germinaret,
3188 2932 3240 2980 et
3296 2932 3482 2979 uterus
3533 2933 3813 2979 maternus

2204 3017 2259 3071 in
2276 3017 2415 3071 hanc
2446 3016 2622 3071 lucem
2652 3014 2993 3084 produceret,
3027 3013 3226 3068 mansit
3253 3020 3308 3068 et
3339 3020 3638 3083 permanet.
3671 3012 3811 3068 Nam

2206 3120 2315 3159 non
2332 3119 2458 3177 ego,
2482 3102 2579 3158 sed
2600 3111 2655 3156 tu
2672 3102 2818 3156 illius
2835 3101 3087 3171 potestati
3108 3117 3172 3156 ac
3204 3100 3493 3171 privilegio
3540 3101 3815 3173 derogare

2208 3189 2430 3253 videris,
2467 3187 2557 3259 qui
2605 3187 2705 3242 Dei
2751 3185 3095 3249 ordinationi,
3141 3200 3301 3257 quam
3329 3200 3431 3256 per
3473 3200 3595 3239 eam
3621 3184 3814 3255 dispo-

2208 3278 2336 3343 suit,
2359 3284 2417 3331 ut
2438 3276 2569 3330 nulli
2587 3276 2815 3331 subesse
2834 3273 3301 3339 valeas,resistere
3319 3280 3479 3345 prout
3489 3281 3646 3344 potes
3661 3272 3814 3328 labo-

2209 3382 2316 3421 ras.
2334 3363 2656 3436 Quanquam
2673 3380 2782 3419 non
2793 3364 2957 3431 unde,
2974 3378 3076 3419 nec
3093 3362 3230 3418 sicut
3243 3377 3480 3418 canones
3492 3361 3657 3430 sacri,
3679 3376 3818 3434 quos

2207 3465 2304 3522 psa
2330 3456 2625 3504 veneratur
2651 3456 2704 3503 et
2731 3455 2927 3516 servat,
2960 3445 3320 3518 praecipiunt‘,
3352 3446 3451 3502 sed
3480 3461 3583 3517 pro
3638 3444 3806 3500 moti-

2209 3538 2310 3593 bus
2338 3536 2681 3608 incompositi
2709 3536 2874 3590 animi
2905 3534 3001 3605 tui,
3031 3535 3393 3606 undecunque
3423 3542 3478 3590 et
3496 3550 3600 3605 per
3615 3534 3819 3590 andro-

2209 3642 2307 3682 nas
2327 3626 2396 3681 de
2426 3627 2559 3681 hora
2588 3624 2644 3679 in
2672 3624 2861 3679 horam
2883 3623 3144 3695 appellas,
3177 3631 3231 3679 et
3258 3622 3421 3677 aliam
3449 3623 3621 3678 semel
3651 3621 3819 3679 etiam

2211 3723 2264 3771 et
2285 3714 2526 3771 secundo
2555 3714 2623 3769 ab
2666 3728 2733 3768 ea
2774 3713 2966 3769 litteris
3012 3719 3271 3768 evocatus
3310 3711 3461 3767 adire
3493 3711 3764 3767 detrectas
3805 3727 3821 3766 :

2209 3819 2417 3860 cumea
2446 3820 2566 3875 quae
2605 3802 2776 3868 voles,
2822 3804 2881 3856 et
2923 3817 3022 3872 pro
3077 3801 3276 3874 quibus
3335 3808 3391 3857 te
3446 3799 3598 3856 illam
3652 3798 3816 3874 ﬁngis

2210 3892 2534 3966 appellando
2582 3892 2755 3957 adire,
2815 3890 3059 3963 quolibet
3125 3891 3289 3947 modo
3365 3888 3511 3961 apud
3560 3889 3821 3946 domuum

2210 3997 2400 4054 regem
2431 3980 2662 4047 obtines,
2709 3995 2808 4051 pro
2846 3987 2993 4035 certo
3040 3978 3221 4035 sciens
3277 3978 3456 4034 adhuc
3509 3976 3582 4033 de
3639 3976 3821 4034 causis

2212 4069 2451 4144 regulari
2479 4070 2670 4125 ordine
2701 4084 2810 4124 non
2839 4077 2893 4123 te
2920 4066 3256 4139 compellari,
3280 4081 3382 4137 pro
3404 4066 3603 4138 quibus
3623 4064 3819 4137 appel-

2210 4159 2332 4214 lans
2361 4158 2415 4213 in
2446 4158 2675 4230 synodo,
2709 4172 2829 4213 cum
2853 4155 3216 4228 appellatione
3243 4162 3335 4209 tua
3354 4153 3519 4219 illam,
3546 4154 3689 4209 sicut
3703 4154 3823 4225 ipsa

2209 4263 2311 4319 per
2359 4262 2599 4304 canones
2654 4244 2917 4317 praecipit,
2970 4260 3127 4300 cures
3181 4243 3350 4299 adire.
3411 4242 3561 4299 Licet
3615 4242 3822 4315 absque

2216 4336 2524 4391 rationabili
2555 4333 2898 4400 necessitate,
2931 4341 3194 4405 quantum
3227 4348 3294 4387 ex
3319 4340 3371 4386 te
3399 4339 3633 4397 constat,
3683 4330 3823 4386 litte-

2213 4442 2301 4479 ras
2332 4424 2667 4480 evocationis
2698 4431 2801 4477 tuae
2831 4421 3147 4487 obtinueris,
3185 4428 3243 4475 ut
3285 4419 3462 4490 ipsam
3507 4419 3741 4492 primam
3772 4427 3824 4476 et

513 4508 787 4600 Palatinis,
821 4542 871 4589 et
904 4533 972 4587 ab
1002 4532 1121 4585 aliis
1147 4532 1304 4600 hujus
1330 4540 1488 4586 terrae
1534 4508 1845 4584 hominibus
1891 4527 2110 4583 coleba-
2137 4509 2189 4568 D
2212 4522 2452 4569 sanctam
2481 4512 2667 4567 sedem
2692 4511 2890 4566 adires.
2924 4511 3193 4600 Caeteer
3221 4509 3339 4579 ipsa
3369 4508 3532 4600 unglg
3567 4516 3623 4564 et
3650 4508 3820 4600 sicut

513 4625 610 4689 ris,
643 4640 767 4680 cum
797 4629 997 4695 quanta
1025 4621 1222 4675 amoris
1251 4618 1556 4674 reverentia
1583 4633 1614 4671 a
1635 4618 1731 4671 tibi
1784 4614 2111 4680 commissis,

514 4715 614 4767 sed
643 4721 695 4768 et
724 4728 758 4768 a
785 4712 1006 4775 nostris,
1042 4726 1075 4765 a
1126 4708 1324 4780 quibus
1362 4716 1417 4762 et
1462 4722 1585 4763 cum
1629 4706 1827 4777 quibus
1874 4711 1928 4758 et
1974 4704 2118 4757 inter

515 4816 653 4870 quos
680 4803 913 4856 nutritus
944 4798 1112 4865 fuisti,
1138 4795 1512 4861 veneraberis,
1534 4803 1826 4865 antequam
1850 4792 2117 4847 immode-

514 4896 665 4942 ratus
695 4903 849 4943 amor
899 4887 1084 4943 saeculi
1126 4886 1222 4941 tibi
1269 4886 1551 4957 irreperet,
1594 4891 1648 4938 et
1692 4898 1794 4953 per
1848 4880 2118 4953 quosdam

514 4976 836 5047 subriperet,
872 4985 923 5031 et
952 4978 1021 5030 ad
1051 4992 1109 5031 se
1141 4984 1191 5031 te
1223 4982 1478 5045 raperet;
1513 4981 1566 5027 et
1614 4988 1739 5027 cum
1794 4978 1844 5025 te
1903 4977 2119 5041 raptum

515 5064 723 5130 habuit,
758 5065 885 5120 fecit
914 5066 1147 5118 mundus
1177 5064 1313 5119 sicut
1345 5062 1486 5118 solet
1518 5061 1696 5115 facere
1727 5057 1960 5113 mundus
2017 5058 2119 5112 im-

519 5153 773 5216 mundus,
807 5160 1033 5209 cunctos
1064 5168 1200 5222 quos
1231 5152 1438 5222 accepit
1468 5149 1701 5219 decepit,
1735 5155 1961 5203 cunctos
1992 5147 2118 5218 qui-

518 5243 622 5297 bus
654 5242 832 5297 arrisit
865 5241 1051 5308 irrisit,
1086 5248 1137 5295 et
1169 5240 1307 5295 sicut
1338 5256 1367 5294 a
1397 5237 1645 5309 plurimis
1675 5237 1888 5302 dicitur,
1938 5236 2007 5291 ad
2053 5250 2121 5291 ea

515 5341 569 5389 te
600 5338 793 5404 sponte
821 5329 1015 5388 oﬁ‘erre
1044 5331 1276 5399 (tantum
1300 5336 1358 5383 ut
1379 5330 1482 5383 hoc
1512 5343 1616 5399 ego
1646 5326 1936 5393 nescirem,
1969 5324 2119 5381 nullo

515 5422 623 5479 nisi
651 5421 790 5478 forte
821 5420 1117 5492 cupiditate
1174 5426 1267 5475 aut
1322 5416 1564 5472 indebito
1610 5417 1804 5473 timore
1859 5423 2113 5487 cogente,

519 5527 685 5585 quem
702 5526 813 5567 non
829 5510 1062 5566 haberes
1082 5508 1129 5563 si
1146 5505 1526 5579 episcopaliter
1548 5505 1784 5576 viveres)
1807 5519 2118 5577 exsequen-

515 5601 588 5659 da
614 5600 885 5674 perduxit,
912 5615 1033 5672 qua:
1063 5597 1121 5656 in
1150 5602 1361 5657 tantum
1418 5595 1800 5663 detestabaris,
1848 5602 1909 5650 ut
1961 5600 2121 5651 antes
2150 5640 2167 5661 .,

2215 4602 2363 4655 audit
2390 4600 2662 4655 rescribit.
2697 4599 2869 4655 Crede
2900 4600 3052 4665 mihi,
3107 4597 3270 4653 frater
3324 4612 3391 4652 ac
3443 4596 3557 4663 ﬁlii,
3617 4596 3664 4652 si
3723 4594 3824 4668 qui

2217 4698 2340 4743 sunt
2367 4689 2459 4761 qui
2484 4674 2856 4744 tehortantur
2893 4688 2949 4743 in
3004 4689 3105 4744 hac
3160 4685 3478 4758 pertinacia,
3527 4701 3691 4758 quam
3737 4684 3825 4739 in-

2216 4777 2398 4833 debite
2426 4784 2480 4833 et
2508 4777 2625 4833 sine
2656 4776 2764 4832 ulla
2794 4777 3117 4833 necessitate
3144 4774 3510 4845 assumpsisti,
3541 4782 3596 4830 et
3626 4774 3684 4829 in
3717 4787 3826 4846 qua

2214 4882 2505 4937 permanes
2535 4865 2826 4937 pertinere,
2859 4883 2970 4922 non
2997 4881 3099 4937 pro
3133 4872 3224 4919 tua
3271 4863 3462 4930 salute,
3513 4878 3694 4935 neque
3721 4875 3824 4934 pro

2217 4963 2309 5010 tuo
2356 4955 2565 5010 honore
2609 4955 2714 5011 hoc
2765 4954 2986 5010 faciunt.
3030 4956 3098 5010 Et
3152 4967 3263 5008 non
3319 4952 3657 5024 episcopum,
3710 4963 3821 5006 non

2218 5058 2593 5115 quemcunque
2649 5058 2844 5098 sanum
2892 5044 3192 5114 sapientem
3253 5041 3520 5103 invenies,
3567 5055 3694 5095 cum
3757 5038 3828 5092 ad

2212 5132 2421 5187 'certim
2486 5132 2755 5186 rationem
2803 5132 3040 5198 veneris,
3100 5132 3194 5204 qui
3251 5131 3347 5187 tibi
3403 5128 3708 5186 consentiat
3757 5126 3829 5180 ita

2217 5220 2524 5293 intelligere
2553 5220 2755 5276 debere
2786 5236 2969 5277 sacras
3000 5221 3244 5294 regulas,
3279 5221 3524 5276 sicuteas
3544 5218 3827 5287 interpre-

2219 5309 2366 5374 taris,
2401 5318 2454 5365 et
2481 5309 2548 5364 ab
2578 5309 2699 5365 aliis
2730 5309 2814 5365 vis
2842 5309 3095 5383 intelligi,
3129 5318 3187 5366 ut
3217 5308 3349 5365 nulli
3380 5307 3583 5364 debeas
3615 5303 3777 5362 suddi
3809 5321 3823 5358 :

2219 5399 2365 5471 quod
2387 5398 2481 5454 tibi
2507 5398 2751 5470 pressius
2780 5399 3191 5467 demonstrabo,
3226 5399 3273 5455 si
3293 5395 3640 5463 necessitate,
3681 5392 3826 5468 quod

2219 5487 2377 5553 absit,
2408 5494 2642 5559 cogente
2667 5503 2757 5544 me
2784 5487 2853 5544 ad
2881 5488 2984 5544 hoc
3015 5488 3134 5544 sine
3162 5503 3288 5545 mea
3316 5486 3597 5543 voluntate
3616 5497 3830 5555 compu-

2218 5585 2370 5647 leris.
2402 5585 2603 5659 Accipe
2632 5601 2765 5660 ergo
2791 5585 3013 5645 salubre
3047 5594 3103 5646 et
3136 5587 3425 5647 honestum
3451 5582 3551 5645 tibi
3590 5578 3824 5644 oblatum
