4164 6322
265 223 373 284 45³7

267 355 576 412 consilium.
637 355 860 426 Depone
898 355 1115 411 noxiam
1160 357 1257 412 tibi
1317 357 1739 426 animositatem,
1812 368 1864 416 et
1896 358 2230 434 Asubjectis
2275 369 2567 427 intentaret
2609 373 3032 450 damnationem,

263 443 387 500 illas
414 444 644 514 nenias,
680 443 810 516 quin
836 445 1016 516 potius
1046 447 1360 519 tragoedias,
1396 464 1518 520 quae
1562 449 1719 504 vadis
1766 466 1868 521 per

265 540 385 589 tuas
443 532 795 590 collectioncs
839 541 892 590 et
937 535 1368 608 subscriptiones
1435 537 1864 609 interpretando,

264 622 398 678 mihi
426 623 674 690 ostende,
709 631 762 679 et
789 631 1037 695 tempore
1084 640 1351 698 congruo,
1405 642 1530 683 cum
1573 629 1772 701 quibus
1814 637 1867 685 et

261 728 386 768 cum
417 712 636 784 quantis
664 712 904 768 volueris
933 713 1001 769 de
1032 713 1292 770 fratribus
1321 723 1374 771 et
1404 717 1749 788 coepiscopis
1776 733 1867 773 no-

263 801 409 867 stris,
444 801 544 857 sed
577 809 631 856 et
661 802 730 858 de
758 803 1136 858 communibus
1165 803 1368 859 nostris
1398 802 1668 872 ﬁdelibus,
1715 805 1868 862 fami-

262 890 473 946 liariter
497 889 618 946 illas
647 891 914 965 legamus,
947 900 998 947 et
1026 892 1367 948 inveniamus
1396 893 1524 950 inde
1553 895 1863 964 consilium,

265 979 502 1052 qualiter
529 987 582 1036 et
612 979 730 1036 sine
752 988 844 1036 tuo
873 979 1131 1052 periculo,
1179 988 1232 1038 et
1280 981 1398 1037 sine
1441 983 1732 1055 opprobrio
1771 999 1867 1040 so-

263 1068 502 1140 piantur,
538 1067 663 1140 quia
689 1069 783 1125 illa
814 1077 902 1125 tua
933 1070 1284 1141 subscriptio,
1319 1071 1517 1127 divinas
1563 1073 1865 1129 auctorita-

264 1157 352 1226 tis,
389 1175 514 1230 quae
544 1174 646 1229 per
674 1158 890 1214 beatum
919 1159 1159 1216 Leonem
1188 1159 1336 1230 dicit,
1382 1161 1510 1233 quia
1553 1161 1611 1216 in
1659 1163 1862 1230 causis,

265 1263 388 1318 qua:
417 1247 490 1302 ad
517 1247 832 1320 generalem
876 1249 1275 1305 observantiam
1311 1249 1577 1322 pertinent
1626 1251 1868 1307 omnium

265 1336 487 1393 Domini
531 1337 897 1404 sacerdotum,
947 1338 1083 1392 nihil
1121 1337 1238 1394 sine
1275 1339 1595 1410 primatibus
1653 1348 1868 1413 oportet

262 1425 500 1497 impleri,
548 1435 632 1482 est
677 1427 1053 1483 contradictio.
1103 1427 1173 1482 Et
1212 1427 1259 1482 si
1307 1427 1363 1482 in
1389 1429 1747 1501 plurimorum
1779 1445 1869 1486 sa-

265 1515 511 1586 pientum
541 1515 788 1572 notitiam
841 1515 1048 1588 perlata
1087 1515 1250 1572 fuerit
1285 1525 1378 1572 tua
1423 1518 1652 1586 derisio,
1712 1521 1866 1576 inci-

261 1607 443 1678 pient,
478 1604 653 1678 inquit
679 1605 964 1675 Dominus,
995 1622 1188 1662 omnes
1216 1607 1458 1663 illudere
1475 1609 1547 1673 ei,
1568 1609 1866 1693 dicentes:

1049 229 1294 289 OPUSC.
1343 233 1434 289 ET
1483 235 1700 291 EPIST.
1758 234 1832 290 IN
1888 232 2115 294 CAUSA
2162 239 2504 303 HINCMARI
2550 249 2857 307 LAUDUN.

3451 263 3556 320 458

2004 393 2230 434 unjccus
2276 393 2567 427 ιηιεηιειινει
2609 393 3032 450 damnationem,
3086 395 3310 456 repente
3391 393 3557 451 fronti

1969 458 2128 527 signo
2157 458 2338 515 crucis
2367 459 2639 532 impresso
2669 480 2830 520 omne
2861 466 2916 522 in
2935 485 2994 524 se
3021 471 3332 534 incendium
3352 479 3556 542 furoris

1968 547 2332 618 exstinxisset,
2359 558 2411 606 et
2427 551 2604 607 minas
2621 553 2984 625 deposuisset.
3007 560 3076 616 Et
3095 563 3141 617 si
3154 564 3359 624 homini
3389 588 3560 630 saecu-

1967 635 2070 691 lari
2098 647 2366 732 potestate
2395 642 2627 732 praedito
2657 643 2737 700 sic
2766 645 2952 718 utique
2982 656 3065 704 est
3096 655 3390 728 agendum,
3427 662 3558 732 quid

1966 742 2068 781 nos
2088 727 2277 821 miseri
2297 730 2615 787 sacerdotes
2632 731 2686 787 in
2699 733 2906 804 judicio
2928 737 3312 821 DeiOdicemus,
3333 747 3424 818 qui
3436 727 3558 807 loco

1967 808 2296 873 sacerdotali
2324 819 2581 888 devincti,
2605 839 2716 877 non
2731 831 2945 880 nostras
2967 808 3078 883 ullo
3092 831 3278 899 modo,
3299 808 3395 890 sed
3415 836 3560 895 divi-

1967 921 2069 960 nas
2097 905 2326 997 injurias
2355 925 2480 965 cum
2499 911 2876 969 misericordia
2895 923 2947 970 et
2967 915 3300 977 discretione
3318 923 3374 978 in
3395 924 3556 997 alios,

1969 1003 2022 1050 et
2050 987 2176 1052 cum
2224 998 2514 1054 severitate
2557 999 2613 1055 in
2660 1003 3048 1076 nosmetipsos,
3080 1007 3358 1068 vindicare
3388 987 3562 1072 debe;

1967 1101 2110 1152 mus,
2148 1086 2194 1142 si
2219 1087 2290 1142 ad
2320 1087 2776 1146 evindicationem
2805 1093 2983 1164 parati
3011 1111 3232 1169 semper
3259 1099 3561 1175 existimus,

1883 1239 1888 1242 _
1969 1173 2167 1246 quibus
2187 1175 2386 1232 dicitur
2419 1195 2432 1233 :
2456 1181 2778 1252 Benefacite
2807 1183 2896 1238 his
2925 1185 3023 1256 qui
3049 1185 3292 1245 oderunt
3320 1207 3431 1261 vos,
3447 1173 3564 1250 non

1967 1265 2266 1322 reddentes
2296 1269 2516 1324 malum
2543 1285 2642 1340 pro
2663 1271 2812 1327 malo
2833 1269 3056 1342 (Matth.
3080 1275 3160 1346 ν).
3181 1277 3459 1350 Scriptum
3480 1291 3565 1338 est

1969 1353 2115 1409 enim
2147 1373 2160 1410 :
2195 1357 2331 1412 Mihi
2343 1357 2672 1428 vindictam,
2696 1365 2855 1432 etego
2872 1363 3203 1436 retribuam,
3223 1367 3364 1424 dicit
3382 1372 3564 1428 Domip

1967 1460 2078 1500 nus
2099 1463 2117 1500 :
2139 1445 2233 1500 sed
2251 1447 2302 1502 si
2339 1447 2606 1503 esurierit
2633 1448 2904 1505 inimicus
2926 1454 3079 1518 tuus,
3113 1454 3236 1510 ciba
3262 1456 3463 1527 illum;
3511 1463 3564 1517 si

1967 1533 2318 1604 sitit,potum
2333 1535 2406 1591 da
2425 1537 2517 1591 illi
2533 1533 2588 1607 (Ι
2607 1538 2758 1592 Petr.
2784 1551 2875 1605 m;
2898 1541 3052 1596 Rom.
3068 1543 3194 1612 xu).
3215 1543 3286 1598 Et
3305 1544 3567 1604 Salomon

1969 1619 2100 1678 dicit
2123 1639 2136 1676 :
2161 1623 2354 1680 Melior
2373 1628 2457 1681 est
2469 1625 2692 1696 patiens
2714 1627 2831 1684 viro
2845 1628 3018 1698 forte,
3041 1633 3098 1686 et
3113 1633 3210 1704 qui
3232 1632 3563 1693 dominatur

268 1693 410 1762 Quia
431 1693 524 1750 hic
541 1690 702 1786 homo
721 1696 887 1767 erepit
903 1695 1203 1765 aediﬁcare,
1223 1700 1279 1752 et
1289 1711 1404 1752 non
1415 1690 1867 1769 potuitconsum-

1969 1711 2162 1768 animo
2182 1729 2280 1768 suo
2297 1718 2685 1786 expugnatam
2715 1715 2936 1772 urbium
2969 1690 3155 1789 (Prou.
3205 1721 3350 1794 xvx).
3384 1724 3562 1780 Minor

265 1776 595 1855 mare(Luc.'
615 1784 756 1856 xw).
777 1783 919 1853 Quia
935 1784 1080 1840 enim
1099 1785 1232 1840 nihil
1254 1784 1332 1852 ﬁt,
1353 1785 1457 1840 nisi
1479 1787 1625 1858 quod
1646 1795 1736 1843 aut
1757 1789 1866 1843 Do-

264 1873 444 1928 minus
464 1873 740 1929 voluntate
755 1873 898 1940 facit,
914 1881 1007 1929 aut
1019 1873 1138 1930 ﬁeri
1159 1881 1350 1930 contra
1364 1874 1698 1932 voluntatem
1710 1892 1867 1932 suam

264 1961 539 2018 interdum
563 1963 708 2032 juste
727 1963 1009 2035 permittit,
1033 1971 1088 2019 et
1115 1963 1253 2019 miro
1281 1963 1444 2020 modo
1473 1963 1549 2032 ﬁt,
1605 1965 1732 2038 quia
1751 1967 1866 2035 ejus

263 2051 496 2109 consilio
527 2051 755 2108 militant
785 2053 948 2110 etiam
979 2069 1098 2125 quae
1129 2053 1245 2123 ejus
1277 2053 1507 2110 consilio
1537 2063 1864 2129 repugnant,

263 2141 311 2198 si
337 2141 595 2214 quaedam
609 2141 900 2214 aliquando
911 2157 1175 2214 perverse
1203 2159 1235 2198 a
1251 2143 1524 2215 perversis
1535 2145 1863 2216 obtinentur,

263 2231 351 2288 vel
378 2230 775 2298 evindicantur,
809 2239 902 2287 aut
931 2233 1002 2288 ad
1023 2248 1209 2288 eorum
1237 2233 1661 2305 damnationem,
1687 2242 1777 2290 aut
1797 2235 1868 2290 ad

265 2320 563 2378 electorum
593 2321 996 2394 purgationem,
1030 2329 1122 2376 aut
1141 2321 1212 2377 ad
1230 2329 1520 2395 utrumque
1535 2321 1654 2378 ﬁeri
1675 2323 1868 2379 Domi-

261 2425 364 2466 nus
377 2411 528 2481 juste
539 2409 877 2482 permittit,et
897 2411 954 2466 in
973 2427 1074 2466 suo
1087 2418 1331 2482 tempore
1348 2427 1444 2468 eos
1461 2409 1728 2484 irridebit,
1745 2413 1871 2486 quia

265 2499 407 2556 sicut
436 2499 570 2557 item
609 2501 873 2572 scriptum
902 2508 1022 2556 est:
1064 2501 1424 2558 lllusionibus
1473 2501 1593 2574 ipse
1645 2502 1872 2558 deludet

266 2589 451 2661 (Prov.
490 2589 597 2661 nr).
641 2591 872 2662 Propter
906 2589 1055 2662 quod
1095 2590 1384 2645 Psalmista
1431 2590 1634 2661 Spiritu
1681 2599 1871 2648 sancto

262 2678 525 2750 repletus,
552 2694 997 2752 unumquemque
1007 2677 1224 2734 ﬁdelem
1242 2679 1497 2734 admonet
1513 2679 1702 2736 dicens
1719 2697 1731 2734 :
1746 2681 1874 2737 Noli

267 2767 536 2826 cemulari
553 2769 618 2825 in
638 2785 699 2825 eo
721 2771 814 2842 qui
833 2772 1200 2842 prosperatur
1221 2771 1284 2824 in
1309 2771 1400 2825 via
1419 2786 1542 2834 sua,
1568 2771 1630 2825 in
1647 2769 1872 2827 homine

262 2861 518 2930 faciente
533 2860 596 2914 in
590 2859 876 2932 justitias,
895 2860 1157 2932 quoniam
1171 2859 1268 2932 qui
1277 2858 1674 2930 malignantilr
1689 2863 1873 2916 exter-

262 2948 664 3004 minabuntur.
687 2948 796 3003 Et:
835 2946 954 3004 Vidi
991 2949 1234 3021 impium
1272 2947 1793 3020 superexaltatum,
1817 2954 1876 3006 et

1969 1807 2051 1856 est
2081 1817 2216 1874 ergo
2247 1801 2478 1858 victoria
2506 1803 2674 1858 urbes
2703 1819 3042 1877 expugnare,
3077 1809 3207 1880 quia
3235 1819 3391 1868 extra
3436 1821 3564 1870 sunt

1969 1906 2092 1962 quae
2121 1890 2414 1947 vincuntur
2446 1908 2460 1947 :
2493 1892 2671 1962 majus
2701 1901 2885 1948 autem
2915 1901 2997 1948 est
3027 1897 3175 1968 quod
3202 1916 3302 1972 per
3345 1901 3560 1974 patien-

1965 1976 2100 2032 tiam
2128 1978 2380 2051 vincitur,
2413 1981 2541 2053 quia
2593 1981 2710 2054 ipse
2739 1998 2772 2036 a
2800 1998 2860 2037 se
2891 1981 3104 2040 animus
3146 1997 3456 2061 superatur,
3509 1999 3564 2048 et

1966 2068 2322 2140 semetipsum
2351 2070 2674 2143 sibimetipsi
2702 2071 2939 2143 subjicit,
2962 2077 3182 2145 quando
3199 2093 3326 2134 eum
3344 2078 3562 2151 patien-

1968 2156 2043 2213 tia
2073 2157 2130 2213 in
2159 2159 2460 2215 humilitate
2491 2161 2788 2219 tolerantiae
2835 2165 3152 2222 substernit.
3211 2169 3339 2238 Qui,
3387 2167 3563 2242 inquit

1969 2247 2286 2319 Apostolus,
2311 2254 2446 2306 sunt
2469 2251 2696 2318 Christi,
2714 2269 3122 2313 carnemsuam
3136 2258 3560 2328 cruci/inerunt

1969 2353 2100 2394 cum
2117 2338 2270 2394 vitiis
2292 2343 2350 2395 et
2367 2342 2840 2411 concupiscentiis
2859 2344 3006 2414 (Gal.
3030 2345 3110 2416 v),
3130 2353 3188 2400 ut
3207 2361 3318 2403 non
3338 2347 3562 2405 soluma

1969 2441 2138 2497 pravo
2167 2444 2355 2500 opere,
2381 2429 2479 2484 sed
2499 2429 2664 2486 etiam
2683 2447 2716 2486 a
2736 2433 3179 2504 concupiscentia
3198 2435 3356 2507 pravi
3377 2437 3561 2509 operis

1969 2515 2234 2583 cruciﬁxi,
2266 2533 2378 2573 non
2405 2534 2703 2590 sequamur
2746 2521 3160 2590 deliberatione,
3211 2522 3436 2582 minime
3456 2541 3562 2582 au-

1969 2611 2080 2660 tem
2109 2621 2296 2678 opere,
2332 2607 2479 2678 quod
2506 2625 2670 2680 prave
2701 2625 2736 2666 a
2776 2611 2936 2667 nobis
2988 2611 3412 2685 concupiscitur,
3474 2615 3564 2672 vel

1969 2693 2025 2749 in
2071 2703 2252 2751 mente
2301 2697 2634 2770 suggeritur,
2682 2698 2901 2756 Domini
2951 2700 3291 2758 incessanter
3319 2710 3568 2775 petentes

1969 2782 2336 2851 clementiam,
2370 2795 2430 2841 ut
2460 2787 2553 2858 qui
2580 2803 2682 2842 nos
2705 2788 2868 2858 jussit
2896 2787 3129 2863 vigilare
3173 2798 3227 2847 et
3267 2807 3452 2864 orare,
3509 2801 3570 2849 ut

1969 2889 2082 2930 non
2110 2873 2374 2930 intremus
2402 2875 2459 2930 in
2488 2876 2861 2946 tentationem,
2896 2895 2996 2934 sua
3024 2896 3126 2936 nos
3154 2881 3332 2954 gratia
3378 2888 3569 2954 proh-

1971 2970 2084 3036 gat,
2117 2979 2188 3020 ne
2216 2964 2544 3022 inducamur
2570 2965 2626 3022 in
2655 2967 3050 3025 tentationem:
3083 2977 3137 3026 et
3165 2969 3212 3025 si
3232 2978 3290 3025 ut
3317 2971 3569 3028 homines

263 3038 552 3095 eleuatum
567 3054 736 3107 super
755 3039 946 3096 cedros
968 3039 1188 3094 Libani.
1219 3039 1494 3109 Transivi,
1517 3043 1574 3094 et
1595 3055 1719 3096 ecce
1752 3057 1868 3097 non
1897 3089 1946 3152 G
1971 3051 2228 3121 labimur,
2261 3053 2419 3110 citius
2446 3055 2520 3110 ad
2573 3056 2948 3126 pamitemiam
3005 3057 3292 3134 redeamus
3349 3067 3408 3116 ut
3457 3076 3568 3117 non

272 3131 391 3152 -..-Δ
450 3128 679 3152 -_....-.'...'
705 3145 822 3152 --.ω
880 3132 930 3152 -.ι
975 3143 1083 3152 ---μ
1112 3133 1190 3152 --ι
1223 3128 1492 3152 Δ--..-..ι..-
1544 3129 1693 3152 1---.-
1731 3133 1840 3152 -3---
2149 3149 2155 3152 .
2365 3150 2371 3152 Α
2503 3143 2515 3152 .
2982 3145 3016 3152 -.
3360 3147 3377 3152 -
3473 3149 3486 3152 _

263 3131 406 3197 erat,
442 3128 679 3201 quaesivi
697 3145 846 3197 eum,
872 3132 930 3184 et
971 3143 1087 3185 non
1104 3133 1190 3184 est
1223 3128 1492 3183 inventus
1540 3129 1694 3185 locus
1720 3133 1862 3202 ejus.

266 3217 504 3274 Custodi
550 3217 942 3273 innocentiam
973 3220 1031 3274 et
1059 3214 1181 3274 vide
1212 3219 1558 3290 aequitatem,
1599 3221 1867 3292 quoniam

261 3310 404 3363 sunt
432 3306 690 3380 reliquiae
719 3306 936 3364 homini
961 3307 1196 3379 paciﬁca
1235 3307 1350 3379 (Ps.
1385 3309 1612 3380 xxxvr).

844 3431 1068 3489 CAPUT
1099 3433 1293 3491 XLVI.

260 3521 341 3578 De
369 3518 596 3606 eoquod
639 3520 922 3606 gloriatur
941 3537 1026 3606 _se
1067 3522 1132 3578 in
1174 3524 1452 3606 omnibus,
1498 3540 1640 3606 qua"
1667 3525 1869 3580 contra

294 3591 848 3666 quoslibetsuscepit,
863 3592 1043 3664 fuisse
1063 3611 1128 3650 ac
1149 3611 1372 3668 semper
1385 3591 1822 3668 /ore‘victorem.

335 3679 473 3750 Quae
522 3680 731 3737 idcirco
778 3681 920 3748 dico,
969 3681 1095 3755 quia
1137 3683 1276 3740 sicut
1323 3700 1357 3740 a
1392 3683 1641 3756 pluribus
1684 3683 1864 3750 audio,

258 3786 360 3842 per
381 3769 684 3826 vanitatem
713 3777 764 3825 te
787 3769 1026 3841 jactitas,
1077 3773 1336 3844 quoniam
1383 3789 1722 3846 quaecunque
1777 3772 1866 3826 in-

259 3858 476 3932 cepisti,
513 3866 608 3914 aut
634 3867 820 3916 contra
847 3876 1058 3932 regem,
1090 3871 1182 3936 aut
1210 3870 1396 3919 contra
1423 3879 1533 3931 me,
1565 3869 1656 3917 aut
1675 3869 1868 3918 contra

262 3964 626 4022 quoscunque
651 3955 883 4018 tuorum,
917 3949 1031 4006 sive
1059 3950 1312 4020 clericos,
1362 3951 1478 4009 sive
1522 3951 1712 4018 laicos,
1775 3949 1868 4022 qui

263 4046 457 4095 contra
490 4046 639 4093 tuam
666 4037 995 4094 voluntatem
1024 4037 1294 4108 fecerunt,
1326 4041 1413 4097 vel
1443 4048 1638 4098 contra
1658 4039 1866 4097 vicinos

261 4133 402 4199 tuos,
419 4125 589 4199 quise
605 4135 791 4184 contra
804 4135 856 4183 te
870 4137 1180 4197 erexerunt,
1195 4137 1366 4186 totum
1383 4147 1449 4186 ex
1461 4137 1616 4201 parte
1629 4128 1868 4186 maxima

262 4233 488 4288 semper
512 4215 744 4283 evicisti,
779 4224 831 4273 et
861 4217 1006 4290 quod
1035 4217 1216 4275 adhuc
1245 4227 1417 4275 restat
1447 4217 1688 4275 evinces.
1711 4217 1868 4274 Unde

261 4313 392 4362 tunc
423 4313 584 4378 potes
614 4305 668 4361 in
699 4305 932 4362 Domino
969 4315 1021 4363 te
1060 4307 1282 4380 gloriari
1329 4308 1608 4373 victorem,
1676 4306 1721 4362 si
1768 4322 1868 4378 per

259 4394 646 4452 rectitudinem
674 4394 847 4452 vincis
877 4413 1158 4465 errorem;
1192 4397 1239 4452 si
1267 4405 1448 4453 autem
1477 4397 1546 4452 de
1576 4411 1766 4452 errore
1783 4411 1868 4452 er-

259 4499 470 4552 rorem,
504 4493 597 4540 aut
628 4485 802 4542 vincis
829 4485 1206 4542 rectitudinem
1235 4503 1336 4559 per
1368 4502 1631 4553 errorem,
1652 4501 1762 4542 non
1811 4493 1865 4541 te

257 4583 416 4646 potes
428 4573 656 4649 gloriari
672 4573 956 4644 victorem,
971 4576 1068 4631 sed
1080 4576 1249 4632 debes
1263 4577 1396 4632 ﬂere
1411 4575 1798 4632 miserabiliter
1815 4583 1867 4630 te

260 4664 466 4721 victum
479 4680 689 4732 errore,
709 4671 764 4721 et
783 4663 830 4719 si
849 4665 920 4720 ita
935 4681 1045 4721 non
1063 4664 1230 4736 sapis,
1247 4665 1480 4738 insipide
1495 4665 1702 4736 desipis
1715 4707 1728 4736 ,
1741 4664 1870 4738 quia

261 4753 409 4810 unde
439 4751 648 4808 tristari
676 4761 731 4808 et
763 4753 895 4810 ﬁere
925 4753 1216 4823 debueras,
1251 4753 1378 4810 inde
1411 4754 1658 4826 jactaris.
1719 4755 1868 4811 Gra-

261 4843 421 4900 viore
453 4841 604 4898 enim
659 4850 788 4899 sunt
839 4843 1077 4901 vindicta
1131 4843 1424 4916 plectendi,
1483 4844 1574 4917 qui
1627 4844 1868 4918 gaudent

263 4932 434 4989 etiam
474 4931 532 4986 in
579 4930 814 5000 delictis,
865 4939 919 4988 et
963 4933 1214 4989 laetantur
1260 4949 1382 4989 cum
1429 4933 1573 4990 male
1618 4931 1864 5000 fecerint,

263 5029 316 5078 et
347 5021 626 5079 exsultant
669 5021 726 5076 in
745 5021 918 5090 rebus
959 5021 1234 5094 pessimis.
1285 5023 1354 5079 Et
1395 5023 1619 5096 quidam
1648 5022 1868 5094 sapiens

263 5111 396 5168 dicit
431 5128 446 5166 :
477 5112 584 5180 Qui
616 5127 836 5186 semper
863 5112 1044 5169 vincit
1073 5129 1189 5169 non
1219 5128 1440 5185 semper
1485 5113 1622 5169 bene
1667 5113 1866 5169 vincit.

264 5200 501 5272 Quando
559 5199 706 5256 enim
757 5200 917 5256 nobis
974 5200 1226 5256 diabolus
1281 5201 1536 5258 vincendi
1589 5200 1871 5257 libidinem

263 5290 536 5364 suggerit,
568 5289 832 5346 debemus
861 5290 1138 5346 recordari
1159 5290 1441 5346 sententiae
1460 5289 1602 5345 beati
1619 5290 1873 5363 Gregorii

264 5379 322 5436 in
350 5379 592 5452 capitulo
623 5379 837 5435 decimo
865 5380 1024 5450 hujus
1055 5379 1302 5452 opusculi
1331 5395 1492 5451 supra
1520 5378 1739 5451 positae,
1765 5395 1873 5450 qua

265 5469 400 5525 dicit
444 5485 596 5541 saepe
655 5485 716 5526 se
771 5469 996 5538 vidisse,
1059 5469 1205 5542 quod
1259 5486 1383 5525 cum
1437 5485 1497 5525 se
1556 5467 1626 5524 ad
1667 5466 1871 5524 ferien-

263 5559 398 5614 dum
450 5557 696 5632 graviter
749 5559 1086 5629 rhinoceros,
1146 5558 1204 5615 id
1256 5569 1338 5614 est
1387 5557 1676 5630 temporali
1707 5565 1868 5629 pote:

265 5656 408 5706 state
467 5647 635 5705 fultus
690 5648 1032 5716 accenderet,
1093 5655 1146 5704 et
1202 5647 1356 5721 quasi
1415 5647 1628 5706 elevato
1697 5662 1871 5704 cornu

606 5751 850 5810 Paraon.
883 5751 1128 5810 CXXVI.

1967 3149 2163 3215 regnet
2189 3150 2472 3214 peccatum
2501 3143 2557 3198 in
2585 3153 2776 3201 nostro
2803 3145 3022 3202 mortali
3049 3163 3283 3220 corpore
3311 3147 3382 3204 ad
3435 3149 3568 3206 obe-

1966 3229 2226 3286 diendum
2255 3231 2542 3288 desideriis
2575 3233 2694 3303 ejus
2724 3253 2740 3302 ;
2774 3235 2864 3291 cui
2912 3234 3168 3292 videlicet
3211 3245 3460 3308 peccato,
3517 3237 3567 3294 si

1967 3319 2160 3376 tollere
2189 3337 2301 3377 non
2329 3337 2644 3394 possumus,
2678 3331 2736 3378 ut
2765 3340 2874 3380 non
2904 3324 2974 3380 sit
3001 3324 3057 3380 in
3105 3325 3268 3384 nobis
3311 3326 3570 3384 tollamus

1965 3417 2150 3467 tamen
2180 3399 2281 3482 per
2309 3410 2409 3466 Dei
2435 3411 2769 3481 adjutorium
2787 3413 2866 3468 illi
2883 3431 3133 3486 regnum,
3157 3432 3227 3472 ne
3263 3416 3572 3474 dominetur

1966 3500 2161 3556 nostri.
2193 3499 2431 3556 Maxima
2479 3502 2679 3574 quippe
2728 3501 3021 3559 infelicitas
3067 3512 3151 3561 est
3200 3504 3453 3574 hominis,
3507 3505 3565 3562 in

1966 3587 2110 3644 malo
2140 3604 2240 3644 suo
2275 3590 2594 3661 prosperari
2643 3590 2895 3647 feliciter.
2945 3591 3222 3664 Scriptum
3254 3601 3339 3650 est
3367 3594 3520 3652 enim
3551 3613 3567 3652 ;

1972 3679 2100 3734 Tria
2119 3683 2258 3735 sunt
2277 3696 2399 3752 quae
2415 3677 2551 3736 bene
2569 3680 2938 3752 gradiuntur,
2958 3685 3019 3737 'et
3033 3686 3304 3756 quartum
3319 3683 3463 3758 quod
3478 3685 3571 3740 in-

1967 3767 2116 3822 cedit
2144 3767 2394 3839 feliciter
2423 3768 2607 3838 (Prov.
2632 3769 2896 3841 xxxvm).
2929 3770 3054 3826 Non
3072 3771 3218 3827 enim
3237 3781 3403 3828 ‘omne
3424 3770 3574 3846 quod

1966 3853 2214 3923 feliciter,
2251 3855 2388 3913 bene
2421 3875 2434 3912 :
2467 3873 2571 3915 nec
2599 3874 2760 3915 omne
2790 3859 2938 3931 quod
2966 3859 3126 3928 bene,
3151 3859 3404 3919 feliciter.
3436 3861 3577 3918 Feli-

1968 3943 2104 4001 citer
2159 3945 2306 4001 enim
2363 3963 2582 4018 semper
2639 3946 2914 4017 incedere,
2971 3947 3084 4006 ﬁlio
3136 3950 3462 4022 perditionis
3491 3959 3575 4008 est

1967 4035 2271 4106 pr0prium.
2307 4057 2329 4087 α
2369 4035 2600 4092 Grandis
2630 4053 2866 4108 namque
2897 4036 3108 4094 offensa
3135 4046 3238 4108 est,
3271 4047 3330 4095 ut
3375 4040 3572 4096 Hiero-

1967 4140 2164 4194 nymus
2193 4123 2344 4191 dicit,
2394 4133 2690 4196 postquam
2729 4127 3071 4197 peccaveris,
3123 4127 3264 4182 iram
3310 4129 3413 4183 Dei
3459 4145 3572 4186 non

1966 4211 2188 4269 mereri.
2229 4233 2250 4263 ι
2285 4213 2354 4267 Et
2383 4221 2607 4270 sanctus
2639 4213 2944 4286 Gregorius
2979 4233 2992 4270 ε
3031 4236 3054 4266 α
3087 4215 3331 4272 Necesse
3382 4223 3464 4272 est
3510 4224 3570 4273 ut

1967 4309 2259 4372 peccantes
2289 4318 2536 4374 quosque
2565 4309 2693 4358 tunc
2721 4303 3134 4360 consideremus
3174 4303 3411 4376 amplius
3457 4305 3568 4360 mi-

1969 4407 2121 4446 seros
2150 4406 2292 4461 esse,
2327 4393 2546 4463 quando
2577 4408 2672 4448 eos
2685 4390 3053 4465 conspicimus
3071 4393 3129 4450 in
3145 4393 3308 4466 culpa
3335 4409 3434 4450 sua
3452 4393 3570 4452 sine

1969 4479 2189 4554 ﬂagello
2217 4480 2528 4538 derelictos.
2566 4502 2588 4532 ι
2637 4481 2776 4539 Hinc
2822 4482 3026 4539 etenim
3071 4500 3173 4556 per
3221 4483 3573 4542 Salomonem

1965 4569 2166 4626 dicitur
2197 4569 2459 4627 :Aversio
2485 4571 2855 4643 parvulorum
2875 4574 3186 4644 interﬁciat
3209 4589 3320 4641 eos,
3341 4578 3400 4630 et
3435 4589 3569 4645 pro-

1967 4663 2208 4730 speritas
2229 4661 2537 4718 stultorum
2557 4661 2756 4733 perdet
2774 4661 2904 4720 illos
2927 4663 3091 4735 (Prov
3128 4663 3190 4734 ι).
3223 4661 3330 4730 Qui
3358 4661 3506 4718 enim
3535 4677 3573 4718 a

1967 4755 2085 4814 Deo
2128 4756 2390 4815 avertitur
2437 4765 2492 4814 et
2525 4766 2907 4830 prosperatur,
2960 4765 3110 4814 tanto
3150 4757 3441 4830 perditioni
3511 4758 3579 4820 ﬁt

1967 4854 2268 4926 proximus,
2301 4862 2507 4926 quanto
2530 4855 2648 4910 zelo
2676 4854 2979 4925 disciplinae
3025 4853 3300 4910 invenitur
3319 4855 3572 4912 alienus:

1969 4970 2078 5026 quo
2105 4962 2298 5011 contra
2325 4953 2614 5010 Psalmista
2635 4955 2704 5009 de
2726 4953 2934 5024 Moyse,
2964 4960 3018 5006 et
3029 4953 3231 5024 Aaron,
3249 4961 3304 5010 et
3315 4954 3575 5013 Samuele

1971 5051 2128 5108 dicit:
2157 5053 2298 5120 Quia
2312 5051 2650 5110 invocabant
2667 5051 2998 5117 Dominum,
3020 5053 3078 5106 et
3096 5050 3216 5122 ipse
3231 5054 3576 5110 exaudiebat

1968 5151 2117 5218 illos,
2136 5151 2200 5206 in
2221 5141 2485 5207 columna
2506 5149 2670 5204 nubis
2687 5147 3018 5220 loquebatur
3030 5149 3105 5206 ad
3136 5165 3246 5206 eos.
3285 5151 3576 5208 Custodiee

1972 5248 2107 5304 bant
2137 5250 2466 5305 testimonia
2495 5249 2636 5318 ejus,
2669 5249 2727 5300 et
2755 5251 3099 5322 praeceptum
3117 5248 3260 5322 quod
3279 5248 3576 5305 deditillis

1973 5347 2146 5420 (Psal.
2177 5349 2408 5417 xcvm);
2445 5352 2496 5400 et
2525 5358 2680 5398 more
2719 5345 3040 5416 pmphetico
3088 5362 3390 5403 conversus
3437 5357 3574 5402 mox

1953 5442 2043 5502 'ad
2069 5443 2358 5500 Dominum
2379 5441 2512 5498 dicit
2535 5459 2548 5496 :
2572 5443 2808 5499 Domine
2830 5445 2976 5500 Deus
2997 5449 3210 5516 noster,
3235 5449 3298 5500 tu
3327 5444 3574 5501 exaudie

1973 5543 2066 5600 bas
2087 5557 2175 5599 eos
2197 5561 2215 5598 :
2237 5543 2399 5607 Deus,
2423 5544 2487 5596 tu
2501 5542 2783 5614 propitius
2803 5541 2973 5614 fuisti
2989 5543 3092 5608 eis,
3117 5545 3174 5597 et
3198 5541 3474 5599 ulciscens
3511 5543 3574 5597 in

1973 5657 2165 5700 omnes
2195 5639 2859 5698 adinventioneseorum.
2879 5637 3196 5710 Propitiatio
3229 5637 3428 5710 quippe
3454 5637 3580 5706 Dei,

3078 5747 3144 5800 15
