4164 6374
1872 58 2205 70 ν--ι--ξ-

587 245 692 299 459

1473 237 1817 296 HINCMARI
1842 233 2240 294 RI-IEMENSIS
2297 231 2848 290 ARCHIEPISCOPI.

3775 231 3881 286 L60

584 375 668 423 est
695 366 1094 439 delinquentem
1125 365 1418 438 corripere.
1451 366 1588 422 Cum
1609 365 1959 438 judicamur,
1979 361 2170 434 inquit,
2204 358 2258 419 A
2280 358 2424 428 disti,
2458 367 2514 415 ut
2532 359 2868 432 perniciosas
2889 357 3511 416 excommunicationum
3539 354 3878 412 maledictio-

585 475 620 514 a
640 457 872 513 Domino
887 457 1246 529 corripimur,
1268 459 1334 510 ut
1345 471 1460 511 non
1473 471 1602 510 cum
1616 455 1716 510 hoc
1728 455 1937 510 mundo
1949 453 2178 508 damne-

584 545 782 616 mur(l
798 546 918 601 Cor.
954 545 1136 616 x1);et
1169 561 1182 598 :
1223 545 1329 614 Qui
1357 544 1419 600 in
1441 545 1594 601 bonis
1621 543 1840 599 ducunt
1876 543 1994 599 dies
2026 557 2174 606 suos,

577 641 637 690 ut
657 633 920 705 scriptum
937 641 1039 700 est,
1062 633 1124 688 in
1134 637 1345 707 puncta
1357 633 1427 688 ad
1439 634 1672 705 inferna
1684 631 2035 688 descendunt
2061 629 2177 700 (Job

579 724 727 796 χιιι).
753 723 891 780 Hinc
921 723 1067 778 enim
1094 721 1382 778 Psalmista
1411 723 1480 778 de
1497 721 1730 778 Domino
1751 721 1881 777 dicit
1906 738 1919 774 :
1949 719 2175 776 Immis-

579 814 766 870 siones
787 829 888 885 per
915 813 1140 884 angelos
1160 814 1358 878 malos,
1378 813 1528 868 viam
1539 811 1678 883 fecit
1699 811 1917 866 semita:
1931 811 2031 866 ira:
2059 825 2178 864 suae

580 903 756 972 (Psal.
776 904 1017 972 Lxxvu).
1053 900 1160 956 Cor
1190 900 1391 972 quippe
1421 899 1684 955 Dominus
1712 898 1987 970 prioribus
2016 896 2176 952 meri-

582 990 653 1045 tis
683 997 1048 1064 aggravatum
1073 989 1217 1058 juste
1245 988 1505 1060 permittit
1535 989 1698 1043 etiam
1715 986 2176 1059 subsequentibus

581 1079 951 1152 malignorum
991 1079 1276 1150 spirituum
1316 1077 1761 1150 persuasionibus
1807 1075 1920 1132 falli
1952 1093 1966 1130 :
2031 1075 2176 1148 quod

577 1183 704 1226 cum
732 1168 899 1242 digne
928 1167 984 1222 in
1014 1167 1231 1238 culpam
1258 1167 1504 1233 trahitur,
1537 1175 1722 1222 reatus
1753 1167 1870 1236 ejus
1914 1165 1969 1220 in
2013 1179 2176 1236 poena

576 1257 902 1314 cumulatur.
941 1257 1096 1312 Unde
1136 1263 1188 1312 et
1217 1256 1315 1312 irae
1363 1273 1478 1312 suae
1508 1255 1742 1311 Domino
1793 1255 1939 1311 viam
1991 1255 2174 1310 facere

576 1356 676 1415 est,
709 1347 766 1402 in
795 1362 908 1412 eos,
941 1345 1034 1418 qui
1059 1345 1254 1418 punire
1284 1345 1342 1400 in
1373 1362 1432 1402 se
1463 1361 1660 1402 causas
1683 1353 1830 1401 recte
1858 1344 2170 1411 noluerunt,

572 1437 812 1492 districte
835 1435 1131 1505 judicando
1151 1434 1383 1490 dilatare
1411 1453 1424 1490 :
1462 1442 1519 1490 ut
1549 1435 1642 1506 qui
1686 1433 1976 1489 illuminati
2005 1449 2174 1504 agere

573 1533 722 1582 recta
749 1524 1056 1591 noluerunt,
1085 1524 1230 1593 juste
1261 1523 1450 1580 caecati
1471 1524 1650 1580 adhuc
1675 1522 1875 1579 faciant
1891 1523 2034 1578 unde
2057 1539 2174 1578 am-

571 1613 712 1686 plius
742 1613 920 1686 puniri
949 1621 1278 1680 mereantur,
1313 1614 1382 1669 de
1415 1613 1613 1686 quibus
1643 1613 1774 1670 dicit
1813 1612 2110 1684 Apostolus
2157 1631 2170 1668 :

2276 467 2376 505 nes
2403 449 2459 504 in
2489 466 2584 505 eos
2615 449 2776 504 etiam
2805 448 2898 522 qui
2947 465 3080 522 erga
3121 457 3174 504 te
3214 464 3323 504 non
3366 445 3880 518 inde'peccaverunt

2279 555 2535 594 exereres
2563 556 2576 594 :
2611 539 2769 610 quasi
2797 554 2906 594 non
2935 538 2990 593 in
3019 547 3091 604 te,
3125 537 3225 592 sed
3282 536 3338 592 in
3377 536 3528 591 illum
3558 534 3678 606 ipsa
3718 533 3876 605 peri-

2277 629 2415 699 cula,
2450 645 2570 701 qua:
2597 629 2665 684 de
2712 628 2920 684 eisdem
2966 625 3444 682 maledictionibus
3491 623 3871 688 imminebant,

2275 719 2660 774 redundarent.
2716 717 2820 787 Qui
2864 725 2916 773 te
2957 717 3025 772 ad
3071 717 3176 773 hoc
3223 714 3534 788 prevocavit
3579 721 3638 768 ut
3693 711 3878 767 taliter

2275 806 2508 862 innoxiis
2537 806 2912 876 malediceres,
2964 822 3086 862 cum
3134 805 3203 862 de
3243 805 3328 860 his
3375 804 3465 877 qui
3512 820 3623 859 non
3664 801 3875 874 judicio

2269 895 2510 965 justitiae,
2587 896 2684 952 sed
2751 896 2925 952 livore
2979 895 3232 952 vindictae
3301 893 3648 962 maledicunt,
3725 891 3877 947 dicat

2275 986 2566 1057 Apostolus
2599 1003 2612 1040 :
2639 987 2820 1059 Neque
2842 985 3110 1042 maledici
3128 1001 3367 1057 regnum
3386 985 3486 1040 Dei
3507 981 3877 1057 possidebunt

2276 1075 2330 1145 (Ι
2349 1075 2468 1131 Cor.
2494 1076 2593 1146 IV).
2617 1075 2686 1130 Et
2728 1076 2834 1131 hoc
2889 1083 3175 1146 peccatum
3215 1073 3415 1130 exstitit
3457 1088 3620 1144 poena
3653 1085 3872 1143 praece-

2275 1163 2452 1219 dentis
2481 1163 2837 1220 contumaciae
2865 1163 3148 1220 insolentis
3177 1163 3406 1236 peccati,
3440 1170 3489 1218 et
3503 1177 3671 1218 causa
3693 1160 3874 1216 adhuc

2275 1253 2656 1326 subsequentis
2685 1253 2894 1326 peccati
2953 1254 3120 1326 :quia
3158 1270 3281 1309 cum
3326 1251 3544 1308 voluisti
3587 1259 3872 1307 ostentare

2273 1343 2407 1398 nihil
2437 1351 2489 1398 te
2519 1350 2706 1400 contra
2734 1343 2994 1399 rationem
3040 1343 3097 1398 in
3143 1343 3264 1415 ipsa
3305 1341 3870 1399 excommunicatione

2273 1433 2549 1504 parochias
2579 1441 2684 1489 tua;
2715 1431 2933 1501 fecisse,
2981 1441 3034 1488 et
3061 1432 3447 1489 verecundiam
3480 1429 3875 1486 irrationabilis

2273 1521 2401 1578 facti
2431 1530 2542 1578 ate
2573 1522 2866 1594 depellere,
2901 1530 2954 1578 et
3009 1537 3119 1578 non
3180 1538 3303 1578 esse
3351 1521 3427 1577 ita
3482 1529 3536 1576 te
3592 1520 3872 1576 subditum

2273 1611 2698 1682 Metropolitanm
2741 1611 3068 1684 praelationi,
3117 1619 3177 1667 ut
3223 1628 3332 1666 non
3379 1610 3546 1667 licere
3603 1608 3874 1682 quidquid

575 1704 640 1761 Ut
661 1705 941 1776 impleant
959 1707 1192 1776 peccata
1208 1720 1313 1759 sua
1329 1719 1552 1776 semper
1572 1703 1622 1774 (Ι
1640 1705 1823 1759 Thess.
1850 1702 1931 1773 ιι).
1953 1703 2023 1756 Et
2042 1701 2168 1758 hinc
2197 1726 2251 1786 Β
2269 1701 2439 1756 velles
2467 1701 2522 1756 in
2573 1701 2839 1773 parochia
2893 1709 2985 1757 tua
3038 1700 3155 1757 sine
3211 1717 3335 1756 meo
3394 1699 3646 1756 consultu
3701 1715 3873 1773 agere

569 1808 702 1848 voce
731 1792 912 1866 angeli
942 1793 1012 1848 ad
1041 1793 1310 1848 Joannem
1338 1792 1538 1848 dicitur
1573 1812 1591 1848 :
1619 1793 1722 1861 Qui
1743 1795 1926 1857 nocet,
1967 1795 2169 1848 noceat

569 1881 772 1950 adhuc,
807 1885 864 1938 et
879 1883 978 1954 qui
995 1883 1058 1937 in
1069 1882 1322 1938 sordibus
1344 1885 1448 1952 est,
1468 1881 1754 1938 sordeseat
1771 1881 1952 1938 aillzuc
1971 1877 2166 1954 (Apoc.

569 1971 738 2042 xxn).
765 1971 832 2025 Et
850 1970 977 2027 hinc
992 1970 1170 2026 David
1185 1969 1315 2027 dicit
1339 1987 1352 2026 :
1371 1971 1594 2044 Appone
1615 1971 1981 2044 iniquitatem
1999 1987 2170 2044 super

570 2061 936 2134 iniquitatem
957 2077 1171 2126 eorum,
1191 2065 1247 2116 et
1265 2077 1380 2117 non
1397 2061 1694 2116 intrentin
1701 2060 1995 2131 justitiam
2009 2063 2170 2116 tuam

571 2149 746 2220 (Psal.
777 2149 995 2220 vam).
1029 2150 1099 2204 Et
1127 2149 1253 2205 hinc
1281 2165 1382 2220 per
1411 2149 1636 2220 Moysen
1649 2147 1846 2204 dicitur
1871 2165 1882 2202 :
1907 2149 2169 2204 Nondum

570 2239 848 2311 completa
859 2242 1234 2312 suntpeccata
1247 2239 1285 2294 Α
1296 2239 1699 2296 ιηοννΙιωονιιιη
1712 2237 1874 2308 (Gen.
1889 2238 2012 2304 xv).
2029 2237 2169 2294 Hinc

569 2343 668 2400 per
687 2327 938 2384 eumdem
955 2328 1218 2384 Dominus
1239 2327 1367 2384 dicit
1387 2345 1400 2383 :
1427 2329 1619 2385 Nonne
1637 2328 1753 2384 luec
1771 2327 1998 2384 condita
2032 2333 2170 2384 sunt

567 2417 720 2492 apud
740 2433 847 2486 me,
869 2421 927 2474 et
939 2418 1165 2490 signata
1182 2419 1243 2474 in
1259 2418 1541 2474 thesauris
1554 2419 1693 2474 meis
1713 2419 1811 2474 ?In
1823 2418 1912 2474 die
1930 2417 2166 2474 ultionis

568 2507 800 2563 reddam
828 2506 1109 2579 eis(Deut.
1129 2508 1340 2576 xxxu).
1366 2509 1434 2562 Et
1463 2507 1590 2579 quia
1621 2523 1814 2562 eorum
1838 2506 1984 2562 mala
2031 2523 2166 2562 nar-

567 2595 728 2663 ravit,
759 2595 904 2652 illico
934 2595 1204 2666 adjunxit:
1226 2597 1294 2652 In
1327 2600 1574 2670 tempore
1605 2613 1710 2670 quo
1755 2599 1948 2670 lapsus
1985 2597 2166 2669 fuerit

563 2701 663 2758 pes
693 2701 906 2742 eorum.
927 2686 1069 2742 Ecce
1101 2684 1443 2742 atrocissima
1465 2695 1691 2757 peccata
1711 2685 1931 2741 illorum
1957 2685 2169 2742 descri-

562 2775 786 2842 buntur,
819 2781 873 2830 et
901 2782 1084 2830 tamen
1115 2775 1182 2830 ad
1216 2774 1594 2831 ultionisdiem
1619 2775 1800 2831 adhuc
1821 2775 2166 2847 subsequens

573 2863 762 2935 lapsus
787 2863 1068 2936 aspicitur,
1103 2880 1212 2936 quo
1244 2879 1432 2919 eorum
1455 2864 1632 2936 culpa:
1662 2864 2028 2920 cumulentur.
2063 2865 2168 2919 Ha-

567 2953 697 3008 bent
720 2953 836 3023 jam
867 2953 1084 3026 quidem
1113 2953 1259 3008 unde
1291 2952 1440 3009 feriri
1467 2961 1798 3021 mereantur,
1857 2955 1956 3010 sed
2005 2953 2166 3008 susti-

2271 1807 2484 1863 posses,
2517 1807 2713 1864 meque
2743 1790 3215 1863 prazvaricatorem
3245 1806 3512 1847 canonum
3553 1806 3700 1855 esse,
3743 1788 3873 1861 quia

2273 1879 2420 1950 quod
2447 1880 2624 1954 ligasti
2652 1881 2708 1935 in
2737 1881 2993 1952 parochia
3039 1889 3132 1936 tua
3179 1879 3504 1952 praesumpsi
3555 1878 3867 1948 absolvere,

2271 1978 2324 2024 et
2370 1985 2480 2026 non
2528 1986 2650 2026 esse
2698 1969 2871 2025 soluta
2917 1986 3038 2042 qua:
3088 1969 3249 2037 solvi,
3301 1967 3432 2041 quin
3475 1968 3658 2040 potius
3707 1967 3872 2024 sedes

2271 2057 2589 2130 apostolica,
2624 2067 2677 2114 et
2705 2075 2896 2115 omnes
2925 2058 3004 2114 illi
3032 2075 3132 2131 per
3161 2074 3300 2131 quos
3329 2059 3478 2114 Deus
3494 2073 3686 2114 sacros
3705 2073 3874 2112 cano-

2268 2163 2368 2203 nes
2399 2164 2496 2204 suo
2527 2147 2730 2220 Spiritu
2759 2148 3019 2216 condidit,
3053 2165 3116 2204 ac
3143 2165 3246 2220 per
3272 2149 3377 2203 hoc
3425 2147 3543 2219 ipse
3590 2148 3760 2214 Deus,
3825 2147 3873 2202 si

2269 2245 2413 2293 recte
2442 2237 2824 2306 intellexisses,
2857 2237 3110 2306 absolvit,
3145 2236 3250 2292 nisi
3278 2245 3466 2293 contra
3497 2253 3562 2293 ea
3591 2254 3715 2310 qua:
3771 2235 3875 2292 tibi

2269 2335 2322 2382 et
2346 2327 2616 2399 parochias
2645 2336 2750 2385 tum
2779 2327 2989 2399 scripsi,
3036 2335 3212 2384 tecum
3256 2327 3542 2395 sentirent,
3593 2335 3763 2400 atque
3815 2327 3871 2383 in

2267 2417 2492 2488 prmfato
2521 2435 2685 2474 sensu
2712 2417 3138 2474 subscriberent.
3175 2419 3235 2472 In
3280 2417 3425 2473 hanc
3472 2416 3757 2473 vesaniam
3804 2433 3872 2473 ex

2267 2506 2621 2562 retributione
2643 2507 2864 2577 justitiaa
2892 2507 3168 2576 corruisti,
3201 2513 3259 2562 ut
3303 2507 3441 2564 sicut
3487 2507 3556 2563 de
3606 2522 3871 2562 eversore
3963 2501 3984 2518 '

2266 2595 2509 2668 principe
2539 2596 2803 2668 scriptum
2831 2604 2916 2652 est
2947 2613 2960 2653 :
2989 2597 3092 2666 Qui
3101 2599 3376 2671 peccavit,
3401 2601 3455 2653 et
3473 2613 3709 2670 peccare
3729 2597 3875 2670 fecit

2267 2686 2442 2742 Israel
2471 2685 2572 2760 (ΠΙ
2598 2689 2722 2760 Reg.
2747 2687 2890 2759 xxv),
2925 2694 3116 2743 contra
3146 2686 3526 2760 evangelicam
3553 2685 3866 2754 veritatem,

2266 2783 2320 2830 et
2349 2775 2697 2846 apostolicam
2725 2775 3121 2844 auctoritatem,
3157 2783 3210 2832 et
3253 2792 3538 2834 sacrorum
3597 2792 3872 2832 canonum

2265 2865 2726 2936 constitutionem,
2746 2865 2814 2921 de
2827 2865 3024 2938 quibus
3038 2865 3385 2938 promulgata
3397 2874 3520 2921 sunt
3536 2865 3628 2921 illa
3641 2865 3870 2938 scripta,

2265 2971 2384 3026 quae
2413 2970 2510 3026 per
2534 2971 2623 3011 me
2653 2955 2708 3010 in
2728 2971 2891 3011 unum
2910 2955 3158 3024 collecta,
3193 2963 3244 3012 et
3267 2955 3363 3011 tibi
3382 2971 3446 3012 ac
3460 2955 3741 3027 parochias
3763 2964 3871 3012 tua:

561 3050 720 3098 netur
741 3050 924 3098 tamen
953 3043 1128 3100 adhuc
1156 3051 1442 3115 peccatum
1471 3059 1742 3112 crescere,
1775 3051 1834 3098 ut
1874 3051 2164 3114 peccantes
2196 3094 2240 3118 η
2265 3051 2516 3100 constant
2546 3061 2668 3101 esse
2697 3045 2928 3113 directa,
2959 3053 3013 3102 et
3042 3045 3160 3118 ipse
3208 3045 3604 3115 subscriberes,
3635 3054 3690 3102 et
3733 3045 3872 3102 alios

956 3094 1124 3100 et“---
1156 3094 1442 3115 τηαν---
1477 3094 1742 3112 -_-_--_-,
1783 3094 1832 3098 _-
1875 3094 2159 3114 ru"---
2270 3094 2514 3100 ---ω-η-
2551 3094 2666 3101 η--
2702 3094 2928 3113 _-_---_,
2963 3094 3011 3102 --
3042 3094 3159 3118 τ--
3208 3094 3604 3115 ----,-------,
3639 3094 3689 3102 ,-
3735 3094 3870 3102 _-_-_

558 3132 728 3204 possit
757 3131 935 3190 acrior
961 3132 1121 3204 culpa
1151 3133 1420 3190 cruciare.
1442 3133 1564 3188 Jam
1576 3140 1816 3190 meretur
1837 3131 2164 3205 supplicium
2195 3094 2243 3158 Ο
2265 3133 2613 3191 subscribere
2672 3133 2902 3202 faceres,
2963 3135 3386 3192 reclamantibus
3445 3134 3744 3192 adversum
3822 3144 3874 3193 te

555 3230 842 3294 peccatum
871 3229 925 3278 et
953 3237 1121 3278 causa
1149 3222 1376 3294 peccati,
1411 3223 1508 3279 sed
1559 3230 1908 3295 exspectatur
1958 3222 2159 3292 adhuc,
2265 3223 2435 3280 sacris
2465 3224 2692 3298 regulis,
2723 3233 2782 3280 ut
2827 3224 3136 3282 inconsulto
3179 3225 3363 3298 priore
3403 3233 3496 3282 tuo
3545 3224 3682 3281 nihil
3741 3226 3871 3282 novi

557 3318 616 3367 ut
643 3319 997 3385 augmentum
1027 3312 1278 3384 supplicii
1309 3312 1572 3386 subroget
1601 3321 1888 3384 peccatum
1916 3320 1966 3368 et
1997 3327 2164 3384 pinna
2262 3313 2446 3370 facere
2473 3330 2798 3386 praesumus,
2832 3314 3094 3388 quoniam
3123 3332 3247 3388 qua:
3276 3316 3349 3372 ad
3391 3315 3712 3390 generalem
3763 3316 3869 3372 ob-

553 3401 785 3472 peccati.
811 3423 833 3452 α
861 3402 1171 3471 Peccatum,
1199 3400 1373 3473 inquit
1403 3401 1708 3474 Gregorius
1739 3402 1960 3474 (homil.
2000 3405 2059 3456 11
2096 3402 2162 3457 in

555 3489 800 3561 Επειδὴ),
836 3489 984 3562 quod
1015 3506 1117 3562 per
1142 3489 1514 3562 pmnitentiam
1553 3490 1714 3546 citius
1764 3506 1874 3546 non
1919 3490 2158 3560 deletur,

553 3587 648 3634 aut
673 3587 962 3650 peccatum
993 3587 1077 3634 est
1107 3587 1161 3634 et
1187 3595 1358 3636 causa
1388 3580 1619 3651 peccati,
1654 3587 1746 3635 aut
1768 3587 2056 3651 peccatum
2079 3595 2140 3635 es

551 3676 606 3724 et
632 3684 792 3740 poena
822 3668 1053 3739 peccati,
1089 3676 1178 3724 aut
1209 3677 1489 3740 peccatum
1522 3668 1680 3724 simul
1715 3683 1884 3725 causa
1914 3675 1967 3725 et
1996 3684 2160 3740 paena

555 3757 787 3828 peccati.
819 3757 996 3812 Omne
1026 3757 1172 3813 enim
1203 3759 1350 3830 quod
1380 3758 1530 3830 prius
1559 3758 1968 3824 committimus,
2025 3774 2160 3829 pec-

551 3853 734 3901 catum
763 3852 889 3901 est:
935 3846 1032 3900 sed
1096 3847 1142 3900 si
1183 3847 1344 3903 citius
1389 3848 1706 3918 paenitendo
1779 3864 1889 3904 non
1905 3847 2156 3918 tergitur,

546 3935 702 3990 Justo
726 3932 932 4004 judicio
973 3935 1320 4007 omnipotens
1369 3937 1516 3992 Deus
1586 3937 1883 4009 obligatam
1923 3936 2160 4009 peccatis

554 4031 796 4080 mentem
828 4023 994 4079 etiam
1024 4023 1078 4079 in
1107 4024 1326 4096 culpam
1357 4025 1580 4082 alteram
1611 4026 1876 4098 permittit
1939 4026 2156 4090 cadere,

556 4120 613 4167 ut
645 4129 768 4186 qua:
797 4112 980 4170 ﬂendo
1011 4121 1064 4170 et
1111 4114 1442 4187 corrigendo
1485 4115 1656 4172 noluit
1703 4116 1968 4172 mundare
2015 4115 2160 4188 quod

561 4201 708 4275 fecit,
739 4211 1024 4275 peccatum
1053 4203 1275 4276 incipiat
1296 4214 1520 4278 peccato
1542 4205 1842 4262 cumulare.
1869 4207 2160 4263 Peccatum

570 4309 728 4366 ergo,
763 4292 908 4366 quod
937 4293 1268 4366 poenitentiae
1293 4294 1533 4351 lamento
1563 4311 1672 4352 non
1702 4295 1944 4363 diluitur,
1958 4311 2158 4368 pecca-

557 4389 667 4437 tum
701 4382 864 4438 simul
895 4391 977 4438 est
1006 4391 1058 4439 et
1087 4399 1256 4440 causa
1287 4385 1520 4456 peccati,
1551 4386 1680 4456 quia
1724 4402 1792 4441 ex
1837 4385 1930 4442 illo
1987 4385 2158 4441 oritur

2264 3403 2592 3459 servantiam
2623 3404 2864 3460 omnium
2893 3405 3112 3461 Domini
3161 3404 3435 3476 pertinent
3491 3405 3862 3474 sacerdotum,

2261 3493 2395 3548 nihil
2443 3493 2560 3550 sine
2614 3494 2931 3565 primatibus
2989 3502 3205 3567 oportet
3258 3494 3494 3568 impleri.
3551 3495 3662 3552 Sed
3737 3497 3867 3569 quia

2261 3583 2414 3638 nervi
2443 3583 2813 3640 testiculorum
2869 3584 3168 3641 Behemoth
3195 3584 3440 3658 perplexi
3471 3592 3614 3649 sunt,
3641 3601 3768 3641 cum
3780 3585 3864 3640 his

2261 3679 2314 3727 te
2345 3671 2623 3744 explicare
2652 3671 2872 3740 tinxisti,
2905 3681 2957 3730 te
2985 3673 3172 3729 durius
3201 3681 3255 3730 et
3283 3673 3636 3746 multiplicius
3665 3675 3865 3731 nexui-

2263 3760 2350 3827 sti,
2382 3769 2435 3817 et
2464 3778 2630 3834 super
2658 3761 2906 3818 dolorem
2933 3762 3220 3820 vulnerum
3249 3771 3467 3819 tuorum
3495 3763 3615 3836 ipse
3664 3780 3866 3836 super-

2261 3850 2489 3919 addens,
2523 3851 2658 3907 alios
2690 3851 2896 3908 solutos
2923 3860 3106 3910 tecum
3135 3852 3495 3920 conneXuisti,
3547 3853 3773 3926 insuper
3815 3861 3868 3910 et

2261 3949 2452 3996 contra
2481 3956 2738 4011 canones,
2774 3949 2825 3998 et
2845 3942 3064 4000 decreta
3083 3943 3229 3999 sedis
3250 3943 3512 4000 Romanae
3540 3942 3864 4015 pontificum

2262 4037 2570 4087 commenta
2599 4031 2667 4086 ad
2695 4031 2799 4088 hoc
2829 4032 3120 4106 collegisti,
3153 4041 3420 4106 quatenus
3443 4041 3494 4090 te
3514 4041 3572 4090 ut
3589 4049 3863 4108 onagrum

2259 4119 2494 4176 liberum
2525 4136 2558 4175 a
2588 4121 2719 4177 sede
2747 4121 3173 4194 metropolitana
3201 4130 3560 4193 monstrares,
3595 4132 3650 4179 et
3677 4140 3767 4179 me
3797 4131 3857 4178 ut

2259 4211 2731 4282 praevaricatorem
2801 4228 3092 4282 canonum,
3141 4213 3348 4270 eisdem
3438 4213 3860 4270 commentatio—

2259 4317 2388 4354 num
2438 4308 2648 4356 tuarum
2695 4301 2928 4359 vinculis
2974 4301 3253 4359 astrictum
3301 4301 3728 4359 iniusolubiliter
3755 4303 3860 4360 de-

2261 4397 2621 4458 monstrares,
2655 4398 2706 4446 et
2733 4391 2909 4448 adhuc
2955 4391 3119 4448 etiam
3170 4391 3309 4448 sicut
3355 4392 3425 4448 de
3469 4392 3616 4448 malo
3663 4393 3720 4448 in
3757 4409 3862 4466 pe-

551 4472 697 4526 unde
728 4471 908 4528 adhuc
939 4473 1238 4542 peccatoris
1270 4473 1484 4528 animus
1515 4474 1674 4530 altius
1695 4475 1988 4548 obligetur.
2019 4477 2150 4530 Pec-
2180 4465 2362 4549 Djus,
2431 4479 2502 4534 ita
2564 4479 2634 4535 de
2697 4481 2885 4552 pejore
2949 4481 3004 4536 in
3059 4481 3357 4554 pessimum
3413 4481 3716 4554 profecisti,
3762 4465 3773 4466 id
3802 4491 3865 4538 ut

549 4573 728 4616 catum
762 4575 891 4616 vero
923 4561 1070 4632 quod
1099 4578 1164 4616 ex
1193 4569 1420 4632 peccato
1453 4563 1720 4635 sequitur,
1758 4572 2042 4634 peccatum
2075 4565 2154 4620 si-
2255 4584 2365 4623 non
2394 4569 2571 4624 solum
2601 4569 2696 4624 tibi
2751 4570 3056 4626 commissis
3112 4571 3344 4642 clericis,
3407 4573 3506 4628 sed
3562 4580 3616 4629 et
3637 4572 3864 4645 episcoo

551 4649 665 4705 mul
695 4657 778 4706 est
809 4658 1036 4722 etpoena
1091 4651 1322 4722 peccati,
1385 4651 1512 4723 quia
1545 4661 1892 4708 excrescente
1913 4653 2154 4709 caecitate
2254 4656 2339 4728 pis
2368 4656 2461 4712 illa
2499 4656 2758 4730 figmenta
2805 4661 3111 4734 compilata,
3165 4669 3217 4718 et
3264 4662 3386 4736 regi
3433 4662 3616 4718 danda
3664 4672 3866 4720 osten-

555 4756 622 4795 ex
651 4739 1006 4795 retributione
1037 4739 1236 4811 prioris
1265 4740 1439 4811 culpas
1456 4749 1772 4814 generatur,
1796 4749 1854 4796 ut
1875 4741 2029 4814 quasi
2043 4742 2153 4810 jam
2255 4746 2432 4816 deres,
2467 4754 2518 4802 et
2547 4746 2680 4804 mihi
2705 4749 2826 4804 dari
2881 4749 3112 4820 faceres,
3155 4759 3213 4806 ut
3267 4768 3368 4825 per
3422 4752 3514 4808 illa
3571 4769 3660 4809 me
3720 4769 3868 4811 con-

557 4829 808 4899 quaedam
838 4829 943 4884 sint
973 4828 1030 4884 in
1057 4837 1345 4902 peccatore
1376 4830 1642 4902 supplicia
1670 4830 1792 4902 ipsa
1821 4831 2156 4888 incrementa

557 4915 832 4974 vitiorum.
871 4939 894 4969 ι
949 4919 1240 4976 Peccatum
1288 4919 1489 4992 quippe
1539 4919 1635 4974 tibi
1684 4918 1784 4974 fuit
1851 4919 2154 4976 insolentiae

559 5007 922 5074 contumacia,
955 5025 1079 5063 cum
1109 5008 1228 5066 sine
1257 5025 1443 5078 causa,
1479 5008 1524 5063 si
1571 5017 1757 5064 tamen
1802 5009 1920 5066 sine
1967 5026 2151 5080 causa,

561 5101 751 5151 contra
783 5095 1044 5152 domuum
1083 5115 1274 5171 regem
1307 5105 1361 5153 te
1389 5097 1830 5155 irrationabiliter
1864 5101 2085 5158 erexisti
2135 5119 2150 5157 :

561 5201 592 5239 a
623 5199 730 5256 quo
761 5193 988 5257 peccato
1019 5187 1146 5260 quia
1173 5204 1274 5260 per
1315 5187 1634 5244 humilitatis
1677 5189 1914 5246 debitam
1963 5199 2017 5246 et
2061 5206 2154 5247 ra-

560 5273 874 5330 tionabilem
902 5275 1321 5332 satisfactionem
1336 5276 1556 5333 noluisti
1583 5279 1874 5351 respicere,
1927 5281 2156 5356 exegisti

563 5371 621 5418 ut
649 5371 836 5436 ageret
859 5373 912 5420 et
940 5365 1028 5434 agi
1055 5366 1380 5437 praeciperet
1409 5367 1464 5422 in
1485 5374 1558 5438 te,
1591 5368 1735 5424 unde
1782 5370 2021 5442 amplius
2065 5370 2154 5426 fu-

562 5467 690 5508 rore
721 5453 1022 5528 exagitatus
1049 5461 1104 5510 te
1141 5461 1327 5511 contra
1366 5455 1520 5512 illum
1565 5473 1939 5516 commoveres
1972 5477 1988 5516 :
2046 5476 2156 5534 qua
2190 5488 2198 5496 -

557 5543 922 5603 commotione
947 5543 1210 5618 devictus,
1243 5543 1300 5601 in
1325 5554 1608 5620 peccatum
1636 5549 1976 5624 subsequens
2009 5549 2154 5608 inci-

2255 4835 2560 4908 crederem,
2595 4845 2646 4893 et
2675 4839 2813 4896 adeo
2860 4857 2950 4896 me
2997 4839 3094 4896 tibi
3150 4840 3524 4916 subjugarem,
3575 4851 3654 4912 ut,
3717 4842 3870 4901 sicut

2255 4925 2546 4996 mandasti,
2581 4929 2746 4984 verba
2774 4931 3090 5004 evangelica
3119 4939 3172 4988 et
3197 4931 3499 5004 apostolica
3542 4942 3708 5007 atque
3755 4949 3866 4990 ca—

2255 5016 2470 5088 nonica,
2535 5034 2655 5090 quae
2709 5019 2806 5074 tibi
2860 5027 2912 5076 et
2974 5021 3241 5078 Ecclesiae
3305 5021 3404 5078 tibi
3433 5023 3742 5080 commissae
3773 5023 3866 5082 di-

2255 5121 2528 5174 rexeram,
2588 5107 2716 5181 igne
2769 5124 3089 5182 cremarem,
3145 5119 3200 5166 et
3254 5127 3342 5168 me
3399 5128 3511 5168 non
3559 5113 3738 5168 solum
3829 5131 3866 5171 a

2255 5195 2450 5268 gradu,
2475 5213 2660 5252 verum
2689 5205 2742 5254 et
2771 5214 2803 5254 a
2831 5199 3226 5258 Christianitate
3256 5217 3534 5269 exuerem,
3567 5210 3621 5258 et
3661 5211 3864 5275 potum

2255 5285 2446 5340 mortis
2473 5285 2605 5340 mihi
2635 5303 2666 5342 a
2707 5295 2760 5344 te
2802 5289 3148 5362 pr0pinatum
3197 5290 3411 5362 bibens,
3463 5292 3628 5348 etiam
3667 5292 3863 5350 homi-

2253 5374 2372 5430 cida
2413 5375 2521 5432 mei
2566 5377 2712 5433 velut
2755 5378 2924 5435 Iudas
2961 5380 3277 5452 paenitendo
3319 5381 3629 5450 existerem,
3679 5391 3734 5439 et
3797 5383 3863 5440 in

2253 5464 2360 5522 hoc
2401 5463 2562 5522 etiam
2606 5467 2828 5541 gravius
2877 5485 2910 5524 a
2953 5469 3095 5526 Juda
3140 5470 3436 5540 diﬂ'errem,
3480 5479 3539 5528 ut
3579 5471 3648 5528 de
3703 5472 3859 5531 bono

2255 5553 2399 5614 facto
2426 5571 2515 5613 me
2569 5557 2875 5631 paeniteret.
2936 5559 3054 5618 Hoc
3093 5576 3329 5638 namque
3375 5561 3654 5637 poculum,
3704 5564 3862 5638 quod
