4164 6370
303 171 401 225 461

1017 159 1263 218 OPUSC.
1313 157 1406 214 ET
1457 153 1674 212 EPIST.
1732 151 1806 208 IN
1865 149 2093 207 CAUSA
2133 151 2478 211 HINCMARI
2515 155 2820 214 LAUDUN.

3495 165 3600 222 462

305 289 589 348 confecisti
617 306 684 346 ex
711 287 1024 344 nominibus
1072 293 1378 343 sanctorum
1409 279 1726 354 apostolica:
1755 277 1904 334 sedis
1933 274 1987 336 A
2007 278 2182 334 Deum
2211 287 2263 334 et
2290 280 2541 336 homines
2584 281 2996 354 praevaricatum
3043 283 3191 339 Deus
3240 283 3502 356 queritur.
3533 289 3603 344 Et

305 378 642 454 pontiﬁcum,
665 377 822 451 quasi
849 377 918 433 ad
947 392 1043 433 ora
1063 375 1224 432 melle
1253 373 1499 438 oblitum,
1533 379 1587 427 et
1613 368 1907 426 indiscrete

306 469 676 537 commixtum,
712 468 780 524 de
809 482 918 540 quo
969 465 1065 521 tibi
1094 463 1418 522 commissos
1465 459 1699 518 clericos
1725 458 1906 531 potio-

303 560 464 628 nasti,
512 566 564 616 et
612 558 758 632 quod
804 556 1128 630 quibusdam
1195 551 1468 626 episcopis
1537 549 1796 620 obtulisti,
1857 555 1910 604 et

303 651 539 707 Satanas
585 647 776 720 primis
821 645 1142 718 parentibus
1187 643 1391 700 nostris
1433 641 1487 696 in
1516 639 1773 713 paradiso
1803 639 1908 694 ob-

305 734 461 801 tulit,‘
507 732 725 806 quando
780 747 1002 804 pomum
1058 729 1262 786 bonum
1311 727 1382 783 ad
1437 725 1794 793 vescendum,
1856 730 1910 779 et

303 823 597 897 pulchrum
643 819 836 888 oculis,
888 827 1218 892 aspectuque
1273 815 1592 872 delectabile
1649 813 1904 882 ostendit,

307 913 499 986 eisque
529 909 700 966 dixit:
728 910 1067 983 Quacunque
1097 907 1186 964 die
1213 905 1568 964 comederitis
1589 920 1663 960 ea!
1683 919 1764 970 eo,
1787 918 1910 976 ape-

306 1005 540 1060 rientur
555 1000 706 1058 oculi
723 999 912 1065 vestri,
938 1001 994 1054 et
1011 999 1172 1054 eritis
1189 997 1340 1052 sicut
1351 995 1432 1051 dii
1445 994 1688 1050 scientes
1704 991 1910 1048 bonum

307 1097 365 1150 et
395 1091 619 1148 malum
649 1089 810 1161 (Gen.
835 1086 918 1161 ιιι)
943 1105 958 1155 ;
981 1094 1035 1142 et
1055 1086 1252 1160 quibus
1279 1083 1528 1158 promisit
1549 1081 1906 1148 divinitatem,

307 1181 425 1238 tulit
468 1177 948 1245 immortalitatem,
995 1183 1048 1232 et
1092 1175 1358 1247 pollicens
1405 1173 1634 1229 liberam
1677 1179 1730 1226 et
1776 1170 1912 1226 nulli

307 1271 609 1339 subjectam
656 1266 874 1324 deitatis
917 1264 1298 1338 aequalitatem,
1345 1261 1672 1335 captivitatis
1712 1260 1790 1316 eis
1821 1260 1909 1314 in-

305 1361 428 1418 tulit
456 1359 720 1416 miseram
762 1355 1100 1424 servitutem,
1134 1370 1272 1428 quos
1302 1352 1406 1408 sibi
1435 1352 1730 1424 complices
1759 1350 1910 1406 fece-

305 1459 392 1508 rat
423 1450 496 1506 ad
525 1447 880 1521 iniquitatem.
917 1467 940 1498 σι
974 1447 1043 1500 Et
1070 1451 1130 1500 tu
1159 1443 1373 1501 clericis
1402 1442 1528 1510 tuis,
1563 1440 1674 1514 qui,
1708 1439 1910 1513 inquis,

308 1539 443 1596 mihi
482 1538 678 1595 eodem
723 1537 840 1592 Deo
883 1543 1106 1591 auctore
1149 1531 1427 1590 commissi
1471 1539 1616 1599 sunt,
1661 1537 1713 1586 et
1741 1529 1796 1585 in
1825 1528 1912 1584 his

310 1628 564 1687 similiter
608 1625 864 1694 sentiunt,
912 1622 1126 1680 solliciti
1157 1639 1372 1678 servare
1401 1621 1660 1678 unitatem
1689 1618 1911 1692 spiritus

310 1721 369 1776 in
413 1717 634 1776 vinculo
679 1715 848 1789 pacis,
892 1715 998 1770 hac
1042 1729 1258 1769 mecum
1303 1727 1436 1784 pace
1467 1704 1756 1783 poliantur,
1795 1729 1818 1760 ι)
1854 1724 1917 1765 ac

312 1810 359 1866 si
385 1815 640 1882 patenter
687 1803 938 1860 addendo
985 1803 1216 1871 diceres,
1263 1801 1392 1856 etin
1422 1798 1920 1873 transgressionem

313 1880 628 1956 sanctarum
682 1893 997 1968 regularum
1039 1909 1141 1965 per
1190 1899 1440 1948 sanctum
1487 1906 1616 1947 vere
1663 1880 1922 1961 Spiritum

314 1988 654 2064 prolatatum
684 1983 1006 2060 gradiantur
1025 2001 1042 2062 _;
1075 1989 1127 2037 et
1155 1995 1280 2038 mox
1312 1979 1695 2054 subsequendo
1727 1995 1740 2035 :
1779 1999 1802 2030 «ι
1842 1977 1918 2046 Si,

315 2077 573 2150 inquiens
603 2120 616 2144 ,
674 2073 840 2146 aliqui
897 2089 1055 2129 secus
1103 2071 1351 2127 nolentes
1403 2069 1523 2126 ﬁeri
1578 2068 1712 2126 socii
1765 2067 1922 2138 hujus

316 2166 642 2240 disciplinae,
689 2180 792 2221 nec
836 2163 1137 2218 habeantur
1183 2159 1481 2232 participes
1527 2157 1923 2216 communionis

317 2265 541 2315 nostrae.
580 2277 602 2306 υ
641 2253 800 2324 Quod
837 2269 948 2309 non
991 2259 1075 2308 est
1116 2251 1264 2307 aliud
1310 2250 1516 2318 dicere,
1567 2249 1672 2305 nisi
1701 2265 1922 2321 perma-

316 2355 486 2405 neant
513 2347 568 2402 in
597 2343 882 2401 catholica
911 2341 1176 2398 Ecclesiae
1204 2338 1606 2407 communione,
1639 2347 1693 2396 et
1721 2339 1766 2394 si
1785 2337 1923 2394 forte

317 2456 429 2496 non
476 2435 680 2504 verbis,
730 2434 896 2490 rebus
925 2441 1110 2488 tamen
1147 2430 1474 2504 quihusdam
1503 2429 1773 2502 episcopis
1793 2446 1923 2501 per-

318 2527 602 2584 suadendo
636 2545 655 2582 :
691 2545 713 2576 α
736 2524 910 2594 Hanc,
943 2521 1214 2594 inquiens,
1248 2528 1428 2576 tenete
1459 2527 1510 2576 et
1539 2535 1754 2576 mecum
1783 2518 1928 2574 evin-

319 2617 499 2675 dicale
546 2613 1003 2686 compilationem,
1037 2619 1088 2668 et
1115 2610 1248 2666 nulli
1275 2610 1379 2666 nisi
1407 2611 1652 2666 Romano
1683 2606 1926 2681 pontiﬁci

319 2705 594 2764 debebitis
641 2701 1051 2774 subjectioncm,
1106 2709 1158 2757 et
1203 2699 1540 2773 dissipabitis
1580 2715 1796 2755 mecum
1825 2697 1926 2754 Dei

319 2795 725 2856 ordinationem
774 2791 831 2848 in
876 2789 1182 2848 communis
1226 2788 1556 2862 episcopalis
1601 2787 1806 2845 ordinis
1837 2787 1925 2843 di—

319 2894 561 2945 scretam
590 2883 812 2940 sedibus
841 2880 1184 2956 dignitatem.
1217 2901 1239 2931 »
1275 2879 1385 2935 Sed
1413 2878 1778 2934 concedamus
1809 2879 1928 2934 hmc

317 2975 506 3035 dicere
553 2981 607 3031 et
653 2988 822 3046 agere
863 2987 1026 3044 posse
1069 2971 1305 3042 aliquem
1361 2976 1710 3042 arrogantem
1761 2976 1923 3040 atque

313 3067 634 3139 iactantem,
683 3063 778 3118 illa
824 3077 956 3118 vero
1001 3059 1242 3118 divinare
1290 3075 1399 3116 non
1444 3058 1619 3126 valeo,
1653 3057 1926 3132 quomodo

317 3158 377 3214 in
401 3163 645 3213 mentem
687 3161 832 3208 tuam
877 3150 1064 3208 venire
1109 3149 1303 3222 potuit,
1354 3157 1413 3204 ut
1443 3149 1562 3220 regi
1591 3148 1738 3204 illam
1773 3164 1929 3205 com-

317 3247 644 3320 pilationem
673 3241 926 3298 versibus
955 3239 1210 3310 inversis,
1235 3238 1444 3296 scilicet
1463 3237 1782 3294 adulatoriis
1812 3254 1932 3294 sen—

320 3336 474 3394 sibus
521 3333 790 3408 prrelitam
831 3329 1002 3388 velles
1051 3329 1360 3399 ostendere,
1411 3344 1572 3401 quem
1612 3327 1782 3384 latere
1821 3341 1932 3383 non

321 3442 489 3500 posse
538 3422 750 3480 sciebas
781 3420 849 3476 ad
880 3419 1012 3494 quid
1053 3419 1204 3475 illam
1233 3417 1453 3475 voluisti
1503 3416 1786 3490 colligere.
1823 3416 1932 3473 Sed

321 3525 377 3574 et
424 3514 561 3572 mihi
601 3511 876 3587 quomodo
917 3507 1142 3582 potuisti
1169 3508 1448 3579 mandare,
1492 3514 1551 3562 ut
1599 3523 1710 3562 non
1755 3507 1932 3562 solum

325 3622 394 3664 ea
426 3621 550 3679 quae
581 3599 848 3659 aediﬁcavi
889 3598 1250 3665 destruerem,
1286 3613 1478 3654 verum
1508 3596 1586 3654 sic
1613 3595 1932 3668 metropoli-

329 3705 476 3753 tanae
505 3691 654 3749 sedis
699 3689 1047 3764 privilegium
1078 3695 1132 3744 et
1159 3686 1430 3760 meipsum
1458 3685 1555 3742 tibi
1585 3685 1930 3756 subjicerem,

330 3795 386 3845 et
413 3779 738 3856 Evangelia,
785 3787 949 3852 atque
995 3777 1292 3850 apostolos,
1326 3784 1378 3833 et
1408 3777 1724 3849 prophetas,
1755 3783 1808 3831 et
1838 3791 1929 3830 ca-

321 3890 499 3932 nones
529 3868 876 3929 incendendo
905 3884 1187 3940 negarem,
1221 3875 1280 3922 ut
1307 3867 1446 3924 sicut
1474 3866 1721 3923 ethnicus
1751 3873 1804 3921 et
1833 3882 1933 3938 pu-

323 3966 574 4022 blicanus
621 3959 876 4018 omnibus
905 3957 1110 4025 ﬁerem,
1143 3973 1267 4014 cum
1295 3956 1422 4012 licet
1449 3954 1700 4012 inﬁrmus
1730 3963 1783 4012 et
1813 3953 1932 4010 fra-

323 4055 456 4132 gilis
471 4069 582 4110 una
601 4067 728 4109 cum
751 4056 936 4106 sancta
954 4047 1204 4104 Ecclesia
1231 4046 1674 4118 frequentissime
1693 4053 1930 4113 cantem,

329 4162 456 4203 esse
495 4143 670 4200 virum
715 4146 981 4206 sanctum,
1016 4137 1110 4210 qui
1154 4152 1256 4209 pro
1303 4135 1426 4210 lege
1473 4136 1574 4192 Dei
1623 4135 1703 4192 sui
1748 4143 1933 4192 certa-

324 4235 404 4294 vit
432 4250 609 4306 usque
640 4231 712 4288 ad
739 4237 994 4286 mortem.
1024 4228 1092 4282 Et
1121 4226 1248 4283 hinc
1295 4227 1453 4282 anxie
1481 4225 1614 4280 mihi
1664 4223 1934 4282 hmsitanti

327 4325 570 4384 occurrit
613 4319 813 4378 Paulus
841 4319 910 4374 de
941 4315 1252 4388 hujusmodi
1299 4316 1486 4372 dicens
1521 4335 1534 4372 :
1571 4317 1708 4372 Cum
1727 4329 1934 4388 cogno-

2007 384 2134 425 ecce
2163 377 2245 424 est
2272 385 2381 424 una
2429 369 2586 442 culpa
2632 371 2916 443 superbiae,
2959 371 3082 444 quia
3109 374 3446 445 praevaricati
3477 385 3602 434 sunt

2009 466 2244 530 pactum.
2290 459 2435 516 Ecce
2484 459 2654 516 altera
2701 461 3090 532 obstinationis,
3142 463 3266 534 quia
3313 481 3485 538 usque
3531 467 3601 522 ad

2007 548 2151 604 diem
2199 549 2360 604 hanc.
2409 550 2554 606 Ecce
2597 549 2754 622 culpa
2805 549 2992 624 gravis
3053 551 3417 624 impudentia,
3476 555 3602 629 quia

2007 637 2142 693 dura
2183 638 2340 705 facie,
2401 639 2656 712 quoniam
2711 639 2853 694 mala
2909 657 3030 712 quae
3083 640 3281 697 faciunt
3328 643 3445 713 jam
3500 662 3604 703 nec

2009 727 2354 798 erubescunt,
2403 737 2456 784 et
2496 745 2771 802 nunquam
2821 729 2909 785 vel
2949 737 3074 801 post
3121 730 3309 802 culpas
3355 734 3424 788 ad
3476 752 3601 807 pa:-

2007 817 2286 874 nitentiam
2342 817 2589 889 redeunt,
2667 818 2794 890 quia
2863 818 3179 875 indomabili
3236 821 3402 878 corde
3459 833 3602 882 sunt.

2009 906 2142 962 Cum
2197 923 2330 963 vero
2377 915 2535 964 tanta:
2592 907 2894 980 pravitatis,
2960 915 3231 982 tantaeque
3285 909 3606 969 obstinatio-

2007 995 2094 1051 nis
2149 997 2256 1052 sint
2313 997 2390 1068 hi,
2447 997 2516 1052 ad
2545 1013 2682 1069 quos
2726 997 2996 1070 propheta
3039 997 3280 1067 mittitur,
3332 1001 3454 1074 quis
3490 1001 3608 1072 jam

2009 1102 2120 1140 non
2165 1085 2346 1142 videat
2393 1085 2518 1158 quia
2554 1102 2794 1158 persona
2822 1088 3104 1159 prephetaa
3131 1103 3164 1144 a
3209 1096 3320 1144 tam
3374 1107 3608 1162 perver-

2011 1175 2086 1230 sis
2143 1174 2454 1230 hominibus
2517 1175 2726 1248 despici
2791 1176 3012 1232 valeat?
3066 1177 3175 1234 Sed
3231 1194 3359 1236 ecce
3415 1189 3609 1238 aucto-

2010 1265 2140 1320 ritas
2165 1281 2418 1336 personae
2447 1263 2720 1332 tribuitur,
2771 1281 2897 1323 cum
2941 1265 3185 1322 subditur
3215 1285 3229 1322 :
3261 1268 3332 1324 Et
3361 1268 3512 1327 dices
3540 1271 3610 1327 ad

2011 1371 2107 1410 eos
2141 1372 2155 1410 :
2187 1355 2318 1411 Haec
2364 1353 2495 1412 dicit
2541 1355 2824 1427 Dominus,
2861 1355 2909 1411 si
2938 1355 3076 1412 forte
3105 1357 3194 1414 vel
3221 1357 3328 1428 ipsi
3368 1360 3608 1430 audiant,

2011 1453 2064 1500 et
2093 1443 2138 1499 si
2168 1443 2308 1500 forte
2357 1444 2656 1517 quiescant,
2709 1445 2842 1518 quia
2889 1445 3084 1503 domus
3127 1464 3476 1522 exasperans
3525 1455 3610 1510 est

2009 1528 2231 1604 (Ezech.
2263 1533 2386 1605 xu).
2419 1535 2486 1589 Et
2517 1543 2592 1601 tu,
2625 1532 2701 1588 ﬁli
2728 1532 2980 1604 hominis,
3041 1551 3111 1592 ne
3139 1535 3330 1592 timeas
3361 1554 3474 1604 eos,
3509 1555 3614 1595 ne-

1945 1648 1998 1708 B
2020 1640 2125 1695 que
2141 1639 2424 1679 sermones
2443 1639 2634 1678 eorum
2647 1631 2880 1691 metuas,
2905 1625 3036 1698 quia
3057 1625 3255 1683 domus
3266 1643 3618 1700 exasperari:

2021 1716 2125 1768 est.
2157 1712 2340 1786 (Ibid.)
2387 1711 2619 1768 Stultum
2661 1713 2808 1769 enim
2850 1713 3010 1770 valde
3039 1722 3140 1782 est,
3175 1714 3221 1770 si
3251 1715 3356 1771 illis
3393 1715 3616 1788 placere

2019 1801 2334 1874 queerimus,
2363 1819 2502 1875 quos
2531 1818 2642 1858 non
2669 1803 2888 1874 placere
2919 1803 3152 1860 Domino
3179 1803 3403 1861 scimus.
3435 1806 3617 1862 Debe-

2018 1907 2141 1947 mus
2171 1898 2350 1948 autem
2377 1891 2580 1948 habere
2609 1891 2667 1946 in
2693 1899 2840 1948 metu
2868 1899 2921 1947 et
2949 1893 3258 1949 reverentia
3279 1893 3486 1964 judicia
3507 1895 3617 1966 jus-

2023 1988 2220 2048 torum,
2267 1980 2394 2054 quia
2435 1980 2683 2038 membra
2721 1981 3104 2054 omnipotentis
3133 1982 3234 2039 Dei
3259 1991 3402 2052 sunt,
3435 1992 3486 2040 et
3515 1986 3621 2042 hoc

2020 2069 2125 2143 ipsi
2155 2070 2212 2126 in
2241 2077 2382 2127 terra
2409 2071 2836 2143 reprehendunt,
2872 2072 3018 2144 quod
3045 2071 3309 2128 Dominus
3347 2073 3630 2148 redarguit

2022 2176 2052 2217 e
2083 2161 2239 2216 coelo.
2289 2161 2428 2216 Nam
2475 2177 2860 2234 perversorum
2902 2161 3206 2236 derogatio,
3251 2161 3376 2220 vitae
3421 2171 3623 2222 nostrae

2022 2249 2338 2322 approbatio
2365 2257 2448 2306 est
2477 2250 2602 2322 quia
2623 2250 2736 2320 jam
2765 2250 3066 2306 ostenditur
3091 2267 3193 2308 nos
3233 2251 3438 2324 aliquid
3457 2253 3624 2322 justi-

2023 2339 2110 2396 tiae
2138 2339 2364 2406 habere,
2398 2339 2445 2395 si
2474 2339 2579 2394 illis
2609 2339 2900 2412 displicere
2938 2339 3224 2412 incipimus
3255 2340 3348 2414 qui
3373 2358 3484 2398 non
3510 2342 3628 2416 pla-

2027 2437 2150 2486 cent
2177 2430 2314 2484 Deo.
2339 2429 2469 2484 Ideo
2493 2429 2623 2485 boni
2654 2428 2878 2485 timendi
2907 2437 3031 2484 sunt
3060 2446 3130 2486 ne
3159 2428 3520 2500 oﬂ’endantur,
3551 2449 3622 2490 ne

2025 2516 2258 2573 fortasse
2287 2533 2386 2589 per
2415 2533 2510 2573 eos
2538 2517 2629 2572 ille
2676 2526 3005 2590 provocetur
3037 2517 3109 2574 ad
3136 2517 3498 2588 iracundiam,
3531 2521 3625 2594 qui

2026 2622 2213 2663 eorum
2243 2607 2415 2664 corda
2445 2623 2664 2678 semper
2710 2607 2994 2663 inhabitat.
3029 2607 3256 2680 Propter
3285 2609 3430 2681 quod
3461 2609 3624 2666 etiam

2027 2697 2274 2752 subditur
2305 2713 2320 2753 :
2353 2697 2430 2752 Tu
2459 2705 2658 2764 autem,
2705 2695 2782 2752 ﬁli
2807 2696 3064 2766 hominis,
3113 2696 3242 2754 audi
3289 2713 3627 2772 quaecunque

2025 2785 2222 2859 loquor
2249 2786 2321 2842 ad
2348 2793 2421 2856 te,
2457 2793 2510 2842 et
2537 2786 2650 2842 noli
2692 2802 2815 2842 esse
2863 2803 3216 2860 exasperans,
3263 2787 3402 2845 sicut
3431 2789 3626 2846 domus

2029 2875 2400 2948 exasperatrix
2431 2883 2532 2932 est.
2557 2875 2674 2931 Nisi
2697 2875 2842 2932 enim
2861 2877 2930 2932 ad
2950 2876 3284 2950 loquendum
3303 2879 3472 2935 verba
3503 2895 3628 2936 cum

2026 2965 2344 3022 mittebatur
2377 2965 2644 3034 obediret,
2676 2965 3102 3039 omnipotentem
3147 2967 3460 3036 Dominum,
3493 2969 3634 3026 sicut

2028 3055 2304 3112 auditores
2351 3055 2420 3110 de
2461 3071 2725 3127 perverso
2770 3072 2958 3128 opere,
3010 3057 3089 3113 sic
3129 3057 3414 3129 propheta,
3445 3057 3504 3114 id
3546 3065 3631 3116 est

2027 3145 2359 3218 praedicator
2389 3144 2456 3201 de
2489 3161 2588 3201 suo
2619 3145 2832 3202 silentio
2863 3146 3038 3202 Deum
3069 3155 3466 3219 exasperasset.
3504 3169 3528 3200 »

2585 3287 2808 3345 CAPUT
2861 3287 3076 3346 XLVII.

2032 3375 2192 3448 Quod
2222 3379 2435 3454 victum
2465 3393 2523 3434 se
2542 3393 2837 3454 nunquam
2863 3381 3252 3454 agnoscats‘De
3283 3382 3404 3454 ejus
3420 3381 3483 3438 in
3507 3395 3628 3440 me-

2105 3451 2516 3524 tropolitanum
2551 3451 2854 3524 rebellione
2887 3451 2909 3506 τί
2933 3455 3004 3524 σε,
3025 3453 3168 3524 quod
3202 3451 3368 3524 sacra
3413 3455 3634 3524 eloquia

2104 3522 2276 3596 cauri
2291 3523 2542 3596 petierit,
2571 3522 3327 3596 etschismasubscriptione
3361 3542 3466 3582 sua
3484 3522 3634 3596 fece-

2103 3593 2202 3648 rit.
2233 3592 2305 3648 Et
2336 3592 2402 3648 de
2432 3593 2670 3666 injustis
2699 3595 2822 3666 ejus
2853 3592 3268 3666 obligamentis.

2105 3698 2260 3756 Unde
2287 3697 2439 3767 mihi,
2473 3698 2541 3755 ad
2581 3699 2734 3770 cujus
2783 3699 3200 3758 sollicitudinem
3239 3703 3514 3776 pertinere
3543 3704 3634 3762 di-

2035 3788 2340 3864 gnosceris,
2374 3805 2486 3845 non
2523 3797 2607 3846 est
2637 3789 2734 3846 tibi
2777 3791 3088 3848 tacendum.
3119 3793 3191 3848 Et
3221 3794 3347 3866 quia
3373 3811 3480 3870 ego
3509 3811 3634 3854 mo-

2033 3879 2216 3935 nendo
2247 3887 2298 3935 et
2325 3887 2383 3934 tu
2430 3878 2740 3936 resistendo
2783 3879 2977 3938 luctari
3020 3882 3305 3955 cmpimus,
3337 3893 3391 3941 et
3419 3893 3551 3958 puto
3579 3885 3636 3942 in

2035 3969 2140 4026 hac
2181 3969 2438 4040 praesenti
2479 3969 2771 4026 luctatione
2815 3987 2926 4026 non
2972 3979 3096 4028 ante
3144 3981 3372 4042 sextam,
3420 3983 3512 4030 aut
3541 3991 3634 4032 se-

2034 4058 2281 4130 ptimam,
2315 4057 2402 4115 vel
2443 4074 2618 4131 usque
2648 4058 2716 4114 ad
2745 4059 3010 4116 decimam
3050 4061 3380 4120 volutionem
3409 4064 3634 4136 patieris

2037 4147 2394 4204 succumbere
2425 4165 2438 4201 :
2472 4165 2686 4218 nempe,
2717 4155 2774 4203 ut
2803 4147 2988 4216 timeo,
3039 4149 3199 4205 etiam
3247 4167 3372 4208 cum
3401 4153 3628 4222 ratione,

2037 4237 2282 4306 veritate,
2315 4244 2478 4308 atque
2523 4235 2860 4304 auctoritate,
2893 4253 2959 4294 ac
2986 4239 3132 4294 nube
3161 4241 3398 4308 testium,
3433 4243 3635 4298 acriori

2041 4325 2222 4382 duello
2252 4323 2466 4381 Daretis
2493 4332 2548 4380 et
2575 4325 2774 4382 Entelli
2788 4325 3087 4395 justissima
3107 4328 3298 4396 victus,
3324 4338 3378 4386 et
3389 4329 3633 4400 judicum

333 4417 557 4474 υἱεςεϐηι
588 4415 781 4480 Deum,
813 4425 928 4466 ηοη
957 4408 1108 4464 Sim“
1135 4409 1313 4464 Deum
1331 4405 1809 4480 gloriﬁcaverunt,
1833 4409 1940 4461 aut
1961 4397 2298 4486 I)justorum
2342 4414 2670 4472 clamoribus
2713 4415 2971 4488 percitus,
3025 4417 3138 4488 jam
3193 4397 3629 4491 subtus'jacens,

327 4506 550 4580 gratias
581 4503 838 4576 egerunt,
873 4497 969 4554 sed
1015 4500 1373 4554 evanuerunt
1406 4497 1471 4552 in
1503 4495 1930 4568 cogitationibus

326 4599 473 4662 suis,
493 4598 547 4651 et
562 4593 921 4652 obscuratum
937 4591 1024 4644 est
1037 4589 1316 4662 insipiens
1331 4603 1426 4644 cor
1437 4603 1631 4643 eorum
1643 4605 1662 4642 :
1679 4585 1930 4641 dicentes

331 4687 495 4744 enim
510 4699 568 4742 se
585 4698 702 4741 esse
719 4681 1021 4754 sapientes,
1055 4678 1225 4735 stulti
1243 4678 1389 4750 facti
1407 4680 1545 4734 sunt
1565 4675 1742 4749 (Rom.
1765 4674 1827 4748 1).
1851 4676 1932 4731 De

328 4775 533 4850 quibus
565 4780 620 4830 et
647 4769 912 4828 Dominus
940 4767 1011 4824 ad
1038 4767 1384 4825 Ezechielem
1412 4767 1734 4840 prephetam
1763 4763 1892 4822 dicit
1917 4782 1931 4820 :

327 4869 554 4933 Patres,
595 4859 868 4935 inquiens,
916 4876 1110 4918 eorum
1142 4859 1508 4932 pravaricati
1537 4860 1675 4914 sunt
1698 4859 1934 4930 pactum

331 4972 530 5014 meum
559 4969 732 5026 usque
763 4951 836 5009 ad
863 4951 1008 5008 diem
1042 4951 1208 5016 hanc,
1239 4951 1296 5004 et
1323 4947 1435 5018 lilii
1463 4947 1606 5004 dura
1635 4947 1847 5004 cervice
1879 4947 1935 5000 et

329 5043 669 5104 indomabili
698 5043 860 5102 corde
889 5044 1045 5108 sunt,
1075 5039 1148 5096 ad
1169 5055 1302 5112 quos
1319 5055 1415 5111 ego
1448 5037 1614 5095 mitto
1637 5041 1688 5093 te
1709 5034 1930 5108 (Ezech.

329 5136 420 5208 ιι).
455 5132 566 5191 Sed
594 5131 743 5205 prius
785 5131 946 5188 nobis
973 5146 1041 5186 ex
1072 5126 1252 5186 verbis
1279 5125 1426 5182 beati
1456 5125 1713 5200 Gregorii
1741 5124 1933 5182 dicen-

331 5226 468 5282 dum
497 5230 582 5280 est
619 5221 750 5296 quid
786 5220 857 5278 sit
896 5227 1116 5294 pactum
1148 5235 1162 5274 :
1201 5238 1224 5270 ι
1259 5217 1320 5272 In
1346 5223 1524 5290 pacto,
1556 5214 1730 5288 inquit
1759 5215 1930 5288 (hom.

331 5319 366 5372 9
401 5315 464 5370 in
492 5311 740 5384 Επειδὴ),
791 5307 1218 5368 discordantium
1263 5305 1499 5379 partium
1544 5304 1792 5362 voluntas
1827 5304 1934 5359 im-

329 5403 534 5478 pletur,
565 5409 625 5458 ut
653 5401 721 5457 ad
749 5409 936 5459 votum
965 5416 1126 5456 suum
1155 5413 1380 5472 quaeque
1416 5394 1714 5468 perveniat,
1747 5401 1798 5450 et
1820 5395 1936 5464 jur-

330 5493 431 5569 gia
469 5491 779 5551 desiderato
826 5489 934 5548 ﬁne
978 5487 1285 5548 concludat.
1333 5485 1493 5557 Quod
1537 5491 1754 5558 pactum
1796 5483 1938 5543 inter

2032 4503 2236 4560 victum
2264 4511 2318 4560 te
2349 4504 2534 4562 dicere
2564 4521 2674 4561 non
2702 4505 3038 4580 dignaberis,
3073 4517 3126 4566 et
3143 4526 3265 4582 quae
3295 4509 3365 4566 ad
3385 4517 3532 4566 tuam
3551 4511 3639 4566 in-

2033 4593 2388 4650 structionem
2416 4601 2470 4650 et
2507 4595 2906 4666 correptionem
2951 4597 3050 4652 tibi
3097 4598 3296 4669 scripta
3344 4607 3487 4666 sunt,
3520 4614 3632 4656 non

2031 4683 2101 4738 ad
2128 4681 2544 4741 aediﬁcationem
2571 4685 2856 4758 suscipies,
2881 4686 2980 4742 sed
3008 4687 3078 4742 ad
3107 4687 3510 4744 contentionem
3539 4705 3630 4746 ex-

2031 4789 2294 4846 aggerare
2321 4773 2582 4843 studebis,
2615 4782 2668 4830 et
2697 4791 2850 4830 more
2879 4783 2972 4830 tuo
3001 4783 3156 4832 sueto
3183 4783 3242 4831 ut
3261 4775 3495 4834 invictus
3527 4779 3624 4848 sis,

2033 4869 2254 4919 secutus
2266 4863 2424 4919 Heliu
2451 4880 2846 4936 praecursorem
2874 4865 3266 4938 arrogantium,
3301 4872 3355 4921 et
3384 4866 3442 4922 in
3470 4884 3628 4926 arro-

2033 4952 2221 5025 gantia
2247 4969 2341 5008 sua
2374 4953 2808 5022 invictissimum,
2828 4953 2919 5025 qui
2937 4953 3068 5009 dixit
3090 4971 3104 5009 :
3127 4956 3338 5013 Plenus
3359 4974 3486 5015 sum
3506 4976 3626 5017 ser-

2033 5041 2309 5114 monibus,
2333 5045 2390 5098 et
2402 5047 2654 5101 coarctat
2670 5061 2758 5099 me
2777 5044 3014 5116 spiritus
3031 5046 3186 5102 uteri
3199 5049 3342 5104 mei:
3357 5046 3554 5122 loquar
3567 5054 3626 5107 et

2031 5131 2316 5204 respirabo
2326 5133 2646 5206 paululum,
2670 5133 2925 5206 aperiam
2947 5133 3094 5192 labia
3113 5152 3239 5193 mea
3250 5139 3306 5194 et
3319 5140 3622 5212 responde-

2034 5220 2096 5278 bo
2117 5221 2232 5292 (Job
2251 5223 2460 5292 χχχιι),
2499 5229 2550 5278 te
2572 5221 2712 5276 intra
2740 5229 2794 5278 te
2819 5223 3074 5280 cohibere
3104 5241 3214 5282 non
3235 5227 3460 5298 poteris,
3488 5229 3620 5302 quin

2035 5311 2314 5366 scientiam
2359 5319 2508 5366 tuam
2557 5310 2675 5366 sine
2713 5311 2918 5369 ratione
2948 5322 3000 5369 et
3028 5315 3346 5374 auctoritate
3376 5317 3431 5373 in
3462 5333 3622 5375 auras

2035 5399 2308 5456 incondite
2337 5407 2394 5454 ut
2423 5398 2568 5456 soles
2598 5417 2708 5458 non
2737 5401 3004 5474 proferas,
3039 5413 3092 5460 et
3119 5413 3177 5461 ut
3205 5423 3293 5462 me
3321 5407 3392 5462 ad
3421 5407 3626 5464 rescri-

2034 5488 2273 5546 bendum
2301 5489 2628 5563 compellere
2673 5491 2874 5566 possis,
2907 5501 3172 5567 quatenus
3217 5497 3380 5554 horas
3428 5497 3628 5556 utilitat
