  <div class='ocr_page' id='page_1' title='image "/cluster/home/n/w/nwhite01/storage/ocr_20150623/126/umn.31951002477419r/265.png"; bbox 0 0 4164 6354; ppageno 0'>
   <div class='ocr_carea' id='block_1_1' title="bbox 537 236 640 291">
    <p class='ocr_par' dir='ltr' id='par_1_1' title="bbox 537 236 640 291">
     <span class='ocr_line' id='line_1_1' title="bbox 537 236 640 291; baseline -0.01 0"><span class='ocrx_word' id='word_1_1' title='bbox 537 236 640 291; x_wconf 64' lang='lat'>463</span> 
     </span>
    </p>
   </div>
   <div class='ocr_carea' id='block_1_2' title="bbox 1428 224 2818 322">
    <p class='ocr_par' dir='ltr' id='par_1_2' title="bbox 1428 224 2818 322">
     <span class='ocr_line' id='line_1_2' title="bbox 1428 224 2818 322; baseline -0.004 -37"><span class='ocrx_word' id='word_1_2' title='bbox 1428 229 1771 286; x_wconf 81' lang='lat' dir='ltr'>HINCMARI</span> <span class='ocrx_word' id='word_1_3' title='bbox 1827 225 2228 322; x_wconf 58' lang='lat' dir='ltr'>RHEMEI‘lSIS</span> <span class='ocrx_word' id='word_1_4' title='bbox 2267 224 2818 282; x_wconf 84' lang='lat' dir='ltr'>ARCHIEPISCOPI.</span> 
     </span>
    </p>
   </div>
   <div class='ocr_carea' id='block_1_3' title="bbox 3731 226 3840 282">
    <p class='ocr_par' dir='ltr' id='par_1_3' title="bbox 3731 226 3840 282">
     <span class='ocr_line' id='line_1_3' title="bbox 3731 226 3840 282; baseline 0 -1"><span class='ocrx_word' id='word_1_5' title='bbox 3731 226 3840 282; x_wconf 71' lang='grc'>464</span> 
     </span>
    </p>
   </div>
   <div class='ocr_carea' id='block_1_4' title="bbox 539 349 3840 430">
    <p class='ocr_par' dir='ltr' id='par_1_4' title="bbox 539 349 3840 430">
     <span class='ocr_line' id='line_1_4' title="bbox 539 349 3840 430; baseline -0.003 -15"><span class='ocrx_word' id='word_1_6' title='bbox 539 368 593 416; x_wconf 88' lang='lat' dir='ltr'>et</span> <span class='ocrx_word' id='word_1_7' title='bbox 621 357 930 415; x_wconf 77' lang='lat' dir='ltr'>necessitati</span> <span class='ocrx_word' id='word_1_8' title='bbox 977 356 1369 430; x_wconf 89' lang='lat' dir='ltr'>impendendas</span> <span class='ocrx_word' id='word_1_9' title='bbox 1398 355 1670 412; x_wconf 90' lang='lat' dir='ltr'>inutilitati</span> <span class='ocrx_word' id='word_1_10' title='bbox 1701 364 1753 411; x_wconf 89' lang='lat' dir='ltr'>et</span> <span class='ocrx_word' id='word_1_11' title='bbox 1779 354 2135 427; x_wconf 80' lang='lat' dir='ltr'>superﬂuitati</span> <span class='ocrx_word' id='word_1_12' title='bbox 2166 354 2223 415; x_wconf 82' lang='lat' dir='ltr'>A</span> <span class='ocrx_word' id='word_1_13' title='bbox 2243 353 2394 419; x_wconf 92' lang='lat' dir='ltr'>dum,</span> <span class='ocrx_word' id='word_1_14' title='bbox 2432 368 2542 408; x_wconf 92' lang='lat' dir='ltr'>non</span> <span class='ocrx_word' id='word_1_15' title='bbox 2592 351 2770 408; x_wconf 89' lang='lat' dir='ltr'>solum</span> <span class='ocrx_word' id='word_1_16' title='bbox 2798 359 2856 407; x_wconf 90' lang='lat' dir='ltr'>ut</span> <span class='ocrx_word' id='word_1_17' title='bbox 2887 351 3122 408; x_wconf 83' lang='lat' dir='ltr'>scienter</span> <span class='ocrx_word' id='word_1_18' title='bbox 3168 351 3380 418; x_wconf 82' lang='lat' dir='ltr'>doceat,</span> <span class='ocrx_word' id='word_1_19' title='bbox 3411 351 3510 407; x_wconf 90' lang='lat' dir='ltr'>sed</span> <span class='ocrx_word' id='word_1_20' title='bbox 3541 349 3707 406; x_wconf 89' lang='lat' dir='ltr'>etiam</span> <span class='ocrx_word' id='word_1_21' title='bbox 3735 367 3840 423; x_wconf 85' lang='lat' dir='ltr'>pa—</span> 
     </span>
    </p>
   </div>
   <div class='ocr_carea' id='block_1_5' title="bbox 537 445 2134 520">
    <p class='ocr_par' dir='ltr' id='par_1_5' title="bbox 537 445 2134 520">
     <span class='ocr_line' id='line_1_5' title="bbox 537 445 2134 520; baseline -0.004 -16"><span class='ocrx_word' id='word_1_22' title='bbox 537 447 860 520; x_wconf 87' lang='lat' dir='ltr'>expendam,</span> <span class='ocrx_word' id='word_1_23' title='bbox 892 446 1088 502; x_wconf 84' lang='lat' dir='ltr'>frivola</span> <span class='ocrx_word' id='word_1_24' title='bbox 1121 454 1174 501; x_wconf 88' lang='lat' dir='ltr'>et</span> <span class='ocrx_word' id='word_1_25' title='bbox 1203 445 1414 501; x_wconf 79' lang='lat' dir='ltr'>inutilia</span> <span class='ocrx_word' id='word_1_26' title='bbox 1442 453 1604 518; x_wconf 84' lang='lat' dir='ltr'>atque</span> <span class='ocrx_word' id='word_1_27' title='bbox 1635 446 1846 501; x_wconf 82' lang='lat' dir='ltr'>ratione</span> <span class='ocrx_word' id='word_1_28' title='bbox 1895 445 2134 502; x_wconf 81' lang='lat' dir='ltr'>carentia</span> 
     </span>
    </p>
   </div>
   <div class='ocr_carea' id='block_1_6' title="bbox 534 532 2137 606">
    <p class='ocr_par' dir='ltr' id='par_1_6' title="bbox 534 532 2137 606">
     <span class='ocr_line' id='line_1_6' title="bbox 534 532 2137 606; baseline -0.003 -14"><span class='ocrx_word' id='word_1_29' title='bbox 534 536 844 594; x_wconf 87' lang='lat' dir='ltr'>rescribere</span> <span class='ocrx_word' id='word_1_30' title='bbox 871 535 1200 604; x_wconf 85' lang='lat' dir='ltr'>decertabis,</span> <span class='ocrx_word' id='word_1_31' title='bbox 1225 543 1276 589; x_wconf 92' lang='lat' dir='ltr'>et</span> <span class='ocrx_word' id='word_1_32' title='bbox 1293 534 1386 588; x_wconf 90' lang='lat' dir='ltr'>illa</span> <span class='ocrx_word' id='word_1_33' title='bbox 1417 552 1537 606; x_wconf 66' lang='lat' dir='ltr'>quae</span> <span class='ocrx_word' id='word_1_34' title='bbox 1561 535 1676 604; x_wconf 90' lang='lat' dir='ltr'>jam</span> <span class='ocrx_word' id='word_1_35' title='bbox 1697 551 1729 589; x_wconf 94' lang='lat' dir='ltr'>a</span> <span class='ocrx_word' id='word_1_36' title='bbox 1758 551 1848 589; x_wconf 90' lang='lat' dir='ltr'>me</span> <span class='ocrx_word' id='word_1_37' title='bbox 1878 533 1975 588; x_wconf 87' lang='lat' dir='ltr'>tibi</span> <span class='ocrx_word' id='word_1_38' title='bbox 2005 532 2137 589; x_wconf 89' lang='lat' dir='ltr'>scri-</span> 
     </span>
    </p>
   </div>
   <div class='ocr_carea' id='block_1_7' title="bbox 532 623 2132 698">
    <p class='ocr_par' dir='ltr' id='par_1_7' title="bbox 532 623 2132 698">
     <span class='ocr_line' id='line_1_7' title="bbox 532 623 2132 698; baseline -0.003 -17"><span class='ocrx_word' id='word_1_39' title='bbox 532 633 626 698; x_wconf 88' lang='lat' dir='ltr'>pta</span> <span class='ocrx_word' id='word_1_40' title='bbox 653 632 796 694; x_wconf 91' lang='lat' dir='ltr'>sunt,</span> <span class='ocrx_word' id='word_1_41' title='bbox 827 625 926 680; x_wconf 93' lang='lat' dir='ltr'>sed</span> <span class='ocrx_word' id='word_1_42' title='bbox 955 633 1008 679; x_wconf 92' lang='lat' dir='ltr'>et</span> <span class='ocrx_word' id='word_1_43' title='bbox 1033 633 1148 679; x_wconf 91' lang='lat' dir='ltr'>tuas</span> <span class='ocrx_word' id='word_1_44' title='bbox 1180 623 1412 694; x_wconf 84' lang='lat' dir='ltr'>ineptias</span> <span class='ocrx_word' id='word_1_45' title='bbox 1443 624 1514 678; x_wconf 91' lang='lat' dir='ltr'>ad</span> <span class='ocrx_word' id='word_1_46' title='bbox 1544 624 1926 694; x_wconf 89' lang='lat' dir='ltr'>episcoporum</span> <span class='ocrx_word' id='word_1_47' title='bbox 1955 631 2008 678; x_wconf 92' lang='lat' dir='ltr'>et</span> <span class='ocrx_word' id='word_1_48' title='bbox 2037 638 2132 676; x_wconf 88' lang='lat' dir='ltr'>sa-</span> 
     </span>
    </p>
   </div>
   <div class='ocr_carea' id='block_1_8' title="bbox 532 711 2137 786">
    <p class='ocr_par' dir='ltr' id='par_1_8' title="bbox 532 711 2137 786">
     <span class='ocr_line' id='line_1_8' title="bbox 532 711 2137 786; baseline -0.002 -17"><span class='ocrx_word' id='word_1_49' title='bbox 532 713 778 786; x_wconf 91' lang='lat' dir='ltr'>pientum</span> <span class='ocrx_word' id='word_1_50' title='bbox 808 729 1037 768; x_wconf 84' lang='lat' dir='ltr'>examen</span> <span class='ocrx_word' id='word_1_51' title='bbox 1069 729 1155 767; x_wconf 90' lang='lat' dir='ltr'>me</span> <span class='ocrx_word' id='word_1_52' title='bbox 1181 711 1485 782; x_wconf 86' lang='lat' dir='ltr'>producere</span> <span class='ocrx_word' id='word_1_53' title='bbox 1516 711 1584 766; x_wconf 87' lang='lat' dir='ltr'>ad</span> <span class='ocrx_word' id='word_1_54' title='bbox 1610 728 1790 767; x_wconf 90' lang='lat' dir='ltr'>meum</span> <span class='ocrx_word' id='word_1_55' title='bbox 1822 727 1922 782; x_wconf 92' lang='lat' dir='ltr'>pro</span> <span class='ocrx_word' id='word_1_56' title='bbox 1953 719 2006 765; x_wconf 90' lang='lat' dir='ltr'>te</span> <span class='ocrx_word' id='word_1_57' title='bbox 2036 711 2137 766; x_wconf 94' lang='lat' dir='ltr'>do-</span> 
     </span>
    </p>
   </div>
   <div class='ocr_carea' id='block_1_9' title="bbox 530 800 2135 873">
    <p class='ocr_par' dir='ltr' id='par_1_9' title="bbox 530 800 2135 873">
     <span class='ocr_line' id='line_1_9' title="bbox 530 800 2135 873; baseline -0.003 -14"><span class='ocrx_word' id='word_1_58' title='bbox 530 802 708 859; x_wconf 85' lang='lat' dir='ltr'>lorem</span> <span class='ocrx_word' id='word_1_59' title='bbox 738 810 790 858; x_wconf 90' lang='lat' dir='ltr'>et</span> <span class='ocrx_word' id='word_1_60' title='bbox 821 801 892 857; x_wconf 91' lang='lat' dir='ltr'>ad</span> <span class='ocrx_word' id='word_1_61' title='bbox 923 809 1068 856; x_wconf 90' lang='lat' dir='ltr'>tuam</span> <span class='ocrx_word' id='word_1_62' title='bbox 1106 800 1408 872; x_wconf 83' lang='lat' dir='ltr'>perniciem</span> <span class='ocrx_word' id='word_1_63' title='bbox 1439 800 1644 873; x_wconf 88' lang='lat' dir='ltr'>exiges,</span> <span class='ocrx_word' id='word_1_64' title='bbox 1678 809 1731 856; x_wconf 89' lang='lat' dir='ltr'>et</span> <span class='ocrx_word' id='word_1_65' title='bbox 1763 800 1941 856; x_wconf 81' lang='lat' dir='ltr'>veniet</span> <span class='ocrx_word' id='word_1_66' title='bbox 1969 816 2135 870; x_wconf 83' lang='lat' dir='ltr'>super</span> 
     </span>
    </p>
   </div>
   <div class='ocr_carea' id='block_1_10' title="bbox 531 889 2132 962">
    <p class='ocr_par' dir='ltr' id='par_1_10' title="bbox 531 889 2132 962">
     <span class='ocr_line' id='line_1_10' title="bbox 531 889 2132 962; baseline -0.001 -16"><span class='ocrx_word' id='word_1_67' title='bbox 531 900 604 962; x_wconf 89' lang='lat' dir='ltr'>te,</span> <span class='ocrx_word' id='word_1_68' title='bbox 637 891 774 947; x_wconf 88' lang='lat' dir='ltr'>sicut</span> <span class='ocrx_word' id='word_1_69' title='bbox 803 907 1016 954; x_wconf 90' lang='lat' dir='ltr'>vereor,</span> <span class='ocrx_word' id='word_1_70' title='bbox 1051 890 1141 944; x_wconf 90' lang='lat' dir='ltr'>illa</span> <span class='ocrx_word' id='word_1_71' title='bbox 1172 889 1441 944; x_wconf 85' lang='lat' dir='ltr'>sententia</span> <span class='ocrx_word' id='word_1_72' title='bbox 1481 906 1602 961; x_wconf 80' lang='lat' dir='ltr'>quae</span> <span class='ocrx_word' id='word_1_73' title='bbox 1631 889 1832 959; x_wconf 89' lang='lat' dir='ltr'>scripta</span> <span class='ocrx_word' id='word_1_74' title='bbox 1862 896 1942 943; x_wconf 90' lang='lat' dir='ltr'>est</span> <span class='ocrx_word' id='word_1_75' title='bbox 1975 907 1988 944; x_wconf 92' lang='lat'><strong>:</strong></span> <span class='ocrx_word' id='word_1_76' title='bbox 2025 890 2132 944; x_wconf 89' lang='lat' dir='ltr'>Ne-</span> 
     </span>
    </p>
   </div>
   <div class='ocr_carea' id='block_1_11' title="bbox 533 979 2131 1044">
    <p class='ocr_par' dir='ltr' id='par_1_11' title="bbox 533 979 2131 1044">
     <span class='ocr_line' id='line_1_11' title="bbox 533 979 2131 1044; baseline -0.003 -6"><span class='ocrx_word' id='word_1_77' title='bbox 533 997 683 1038; x_wconf 85' lang='lat' dir='ltr'>cesse</span> <span class='ocrx_word' id='word_1_78' title='bbox 703 984 790 1037; x_wconf 88' lang='lat' dir='ltr'>est</span> <span class='ocrx_word' id='word_1_79' title='bbox 808 985 872 1036; x_wconf 87' lang='lat' dir='ltr'>ut</span> <span class='ocrx_word' id='word_1_80' title='bbox 893 981 1125 1036; x_wconf 77' lang='lat' dir='ltr'>veniant</span> <span class='ocrx_word' id='word_1_81' title='bbox 1143 979 1434 1044; x_wconf 85' lang='lat' dir='ltr'>scandala,</span> <span class='ocrx_word' id='word_1_82' title='bbox 1470 994 1550 1033; x_wconf 70' lang='lat' dir='ltr'>va:</span> <span class='ocrx_word' id='word_1_83' title='bbox 1578 982 1772 1034; x_wconf 84' lang='lat' dir='ltr'>autem</span> <span class='ocrx_word' id='word_1_84' title='bbox 1794 979 2012 1034; x_wconf 78' lang='lat' dir='ltr'>homini</span> <span class='ocrx_word' id='word_1_85' title='bbox 2041 979 2131 1033; x_wconf 84' lang='lat' dir='ltr'>illi</span> 
     </span>
    </p>
   </div>
   <div class='ocr_carea' id='block_1_12' title="bbox 528 1067 2134 1144">
    <p class='ocr_par' dir='ltr' id='par_1_12' title="bbox 528 1067 2134 1144">
     <span class='ocr_line' id='line_1_12' title="bbox 528 1067 2134 1144; baseline -0.004 -17"><span class='ocrx_word' id='word_1_86' title='bbox 528 1084 634 1144; x_wconf 85' lang='lat' dir='ltr'>per</span> <span class='ocrx_word' id='word_1_87' title='bbox 650 1087 814 1144; x_wconf 88' lang='lat' dir='ltr'>quem</span> <span class='ocrx_word' id='word_1_88' title='bbox 832 1069 1167 1124; x_wconf 81' lang='lat' dir='ltr'>scandalum</span> <span class='ocrx_word' id='word_1_89' title='bbox 1188 1069 1339 1122; x_wconf 81' lang='lat' dir='ltr'>venit</span> <span class='ocrx_word' id='word_1_90' title='bbox 1354 1068 1573 1136; x_wconf 81' lang='lat' dir='ltr'>(Matth.</span> <span class='ocrx_word' id='word_1_91' title='bbox 1593 1067 1780 1138; x_wconf 82' lang='lat' dir='ltr'>xvm).</span> <span class='ocrx_word' id='word_1_92' title='bbox 1797 1069 1864 1122; x_wconf 89' lang='lat' dir='ltr'>Et</span> <span class='ocrx_word' id='word_1_93' title='bbox 1885 1067 2024 1123; x_wconf 90' lang='lat' dir='ltr'>sicut</span> <span class='ocrx_word' id='word_1_94' title='bbox 2045 1083 2134 1122; x_wconf 88' lang='lat' dir='ltr'>me</span> 
     </span>
    </p>
   </div>
   <div class='ocr_carea' id='block_1_13' title="bbox 531 1155 2134 1232">
    <p class='ocr_par' dir='ltr' id='par_1_13' title="bbox 531 1155 2134 1232">
     <span class='ocr_line' id='line_1_13' title="bbox 531 1155 2134 1232; baseline -0.003 -17"><span class='ocrx_word' id='word_1_95' title='bbox 531 1167 586 1215; x_wconf 87' lang='lat' dir='ltr'>et</span> <span class='ocrx_word' id='word_1_96' title='bbox 625 1175 720 1214; x_wconf 90' lang='lat' dir='ltr'>eos</span> <span class='ocrx_word' id='word_1_97' title='bbox 761 1159 852 1231; x_wconf 88' lang='lat' dir='ltr'>qui</span> <span class='ocrx_word' id='word_1_98' title='bbox 881 1173 1093 1214; x_wconf 89' lang='lat' dir='ltr'>mecum</span> <span class='ocrx_word' id='word_1_99' title='bbox 1127 1164 1176 1211; x_wconf 92' lang='lat' dir='ltr'>te</span> <span class='ocrx_word' id='word_1_100' title='bbox 1215 1157 1538 1232; x_wconf 80' lang='lat' dir='ltr'>nutrierunt,</span> <span class='ocrx_word' id='word_1_101' title='bbox 1583 1155 1780 1212; x_wconf 90' lang='lat' dir='ltr'>deinde</span> <span class='ocrx_word' id='word_1_102' title='bbox 1812 1157 1950 1212; x_wconf 90' lang='lat' dir='ltr'>alios</span> <span class='ocrx_word' id='word_1_103' title='bbox 1971 1165 2134 1228; x_wconf 89' lang='lat' dir='ltr'>atque</span> 
     </span>
    </p>
   </div>
   <div class='ocr_carea' id='block_1_14' title="bbox 530 1243 2133 1317">
    <p class='ocr_par' dir='ltr' id='par_1_14' title="bbox 530 1243 2133 1317">
     <span class='ocr_line' id='line_1_14' title="bbox 530 1243 2133 1317; baseline -0.004 -13"><span class='ocrx_word' id='word_1_104' title='bbox 530 1247 690 1315; x_wconf 89' lang='lat' dir='ltr'>alios,</span> <span class='ocrx_word' id='word_1_105' title='bbox 721 1248 818 1303; x_wconf 92' lang='lat' dir='ltr'>sed</span> <span class='ocrx_word' id='word_1_106' title='bbox 848 1255 901 1302; x_wconf 89' lang='lat' dir='ltr'>et</span> <span class='ocrx_word' id='word_1_107' title='bbox 927 1247 1114 1317; x_wconf 88' lang='lat' dir='ltr'>plures</span> <span class='ocrx_word' id='word_1_108' title='bbox 1145 1245 1213 1300; x_wconf 91' lang='lat' dir='ltr'>de</span> <span class='ocrx_word' id='word_1_109' title='bbox 1232 1245 1318 1298; x_wconf 85' lang='lat' dir='ltr'>his</span> <span class='ocrx_word' id='word_1_110' title='bbox 1341 1244 1430 1316; x_wconf 89' lang='lat' dir='ltr'>qui</span> <span class='ocrx_word' id='word_1_111' title='bbox 1451 1244 1549 1298; x_wconf 90' lang='lat' dir='ltr'>tibi</span> <span class='ocrx_word' id='word_1_112' title='bbox 1577 1244 1857 1300; x_wconf 89' lang='lat' dir='ltr'>commissi</span> <span class='ocrx_word' id='word_1_113' title='bbox 1888 1243 2133 1315; x_wconf 84' lang='lat' dir='ltr'>fuerunt,</span> 
     </span>
    </p>
   </div>
   <div class='ocr_carea' id='block_1_15' title="bbox 531 1331 2134 1406">
    <p class='ocr_par' dir='ltr' id='par_1_15' title="bbox 531 1331 2134 1406">
     <span class='ocr_line' id='line_1_15' title="bbox 531 1331 2134 1406; baseline -0.003 -13"><span class='ocrx_word' id='word_1_114' title='bbox 531 1352 723 1394; x_wconf 90' lang='lat' dir='ltr'>verum</span> <span class='ocrx_word' id='word_1_115' title='bbox 753 1344 806 1391; x_wconf 90' lang='lat' dir='ltr'>et</span> <span class='ocrx_word' id='word_1_116' title='bbox 835 1336 903 1390; x_wconf 90' lang='lat' dir='ltr'>de</span> <span class='ocrx_word' id='word_1_117' title='bbox 933 1335 1018 1388; x_wconf 86' lang='lat' dir='ltr'>his</span> <span class='ocrx_word' id='word_1_118' title='bbox 1051 1333 1143 1405; x_wconf 90' lang='lat' dir='ltr'>qui</span> <span class='ocrx_word' id='word_1_119' title='bbox 1173 1350 1201 1387; x_wconf 89' lang='lat' dir='ltr'>a</span> <span class='ocrx_word' id='word_1_120' title='bbox 1234 1342 1284 1388; x_wconf 91' lang='lat' dir='ltr'>te</span> <span class='ocrx_word' id='word_1_121' title='bbox 1315 1333 1370 1387; x_wconf 91' lang='lat' dir='ltr'>in</span> <span class='ocrx_word' id='word_1_122' title='bbox 1398 1331 1577 1389; x_wconf 69' lang='lat' dir='ltr'>foedus</span> <span class='ocrx_word' id='word_1_123' title='bbox 1607 1333 2134 1406; x_wconf 87' lang='lat' dir='ltr'>familiaritatemque</span> 
     </span>
    </p>
   </div>
   <div class='ocr_carea' id='block_1_16' title="bbox 536 1413 2134 1496">
    <p class='ocr_par' dir='ltr' id='par_1_16' title="bbox 536 1413 2134 1496">
     <span class='ocr_line' id='line_1_16' title="bbox 536 1413 2134 1496; baseline -0.002 -15"><span class='ocrx_word' id='word_1_124' title='bbox 536 1425 774 1496; x_wconf 89' lang='lat' dir='ltr'>suscepti</span> <span class='ocrx_word' id='word_1_125' title='bbox 823 1424 1060 1490; x_wconf 88' lang='lat' dir='ltr'>fuerunt,</span> <span class='ocrx_word' id='word_1_126' title='bbox 1122 1413 1321 1478; x_wconf 84' lang='lat' dir='ltr'>viritim</span> <span class='ocrx_word' id='word_1_127' title='bbox 1377 1422 1736 1495; x_wconf 89' lang='lat' dir='ltr'>dereliquisti,</span> <span class='ocrx_word' id='word_1_128' title='bbox 1790 1431 1842 1478; x_wconf 90' lang='lat' dir='ltr'>et</span> <span class='ocrx_word' id='word_1_129' title='bbox 1893 1423 2134 1479; x_wconf 88' lang='lat' dir='ltr'>vicissim</span> 
     </span>
    </p>
   </div>
   <div class='ocr_carea' id='block_1_17' title="bbox 535 1510 2136 1586">
    <p class='ocr_par' dir='ltr' id='par_1_17' title="bbox 535 1510 2136 1586">
     <span class='ocr_line' id='line_1_17' title="bbox 535 1510 2136 1586; baseline -0.001 -16"><span class='ocrx_word' id='word_1_130' title='bbox 535 1513 670 1570; x_wconf 90' lang='lat' dir='ltr'>alios</span> <span class='ocrx_word' id='word_1_131' title='bbox 717 1521 880 1586; x_wconf 88' lang='lat' dir='ltr'>atque</span> <span class='ocrx_word' id='word_1_132' title='bbox 926 1512 1064 1568; x_wconf 92' lang='lat' dir='ltr'>alios</span> <span class='ocrx_word' id='word_1_133' title='bbox 1095 1511 1190 1566; x_wconf 90' lang='lat' dir='ltr'>tibi</span> <span class='ocrx_word' id='word_1_134' title='bbox 1227 1511 1285 1566; x_wconf 93' lang='lat' dir='ltr'>in</span> <span class='ocrx_word' id='word_1_135' title='bbox 1314 1511 1602 1567; x_wconf 87' lang='lat' dir='ltr'>amicitiam</span> <span class='ocrx_word' id='word_1_136' title='bbox 1631 1520 1684 1566; x_wconf 89' lang='lat' dir='ltr'>et</span> <span class='ocrx_word' id='word_1_137' title='bbox 1713 1510 2136 1568; x_wconf 88' lang='lat' dir='ltr'>familiaritatem</span> 
     </span>
    </p>
   </div>
   <div class='ocr_carea' id='block_1_18' title="bbox 536 1600 2136 1674">
    <p class='ocr_par' dir='ltr' id='par_1_18' title="bbox 536 1600 2136 1674">
     <span class='ocr_line' id='line_1_18' title="bbox 536 1600 2136 1674; baseline -0.001 -16"><span class='ocrx_word' id='word_1_138' title='bbox 536 1602 810 1674; x_wconf 87' lang='lat' dir='ltr'>recepisti,</span> <span class='ocrx_word' id='word_1_139' title='bbox 860 1617 987 1658; x_wconf 90' lang='lat' dir='ltr'>cum</span> <span class='ocrx_word' id='word_1_140' title='bbox 1034 1600 1307 1674; x_wconf 83' lang='lat' dir='ltr'>delegeris</span> <span class='ocrx_word' id='word_1_141' title='bbox 1353 1600 1534 1672; x_wconf 87' lang='lat' dir='ltr'>potius</span> <span class='ocrx_word' id='word_1_142' title='bbox 1581 1616 1790 1669; x_wconf 89' lang='lat' dir='ltr'>eorum,</span> <span class='ocrx_word' id='word_1_143' title='bbox 1823 1602 2005 1673; x_wconf 91' lang='lat' dir='ltr'>quise</span> <span class='ocrx_word' id='word_1_144' title='bbox 2035 1617 2136 1673; x_wconf 90' lang='lat' dir='ltr'>per</span> 
     </span>
    </p>
   </div>
   <div class='ocr_carea' id='block_1_19' title="bbox 533 1689 2204 1775">
    <p class='ocr_par' dir='ltr' id='par_1_19' title="bbox 533 1689 2204 1775">
     <span class='ocr_line' id='line_1_19' title="bbox 533 1689 2204 1775; baseline -0.002 -27"><span class='ocrx_word' id='word_1_145' title='bbox 533 1690 748 1748; x_wconf 86' lang='lat' dir='ltr'>diversa</span> <span class='ocrx_word' id='word_1_146' title='bbox 788 1691 1058 1760; x_wconf 90' lang='lat' dir='ltr'>jactantes</span> <span class='ocrx_word' id='word_1_147' title='bbox 1099 1690 1168 1745; x_wconf 91' lang='lat' dir='ltr'>ab</span> <span class='ocrx_word' id='word_1_148' title='bbox 1195 1689 1400 1745; x_wconf 87' lang='lat' dir='ltr'>unitate</span> <span class='ocrx_word' id='word_1_149' title='bbox 1451 1689 1730 1746; x_wconf 68' lang='lat' dir='ltr'>catholicae</span> <span class='ocrx_word' id='word_1_150' title='bbox 1777 1689 2204 1775; x_wconf 85' lang='lat' dir='ltr'>fraternitatisB</span> 
     </span>
    </p>
   </div>
   <div class='ocr_carea' id='block_1_20' title="bbox 536 1779 2132 1852">
    <p class='ocr_par' dir='ltr' id='par_1_20' title="bbox 536 1779 2132 1852">
     <span class='ocr_line' id='line_1_20' title="bbox 536 1779 2132 1852; baseline -0.001 -16"><span class='ocrx_word' id='word_1_151' title='bbox 536 1780 920 1852; x_wconf 69' lang='lat' dir='ltr'>praeciderunt,</span> <span class='ocrx_word' id='word_1_152' title='bbox 971 1779 1058 1836; x_wconf 88' lang='lat' dir='ltr'>vel</span> <span class='ocrx_word' id='word_1_153' title='bbox 1088 1788 1308 1851; x_wconf 84' lang='lat' dir='ltr'>prOpter</span> <span class='ocrx_word' id='word_1_154' title='bbox 1335 1779 1748 1836; x_wconf 88' lang='lat' dir='ltr'>irrevocabilem</span> <span class='ocrx_word' id='word_1_155' title='bbox 1779 1797 1930 1835; x_wconf 89' lang='lat' dir='ltr'>suam</span> <span class='ocrx_word' id='word_1_156' title='bbox 1959 1780 2132 1852; x_wconf 89' lang='lat' dir='ltr'>perti-</span> 
     </span>
    </p>
   </div>
   <div class='ocr_carea' id='block_1_21' title="bbox 535 1869 2144 1942">
    <p class='ocr_par' dir='ltr' id='par_1_21' title="bbox 535 1869 2144 1942">
     <span class='ocr_line' id='line_1_21' title="bbox 535 1869 2144 1942; baseline 0 -16"><span class='ocrx_word' id='word_1_157' title='bbox 535 1869 749 1926; x_wconf 86' lang='lat' dir='ltr'>naciam</span> <span class='ocrx_word' id='word_1_158' title='bbox 777 1869 1004 1942; x_wconf 78' lang='lat' dir='ltr'>praecidi</span> <span class='ocrx_word' id='word_1_159' title='bbox 1035 1876 1350 1942; x_wconf 83' lang='lat' dir='ltr'>exegerunt,</span> <span class='ocrx_word' id='word_1_160' title='bbox 1374 1876 1432 1923; x_wconf 89' lang='lat' dir='ltr'>ut</span> <span class='ocrx_word' id='word_1_161' title='bbox 1451 1869 1651 1924; x_wconf 88' lang='lat' dir='ltr'>nostris</span> <span class='ocrx_word' id='word_1_162' title='bbox 1675 1869 2012 1941; x_wconf 85' lang='lat' dir='ltr'>temporibus</span> <span class='ocrx_word' id='word_1_163' title='bbox 2035 1871 2144 1926; x_wconf 92' lang='lat' dir='ltr'>Go-</span> 
     </span>
    </p>
   </div>
   <div class='ocr_carea' id='block_1_22' title="bbox 535 1957 2139 2030">
    <p class='ocr_par' dir='ltr' id='par_1_22' title="bbox 535 1957 2139 2030">
     <span class='ocr_line' id='line_1_22' title="bbox 535 1957 2139 2030; baseline 0.001 -17"><span class='ocrx_word' id='word_1_164' title='bbox 535 1959 847 2016; x_wconf 87' lang='lat' dir='ltr'>thescalcus</span> <span class='ocrx_word' id='word_1_165' title='bbox 876 1965 1040 2030; x_wconf 90' lang='lat' dir='ltr'>atque</span> <span class='ocrx_word' id='word_1_166' title='bbox 1071 1958 1389 2025; x_wconf 90' lang='lat' dir='ltr'>Guntarius,</span> <span class='ocrx_word' id='word_1_167' title='bbox 1424 1957 1756 2014; x_wconf 84' lang='lat' dir='ltr'>exitiabilem</span> <span class='ocrx_word' id='word_1_168' title='bbox 1785 1959 2139 2030; x_wconf 89' lang='lat' dir='ltr'>pertinaciam</span> 
     </span>
    </p>
   </div>
   <div class='ocr_carea' id='block_1_23' title="bbox 539 2039 2138 2120">
    <p class='ocr_par' dir='ltr' id='par_1_23' title="bbox 539 2039 2138 2120">
     <span class='ocr_line' id='line_1_23' title="bbox 539 2039 2138 2120; baseline 0 -16"><span class='ocrx_word' id='word_1_169' title='bbox 539 2046 712 2120; x_wconf 87' lang='lat' dir='ltr'>sequi,</span> <span class='ocrx_word' id='word_1_170' title='bbox 743 2063 908 2120; x_wconf 88' lang='lat' dir='ltr'>quam</span> <span class='ocrx_word' id='word_1_171' title='bbox 937 2039 1366 2109; x_wconf 72' lang='lat' dir='ltr'>ecclesiasticam</span> <span class='ocrx_word' id='word_1_172' title='bbox 1413 2047 1884 2102; x_wconf 89' lang='lat' dir='ltr'>mansuetudinem</span> <span class='ocrx_word' id='word_1_173' title='bbox 1915 2056 1968 2104; x_wconf 89' lang='lat' dir='ltr'>et</span> <span class='ocrx_word' id='word_1_174' title='bbox 1993 2047 2138 2120; x_wconf 90' lang='lat' dir='ltr'>piam</span> 
     </span>
    </p>
   </div>
   <div class='ocr_carea' id='block_1_24' title="bbox 541 2135 2138 2209">
    <p class='ocr_par' dir='ltr' id='par_1_24' title="bbox 541 2135 2138 2209">
     <span class='ocr_line' id='line_1_24' title="bbox 541 2135 2138 2209; baseline 0 -17"><span class='ocrx_word' id='word_1_175' title='bbox 541 2137 943 2208; x_wconf 87' lang='lat' dir='ltr'>paternitatem.</span> <span class='ocrx_word' id='word_1_176' title='bbox 995 2135 1286 2209; x_wconf 81' lang='lat' dir='ltr'>Contingat</span> <span class='ocrx_word' id='word_1_177' title='bbox 1329 2135 1444 2206; x_wconf 91' lang='lat' dir='ltr'>tibi,</span> <span class='ocrx_word' id='word_1_178' title='bbox 1491 2137 1636 2207; x_wconf 91' lang='lat' dir='ltr'>quod</span> <span class='ocrx_word' id='word_1_179' title='bbox 1681 2136 1840 2204; x_wconf 89' lang='lat' dir='ltr'>absit,</span> <span class='ocrx_word' id='word_1_180' title='bbox 1892 2153 2016 2193; x_wconf 89' lang='lat' dir='ltr'>cum</span> <span class='ocrx_word' id='word_1_181' title='bbox 2059 2137 2138 2193; x_wconf 89' lang='lat' dir='ltr'>eis</span> 
     </span>
    </p>
   </div>
   <div class='ocr_carea' id='block_1_25' title="bbox 540 2224 2138 2298">
    <p class='ocr_par' dir='ltr' id='par_1_25' title="bbox 540 2224 2138 2298">
     <span class='ocr_line' id='line_1_25' title="bbox 540 2224 2138 2298; baseline 0.001 -17"><span class='ocrx_word' id='word_1_182' title='bbox 540 2224 750 2282; x_wconf 87' lang='lat' dir='ltr'>habere</span> <span class='ocrx_word' id='word_1_183' title='bbox 779 2233 1008 2296; x_wconf 88' lang='lat' dir='ltr'>partem,</span> <span class='ocrx_word' id='word_1_184' title='bbox 1043 2239 1270 2297; x_wconf 89' lang='lat' dir='ltr'>quorum</span> <span class='ocrx_word' id='word_1_185' title='bbox 1300 2225 1572 2281; x_wconf 89' lang='lat' dir='ltr'>studueris</span> <span class='ocrx_word' id='word_1_186' title='bbox 1597 2225 1792 2281; x_wconf 89' lang='lat' dir='ltr'>imitari</span> <span class='ocrx_word' id='word_1_187' title='bbox 1822 2242 2138 2298; x_wconf 89' lang='lat' dir='ltr'>perversam</span> 
     </span>
    </p>
   </div>
   <div class='ocr_carea' id='block_1_26' title="bbox 534 2313 2134 2387">
    <p class='ocr_par' dir='ltr' id='par_1_26' title="bbox 534 2313 2134 2387">
     <span class='ocr_line' id='line_1_26' title="bbox 534 2313 2134 2387; baseline 0.001 -17"><span class='ocrx_word' id='word_1_188' title='bbox 534 2314 932 2370; x_wconf 90' lang='lat' dir='ltr'>intentionem:</span> <span class='ocrx_word' id='word_1_189' title='bbox 957 2321 1011 2370; x_wconf 93' lang='lat' dir='ltr'>et</span> <span class='ocrx_word' id='word_1_190' title='bbox 1031 2313 1235 2371; x_wconf 88' lang='lat' dir='ltr'>idcirco</span> <span class='ocrx_word' id='word_1_191' title='bbox 1266 2315 1331 2380; x_wconf 93' lang='lat' dir='ltr'>si,</span> <span class='ocrx_word' id='word_1_192' title='bbox 1356 2315 1502 2386; x_wconf 91' lang='lat' dir='ltr'>quod</span> <span class='ocrx_word' id='word_1_193' title='bbox 1531 2331 1642 2371; x_wconf 91' lang='lat' dir='ltr'>non</span> <span class='ocrx_word' id='word_1_194' title='bbox 1669 2323 1796 2387; x_wconf 92' lang='lat' dir='ltr'>opto</span> <span class='ocrx_word' id='word_1_195' title='bbox 1825 2315 1922 2372; x_wconf 91' lang='lat' dir='ltr'>sed</span> <span class='ocrx_word' id='word_1_196' title='bbox 1948 2317 2134 2385; x_wconf 90' lang='lat' dir='ltr'>timeo,</span> 
     </span>
    </p>
   </div>
   <div class='ocr_carea' id='block_1_27' title="bbox 540 2402 2133 2476">
    <p class='ocr_par' dir='ltr' id='par_1_27' title="bbox 540 2402 2133 2476">
     <span class='ocr_line' id='line_1_27' title="bbox 540 2402 2133 2476; baseline 0.003 -18"><span class='ocrx_word' id='word_1_197' title='bbox 540 2402 598 2459; x_wconf 91' lang='lat' dir='ltr'>in</span> <span class='ocrx_word' id='word_1_198' title='bbox 623 2404 732 2460; x_wconf 85' lang='lat' dir='ltr'>hac</span> <span class='ocrx_word' id='word_1_199' title='bbox 759 2403 1030 2459; x_wconf 84' lang='lat' dir='ltr'>dementia</span> <span class='ocrx_word' id='word_1_200' title='bbox 1059 2403 1198 2460; x_wconf 85' lang='lat' dir='ltr'>sicut</span> <span class='ocrx_word' id='word_1_201' title='bbox 1227 2403 1440 2475; x_wconf 82' lang='lat' dir='ltr'>coepisti</span> <span class='ocrx_word' id='word_1_202' title='bbox 1486 2404 1726 2460; x_wconf 90' lang='lat' dir='ltr'>volueris</span> <span class='ocrx_word' id='word_1_203' title='bbox 1755 2421 2133 2476; x_wconf 82' lang='lat' dir='ltr'>perseverare,</span> 
     </span>
    </p>
   </div>
   <div class='ocr_carea' id='block_1_28' title="bbox 535 2492 2137 2564">
    <p class='ocr_par' dir='ltr' id='par_1_28' title="bbox 535 2492 2137 2564">
     <span class='ocr_line' id='line_1_28' title="bbox 535 2492 2137 2564; baseline 0.002 -17"><span class='ocrx_word' id='word_1_204' title='bbox 535 2508 606 2548; x_wconf 90' lang='lat' dir='ltr'>ne</span> <span class='ocrx_word' id='word_1_205' title='bbox 636 2493 870 2564; x_wconf 87' lang='lat' dir='ltr'>amplius</span> <span class='ocrx_word' id='word_1_206' title='bbox 919 2500 1109 2548; x_wconf 91' lang='lat' dir='ltr'>contra</span> <span class='ocrx_word' id='word_1_207' title='bbox 1156 2492 1449 2548; x_wconf 90' lang='lat' dir='ltr'>verbosum</span> <span class='ocrx_word' id='word_1_208' title='bbox 1503 2493 1748 2548; x_wconf 89' lang='lat' dir='ltr'>studeam</span> <span class='ocrx_word' id='word_1_209' title='bbox 1806 2495 2137 2552; x_wconf 88' lang='lat' dir='ltr'>contendere</span> 
     </span>
    </p>
   </div>
   <div class='ocr_carea' id='block_1_29' title="bbox 539 2581 2136 2655">
    <p class='ocr_par' dir='ltr' id='par_1_29' title="bbox 539 2581 2136 2655">
     <span class='ocr_line' id='line_1_29' title="bbox 539 2581 2136 2655; baseline 0.001 -17"><span class='ocrx_word' id='word_1_210' title='bbox 539 2581 746 2650; x_wconf 85' lang='lat' dir='ltr'>verbis,</span> <span class='ocrx_word' id='word_1_211' title='bbox 781 2581 881 2638; x_wconf 91' lang='lat' dir='ltr'>sed</span> <span class='ocrx_word' id='word_1_212' title='bbox 925 2581 1033 2637; x_wconf 92' lang='lat' dir='ltr'>ista</span> <span class='ocrx_word' id='word_1_213' title='bbox 1060 2589 1151 2637; x_wconf 86' lang='lat' dir='ltr'>aut</span> <span class='ocrx_word' id='word_1_214' title='bbox 1197 2581 1267 2637; x_wconf 87' lang='lat' dir='ltr'>ad</span> <span class='ocrx_word' id='word_1_215' title='bbox 1305 2583 1718 2652; x_wconf 89' lang='lat' dir='ltr'>correctionem,</span> <span class='ocrx_word' id='word_1_216' title='bbox 1751 2591 1844 2638; x_wconf 92' lang='lat' dir='ltr'>aut</span> <span class='ocrx_word' id='word_1_217' title='bbox 1871 2600 1970 2655; x_wconf 89' lang='lat' dir='ltr'>per</span> <span class='ocrx_word' id='word_1_218' title='bbox 1997 2584 2136 2640; x_wconf 88' lang='lat' dir='ltr'>alio-</span> 
     </span>
    </p>
   </div>
   <div class='ocr_carea' id='block_1_30' title="bbox 536 2669 2132 2741">
    <p class='ocr_par' dir='ltr' id='par_1_30' title="bbox 536 2669 2132 2741">
     <span class='ocr_line' id='line_1_30' title="bbox 536 2669 2132 2741; baseline 0.001 -14"><span class='ocrx_word' id='word_1_219' title='bbox 536 2686 660 2727; x_wconf 89' lang='lat' dir='ltr'>rum</span> <span class='ocrx_word' id='word_1_220' title='bbox 685 2669 947 2740; x_wconf 87' lang='lat' dir='ltr'>judicium</span> <span class='ocrx_word' id='word_1_221' title='bbox 975 2670 1045 2725; x_wconf 92' lang='lat' dir='ltr'>ad</span> <span class='ocrx_word' id='word_1_222' title='bbox 1072 2678 1216 2726; x_wconf 91' lang='lat' dir='ltr'>tuam</span> <span class='ocrx_word' id='word_1_223' title='bbox 1245 2669 1594 2727; x_wconf 89' lang='lat' dir='ltr'>revictionem</span> <span class='ocrx_word' id='word_1_224' title='bbox 1625 2670 1872 2728; x_wconf 77' lang='lat' dir='ltr'>sufﬁcere</span> <span class='ocrx_word' id='word_1_225' title='bbox 1901 2673 2132 2741; x_wconf 87' lang='lat' dir='ltr'>valeant,</span> 
     </span>
    </p>
   </div>
   <div class='ocr_carea' id='block_1_31' title="bbox 539 2758 2136 2817">
    <p class='ocr_par' dir='ltr' id='par_1_31' title="bbox 539 2758 2136 2817">
     <span class='ocr_line' id='line_1_31' title="bbox 539 2758 2136 2817; baseline 0.001 -1"><span class='ocrx_word' id='word_1_226' title='bbox 539 2767 594 2816; x_wconf 88' lang='lat' dir='ltr'>et</span> <span class='ocrx_word' id='word_1_227' title='bbox 619 2758 752 2814; x_wconf 87' lang='lat' dir='ltr'>mihi</span> <span class='ocrx_word' id='word_1_228' title='bbox 783 2759 851 2814; x_wconf 91' lang='lat' dir='ltr'>de</span> <span class='ocrx_word' id='word_1_229' title='bbox 882 2759 1165 2816; x_wconf 88' lang='lat' dir='ltr'>avulsione</span> <span class='ocrx_word' id='word_1_230' title='bbox 1193 2759 1370 2814; x_wconf 86' lang='lat' dir='ltr'>dextri</span> <span class='ocrx_word' id='word_1_231' title='bbox 1418 2759 1563 2816; x_wconf 90' lang='lat' dir='ltr'>oculi</span> <span class='ocrx_word' id='word_1_232' title='bbox 1591 2761 1678 2816; x_wconf 89' lang='lat' dir='ltr'>vel</span> <span class='ocrx_word' id='word_1_233' title='bbox 1705 2761 1912 2817; x_wconf 55' lang='lat' dir='ltr'>dextra“:</span> <span class='ocrx_word' id='word_1_234' title='bbox 1939 2777 2136 2817; x_wconf 91' lang='lat' dir='ltr'>manus</span> 
     </span>
    </p>
   </div>
   <div class='ocr_carea' id='block_1_32' title="bbox 539 2847 2135 2921">
    <p class='ocr_par' dir='ltr' id='par_1_32' title="bbox 539 2847 2135 2921">
     <span class='ocr_line' id='line_1_32' title="bbox 539 2847 2135 2921; baseline 0.004 -19"><span class='ocrx_word' id='word_1_235' title='bbox 539 2847 876 2904; x_wconf 88' lang='lat' dir='ltr'>abscissione</span> <span class='ocrx_word' id='word_1_236' title='bbox 905 2847 1061 2904; x_wconf 91' lang='lat' dir='ltr'>dolor</span> <span class='ocrx_word' id='word_1_237' title='bbox 1091 2847 1376 2904; x_wconf 90' lang='lat' dir='ltr'>continuus</span> <span class='ocrx_word' id='word_1_238' title='bbox 1404 2856 1458 2904; x_wconf 93' lang='lat' dir='ltr'>et</span> <span class='ocrx_word' id='word_1_239' title='bbox 1483 2857 1779 2921; x_wconf 90' lang='lat' dir='ltr'>perpetuus</span> <span class='ocrx_word' id='word_1_240' title='bbox 1807 2865 2012 2906; x_wconf 82' lang='lat' dir='ltr'>mceror</span> <span class='ocrx_word' id='word_1_241' title='bbox 2039 2867 2135 2908; x_wconf 87' lang='lat' dir='ltr'>ac-</span> 
     </span>
    </p>
   </div>
   <div class='ocr_carea' id='block_1_33' title="bbox 539 2936 2134 3012">
    <p class='ocr_par' dir='ltr' id='par_1_33' title="bbox 539 2936 2134 3012">
     <span class='ocr_line' id='line_1_33' title="bbox 539 2936 2134 3012; baseline 0.001 -19"><span class='ocrx_word' id='word_1_242' title='bbox 539 2936 704 3008; x_wconf 87' lang='lat' dir='ltr'>cidat,</span> <span class='ocrx_word' id='word_1_243' title='bbox 738 2936 878 2994; x_wconf 90' lang='lat' dir='ltr'>sicut</span> <span class='ocrx_word' id='word_1_244' title='bbox 908 2952 975 2992; x_wconf 88' lang='lat' dir='ltr'>ex</span> <span class='ocrx_word' id='word_1_245' title='bbox 1003 2936 1188 2992; x_wconf 85' lang='lat' dir='ltr'>verbis</span> <span class='ocrx_word' id='word_1_246' title='bbox 1216 2937 1362 2992; x_wconf 90' lang='lat' dir='ltr'>beati</span> <span class='ocrx_word' id='word_1_247' title='bbox 1395 2937 1648 3010; x_wconf 84' lang='lat' dir='ltr'>Gregorii</span> <span class='ocrx_word' id='word_1_248' title='bbox 1676 2939 1778 2993; x_wconf 89' lang='lat' dir='ltr'>tria</span> <span class='ocrx_word' id='word_1_249' title='bbox 1806 2938 1903 2994; x_wconf 91' lang='lat' dir='ltr'>tibi</span> <span class='ocrx_word' id='word_1_250' title='bbox 1928 2955 2134 3012; x_wconf 90' lang='lat' dir='ltr'>propo-</span> 
     </span>
    </p>
   </div>
   <div class='ocr_carea' id='block_1_34' title="bbox 534 3025 2134 3101">
    <p class='ocr_par' dir='ltr' id='par_1_34' title="bbox 534 3025 2134 3101">
     <span class='ocr_line' id='line_1_34' title="bbox 534 3025 2134 3101; baseline 0.001 -19"><span class='ocrx_word' id='word_1_251' title='bbox 534 3025 620 3082; x_wconf 93' lang='lat' dir='ltr'>sui</span> <span class='ocrx_word' id='word_1_252' title='bbox 649 3043 664 3081; x_wconf 89' lang='lat'><strong>:</strong></span> <span class='ocrx_word' id='word_1_253' title='bbox 696 3034 984 3098; x_wconf 88' lang='lat' dir='ltr'>peccatum</span> <span class='ocrx_word' id='word_1_254' title='bbox 1031 3025 1256 3094; x_wconf 88' lang='lat' dir='ltr'>scilicet,</span> <span class='ocrx_word' id='word_1_255' title='bbox 1303 3033 1356 3082; x_wconf 90' lang='lat' dir='ltr'>et</span> <span class='ocrx_word' id='word_1_256' title='bbox 1392 3041 1616 3082; x_wconf 87' lang='lat' dir='ltr'>causam</span> <span class='ocrx_word' id='word_1_257' title='bbox 1661 3027 1889 3099; x_wconf 89' lang='lat' dir='ltr'>peccati,</span> <span class='ocrx_word' id='word_1_258' title='bbox 1924 3043 1988 3084; x_wconf 85' lang='lat' dir='ltr'>ac</span> <span class='ocrx_word' id='word_1_259' title='bbox 2017 3045 2134 3101; x_wconf 87' lang='lat' dir='ltr'>poe-</span> 
     </span>
    </p>
   </div>
   <div class='ocr_carea' id='block_1_35' title="bbox 2235 439 3840 514">
    <p class='ocr_par' dir='ltr' id='par_1_35' title="bbox 2235 439 3840 514">
     <span class='ocr_line' id='line_1_35' title="bbox 2235 439 3840 514; baseline 0 -18"><span class='ocrx_word' id='word_1_260' title='bbox 2235 441 2434 496; x_wconf 89' lang='lat' dir='ltr'>tienter</span> <span class='ocrx_word' id='word_1_261' title='bbox 2477 441 2672 497; x_wconf 91' lang='lat' dir='ltr'>discat.</span> <span class='ocrx_word' id='word_1_262' title='bbox 2720 441 2843 496; x_wconf 91' lang='lat' dir='ltr'>Non</span> <span class='ocrx_word' id='word_1_263' title='bbox 2893 441 3080 496; x_wconf 88' lang='lat' dir='ltr'>dubito</span> <span class='ocrx_word' id='word_1_264' title='bbox 3128 440 3276 514; x_wconf 88' lang='lat' dir='ltr'>quod</span> <span class='ocrx_word' id='word_1_265' title='bbox 3303 440 3349 494; x_wconf 90' lang='lat' dir='ltr'>si</span> <span class='ocrx_word' id='word_1_266' title='bbox 3379 440 3538 495; x_wconf 89' lang='lat' dir='ltr'>istam</span> <span class='ocrx_word' id='word_1_267' title='bbox 3583 439 3840 512; x_wconf 61' lang='lat' dir='ltr'>quaestio-</span> 
     </span>
    </p>
   </div>
   <div class='ocr_carea' id='block_1_36' title="bbox 2234 521 3844 602">
    <p class='ocr_par' dir='ltr' id='par_1_36' title="bbox 2234 521 3844 602">
     <span class='ocr_line' id='line_1_36' title="bbox 2234 521 3844 602; baseline -0.001 -18"><span class='ocrx_word' id='word_1_268' title='bbox 2234 546 2359 585; x_wconf 88' lang='lat' dir='ltr'>nem</span> <span class='ocrx_word' id='word_1_269' title='bbox 2388 531 2442 584; x_wconf 89' lang='lat' dir='ltr'>in</span> <span class='ocrx_word' id='word_1_270' title='bbox 2473 529 2724 586; x_wconf 89' lang='lat' dir='ltr'>Ecclesia</span> <span class='ocrx_word' id='word_1_271' title='bbox 2753 530 2846 584; x_wconf 90' lang='lat' dir='ltr'>diu</span> <span class='ocrx_word' id='word_1_272' title='bbox 2874 529 3210 602; x_wconf 90' lang='lat' dir='ltr'>multumque</span> <span class='ocrx_word' id='word_1_273' title='bbox 3231 521 3543 585; x_wconf 81' lang='lat' dir='ltr'>versantem</span> <span class='ocrx_word' id='word_1_274' title='bbox 3563 545 3685 585; x_wconf 88' lang='lat' dir='ltr'>cum</span> <span class='ocrx_word' id='word_1_275' title='bbox 3707 528 3844 585; x_wconf 85' lang='lat' dir='ltr'>viris</span> 
     </span>
    </p>
   </div>
   <div class='ocr_carea' id='block_1_37' title="bbox 2236 619 3843 691">
    <p class='ocr_par' dir='ltr' id='par_1_37' title="bbox 2236 619 3843 691">
     <span class='ocr_line' id='line_1_37' title="bbox 2236 619 3843 691; baseline 0.001 -19"><span class='ocrx_word' id='word_1_276' title='bbox 2236 619 2589 674; x_wconf 88' lang='lat' dir='ltr'>sanctissimis</span> <span class='ocrx_word' id='word_1_277' title='bbox 2609 619 3046 691; x_wconf 89' lang='lat' dir='ltr'>doctissimisque</span> <span class='ocrx_word' id='word_1_278' title='bbox 3070 627 3346 687; x_wconf 89' lang='lat' dir='ltr'>tractaret,</span> <span class='ocrx_word' id='word_1_279' title='bbox 3371 635 3470 690; x_wconf 90' lang='lat' dir='ltr'>per</span> <span class='ocrx_word' id='word_1_280' title='bbox 3490 633 3626 690; x_wconf 89' lang='lat' dir='ltr'>quos</span> <span class='ocrx_word' id='word_1_281' title='bbox 3648 626 3843 689; x_wconf 88' lang='lat' dir='ltr'>postea</span> 
     </span>
    </p>
   </div>
   <div class='ocr_carea' id='block_1_38' title="bbox 2235 706 3842 780">
    <p class='ocr_par' dir='ltr' id='par_1_38' title="bbox 2235 706 3842 780">
     <span class='ocr_line' id='line_1_38' title="bbox 2235 706 3842 780; baseline 0 -18"><span class='ocrx_word' id='word_1_282' title='bbox 2235 707 2436 763; x_wconf 84' lang='lat' dir='ltr'>factum</span> <span class='ocrx_word' id='word_1_283' title='bbox 2481 715 2583 774; x_wconf 88' lang='lat' dir='ltr'>est,</span> <span class='ocrx_word' id='word_1_284' title='bbox 2615 717 2673 762; x_wconf 93' lang='lat' dir='ltr'>ut</span> <span class='ocrx_word' id='word_1_285' title='bbox 2701 709 2924 780; x_wconf 90' lang='lat' dir='ltr'>antiqua</span> <span class='ocrx_word' id='word_1_286' title='bbox 2954 708 3047 763; x_wconf 88' lang='lat' dir='ltr'>illa</span> <span class='ocrx_word' id='word_1_287' title='bbox 3077 706 3416 764; x_wconf 88' lang='lat' dir='ltr'>consuetudo</span> <span class='ocrx_word' id='word_1_288' title='bbox 3449 708 3611 763; x_wconf 88' lang='lat' dir='ltr'>etiam</span> <span class='ocrx_word' id='word_1_289' title='bbox 3640 707 3842 779; x_wconf 88' lang='lat' dir='ltr'>plena-</span> 
     </span>
    </p>
   </div>
   <div class='ocr_carea' id='block_1_39' title="bbox 2235 795 3841 863">
    <p class='ocr_par' dir='ltr' id='par_1_39' title="bbox 2235 795 3841 863">
     <span class='ocr_line' id='line_1_39' title="bbox 2235 795 3841 863; baseline -0.001 -13"><span class='ocrx_word' id='word_1_290' title='bbox 2235 795 2319 852; x_wconf 92' lang='lat' dir='ltr'>rio</span> <span class='ocrx_word' id='word_1_291' title='bbox 2348 796 2581 852; x_wconf 89' lang='lat' dir='ltr'>concilio</span> <span class='ocrx_word' id='word_1_292' title='bbox 2613 795 2938 863; x_wconf 85' lang='lat' dir='ltr'>ﬁrmaretur,</span> <span class='ocrx_word' id='word_1_293' title='bbox 2971 796 3090 852; x_wconf 84' lang='lat' dir='ltr'>sine</span> <span class='ocrx_word' id='word_1_294' title='bbox 3127 796 3458 852; x_wconf 88' lang='lat' dir='ltr'>dubitatione</span> <span class='ocrx_word' id='word_1_295' title='bbox 3487 796 3841 852; x_wconf 88' lang='lat' dir='ltr'>demonstra-</span> 
     </span>
    </p>
   </div>
   <div class='ocr_carea' id='block_1_40' title="bbox 2235 882 3840 958">
    <p class='ocr_par' dir='ltr' id='par_1_40' title="bbox 2235 882 3840 958">
     <span class='ocr_line' id='line_1_40' title="bbox 2235 882 3840 958; baseline 0.001 -19"><span class='ocrx_word' id='word_1_296' title='bbox 2235 892 2337 952; x_wconf 91' lang='lat' dir='ltr'>ret,</span> <span class='ocrx_word' id='word_1_297' title='bbox 2372 901 2481 940; x_wconf 92' lang='lat' dir='ltr'>non</span> <span class='ocrx_word' id='word_1_298' title='bbox 2529 885 2702 940; x_wconf 88' lang='lat' dir='ltr'>solum</span> <span class='ocrx_word' id='word_1_299' title='bbox 2741 902 2905 956; x_wconf 89' lang='lat' dir='ltr'>quam</span> <span class='ocrx_word' id='word_1_300' title='bbox 2948 886 3178 941; x_wconf 89' lang='lat' dir='ltr'>devotus</span> <span class='ocrx_word' id='word_1_301' title='bbox 3206 894 3352 940; x_wconf 90' lang='lat' dir='ltr'>esset</span> <span class='ocrx_word' id='word_1_302' title='bbox 3381 885 3435 940; x_wconf 91' lang='lat' dir='ltr'>in</span> <span class='ocrx_word' id='word_1_303' title='bbox 3465 885 3550 940; x_wconf 89' lang='lat' dir='ltr'>his</span> <span class='ocrx_word' id='word_1_304' title='bbox 3582 901 3704 958; x_wconf 66' lang='lat' dir='ltr'>quae</span> <span class='ocrx_word' id='word_1_305' title='bbox 3735 882 3840 940; x_wconf 80' lang='lat' dir='ltr'>fir-</span> 
     </span>
    </p>
   </div>
   <div class='ocr_carea' id='block_1_41' title="bbox 2233 973 3838 1046">
    <p class='ocr_par' dir='ltr' id='par_1_41' title="bbox 2233 973 3838 1046">
     <span class='ocr_line' id='line_1_41' title="bbox 2233 973 3838 1046; baseline 0.001 -19"><span class='ocrx_word' id='word_1_306' title='bbox 2233 973 2478 1028; x_wconf 91' lang='lat' dir='ltr'>missima</span> <span class='ocrx_word' id='word_1_307' title='bbox 2508 974 2735 1030; x_wconf 88' lang='lat' dir='ltr'>veritate</span> <span class='ocrx_word' id='word_1_308' title='bbox 2767 981 3106 1046; x_wconf 82' lang='lat' dir='ltr'>perceperat,</span> <span class='ocrx_word' id='word_1_309' title='bbox 3139 991 3330 1030; x_wconf 90' lang='lat' dir='ltr'>verum</span> <span class='ocrx_word' id='word_1_310' title='bbox 3354 974 3514 1030; x_wconf 87' lang='lat' dir='ltr'>etiam</span> <span class='ocrx_word' id='word_1_311' title='bbox 3546 991 3706 1046; x_wconf 88' lang='lat' dir='ltr'>quam</span> <span class='ocrx_word' id='word_1_312' title='bbox 3737 973 3838 1029; x_wconf 89' lang='lat' dir='ltr'>do-</span> 
     </span>
    </p>
   </div>
   <div class='ocr_carea' id='block_1_42' title="bbox 2237 1061 3839 1135">
    <p class='ocr_par' dir='ltr' id='par_1_42' title="bbox 2237 1061 3839 1135">
     <span class='ocr_line' id='line_1_42' title="bbox 2237 1061 3839 1135; baseline -0.001 -17"><span class='ocrx_word' id='word_1_313' title='bbox 2237 1061 2412 1118; x_wconf 90' lang='lat' dir='ltr'>cibilis</span> <span class='ocrx_word' id='word_1_314' title='bbox 2442 1062 2498 1116; x_wconf 93' lang='lat' dir='ltr'>in</span> <span class='ocrx_word' id='word_1_315' title='bbox 2529 1063 2612 1116; x_wconf 91' lang='lat' dir='ltr'>his</span> <span class='ocrx_word' id='word_1_316' title='bbox 2640 1080 2762 1135; x_wconf 75' lang='lat' dir='ltr'>quae</span> <span class='ocrx_word' id='word_1_317' title='bbox 2807 1063 2988 1118; x_wconf 90' lang='lat' dir='ltr'>minus</span> <span class='ocrx_word' id='word_1_318' title='bbox 3037 1063 3362 1119; x_wconf 90' lang='lat' dir='ltr'>adverterat.</span> <span class='ocrx_word' id='word_1_319' title='bbox 3394 1065 3462 1118; x_wconf 91' lang='lat' dir='ltr'>Et</span> <span class='ocrx_word' id='word_1_320' title='bbox 3489 1071 3672 1118; x_wconf 89' lang='lat' dir='ltr'>tamen</span> <span class='ocrx_word' id='word_1_321' title='bbox 3712 1079 3839 1118; x_wconf 92' lang='lat' dir='ltr'>cum</span> 
     </span>
    </p>
   </div>
   <div class='ocr_carea' id='block_1_43' title="bbox 2235 1150 3840 1224">
    <p class='ocr_par' dir='ltr' id='par_1_43' title="bbox 2235 1150 3840 1224">
     <span class='ocr_line' id='line_1_43' title="bbox 2235 1150 3840 1224; baseline 0.002 -19"><span class='ocrx_word' id='word_1_322' title='bbox 2235 1150 2742 1206; x_wconf 83' lang='lat' dir='ltr'>manifestissimum</span> <span class='ocrx_word' id='word_1_323' title='bbox 2773 1153 2842 1206; x_wconf 89' lang='lat' dir='ltr'>sit</span> <span class='ocrx_word' id='word_1_324' title='bbox 2870 1153 3037 1208; x_wconf 90' lang='lat' dir='ltr'>multo</span> <span class='ocrx_word' id='word_1_325' title='bbox 3061 1153 3286 1224; x_wconf 78' lang='lat' dir='ltr'>gravius</span> <span class='ocrx_word' id='word_1_326' title='bbox 3313 1168 3542 1224; x_wconf 88' lang='lat' dir='ltr'>peccare</span> <span class='ocrx_word' id='word_1_327' title='bbox 3573 1151 3840 1209; x_wconf 87' lang='lat' dir='ltr'>scientem</span> 
     </span>
    </p>
   </div>
   <div class='ocr_carea' id='block_1_44' title="bbox 2237 1239 3840 1313">
    <p class='ocr_par' dir='ltr' id='par_1_44' title="bbox 2237 1239 3840 1313">
     <span class='ocr_line' id='line_1_44' title="bbox 2237 1239 3840 1313; baseline 0.001 -19"><span class='ocrx_word' id='word_1_328' title='bbox 2237 1255 2402 1310; x_wconf 90' lang='lat' dir='ltr'>quam</span> <span class='ocrx_word' id='word_1_329' title='bbox 2439 1239 2794 1308; x_wconf 90' lang='lat' dir='ltr'>nescientem,</span> <span class='ocrx_word' id='word_1_330' title='bbox 2847 1241 3046 1296; x_wconf 86' lang='lat' dir='ltr'>vellem</span> <span class='ocrx_word' id='word_1_331' title='bbox 3088 1241 3220 1296; x_wconf 90' lang='lat' dir='ltr'>mihi</span> <span class='ocrx_word' id='word_1_332' title='bbox 3266 1241 3462 1313; x_wconf 91' lang='lat' dir='ltr'>aliquis</span> <span class='ocrx_word' id='word_1_333' title='bbox 3490 1241 3698 1297; x_wconf 91' lang='lat' dir='ltr'>diceret</span> <span class='ocrx_word' id='word_1_334' title='bbox 3733 1258 3746 1296; x_wconf 91' lang='lat'><strong>:</strong></span> <span class='ocrx_word' id='word_1_335' title='bbox 3781 1240 3840 1298; x_wconf 91' lang='lat' dir='ltr'>Si</span> 
     </span>
    </p>
   </div>
   <div class='ocr_carea' id='block_1_45' title="bbox 2237 1328 3842 1402">
    <p class='ocr_par' dir='ltr' id='par_1_45' title="bbox 2237 1328 3842 1402">
     <span class='ocr_line' id='line_1_45' title="bbox 2237 1328 3842 1402; baseline 0.001 -20"><span class='ocrx_word' id='word_1_336' title='bbox 2237 1328 2358 1400; x_wconf 90' lang='lat' dir='ltr'>quis</span> <span class='ocrx_word' id='word_1_337' title='bbox 2406 1329 2463 1384; x_wconf 90' lang='lat' dir='ltr'>in</span> <span class='ocrx_word' id='word_1_338' title='bbox 2511 1330 2766 1384; x_wconf 68' lang='lat' dir='ltr'>haeresim</span> <span class='ocrx_word' id='word_1_339' title='bbox 2814 1331 3078 1394; x_wconf 88' lang='lat' dir='ltr'>incurrat,</span> <span class='ocrx_word' id='word_1_340' title='bbox 3129 1331 3382 1386; x_wconf 88' lang='lat' dir='ltr'>nesciens</span> <span class='ocrx_word' id='word_1_341' title='bbox 3430 1339 3695 1402; x_wconf 91' lang='lat' dir='ltr'>quantum</span> <span class='ocrx_word' id='word_1_342' title='bbox 3723 1347 3842 1384; x_wconf 89' lang='lat' dir='ltr'>ma-</span> 
     </span>
    </p>
   </div>
   <div class='ocr_carea' id='block_1_46' title="bbox 2235 1417 3843 1488">
    <p class='ocr_par' dir='ltr' id='par_1_46' title="bbox 2235 1417 3843 1488">
     <span class='ocr_line' id='line_1_46' title="bbox 2235 1417 3843 1488; baseline 0.001 -16"><span class='ocrx_word' id='word_1_343' title='bbox 2235 1417 2348 1472; x_wconf 89' lang='lat' dir='ltr'>lum</span> <span class='ocrx_word' id='word_1_344' title='bbox 2397 1417 2484 1484; x_wconf 89' lang='lat' dir='ltr'>sit,</span> <span class='ocrx_word' id='word_1_345' title='bbox 2535 1425 2590 1473; x_wconf 87' lang='lat' dir='ltr'>et</span> <span class='ocrx_word' id='word_1_346' title='bbox 2635 1418 2775 1473; x_wconf 90' lang='lat' dir='ltr'>alius</span> <span class='ocrx_word' id='word_1_347' title='bbox 2817 1419 2885 1474; x_wconf 89' lang='lat' dir='ltr'>ab</span> <span class='ocrx_word' id='word_1_348' title='bbox 2934 1419 3160 1475; x_wconf 85' lang='lat' dir='ltr'>avaritia</span> <span class='ocrx_word' id='word_1_349' title='bbox 3211 1437 3322 1475; x_wconf 92' lang='lat' dir='ltr'>non</span> <span class='ocrx_word' id='word_1_350' title='bbox 3363 1419 3602 1488; x_wconf 85' lang='lat' dir='ltr'>recedat,</span> <span class='ocrx_word' id='word_1_351' title='bbox 3655 1419 3843 1476; x_wconf 85' lang='lat' dir='ltr'>sciens</span> 
     </span>
    </p>
   </div>
   <div class='ocr_carea' id='block_1_47' title="bbox 2237 1507 3842 1580">
    <p class='ocr_par' dir='ltr' id='par_1_47' title="bbox 2237 1507 3842 1580">
     <span class='ocr_line' id='line_1_47' title="bbox 2237 1507 3842 1580; baseline 0.002 -20"><span class='ocrx_word' id='word_1_352' title='bbox 2237 1514 2496 1578; x_wconf 90' lang='lat' dir='ltr'>quantum</span> <span class='ocrx_word' id='word_1_353' title='bbox 2524 1507 2728 1562; x_wconf 91' lang='lat' dir='ltr'>malum</span> <span class='ocrx_word' id='word_1_354' title='bbox 2771 1508 2858 1578; x_wconf 88' lang='lat' dir='ltr'>sit,</span> <span class='ocrx_word' id='word_1_355' title='bbox 2895 1508 3014 1580; x_wconf 90' lang='lat' dir='ltr'>quis</span> <span class='ocrx_word' id='word_1_356' title='bbox 3055 1525 3248 1564; x_wconf 90' lang='lat' dir='ltr'>eorum</span> <span class='ocrx_word' id='word_1_357' title='bbox 3280 1508 3350 1564; x_wconf 91' lang='lat' dir='ltr'>sit</span> <span class='ocrx_word' id='word_1_358' title='bbox 3377 1509 3578 1580; x_wconf 80' lang='lat' dir='ltr'>pejor?</span> <span class='ocrx_word' id='word_1_359' title='bbox 3605 1509 3842 1565; x_wconf 89' lang='lat' dir='ltr'>Possum</span> 
     </span>
    </p>
   </div>
   <div class='ocr_carea' id='block_1_48' title="bbox 2237 1595 3841 1668">
    <p class='ocr_par' dir='ltr' id='par_1_48' title="bbox 2237 1595 3841 1668">
     <span class='ocr_line' id='line_1_48' title="bbox 2237 1595 3841 1668; baseline 0.002 -18"><span class='ocrx_word' id='word_1_360' title='bbox 2237 1595 2400 1651; x_wconf 90' lang='lat' dir='ltr'>etiam</span> <span class='ocrx_word' id='word_1_361' title='bbox 2439 1595 2510 1650; x_wconf 87' lang='lat' dir='ltr'>ita</span> <span class='ocrx_word' id='word_1_362' title='bbox 2544 1613 2871 1668; x_wconf 88' lang='lat' dir='ltr'>preponere,</span> <span class='ocrx_word' id='word_1_363' title='bbox 2913 1597 2959 1653; x_wconf 93' lang='lat' dir='ltr'>si</span> <span class='ocrx_word' id='word_1_364' title='bbox 3006 1598 3145 1654; x_wconf 88' lang='lat' dir='ltr'>alius</span> <span class='ocrx_word' id='word_1_365' title='bbox 3187 1598 3439 1654; x_wconf 91' lang='lat' dir='ltr'>nesciens</span> <span class='ocrx_word' id='word_1_366' title='bbox 3486 1598 3541 1653; x_wconf 90' lang='lat' dir='ltr'>in</span> <span class='ocrx_word' id='word_1_367' title='bbox 3581 1598 3841 1654; x_wconf 65' lang='lat' dir='ltr'>haeresim</span> 
     </span>
    </p>
   </div>
   <div class='ocr_carea' id='block_1_49' title="bbox 2236 1683 3836 1758">
    <p class='ocr_par' dir='ltr' id='par_1_49' title="bbox 2236 1683 3836 1758">
     <span class='ocr_line' id='line_1_49' title="bbox 2236 1683 3836 1758; baseline 0.001 -18"><span class='ocrx_word' id='word_1_368' title='bbox 2236 1683 2492 1754; x_wconf 89' lang='lat' dir='ltr'>incurrat,</span> <span class='ocrx_word' id='word_1_369' title='bbox 2527 1694 2579 1742; x_wconf 90' lang='lat' dir='ltr'>et</span> <span class='ocrx_word' id='word_1_370' title='bbox 2608 1687 2788 1743; x_wconf 88' lang='lat' dir='ltr'>sciens</span> <span class='ocrx_word' id='word_1_371' title='bbox 2837 1687 2974 1742; x_wconf 91' lang='lat' dir='ltr'>alius</span> <span class='ocrx_word' id='word_1_372' title='bbox 3002 1687 3070 1742; x_wconf 91' lang='lat' dir='ltr'>ad</span> <span class='ocrx_word' id='word_1_373' title='bbox 3097 1687 3403 1744; x_wconf 89' lang='lat' dir='ltr'>idololatria</span> <span class='ocrx_word' id='word_1_374' title='bbox 3449 1704 3560 1743; x_wconf 89' lang='lat' dir='ltr'>non</span> <span class='ocrx_word' id='word_1_375' title='bbox 3588 1688 3836 1758; x_wconf 87' lang='lat' dir='ltr'>recedat,</span> 
     </span>
    </p>
   </div>
   <div class='ocr_carea' id='block_1_50' title="bbox 2239 1775 3839 1851">
    <p class='ocr_par' dir='ltr' id='par_1_50' title="bbox 2239 1775 3839 1851">
     <span class='ocr_line' id='line_1_50' title="bbox 2239 1775 3839 1851; baseline 0.003 -22"><span class='ocrx_word' id='word_1_376' title='bbox 2239 1775 2367 1846; x_wconf 92' lang='lat' dir='ltr'>quia</span> <span class='ocrx_word' id='word_1_377' title='bbox 2394 1784 2446 1830; x_wconf 91' lang='lat' dir='ltr'>et</span> <span class='ocrx_word' id='word_1_378' title='bbox 2475 1776 2769 1848; x_wconf 83' lang='lat' dir='ltr'>Apostolus</span> <span class='ocrx_word' id='word_1_379' title='bbox 2799 1777 2928 1833; x_wconf 90' lang='lat' dir='ltr'>dicit</span> <span class='ocrx_word' id='word_1_380' title='bbox 2957 1795 2970 1832; x_wconf 96' lang='lat'>:</span> <span class='ocrx_word' id='word_1_381' title='bbox 3006 1778 3262 1834; x_wconf 80' lang='lat' dir='ltr'>Avaritia</span> <span class='ocrx_word' id='word_1_382' title='bbox 3292 1795 3414 1851; x_wconf 74' lang='lat' dir='ltr'>qua:</span> <span class='ocrx_word' id='word_1_383' title='bbox 3441 1782 3528 1835; x_wconf 86' lang='lat' dir='ltr'>est</span> <span class='ocrx_word' id='word_1_384' title='bbox 3555 1777 3839 1834; x_wconf 82' lang='lat' dir='ltr'>idolorum</span> 
     </span>
    </p>
   </div>
   <div class='ocr_carea' id='block_1_51' title="bbox 2237 1865 3845 1939">
    <p class='ocr_par' dir='ltr' id='par_1_51' title="bbox 2237 1865 3845 1939">
     <span class='ocr_line' id='line_1_51' title="bbox 2237 1865 3845 1939; baseline 0.002 -20"><span class='ocrx_word' id='word_1_385' title='bbox 2237 1865 2480 1921; x_wconf 89' lang='lat' dir='ltr'>servitus</span> <span class='ocrx_word' id='word_1_386' title='bbox 2509 1865 2735 1936; x_wconf 81' lang='lat' dir='ltr'>(Cploss.</span> <span class='ocrx_word' id='word_1_387' title='bbox 2757 1867 2861 1937; x_wconf 79' lang='lat' dir='ltr'>In),</span> <span class='ocrx_word' id='word_1_388' title='bbox 2895 1874 2948 1922; x_wconf 87' lang='lat' dir='ltr'>et</span> <span class='ocrx_word' id='word_1_389' title='bbox 2975 1865 3093 1938; x_wconf 92' lang='lat' dir='ltr'>ipse</span> <span class='ocrx_word' id='word_1_390' title='bbox 3114 1866 3417 1939; x_wconf 83' lang='lat' dir='ltr'>Cyprianus</span> <span class='ocrx_word' id='word_1_391' title='bbox 3439 1867 3687 1922; x_wconf 89' lang='lat' dir='ltr'>eamdem</span> <span class='ocrx_word' id='word_1_392' title='bbox 3717 1883 3845 1922; x_wconf 88' lang='lat' dir='ltr'>sen-</span> 
     </span>
    </p>
   </div>
   <div class='ocr_carea' id='block_1_52' title="bbox 2238 1952 3838 2026">
    <p class='ocr_par' dir='ltr' id='par_1_52' title="bbox 2238 1952 3838 2026">
     <span class='ocr_line' id='line_1_52' title="bbox 2238 1952 3838 2026; baseline 0.003 -20"><span class='ocrx_word' id='word_1_393' title='bbox 2238 1952 2459 2008; x_wconf 87' lang='lat' dir='ltr'>tentiam</span> <span class='ocrx_word' id='word_1_394' title='bbox 2510 1969 2619 2009; x_wconf 89' lang='lat' dir='ltr'>non</span> <span class='ocrx_word' id='word_1_395' title='bbox 2667 1953 2824 2009; x_wconf 87' lang='lat' dir='ltr'>aliter</span> <span class='ocrx_word' id='word_1_396' title='bbox 2855 1955 3134 2026; x_wconf 88' lang='lat' dir='ltr'>intellexit,</span> <span class='ocrx_word' id='word_1_397' title='bbox 3183 1955 3324 2012; x_wconf 87' lang='lat' dir='ltr'>sicut</span> <span class='ocrx_word' id='word_1_398' title='bbox 3356 1956 3426 2011; x_wconf 93' lang='lat' dir='ltr'>ad</span> <span class='ocrx_word' id='word_1_399' title='bbox 3469 1955 3838 2011; x_wconf 87' lang='lat' dir='ltr'>Antonianum</span> 
     </span>
    </p>
   </div>
   <div class='ocr_carea' id='block_1_53' title="bbox 2239 2041 3837 2116">
    <p class='ocr_par' dir='ltr' id='par_1_53' title="bbox 2239 2041 3837 2116">
     <span class='ocr_line' id='line_1_53' title="bbox 2239 2041 3837 2116; baseline 0.004 -21"><span class='ocrx_word' id='word_1_400' title='bbox 2239 2041 2483 2098; x_wconf 88' lang='lat' dir='ltr'>scribens</span> <span class='ocrx_word' id='word_1_401' title='bbox 2511 2042 2584 2096; x_wconf 89' lang='lat' dir='ltr'>ait</span> <span class='ocrx_word' id='word_1_402' title='bbox 2613 2045 2800 2116; x_wconf 86' lang='lat' dir='ltr'>(epist.</span> <span class='ocrx_word' id='word_1_403' title='bbox 2834 2045 2924 2115; x_wconf 76' lang='grc'>52)</span> <span class='ocrx_word' id='word_1_404' title='bbox 2957 2062 2971 2099; x_wconf 89' lang='lat'><strong>:</strong></span> <span class='ocrx_word' id='word_1_405' title='bbox 3007 2067 3029 2092; x_wconf 80' lang='grc' dir='ltr'>α</span> <span class='ocrx_word' id='word_1_406' title='bbox 3064 2045 3180 2100; x_wconf 90' lang='lat' dir='ltr'>Nec</span> <span class='ocrx_word' id='word_1_407' title='bbox 3211 2043 3315 2100; x_wconf 91' lang='lat' dir='ltr'>sibi</span> <span class='ocrx_word' id='word_1_408' title='bbox 3344 2043 3398 2098; x_wconf 92' lang='lat' dir='ltr'>in</span> <span class='ocrx_word' id='word_1_409' title='bbox 3429 2045 3532 2101; x_wconf 85' lang='lat' dir='ltr'>hoc</span> <span class='ocrx_word' id='word_1_410' title='bbox 3559 2045 3685 2102; x_wconf 88' lang='lat' dir='ltr'>novi</span> <span class='ocrx_word' id='word_1_411' title='bbox 3715 2047 3837 2102; x_wconf 76' lang='lat' dir='ltr'>hae-</span> 
     </span>
    </p>
   </div>
   <div class='ocr_carea' id='block_1_54' title="bbox 2237 2130 3840 2204">
    <p class='ocr_par' dir='ltr' id='par_1_54' title="bbox 2237 2130 3840 2204">
     <span class='ocr_line' id='line_1_54' title="bbox 2237 2130 3840 2204; baseline 0.004 -19"><span class='ocrx_word' id='word_1_412' title='bbox 2237 2130 2394 2187; x_wconf 90' lang='lat' dir='ltr'>retici</span> <span class='ocrx_word' id='word_1_413' title='bbox 2436 2131 2796 2200; x_wconf 89' lang='lat' dir='ltr'>blandiantur,</span> <span class='ocrx_word' id='word_1_414' title='bbox 2839 2133 2986 2204; x_wconf 91' lang='lat' dir='ltr'>quod</span> <span class='ocrx_word' id='word_1_415' title='bbox 3033 2150 3094 2190; x_wconf 91' lang='lat' dir='ltr'>se</span> <span class='ocrx_word' id='word_1_416' title='bbox 3137 2133 3318 2190; x_wconf 88' lang='lat' dir='ltr'>dicant</span> <span class='ocrx_word' id='word_1_417' title='bbox 3374 2133 3676 2190; x_wconf 90' lang='lat' dir='ltr'>idololatris</span> <span class='ocrx_word' id='word_1_418' title='bbox 3723 2151 3840 2192; x_wconf 91' lang='lat' dir='ltr'>non</span> 
     </span>
    </p>
   </div>
   <div class='ocr_carea' id='block_1_55' title="bbox 2237 2219 3844 2294">
    <p class='ocr_par' dir='ltr' id='par_1_55' title="bbox 2237 2219 3844 2294">
     <span class='ocr_line' id='line_1_55' title="bbox 2237 2219 3844 2294; baseline 0.002 -18"><span class='ocrx_word' id='word_1_419' title='bbox 2237 2219 2660 2289; x_wconf 89' lang='lat' dir='ltr'>communicare,</span> <span class='ocrx_word' id='word_1_420' title='bbox 2705 2222 2922 2294; x_wconf 88' lang='lat' dir='ltr'>quando</span> <span class='ocrx_word' id='word_1_421' title='bbox 2970 2223 3078 2277; x_wconf 90' lang='lat' dir='ltr'>sint</span> <span class='ocrx_word' id='word_1_422' title='bbox 3105 2230 3159 2278; x_wconf 89' lang='lat' dir='ltr'>et</span> <span class='ocrx_word' id='word_1_423' title='bbox 3188 2222 3334 2294; x_wconf 91' lang='lat' dir='ltr'>apud</span> <span class='ocrx_word' id='word_1_424' title='bbox 3359 2222 3482 2278; x_wconf 93' lang='lat' dir='ltr'>illos</span> <span class='ocrx_word' id='word_1_425' title='bbox 3517 2223 3752 2280; x_wconf 88' lang='lat' dir='ltr'>adulteri</span> <span class='ocrx_word' id='word_1_426' title='bbox 3783 2232 3844 2280; x_wconf 91' lang='lat' dir='ltr'>et</span> 
     </span>
    </p>
   </div>
   <div class='ocr_carea' id='block_1_56' title="bbox 2235 2305 3840 2382">
    <p class='ocr_par' dir='ltr' id='par_1_56' title="bbox 2235 2305 3840 2382">
     <span class='ocr_line' id='line_1_56' title="bbox 2235 2305 3840 2382; baseline 0.005 -20"><span class='ocrx_word' id='word_1_427' title='bbox 2235 2305 2576 2365; x_wconf 90' lang='lat' dir='ltr'>fraudatores</span> <span class='ocrx_word' id='word_1_428' title='bbox 2623 2310 2716 2382; x_wconf 88' lang='lat' dir='ltr'>qui</span> <span class='ocrx_word' id='word_1_429' title='bbox 2759 2318 3042 2366; x_wconf 90' lang='lat' dir='ltr'>teneantur</span> <span class='ocrx_word' id='word_1_430' title='bbox 3083 2311 3401 2368; x_wconf 74' lang='lat' dir='ltr'>idololatriae</span> <span class='ocrx_word' id='word_1_431' title='bbox 3449 2312 3692 2381; x_wconf 89' lang='lat' dir='ltr'>crimine,</span> <span class='ocrx_word' id='word_1_432' title='bbox 3741 2329 3840 2370; x_wconf 91' lang='lat' dir='ltr'>se-</span> 
     </span>
    </p>
   </div>
   <div class='ocr_carea' id='block_1_57' title="bbox 2237 2398 3839 2475">
    <p class='ocr_par' dir='ltr' id='par_1_57' title="bbox 2237 2398 3839 2475">
     <span class='ocr_line' id='line_1_57' title="bbox 2237 2398 3839 2475; baseline 0.002 -21"><span class='ocrx_word' id='word_1_433' title='bbox 2237 2398 2470 2454; x_wconf 88' lang='lat' dir='ltr'>cundum</span> <span class='ocrx_word' id='word_1_434' title='bbox 2505 2399 2825 2470; x_wconf 90' lang='lat' dir='ltr'>Apostolum</span> <span class='ocrx_word' id='word_1_435' title='bbox 2853 2399 3128 2457; x_wconf 89' lang='lat' dir='ltr'>dicentem</span> <span class='ocrx_word' id='word_1_436' title='bbox 3155 2401 3378 2475; x_wconf 85' lang='lat' dir='ltr'>(Ephes.</span> <span class='ocrx_word' id='word_1_437' title='bbox 3403 2401 3462 2474; x_wconf 89' lang='lat' dir='ltr'>v)</span> <span class='ocrx_word' id='word_1_438' title='bbox 3496 2418 3510 2456; x_wconf 91' lang='lat'>:</span> <span class='ocrx_word' id='word_1_439' title='bbox 3543 2401 3660 2460; x_wconf 91' lang='lat' dir='ltr'>Hoc</span> <span class='ocrx_word' id='word_1_440' title='bbox 3689 2402 3839 2459; x_wconf 89' lang='lat' dir='ltr'>enim</span> 
     </span>
    </p>
   </div>
   <div class='ocr_carea' id='block_1_58' title="bbox 2235 2485 3839 2562">
    <p class='ocr_par' dir='ltr' id='par_1_58' title="bbox 2235 2485 3839 2562">
     <span class='ocr_line' id='line_1_58' title="bbox 2235 2485 3839 2562; baseline 0.004 -21"><span class='ocrx_word' id='word_1_441' title='bbox 2235 2485 2428 2543; x_wconf 91' lang='lat' dir='ltr'>scitote</span> <span class='ocrx_word' id='word_1_442' title='bbox 2456 2487 2846 2561; x_wconf 88' lang='lat' dir='ltr'>intelligentes,</span> <span class='ocrx_word' id='word_1_443' title='bbox 2897 2489 3021 2562; x_wconf 86' lang='lat' dir='ltr'>quia</span> <span class='ocrx_word' id='word_1_444' title='bbox 3063 2489 3241 2546; x_wconf 90' lang='lat' dir='ltr'>omnis</span> <span class='ocrx_word' id='word_1_445' title='bbox 3267 2489 3580 2557; x_wconf 84' lang='lat' dir='ltr'>fornicator,</span> <span class='ocrx_word' id='word_1_446' title='bbox 3613 2500 3706 2547; x_wconf 90' lang='lat' dir='ltr'>aut</span> <span class='ocrx_word' id='word_1_447' title='bbox 3733 2491 3839 2548; x_wconf 87' lang='lat' dir='ltr'>im-</span> 
     </span>
    </p>
   </div>
   <div class='ocr_carea' id='block_1_59' title="bbox 2235 2575 3840 2652">
    <p class='ocr_par' dir='ltr' id='par_1_59' title="bbox 2235 2575 3840 2652">
     <span class='ocr_line' id='line_1_59' title="bbox 2235 2575 3840 2652; baseline 0.005 -22"><span class='ocrx_word' id='word_1_448' title='bbox 2235 2575 2488 2643; x_wconf 89' lang='lat' dir='ltr'>mundus,</span> <span class='ocrx_word' id='word_1_449' title='bbox 2557 2585 2649 2632; x_wconf 88' lang='lat' dir='ltr'>aut</span> <span class='ocrx_word' id='word_1_450' title='bbox 2708 2576 3004 2647; x_wconf 90' lang='lat' dir='ltr'>fraudator,</span> <span class='ocrx_word' id='word_1_451' title='bbox 3065 2580 3213 2652; x_wconf 91' lang='lat' dir='ltr'>quod</span> <span class='ocrx_word' id='word_1_452' title='bbox 3261 2587 3344 2636; x_wconf 92' lang='lat' dir='ltr'>est</span> <span class='ocrx_word' id='word_1_453' title='bbox 3399 2579 3666 2648; x_wconf 88' lang='lat' dir='ltr'>idolatria,</span> <span class='ocrx_word' id='word_1_454' title='bbox 3724 2597 3840 2638; x_wconf 90' lang='lat' dir='ltr'>non</span> 
     </span>
    </p>
   </div>
   <div class='ocr_carea' id='block_1_60' title="bbox 2234 2664 3836 2742">
    <p class='ocr_par' dir='ltr' id='par_1_60' title="bbox 2234 2664 3836 2742">
     <span class='ocr_line' id='line_1_60' title="bbox 2234 2664 3836 2742; baseline 0.004 -23"><span class='ocrx_word' id='word_1_455' title='bbox 2234 2664 2401 2720; x_wconf 90' lang='lat' dir='ltr'>habet</span> <span class='ocrx_word' id='word_1_456' title='bbox 2427 2665 2798 2722; x_wconf 73' lang='lat' dir='ltr'>haereditatem</span> <span class='ocrx_word' id='word_1_457' title='bbox 2812 2665 2868 2722; x_wconf 93' lang='lat' dir='ltr'>in</span> <span class='ocrx_word' id='word_1_458' title='bbox 2884 2683 3060 2742; x_wconf 84' lang='lat' dir='ltr'>regno</span> <span class='ocrx_word' id='word_1_459' title='bbox 3076 2667 3274 2724; x_wconf 91' lang='lat' dir='ltr'>Christi</span> <span class='ocrx_word' id='word_1_460' title='bbox 3291 2675 3346 2724; x_wconf 91' lang='lat' dir='ltr'>et</span> <span class='ocrx_word' id='word_1_461' title='bbox 3364 2669 3464 2724; x_wconf 90' lang='lat' dir='ltr'>Dei</span> <span class='ocrx_word' id='word_1_462' title='bbox 3487 2687 3501 2736; x_wconf 89' lang='lat'><strong>;</strong></span> <span class='ocrx_word' id='word_1_463' title='bbox 3521 2676 3575 2725; x_wconf 91' lang='lat' dir='ltr'>et</span> <span class='ocrx_word' id='word_1_464' title='bbox 3593 2669 3794 2726; x_wconf 89' lang='lat' dir='ltr'>iterum</span> <span class='ocrx_word' id='word_1_465' title='bbox 3820 2688 3836 2726; x_wconf 91' lang='lat'>:</span> 
     </span>
    </p>
   </div>
   <div class='ocr_carea' id='block_1_61' title="bbox 2235 2755 3838 2832">
    <p class='ocr_par' dir='ltr' id='par_1_61' title="bbox 2235 2755 3838 2832">
     <span class='ocr_line' id='line_1_61' title="bbox 2235 2755 3838 2832; baseline 0.004 -22"><span class='ocrx_word' id='word_1_466' title='bbox 2235 2755 2561 2824; x_wconf 79' lang='lat' dir='ltr'>Mortiﬁcate</span> <span class='ocrx_word' id='word_1_467' title='bbox 2577 2755 2756 2828; x_wconf 90' lang='lat' dir='ltr'>itaque</span> <span class='ocrx_word' id='word_1_468' title='bbox 2781 2757 3029 2814; x_wconf 85' lang='lat' dir='ltr'>membra</span> <span class='ocrx_word' id='word_1_469' title='bbox 3045 2761 3231 2814; x_wconf 84' lang='lat' dir='ltr'>vestra</span> <span class='ocrx_word' id='word_1_470' title='bbox 3247 2775 3368 2832; x_wconf 77' lang='lat' dir='ltr'>qua:</span> <span class='ocrx_word' id='word_1_471' title='bbox 3381 2761 3517 2814; x_wconf 85' lang='lat' dir='ltr'>sunt</span> <span class='ocrx_word' id='word_1_472' title='bbox 3530 2775 3702 2832; x_wconf 85' lang='lat' dir='ltr'>super</span> <span class='ocrx_word' id='word_1_473' title='bbox 3720 2763 3838 2816; x_wconf 86' lang='lat' dir='ltr'>ter-</span> 
     </span>
    </p>
   </div>
   <div class='ocr_carea' id='block_1_62' title="bbox 2235 2848 3838 2918">
    <p class='ocr_par' dir='ltr' id='par_1_62' title="bbox 2235 2848 3838 2918">
     <span class='ocr_line' id='line_1_62' title="bbox 2235 2848 3838 2918; baseline 0.004 -20"><span class='ocrx_word' id='word_1_474' title='bbox 2235 2859 2378 2910; x_wconf 86' lang='lat' dir='ltr'>ram,</span> <span class='ocrx_word' id='word_1_475' title='bbox 2413 2853 2748 2916; x_wconf 88' lang='lat' dir='ltr'>exponentes</span> <span class='ocrx_word' id='word_1_476' title='bbox 2775 2848 3239 2918; x_wconf 82' lang='lat' dir='ltr'>fornicationem,</span> <span class='ocrx_word' id='word_1_477' title='bbox 3287 2848 3742 2915; x_wconf 82' lang='lat' dir='ltr'>immunditiam,</span> <span class='ocrx_word' id='word_1_478' title='bbox 3779 2856 3838 2904; x_wconf 85' lang='lat' dir='ltr'>et</span> 
     </span>
    </p>
   </div>
   <div class='ocr_carea' id='block_1_63' title="bbox 2233 2935 3836 3010">
    <p class='ocr_par' dir='ltr' id='par_1_63' title="bbox 2233 2935 3836 3010">
     <span class='ocr_line' id='line_1_63' title="bbox 2233 2935 3836 3010; baseline 0.003 -22"><span class='ocrx_word' id='word_1_479' title='bbox 2233 2935 2750 3005; x_wconf 80' lang='lat' dir='ltr'>concupiscentiam</span> <span class='ocrx_word' id='word_1_480' title='bbox 2769 2936 3004 3003; x_wconf 87' lang='lat' dir='ltr'>malam,</span> <span class='ocrx_word' id='word_1_481' title='bbox 3023 2939 3082 2992; x_wconf 89' lang='lat' dir='ltr'>et</span> <span class='ocrx_word' id='word_1_482' title='bbox 3097 2937 3403 2993; x_wconf 82' lang='lat' dir='ltr'>avaritiam</span> <span class='ocrx_word' id='word_1_483' title='bbox 3417 2954 3540 3010; x_wconf 72' lang='lat' dir='ltr'>quae</span> <span class='ocrx_word' id='word_1_484' title='bbox 3555 2941 3640 2994; x_wconf 87' lang='lat' dir='ltr'>est</span> <span class='ocrx_word' id='word_1_485' title='bbox 3655 2936 3836 2993; x_wconf 90' lang='lat' dir='ltr'>idolo-</span> 
     </span>
    </p>
   </div>
   <div class='ocr_carea' id='block_1_64' title="bbox 2234 3023 3839 3099">
    <p class='ocr_par' dir='ltr' id='par_1_64' title="bbox 2234 3023 3839 3099">
     <span class='ocr_line' id='line_1_64' title="bbox 2234 3023 3839 3099; baseline 0.005 -24"><span class='ocrx_word' id='word_1_486' title='bbox 2234 3035 2358 3075; x_wconf 90' lang='lat' dir='ltr'>rum</span> <span class='ocrx_word' id='word_1_487' title='bbox 2385 3025 2627 3080; x_wconf 86' lang='lat' dir='ltr'>servitus</span> <span class='ocrx_word' id='word_1_488' title='bbox 2657 3023 2910 3094; x_wconf 83' lang='lat' dir='ltr'>(Colloss.</span> <span class='ocrx_word' id='word_1_489' title='bbox 2943 3025 3046 3097; x_wconf 86' lang='lat' dir='ltr'>Ill).</span> <span class='ocrx_word' id='word_1_490' title='bbox 3082 3024 3280 3094; x_wconf 71' lang='lat' dir='ltr'>Quaero</span> <span class='ocrx_word' id='word_1_491' title='bbox 3328 3041 3465 3099; x_wconf 87' lang='lat' dir='ltr'>ergo</span> <span class='ocrx_word' id='word_1_492' title='bbox 3494 3025 3614 3099; x_wconf 89' lang='lat' dir='ltr'>quis</span> <span class='ocrx_word' id='word_1_493' title='bbox 3641 3035 3839 3099; x_wconf 89' lang='lat' dir='ltr'>peccet</span> 
     </span>
    </p>
   </div>
   <div class='ocr_carea' id='block_1_65' title="bbox 531 3081 3841 3188">
    <p class='ocr_par' dir='ltr' id='par_1_65' title="bbox 531 3081 3841 3188">
     <span class='ocr_line' id='line_1_65' title="bbox 531 3081 3841 3188; baseline 0.005 -17"><span class='ocrx_word' id='word_1_494' title='bbox 531 3132 658 3172; x_wconf 89' lang='lat' dir='ltr'>nam</span> <span class='ocrx_word' id='word_1_495' title='bbox 692 3115 904 3188; x_wconf 89' lang='lat' dir='ltr'>peccati</span> <span class='ocrx_word' id='word_1_496' title='bbox 937 3133 952 3171; x_wconf 90' lang='lat'><strong>:</strong></span> <span class='ocrx_word' id='word_1_497' title='bbox 987 3132 1110 3187; x_wconf 73' lang='lat' dir='ltr'>quae</span> <span class='ocrx_word' id='word_1_498' title='bbox 1145 3115 1307 3171; x_wconf 89' lang='lat' dir='ltr'>etiam</span> <span class='ocrx_word' id='word_1_499' title='bbox 1333 3115 1382 3170; x_wconf 89' lang='lat' dir='ltr'>si</span> <span class='ocrx_word' id='word_1_500' title='bbox 1408 3132 1615 3188; x_wconf 80' lang='lat' dir='ltr'>negare</span> <span class='ocrx_word' id='word_1_501' title='bbox 1661 3117 1797 3173; x_wconf 86' lang='lat' dir='ltr'>velis</span> <span class='ocrx_word' id='word_1_502' title='bbox 1841 3117 2130 3175; x_wconf 90' lang='lat' dir='ltr'>admisisse</span> <span class='ocrx_word' id='word_1_503' title='bbox 2163 3081 2470 3182; x_wconf 64' lang='grc' dir='ltr'>θετθνίιιε,</span> <span class='ocrx_word' id='word_1_504' title='bbox 2501 3111 2593 3184; x_wconf 77' lang='lat' dir='ltr'>qui</span> <span class='ocrx_word' id='word_1_505' title='bbox 2637 3112 2891 3170; x_wconf 73' lang='lat' dir='ltr'>nesciens</span> <span class='ocrx_word' id='word_1_506' title='bbox 2921 3113 2976 3168; x_wconf 75' lang='lat' dir='ltr'>in</span> <span class='ocrx_word' id='word_1_507' title='bbox 3006 3114 3260 3170; x_wconf 62' lang='grc' dir='ltr'>Ῑιαπθείω</span> <span class='ocrx_word' id='word_1_508' title='bbox 3300 3113 3606 3183; x_wconf 62' lang='lat' dir='ltr'>incurrerit,</span> <span class='ocrx_word' id='word_1_509' title='bbox 3640 3132 3709 3170; x_wconf 68' lang='lat'>3&#39;1</span> <span class='ocrx_word' id='word_1_510' title='bbox 3741 3117 3841 3188; x_wconf 74' lang='lat' dir='ltr'>CIlli</span> 
     </span>
    </p>
   </div>
   <div class='ocr_carea' id='block_1_66' title="bbox 529 3203 2130 3280">
    <p class='ocr_par' dir='ltr' id='par_1_66' title="bbox 529 3203 2130 3280">
     <span class='ocr_line' id='line_1_66' title="bbox 529 3203 2130 3280; baseline 0.001 -18"><span class='ocrx_word' id='word_1_511' title='bbox 529 3204 894 3272; x_wconf 88' lang='lat' dir='ltr'>convinceris,</span> <span class='ocrx_word' id='word_1_512' title='bbox 925 3204 1024 3260; x_wconf 91' lang='lat' dir='ltr'>tibi</span> <span class='ocrx_word' id='word_1_513' title='bbox 1065 3203 1174 3260; x_wconf 89' lang='lat' dir='ltr'>alia</span> <span class='ocrx_word' id='word_1_514' title='bbox 1217 3204 1322 3260; x_wconf 85' lang='lat' dir='ltr'>tria</span> <span class='ocrx_word' id='word_1_515' title='bbox 1350 3221 1418 3260; x_wconf 84' lang='lat' dir='ltr'>ex</span> <span class='ocrx_word' id='word_1_516' title='bbox 1446 3205 1627 3262; x_wconf 90' lang='lat' dir='ltr'>verbis</span> <span class='ocrx_word' id='word_1_517' title='bbox 1656 3205 1799 3262; x_wconf 89' lang='lat' dir='ltr'>beati</span> <span class='ocrx_word' id='word_1_518' title='bbox 1839 3207 2130 3280; x_wconf 82' lang='lat' dir='ltr'>Augustini</span> 
     </span>
    </p>
   </div>
   <div class='ocr_carea' id='block_1_67' title="bbox 531 3293 2128 3367">
    <p class='ocr_par' dir='ltr' id='par_1_67' title="bbox 531 3293 2128 3367">
     <span class='ocr_line' id='line_1_67' title="bbox 531 3293 2128 3367; baseline 0.003 -19"><span class='ocrx_word' id='word_1_519' title='bbox 531 3309 854 3366; x_wconf 88' lang='lat' dir='ltr'>proponam,</span> <span class='ocrx_word' id='word_1_520' title='bbox 885 3301 944 3348; x_wconf 89' lang='lat' dir='ltr'>ut</span> <span class='ocrx_word' id='word_1_521' title='bbox 973 3293 1113 3350; x_wconf 88' lang='lat' dir='ltr'>sicut</span> <span class='ocrx_word' id='word_1_522' title='bbox 1142 3295 1407 3366; x_wconf 90' lang='lat' dir='ltr'>scriptum</span> <span class='ocrx_word' id='word_1_523' title='bbox 1423 3301 1525 3362; x_wconf 89' lang='lat' dir='ltr'>est,</span> <span class='ocrx_word' id='word_1_524' title='bbox 1556 3296 1764 3363; x_wconf 83' lang='lat' dir='ltr'>Videas,</span> <span class='ocrx_word' id='word_1_525' title='bbox 1798 3299 1856 3352; x_wconf 90' lang='lat' dir='ltr'>et</span> <span class='ocrx_word' id='word_1_526' title='bbox 1881 3298 2046 3367; x_wconf 84' lang='lat' dir='ltr'>scias,</span> <span class='ocrx_word' id='word_1_527' title='bbox 2072 3301 2128 3353; x_wconf 91' lang='lat' dir='ltr'>et</span> 
     </span>
    </p>
   </div>
   <div class='ocr_carea' id='block_1_68' title="bbox 529 3383 2132 3458">
    <p class='ocr_par' dir='ltr' id='par_1_68' title="bbox 529 3383 2132 3458">
     <span class='ocr_line' id='line_1_68' title="bbox 529 3383 2132 3458; baseline 0.001 -18"><span class='ocrx_word' id='word_1_528' title='bbox 529 3385 819 3456; x_wconf 80' lang='lat' dir='ltr'>recogites,</span> <span class='ocrx_word' id='word_1_529' title='bbox 839 3387 899 3438; x_wconf 84' lang='lat' dir='ltr'>et</span> <span class='ocrx_word' id='word_1_530' title='bbox 915 3383 1207 3456; x_wconf 85' lang='lat' dir='ltr'>intelligas</span> <span class='ocrx_word' id='word_1_531' title='bbox 1217 3384 1441 3456; x_wconf 85' lang='lat' dir='ltr'>pariter</span> <span class='ocrx_word' id='word_1_532' title='bbox 1459 3383 1589 3456; x_wconf 88' lang='lat' dir='ltr'>([sa.</span> <span class='ocrx_word' id='word_1_533' title='bbox 1604 3387 1744 3454; x_wconf 80' lang='lat' dir='ltr'>xu).</span> <span class='ocrx_word' id='word_1_534' title='bbox 1767 3384 2005 3441; x_wconf 90' lang='lat' dir='ltr'>Primum</span> <span class='ocrx_word' id='word_1_535' title='bbox 2016 3386 2132 3458; x_wconf 87' lang='lat' dir='ltr'>qui-</span> 
     </span>
    </p>
   </div>
   <div class='ocr_carea' id='block_1_69' title="bbox 524 3471 2128 3544">
    <p class='ocr_par' dir='ltr' id='par_1_69' title="bbox 524 3471 2128 3544">
     <span class='ocr_line' id='line_1_69' title="bbox 524 3471 2128 3544; baseline 0.002 -16"><span class='ocrx_word' id='word_1_536' title='bbox 524 3472 652 3528; x_wconf 89' lang='lat' dir='ltr'>dem</span> <span class='ocrx_word' id='word_1_537' title='bbox 679 3479 1001 3544; x_wconf 89' lang='lat' dir='ltr'>provectum</span> <span class='ocrx_word' id='word_1_538' title='bbox 1027 3471 1284 3542; x_wconf 68' lang='lat' dir='ltr'>avaritias,</span> <span class='ocrx_word' id='word_1_539' title='bbox 1307 3472 1452 3531; x_wconf 86' lang='lat' dir='ltr'>unde</span> <span class='ocrx_word' id='word_1_540' title='bbox 1469 3473 1781 3544; x_wconf 82' lang='lat' dir='ltr'>Apostolus,</span> <span class='ocrx_word' id='word_1_541' title='bbox 1805 3478 1862 3530; x_wconf 88' lang='lat' dir='ltr'>et</span> <span class='ocrx_word' id='word_1_542' title='bbox 1881 3476 2128 3532; x_wconf 86' lang='lat' dir='ltr'>avaritia</span> 
     </span>
    </p>
   </div>
   <div class='ocr_carea' id='block_1_70' title="bbox 522 3561 2123 3634">
    <p class='ocr_par' dir='ltr' id='par_1_70' title="bbox 522 3561 2123 3634">
     <span class='ocr_line' id='line_1_70' title="bbox 522 3561 2123 3634; baseline 0.002 -18"><span class='ocrx_word' id='word_1_543' title='bbox 522 3575 645 3633; x_wconf 72' lang='lat' dir='ltr'>quae</span> <span class='ocrx_word' id='word_1_544' title='bbox 665 3565 752 3618; x_wconf 86' lang='lat' dir='ltr'>est</span> <span class='ocrx_word' id='word_1_545' title='bbox 771 3561 1056 3619; x_wconf 85' lang='lat' dir='ltr'>idolorum</span> <span class='ocrx_word' id='word_1_546' title='bbox 1072 3563 1318 3618; x_wconf 80' lang='lat' dir='ltr'>servitus</span> <span class='ocrx_word' id='word_1_547' title='bbox 1335 3561 1566 3631; x_wconf 85' lang='lat' dir='ltr'>(Coloss.</span> <span class='ocrx_word' id='word_1_548' title='bbox 1587 3561 1937 3634; x_wconf 85' lang='lat' dir='ltr'>m).Avaritia</span> <span class='ocrx_word' id='word_1_549' title='bbox 1957 3563 2123 3632; x_wconf 90' lang='lat' dir='ltr'>enim,</span> 
     </span>
    </p>
   </div>
   <div class='ocr_carea' id='block_1_71' title="bbox 521 3649 2122 3724">
    <p class='ocr_par' dir='ltr' id='par_1_71' title="bbox 521 3649 2122 3724">
     <span class='ocr_line' id='line_1_71' title="bbox 521 3649 2122 3724; baseline 0.002 -19"><span class='ocrx_word' id='word_1_550' title='bbox 521 3656 582 3705; x_wconf 86' lang='lat' dir='ltr'>ut</span> <span class='ocrx_word' id='word_1_551' title='bbox 601 3649 939 3706; x_wconf 88' lang='lat' dir='ltr'>demonstrat</span> <span class='ocrx_word' id='word_1_552' title='bbox 986 3649 1312 3724; x_wconf 87' lang='lat' dir='ltr'>Gregorius,</span> <span class='ocrx_word' id='word_1_553' title='bbox 1365 3667 1476 3707; x_wconf 89' lang='lat' dir='ltr'>non</span> <span class='ocrx_word' id='word_1_554' title='bbox 1522 3650 1698 3708; x_wconf 89' lang='lat' dir='ltr'>solum</span> <span class='ocrx_word' id='word_1_555' title='bbox 1743 3652 1990 3724; x_wconf 65' lang='lat' dir='ltr'>pecuniae</span> <span class='ocrx_word' id='word_1_556' title='bbox 2019 3661 2122 3721; x_wconf 89' lang='lat' dir='ltr'>est,</span> 
     </span>
    </p>
   </div>
   <div class='ocr_carea' id='block_1_72' title="bbox 525 3737 2122 3812">
    <p class='ocr_par' dir='ltr' id='par_1_72' title="bbox 525 3737 2122 3812">
     <span class='ocr_line' id='line_1_72' title="bbox 525 3737 2122 3812; baseline 0.001 -18"><span class='ocrx_word' id='word_1_557' title='bbox 525 3737 626 3796; x_wconf 89' lang='lat' dir='ltr'>sed</span> <span class='ocrx_word' id='word_1_558' title='bbox 655 3739 820 3794; x_wconf 87' lang='lat' dir='ltr'>etiam</span> <span class='ocrx_word' id='word_1_559' title='bbox 861 3739 1182 3796; x_wconf 85' lang='lat' dir='ltr'>altitudinis.</span> <span class='ocrx_word' id='word_1_560' title='bbox 1215 3739 1384 3797; x_wconf 84' lang='lat' dir='ltr'>Recte</span> <span class='ocrx_word' id='word_1_561' title='bbox 1413 3739 1613 3812; x_wconf 87' lang='lat' dir='ltr'>quippe</span> <span class='ocrx_word' id='word_1_562' title='bbox 1651 3741 1875 3798; x_wconf 88' lang='lat' dir='ltr'>avaritia</span> <span class='ocrx_word' id='word_1_563' title='bbox 1904 3741 2122 3810; x_wconf 90' lang='lat' dir='ltr'>dicitur,</span> 
     </span>
    </p>
   </div>
   <div class='ocr_carea' id='block_1_73' title="bbox 524 3827 2124 3899">
    <p class='ocr_par' dir='ltr' id='par_1_73' title="bbox 524 3827 2124 3899">
     <span class='ocr_line' id='line_1_73' title="bbox 524 3827 2124 3899; baseline 0.001 -15"><span class='ocrx_word' id='word_1_564' title='bbox 524 3841 652 3884; x_wconf 90' lang='lat' dir='ltr'>cum</span> <span class='ocrx_word' id='word_1_565' title='bbox 681 3843 848 3898; x_wconf 88' lang='lat' dir='ltr'>super</span> <span class='ocrx_word' id='word_1_566' title='bbox 891 3827 1112 3884; x_wconf 90' lang='lat' dir='ltr'>modum</span> <span class='ocrx_word' id='word_1_567' title='bbox 1157 3828 1463 3884; x_wconf 89' lang='lat' dir='ltr'>sublimitas</span> <span class='ocrx_word' id='word_1_568' title='bbox 1508 3829 1762 3886; x_wconf 88' lang='lat' dir='ltr'>ambitur.</span> <span class='ocrx_word' id='word_1_569' title='bbox 1795 3831 1954 3899; x_wconf 81' lang='lat' dir='ltr'>Quod</span> <span class='ocrx_word' id='word_1_570' title='bbox 1981 3829 2124 3888; x_wconf 85' lang='lat' dir='ltr'>inci-</span> 
     </span>
    </p>
   </div>
   <div class='ocr_carea' id='block_1_74' title="bbox 521 3915 2118 3990">
    <p class='ocr_par' dir='ltr' id='par_1_74' title="bbox 521 3915 2118 3990">
     <span class='ocr_line' id='line_1_74' title="bbox 521 3915 2118 3990; baseline 0.002 -18"><span class='ocrx_word' id='word_1_571' title='bbox 521 3915 670 3972; x_wconf 89' lang='lat' dir='ltr'>disse</span> <span class='ocrx_word' id='word_1_572' title='bbox 700 3916 920 3986; x_wconf 88' lang='lat' dir='ltr'>videris,</span> <span class='ocrx_word' id='word_1_573' title='bbox 946 3917 1039 3990; x_wconf 88' lang='lat' dir='ltr'>qui</span> <span class='ocrx_word' id='word_1_574' title='bbox 1069 3925 1260 3974; x_wconf 90' lang='lat' dir='ltr'>contra</span> <span class='ocrx_word' id='word_1_575' title='bbox 1287 3918 1566 3974; x_wconf 88' lang='lat' dir='ltr'>decretum</span> <span class='ocrx_word' id='word_1_576' title='bbox 1586 3935 1616 3973; x_wconf 88' lang='lat' dir='ltr'>a</span> <span class='ocrx_word' id='word_1_577' title='bbox 1646 3920 1763 3975; x_wconf 91' lang='lat' dir='ltr'>Deo</span> <span class='ocrx_word' id='word_1_578' title='bbox 1791 3919 2118 3990; x_wconf 89' lang='lat' dir='ltr'>ordinatum,</span> 
     </span>
    </p>
   </div>
   <div class='ocr_carea' id='block_1_75' title="bbox 515 4005 2121 4081">
    <p class='ocr_par' dir='ltr' id='par_1_75' title="bbox 515 4005 2121 4081">
     <span class='ocr_line' id='line_1_75' title="bbox 515 4005 2121 4081; baseline 0.003 -21"><span class='ocrx_word' id='word_1_579' title='bbox 515 4019 587 4062; x_wconf 91' lang='lat' dir='ltr'>ne</span> <span class='ocrx_word' id='word_1_580' title='bbox 617 4005 868 4062; x_wconf 90' lang='lat' dir='ltr'>subditus</span> <span class='ocrx_word' id='word_1_581' title='bbox 886 4006 1182 4062; x_wconf 85' lang='lat' dir='ltr'>secundum</span> <span class='ocrx_word' id='word_1_582' title='bbox 1205 4006 1430 4081; x_wconf 87' lang='lat' dir='ltr'>regulas</span> <span class='ocrx_word' id='word_1_583' title='bbox 1450 4015 1542 4064; x_wconf 91' lang='lat' dir='ltr'>tuo</span> <span class='ocrx_word' id='word_1_584' title='bbox 1559 4007 1977 4080; x_wconf 89' lang='lat' dir='ltr'>metropolitano</span> <span class='ocrx_word' id='word_1_585' title='bbox 1998 4009 2121 4077; x_wconf 86' lang='lat' dir='ltr'>ﬁas,</span> 
     </span>
    </p>
   </div>
   <div class='ocr_carea' id='block_1_76' title="bbox 513 4095 2122 4170">
    <p class='ocr_par' dir='ltr' id='par_1_76' title="bbox 513 4095 2122 4170">
     <span class='ocr_line' id='line_1_76' title="bbox 513 4095 2122 4170; baseline 0.003 -20"><span class='ocrx_word' id='word_1_586' title='bbox 513 4101 573 4150; x_wconf 87' lang='lat' dir='ltr'>ut</span> <span class='ocrx_word' id='word_1_587' title='bbox 603 4109 768 4166; x_wconf 87' lang='lat' dir='ltr'>supra</span> <span class='ocrx_word' id='word_1_588' title='bbox 793 4095 1030 4164; x_wconf 89' lang='lat' dir='ltr'>ostendi,</span> <span class='ocrx_word' id='word_1_589' title='bbox 1061 4095 1330 4152; x_wconf 90' lang='lat' dir='ltr'>rebellare</span> <span class='ocrx_word' id='word_1_590' title='bbox 1359 4097 1591 4154; x_wconf 90' lang='lat' dir='ltr'>conaris.</span> <span class='ocrx_word' id='word_1_591' title='bbox 1621 4098 1682 4152; x_wconf 93' lang='lat' dir='ltr'>In</span> <span class='ocrx_word' id='word_1_592' title='bbox 1713 4111 1820 4170; x_wconf 90' lang='lat' dir='ltr'>quo</span> <span class='ocrx_word' id='word_1_593' title='bbox 1851 4097 1897 4154; x_wconf 92' lang='lat' dir='ltr'>si</span> <span class='ocrx_word' id='word_1_594' title='bbox 1926 4114 2122 4170; x_wconf 87' lang='lat' dir='ltr'>perse-</span> 
     </span>
    </p>
   </div>
   <div class='ocr_carea' id='block_1_77' title="bbox 516 4183 2121 4260">
    <p class='ocr_par' dir='ltr' id='par_1_77' title="bbox 516 4183 2121 4260">
     <span class='ocr_line' id='line_1_77' title="bbox 516 4183 2121 4260; baseline 0.002 -20"><span class='ocrx_word' id='word_1_595' title='bbox 516 4200 711 4241; x_wconf 89' lang='lat' dir='ltr'>verare</span> <span class='ocrx_word' id='word_1_596' title='bbox 756 4183 1050 4260; x_wconf 83' lang='lat' dir='ltr'>delegeris,</span> <span class='ocrx_word' id='word_1_597' title='bbox 1101 4193 1361 4259; x_wconf 90' lang='lat' dir='ltr'>quantum</span> <span class='ocrx_word' id='word_1_598' title='bbox 1407 4187 1712 4260; x_wconf 90' lang='lat' dir='ltr'>delinquas,</span> <span class='ocrx_word' id='word_1_599' title='bbox 1771 4203 1897 4243; x_wconf 91' lang='lat' dir='ltr'>cum</span> <span class='ocrx_word' id='word_1_600' title='bbox 1958 4188 2121 4244; x_wconf 88' lang='lat' dir='ltr'>tantis</span> 
     </span>
    </p>
   </div>
   <div class='ocr_carea' id='block_1_78' title="bbox 516 4273 2118 4352">
    <p class='ocr_par' dir='ltr' id='par_1_78' title="bbox 516 4273 2118 4352">
     <span class='ocr_line' id='line_1_78' title="bbox 516 4273 2118 4352; baseline 0.002 -24"><span class='ocrx_word' id='word_1_601' title='bbox 516 4273 924 4331; x_wconf 89' lang='lat' dir='ltr'>auctoritatibus</span> <span class='ocrx_word' id='word_1_602' title='bbox 969 4275 1286 4343; x_wconf 76' lang='lat' dir='ltr'>revinceris,</span> <span class='ocrx_word' id='word_1_603' title='bbox 1338 4291 1405 4332; x_wconf 88' lang='lat' dir='ltr'>ex</span> <span class='ocrx_word' id='word_1_604' title='bbox 1452 4276 1698 4346; x_wconf 89' lang='lat' dir='ltr'>ejusdem</span> <span class='ocrx_word' id='word_1_605' title='bbox 1739 4275 1887 4332; x_wconf 90' lang='lat' dir='ltr'>beati</span> <span class='ocrx_word' id='word_1_606' title='bbox 1924 4278 2118 4352; x_wconf 83' lang='lat' dir='ltr'>Augu-</span> 
     </span>
    </p>
   </div>
   <div class='ocr_carea' id='block_1_79' title="bbox 519 4363 2117 4438">
    <p class='ocr_par' dir='ltr' id='par_1_79' title="bbox 519 4363 2117 4438">
     <span class='ocr_line' id='line_1_79' title="bbox 519 4363 2117 4438; baseline 0.003 -20"><span class='ocrx_word' id='word_1_607' title='bbox 519 4363 648 4418; x_wconf 88' lang='lat' dir='ltr'>stini</span> <span class='ocrx_word' id='word_1_608' title='bbox 675 4363 878 4430; x_wconf 89' lang='lat' dir='ltr'>verbis,</span> <span class='ocrx_word' id='word_1_609' title='bbox 912 4379 1034 4434; x_wconf 84' lang='lat' dir='ltr'>quae</span> <span class='ocrx_word' id='word_1_610' title='bbox 1064 4364 1133 4420; x_wconf 89' lang='lat' dir='ltr'>de</span> <span class='ocrx_word' id='word_1_611' title='bbox 1160 4364 1336 4420; x_wconf 90' lang='lat' dir='ltr'>sancti</span> <span class='ocrx_word' id='word_1_612' title='bbox 1383 4365 1642 4436; x_wconf 84' lang='lat' dir='ltr'>Cypriani</span> <span class='ocrx_word' id='word_1_613' title='bbox 1668 4365 1826 4421; x_wconf 92' lang='lat' dir='ltr'>dictis</span> <span class='ocrx_word' id='word_1_614' title='bbox 1855 4367 2117 4438; x_wconf 89' lang='lat' dir='ltr'>deprom-</span> 
     </span>
    </p>
   </div>
   <div class='ocr_carea' id='block_1_80' title="bbox 2227 3197 3838 3270">
    <p class='ocr_par' dir='ltr' id='par_1_80' title="bbox 2227 3197 3838 3270">
     <span class='ocr_line' id='line_1_80' title="bbox 2227 3197 3838 3270; baseline 0.006 -17"><span class='ocrx_word' id='word_1_615' title='bbox 2227 3197 2407 3254; x_wconf 89' lang='lat' dir='ltr'>sciens</span> <span class='ocrx_word' id='word_1_616' title='bbox 2436 3200 2506 3255; x_wconf 91' lang='lat' dir='ltr'>ab</span> <span class='ocrx_word' id='word_1_617' title='bbox 2534 3200 2780 3270; x_wconf 88' lang='lat' dir='ltr'>avaritia,</span> <span class='ocrx_word' id='word_1_618' title='bbox 2812 3202 2869 3258; x_wconf 92' lang='lat' dir='ltr'>id</span> <span class='ocrx_word' id='word_1_619' title='bbox 2896 3211 2980 3258; x_wconf 90' lang='lat' dir='ltr'>est</span> <span class='ocrx_word' id='word_1_620' title='bbox 3006 3203 3076 3259; x_wconf 89' lang='lat' dir='ltr'>ab</span> <span class='ocrx_word' id='word_1_621' title='bbox 3105 3203 3410 3260; x_wconf 89' lang='lat' dir='ltr'>idololatria</span> <span class='ocrx_word' id='word_1_622' title='bbox 3439 3220 3550 3260; x_wconf 91' lang='lat' dir='ltr'>non</span> <span class='ocrx_word' id='word_1_623' title='bbox 3578 3220 3838 3262; x_wconf 83' lang='lat' dir='ltr'>recesse-</span> 
     </span>
    </p>
   </div>
   <div class='ocr_carea' id='block_1_81' title="bbox 2225 3287 3838 3368">
    <p class='ocr_par' dir='ltr' id='par_1_81' title="bbox 2225 3287 3838 3368">
     <span class='ocr_line' id='line_1_81' title="bbox 2225 3287 3838 3368; baseline 0.006 -25"><span class='ocrx_word' id='word_1_624' title='bbox 2225 3287 2341 3344; x_wconf 82' lang='lat' dir='ltr'>rit?</span> <span class='ocrx_word' id='word_1_625' title='bbox 2373 3289 2684 3346; x_wconf 90' lang='lat' dir='ltr'>Secundum</span> <span class='ocrx_word' id='word_1_626' title='bbox 2732 3291 2953 3364; x_wconf 91' lang='lat' dir='ltr'>quidem</span> <span class='ocrx_word' id='word_1_627' title='bbox 2993 3292 3144 3348; x_wconf 89' lang='lat' dir='ltr'>illam</span> <span class='ocrx_word' id='word_1_628' title='bbox 3172 3293 3444 3368; x_wconf 86' lang='lat' dir='ltr'>regulam,</span> <span class='ocrx_word' id='word_1_629' title='bbox 3473 3310 3579 3367; x_wconf 88' lang='lat' dir='ltr'>qua</span> <span class='ocrx_word' id='word_1_630' title='bbox 3607 3303 3838 3366; x_wconf 81' lang='lat' dir='ltr'>peccata</span> 
     </span>
    </p>
   </div>
   <div class='ocr_carea' id='block_1_82' title="bbox 2226 3377 3836 3456">
    <p class='ocr_par' dir='ltr' id='par_1_82' title="bbox 2226 3377 3836 3456">
     <span class='ocr_line' id='line_1_82' title="bbox 2226 3377 3836 3456; baseline 0.004 -23"><span class='ocrx_word' id='word_1_631' title='bbox 2226 3377 2514 3434; x_wconf 90' lang='lat' dir='ltr'>scientium</span> <span class='ocrx_word' id='word_1_632' title='bbox 2559 3381 2801 3452; x_wconf 90' lang='lat' dir='ltr'>peccatis</span> <span class='ocrx_word' id='word_1_633' title='bbox 2839 3381 3165 3456; x_wconf 76' lang='lat' dir='ltr'>ignorantiae</span> <span class='ocrx_word' id='word_1_634' title='bbox 3192 3391 3604 3456; x_wconf 70' lang='lat' dir='ltr'>praeponuntur,</span> <span class='ocrx_word' id='word_1_635' title='bbox 3635 3401 3836 3442; x_wconf 89' lang='lat' dir='ltr'>avarus</span> 
     </span>
    </p>
   </div>
   <div class='ocr_carea' id='block_1_83' title="bbox 2225 3467 3831 3531">
    <p class='ocr_par' dir='ltr' id='par_1_83' title="bbox 2225 3467 3831 3531">
     <span class='ocr_line' id='line_1_83' title="bbox 2225 3467 3831 3531; baseline 0.006 -9"><span class='ocrx_word' id='word_1_636' title='bbox 2225 3481 2350 3522; x_wconf 90' lang='lat' dir='ltr'>cum</span> <span class='ocrx_word' id='word_1_637' title='bbox 2378 3467 2603 3524; x_wconf 88' lang='lat' dir='ltr'>scientia</span> <span class='ocrx_word' id='word_1_638' title='bbox 2633 3469 2799 3527; x_wconf 91' lang='lat' dir='ltr'>vincit</span> <span class='ocrx_word' id='word_1_639' title='bbox 2817 3469 2874 3525; x_wconf 90' lang='lat' dir='ltr'>in</span> <span class='ocrx_word' id='word_1_640' title='bbox 2895 3471 3105 3528; x_wconf 86' lang='lat' dir='ltr'>scelere</span> <span class='ocrx_word' id='word_1_641' title='bbox 3125 3471 3441 3529; x_wconf 73' lang='lat' dir='ltr'>htereticum</span> <span class='ocrx_word' id='word_1_642' title='bbox 3469 3473 3831 3531; x_wconf 90' lang='lat' dir='ltr'>nescientem.</span> 
     </span>
    </p>
   </div>
   <div class='ocr_carea' id='block_1_84' title="bbox 2225 3554 3832 3635">
    <p class='ocr_par' dir='ltr' id='par_1_84' title="bbox 2225 3554 3832 3635">
     <span class='ocr_line' id='line_1_84' title="bbox 2225 3554 3832 3635; baseline 0.006 -24"><span class='ocrx_word' id='word_1_643' title='bbox 2225 3554 2336 3614; x_wconf 88' lang='lat' dir='ltr'>Sed</span> <span class='ocrx_word' id='word_1_644' title='bbox 2365 3573 2434 3613; x_wconf 90' lang='lat' dir='ltr'>ne</span> <span class='ocrx_word' id='word_1_645' title='bbox 2463 3556 2599 3614; x_wconf 85' lang='lat' dir='ltr'>forte</span> <span class='ocrx_word' id='word_1_646' title='bbox 2647 3558 2751 3616; x_wconf 87' lang='lat' dir='ltr'>hoc</span> <span class='ocrx_word' id='word_1_647' title='bbox 2779 3557 2890 3632; x_wconf 85' lang='lat' dir='ltr'>ﬁat,</span> <span class='ocrx_word' id='word_1_648' title='bbox 2919 3559 3046 3618; x_wconf 87' lang='lat' dir='ltr'>facit</span> <span class='ocrx_word' id='word_1_649' title='bbox 3073 3560 3131 3616; x_wconf 90' lang='lat' dir='ltr'>in</span> <span class='ocrx_word' id='word_1_650' title='bbox 3156 3561 3355 3618; x_wconf 69' lang='lat' dir='ltr'>haeresi</span> <span class='ocrx_word' id='word_1_651' title='bbox 3395 3563 3622 3619; x_wconf 91' lang='lat' dir='ltr'>sceleris</span> <span class='ocrx_word' id='word_1_652' title='bbox 3653 3563 3832 3635; x_wconf 90' lang='lat' dir='ltr'>ipsius</span> 
     </span>
    </p>
   </div>
   <div class='ocr_carea' id='block_1_85' title="bbox 2224 3645 3830 3722">
    <p class='ocr_par' dir='ltr' id='par_1_85' title="bbox 2224 3645 3830 3722">
     <span class='ocr_line' id='line_1_85' title="bbox 2224 3645 3830 3722; baseline 0.007 -23"><span class='ocrx_word' id='word_1_653' title='bbox 2224 3645 2564 3718; x_wconf 84' lang='lat' dir='ltr'>magnitudo,</span> <span class='ocrx_word' id='word_1_654' title='bbox 2596 3648 2744 3720; x_wconf 91' lang='lat' dir='ltr'>quod</span> <span class='ocrx_word' id='word_1_655' title='bbox 2772 3647 2902 3706; x_wconf 90' lang='lat' dir='ltr'>facit</span> <span class='ocrx_word' id='word_1_656' title='bbox 2931 3649 2987 3705; x_wconf 92' lang='lat' dir='ltr'>in</span> <span class='ocrx_word' id='word_1_657' title='bbox 3018 3650 3242 3706; x_wconf 88' lang='lat' dir='ltr'>avaritia</span> <span class='ocrx_word' id='word_1_658' title='bbox 3273 3651 3495 3708; x_wconf 91' lang='lat' dir='ltr'>scientis</span> <span class='ocrx_word' id='word_1_659' title='bbox 3540 3652 3830 3722; x_wconf 87' lang='lat' dir='ltr'>admissio,</span> 
     </span>
    </p>
   </div>
   <div class='ocr_carea' id='block_1_86' title="bbox 2223 3734 3828 3815">
    <p class='ocr_par' dir='ltr' id='par_1_86' title="bbox 2223 3734 3828 3815">
     <span class='ocr_line' id='line_1_86' title="bbox 2223 3734 3828 3815; baseline 0.007 -27"><span class='ocrx_word' id='word_1_660' title='bbox 2223 3741 2284 3788; x_wconf 90' lang='lat' dir='ltr'>ut</span> <span class='ocrx_word' id='word_1_661' title='bbox 2327 3734 2616 3792; x_wconf 68' lang='lat' dir='ltr'>haereticus</span> <span class='ocrx_word' id='word_1_662' title='bbox 2661 3737 2914 3794; x_wconf 89' lang='lat' dir='ltr'>nesciens</span> <span class='ocrx_word' id='word_1_663' title='bbox 2960 3754 3126 3796; x_wconf 88' lang='lat' dir='ltr'>avaro</span> <span class='ocrx_word' id='word_1_664' title='bbox 3171 3741 3364 3797; x_wconf 89' lang='lat' dir='ltr'>scienti</span> <span class='ocrx_word' id='word_1_665' title='bbox 3424 3751 3765 3815; x_wconf 60' lang='lat' dir='ltr'>coasquetur.</span> <span class='ocrx_word' id='word_1_666' title='bbox 3803 3764 3828 3793; x_wconf 80' lang='grc' dir='ltr'><strong><em>ι</em></strong></span> 
     </span>
    </p>
   </div>
   <div class='ocr_carea' id='block_1_87' title="bbox 2221 3822 3834 3904">
    <p class='ocr_par' dir='ltr' id='par_1_87' title="bbox 2221 3822 3834 3904">
     <span class='ocr_line' id='line_1_87' title="bbox 2221 3822 3834 3904; baseline 0.007 -26"><span class='ocrx_word' id='word_1_667' title='bbox 2221 3822 2578 3881; x_wconf 88' lang='lat' dir='ltr'>Exustionem</span> <span class='ocrx_word' id='word_1_668' title='bbox 2625 3841 2842 3900; x_wconf 90' lang='lat' dir='ltr'>quoque</span> <span class='ocrx_word' id='word_1_669' title='bbox 2890 3827 3199 3885; x_wconf 87' lang='lat' dir='ltr'>divinorum</span> <span class='ocrx_word' id='word_1_670' title='bbox 3253 3829 3616 3904; x_wconf 88' lang='lat' dir='ltr'>eloquiorum,</span> <span class='ocrx_word' id='word_1_671' title='bbox 3664 3848 3834 3904; x_wconf 88' lang='lat' dir='ltr'>quam</span> 
     </span>
    </p>
   </div>
   <div class='ocr_carea' id='block_1_88' title="bbox 2221 3913 3834 3992">
    <p class='ocr_par' dir='ltr' id='par_1_88' title="bbox 2221 3913 3834 3992">
     <span class='ocr_line' id='line_1_88' title="bbox 2221 3913 3834 3992; baseline 0.007 -24"><span class='ocrx_word' id='word_1_672' title='bbox 2221 3913 2354 3968; x_wconf 88' lang='lat' dir='ltr'>mihi</span> <span class='ocrx_word' id='word_1_673' title='bbox 2370 3915 2722 3986; x_wconf 89' lang='lat' dir='ltr'>persuadere,</span> <span class='ocrx_word' id='word_1_674' title='bbox 2745 3917 2792 3972; x_wconf 92' lang='lat' dir='ltr'>si</span> <span class='ocrx_word' id='word_1_675' title='bbox 2807 3931 3022 3989; x_wconf 91' lang='lat' dir='ltr'>posses,</span> <span class='ocrx_word' id='word_1_676' title='bbox 3043 3919 3270 3976; x_wconf 89' lang='lat' dir='ltr'>obtentu</span> <span class='ocrx_word' id='word_1_677' title='bbox 3287 3920 3432 3992; x_wconf 89' lang='lat' dir='ltr'>apud</span> <span class='ocrx_word' id='word_1_678' title='bbox 3448 3928 3502 3976; x_wconf 89' lang='lat' dir='ltr'>te</span> <span class='ocrx_word' id='word_1_679' title='bbox 3519 3921 3834 3980; x_wconf 72' lang='lat' dir='ltr'>obtinenda:</span> 
     </span>
    </p>
   </div>
   <div class='ocr_carea' id='block_1_89' title="bbox 2221 4002 3832 4081">
    <p class='ocr_par' dir='ltr' id='par_1_89' title="bbox 2221 4002 3832 4081">
     <span class='ocr_line' id='line_1_89' title="bbox 2221 4002 3832 4081; baseline 0.007 -24"><span class='ocrx_word' id='word_1_680' title='bbox 2221 4002 2372 4073; x_wconf 88' lang='lat' dir='ltr'>pacis</span> <span class='ocrx_word' id='word_1_681' title='bbox 2413 4013 2637 4060; x_wconf 91' lang='lat' dir='ltr'>conatus</span> <span class='ocrx_word' id='word_1_682' title='bbox 2683 4005 2850 4073; x_wconf 87' lang='lat' dir='ltr'>fuisti,</span> <span class='ocrx_word' id='word_1_683' title='bbox 2917 4007 3054 4064; x_wconf 92' lang='lat' dir='ltr'>sicut</span> <span class='ocrx_word' id='word_1_684' title='bbox 3107 4008 3339 4066; x_wconf 91' lang='lat' dir='ltr'>clericos</span> <span class='ocrx_word' id='word_1_685' title='bbox 3385 4010 3665 4081; x_wconf 62' lang='lat' dir='ltr'>parochia</span> <span class='ocrx_word' id='word_1_686' title='bbox 3721 4020 3832 4068; x_wconf 76' lang='lat' dir='ltr'>tuae</span> 
     </span>
    </p>
   </div>
   <div class='ocr_carea' id='block_1_90' title="bbox 2222 4091 3830 4172">
    <p class='ocr_par' dir='ltr' id='par_1_90' title="bbox 2222 4091 3830 4172">
     <span class='ocr_line' id='line_1_90' title="bbox 2222 4091 3830 4172; baseline 0.007 -26"><span class='ocrx_word' id='word_1_687' title='bbox 2222 4091 2418 4146; x_wconf 91' lang='lat' dir='ltr'>eodem</span> <span class='ocrx_word' id='word_1_688' title='bbox 2465 4093 2686 4150; x_wconf 90' lang='lat' dir='ltr'>obtentu</span> <span class='ocrx_word' id='word_1_689' title='bbox 2715 4111 2817 4166; x_wconf 93' lang='lat' dir='ltr'>per</span> <span class='ocrx_word' id='word_1_690' title='bbox 2845 4095 3212 4168; x_wconf 84' lang='lat' dir='ltr'>irregularem</span> <span class='ocrx_word' id='word_1_691' title='bbox 3251 4099 3708 4172; x_wconf 87' lang='lat' dir='ltr'>subscriptionem</span> <span class='ocrx_word' id='word_1_692' title='bbox 3740 4109 3830 4158; x_wconf 89' lang='lat' dir='ltr'>te-</span> 
     </span>
    </p>
   </div>
   <div class='ocr_carea' id='block_1_91' title="bbox 2220 4182 3826 4260">
    <p class='ocr_par' dir='ltr' id='par_1_91' title="bbox 2220 4182 3826 4260">
     <span class='ocr_line' id='line_1_91' title="bbox 2220 4182 3826 4260; baseline 0.006 -23"><span class='ocrx_word' id='word_1_693' title='bbox 2220 4195 2344 4237; x_wconf 90' lang='lat' dir='ltr'>cum</span> <span class='ocrx_word' id='word_1_694' title='bbox 2391 4182 2751 4240; x_wconf 87' lang='lat' dir='ltr'>connexuisti.</span> <span class='ocrx_word' id='word_1_695' title='bbox 2799 4184 3058 4258; x_wconf 85' lang='lat' dir='ltr'>Legimus</span> <span class='ocrx_word' id='word_1_696' title='bbox 3103 4187 3304 4260; x_wconf 87' lang='lat' dir='ltr'>quippe</span> <span class='ocrx_word' id='word_1_697' title='bbox 3353 4202 3476 4244; x_wconf 90' lang='lat' dir='ltr'>esse</span> <span class='ocrx_word' id='word_1_698' title='bbox 3525 4204 3588 4246; x_wconf 90' lang='lat' dir='ltr'>os</span> <span class='ocrx_word' id='word_1_699' title='bbox 3618 4191 3826 4258; x_wconf 85' lang='lat' dir='ltr'>cordis,</span> 
     </span>
    </p>
   </div>
   <div class='ocr_carea' id='block_1_92' title="bbox 2221 4268 3829 4352">
    <p class='ocr_par' dir='ltr' id='par_1_92' title="bbox 2221 4268 3829 4352">
     <span class='ocr_line' id='line_1_92' title="bbox 2221 4268 3829 4352; baseline 0.007 -28"><span class='ocrx_word' id='word_1_700' title='bbox 2221 4268 2362 4327; x_wconf 89' lang='lat' dir='ltr'>sicut</span> <span class='ocrx_word' id='word_1_701' title='bbox 2394 4278 2449 4327; x_wconf 90' lang='lat' dir='ltr'>et</span> <span class='ocrx_word' id='word_1_702' title='bbox 2477 4287 2540 4328; x_wconf 94' lang='lat' dir='ltr'>os</span> <span class='ocrx_word' id='word_1_703' title='bbox 2571 4272 2840 4345; x_wconf 87' lang='lat' dir='ltr'>corporis.</span> <span class='ocrx_word' id='word_1_704' title='bbox 2892 4276 2972 4330; x_wconf 91' lang='lat' dir='ltr'>De</span> <span class='ocrx_word' id='word_1_705' title='bbox 3016 4290 3108 4331; x_wconf 90' lang='lat' dir='ltr'>ore</span> <span class='ocrx_word' id='word_1_706' title='bbox 3137 4275 3284 4332; x_wconf 91' lang='lat' dir='ltr'>enim</span> <span class='ocrx_word' id='word_1_707' title='bbox 3329 4277 3515 4334; x_wconf 89' lang='lat' dir='ltr'>cordis</span> <span class='ocrx_word' id='word_1_708' title='bbox 3559 4279 3829 4352; x_wconf 90' lang='lat' dir='ltr'>scriptum</span> 
     </span>
    </p>
   </div>
   <div class='ocr_carea' id='block_1_93' title="bbox 2221 4361 3825 4440">
    <p class='ocr_par' dir='ltr' id='par_1_93' title="bbox 2221 4361 3825 4440">
     <span class='ocr_line' id='line_1_93' title="bbox 2221 4361 3825 4440; baseline 0.007 -26"><span class='ocrx_word' id='word_1_709' title='bbox 2221 4366 2306 4414; x_wconf 90' lang='lat' dir='ltr'>est</span> <span class='ocrx_word' id='word_1_710' title='bbox 2327 4377 2340 4414; x_wconf 93' lang='lat'>:</span> <span class='ocrx_word' id='word_1_711' title='bbox 2361 4361 2534 4417; x_wconf 84' lang='lat' dir='ltr'>Labia</span> <span class='ocrx_word' id='word_1_712' title='bbox 2553 4361 2742 4419; x_wconf 88' lang='lat' dir='ltr'>dolosa</span> <span class='ocrx_word' id='word_1_713' title='bbox 2758 4364 2821 4418; x_wconf 89' lang='lat' dir='ltr'>in</span> <span class='ocrx_word' id='word_1_714' title='bbox 2842 4364 3025 4431; x_wconf 84' lang='lat' dir='ltr'>corde,</span> <span class='ocrx_word' id='word_1_715' title='bbox 3047 4369 3108 4421; x_wconf 92' lang='lat' dir='ltr'>et</span> <span class='ocrx_word' id='word_1_716' title='bbox 3124 4365 3286 4422; x_wconf 88' lang='lat' dir='ltr'>corde</span> <span class='ocrx_word' id='word_1_717' title='bbox 3307 4367 3482 4424; x_wconf 87' lang='lat' dir='ltr'>locuti</span> <span class='ocrx_word' id='word_1_718' title='bbox 3495 4373 3636 4426; x_wconf 83' lang='lat' dir='ltr'>sunt</span> <span class='ocrx_word' id='word_1_719' title='bbox 3649 4369 3825 4440; x_wconf 86' lang='lat' dir='ltr'>(Psal.</span> 
     </span>
    </p>
   </div>
   <div class='ocr_carea' id='block_1_94' title="bbox 515 4447 3830 4524">
    <p class='ocr_par' dir='ltr' id='par_1_94' title="bbox 515 4447 3830 4524">
     <span class='ocr_line' id='line_1_94' title="bbox 515 4447 3830 4524; baseline 0.002 -16"><span class='ocrx_word' id='word_1_720' title='bbox 515 4451 644 4524; x_wconf 89' lang='lat' dir='ltr'>psit,</span> <span class='ocrx_word' id='word_1_721' title='bbox 676 4451 775 4507; x_wconf 90' lang='lat' dir='ltr'>tibi</span> <span class='ocrx_word' id='word_1_722' title='bbox 803 4453 1098 4508; x_wconf 91' lang='lat' dir='ltr'>ostendere</span> <span class='ocrx_word' id='word_1_723' title='bbox 1125 4453 1502 4509; x_wconf 89' lang='lat' dir='ltr'>necessarium</span> <span class='ocrx_word' id='word_1_724' title='bbox 1531 4453 1679 4509; x_wconf 86' lang='lat' dir='ltr'>duxi.</span> <span class='ocrx_word' id='word_1_725' title='bbox 1703 4454 1792 4508; x_wconf 85' lang='lat' dir='ltr'>Ait</span> <span class='ocrx_word' id='word_1_726' title='bbox 1821 4455 1967 4510; x_wconf 91' lang='lat' dir='ltr'>enim</span> <span class='ocrx_word' id='word_1_727' title='bbox 1997 4471 2118 4512; x_wconf 88' lang='lat' dir='ltr'>san-</span> <span class='ocrx_word' id='word_1_728' title='bbox 2147 4449 2202 4510; x_wconf 93' lang='lat' dir='ltr'><strong>D</strong></span> <span class='ocrx_word' id='word_1_729' title='bbox 2221 4447 2306 4520; x_wconf 79' lang='lat' dir='ltr'>XI)</span> <span class='ocrx_word' id='word_1_730' title='bbox 2330 4465 2344 4516; x_wconf 85' lang='lat'><strong>;</strong></span> <span class='ocrx_word' id='word_1_731' title='bbox 2377 4457 2432 4505; x_wconf 75' lang='lat' dir='ltr'>et</span> <span class='ocrx_word' id='word_1_732' title='bbox 2454 4449 2603 4520; x_wconf 79' lang='lat' dir='ltr'>juxta</span> <span class='ocrx_word' id='word_1_733' title='bbox 2645 4451 3020 4524; x_wconf 80' lang='lat' dir='ltr'>evangelicam</span> <span class='ocrx_word' id='word_1_734' title='bbox 3065 4453 3344 4511; x_wconf 83' lang='lat' dir='ltr'>veritatem</span> <span class='ocrx_word' id='word_1_735' title='bbox 3379 4473 3393 4510; x_wconf 90' lang='lat'><strong>:</strong></span> <span class='ocrx_word' id='word_1_736' title='bbox 3425 4458 3502 4512; x_wconf 89' lang='lat' dir='ltr'>De</span> <span class='ocrx_word' id='word_1_737' title='bbox 3529 4459 3694 4515; x_wconf 81' lang='lat' dir='ltr'>corde</span> <span class='ocrx_word' id='word_1_738' title='bbox 3725 4475 3830 4514; x_wconf 76' lang='lat' dir='ltr'>ex-</span> 
     </span>
    </p>
   </div>
   <div class='ocr_carea' id='block_1_95' title="bbox 516 4539 2122 4614">
    <p class='ocr_par' dir='ltr' id='par_1_95' title="bbox 516 4539 2122 4614">
     <span class='ocr_line' id='line_1_95' title="bbox 516 4539 2122 4614; baseline 0.002 -17"><span class='ocrx_word' id='word_1_739' title='bbox 516 4548 635 4597; x_wconf 90' lang='lat' dir='ltr'>ctus</span> <span class='ocrx_word' id='word_1_740' title='bbox 675 4539 982 4612; x_wconf 83' lang='lat' dir='ltr'>Cyprianus</span> <span class='ocrx_word' id='word_1_741' title='bbox 1027 4540 1218 4613; x_wconf 88' lang='lat' dir='ltr'>(epist.</span> <span class='ocrx_word' id='word_1_742' title='bbox 1244 4544 1330 4608; x_wconf 87' lang='lat'>65,</span> <span class='ocrx_word' id='word_1_743' title='bbox 1356 4541 1428 4597; x_wconf 89' lang='lat' dir='ltr'>ad</span> <span class='ocrx_word' id='word_1_744' title='bbox 1456 4543 1868 4614; x_wconf 83' lang='lat' dir='ltr'>Antonianum)</span> <span class='ocrx_word' id='word_1_745' title='bbox 1893 4560 1907 4600; x_wconf 88' lang='lat'><strong>:</strong></span> <span class='ocrx_word' id='word_1_746' title='bbox 1935 4567 1956 4592; x_wconf 85' lang='lat'><strong>«</strong></span> <span class='ocrx_word' id='word_1_747' title='bbox 1993 4544 2122 4600; x_wconf 92' lang='lat' dir='ltr'>Post</span> 
     </span>
    </p>
   </div>
   <div class='ocr_carea' id='block_1_96' title="bbox 514 4627 2118 4706">
    <p class='ocr_par' dir='ltr' id='par_1_96' title="bbox 514 4627 2118 4706">
     <span class='ocr_line' id='line_1_96' title="bbox 514 4627 2118 4706; baseline 0.005 -24"><span class='ocrx_word' id='word_1_748' title='bbox 514 4627 951 4702; x_wconf 90' lang='lat' dir='ltr'>inspirationem,</span> <span class='ocrx_word' id='word_1_749' title='bbox 985 4629 1255 4702; x_wconf 90' lang='lat' dir='ltr'>inquiens,</span> <span class='ocrx_word' id='word_1_750' title='bbox 1281 4637 1334 4685; x_wconf 91' lang='lat' dir='ltr'>et</span> <span class='ocrx_word' id='word_1_751' title='bbox 1353 4630 1743 4687; x_wconf 88' lang='lat' dir='ltr'>revelationem</span> <span class='ocrx_word' id='word_1_752' title='bbox 1772 4631 1990 4700; x_wconf 84' lang='lat' dir='ltr'>factam,</span> <span class='ocrx_word' id='word_1_753' title='bbox 2025 4635 2118 4706; x_wconf 89' lang='lat' dir='ltr'>qui</span> 
     </span>
    </p>
   </div>
   <div class='ocr_carea' id='block_1_97' title="bbox 517 4718 2116 4791">
    <p class='ocr_par' dir='ltr' id='par_1_97' title="bbox 517 4718 2116 4791">
     <span class='ocr_line' id='line_1_97' title="bbox 517 4718 2116 4791; baseline 0.003 -17"><span class='ocrx_word' id='word_1_754' title='bbox 517 4718 575 4774; x_wconf 92' lang='lat' dir='ltr'>in</span> <span class='ocrx_word' id='word_1_755' title='bbox 603 4734 670 4774; x_wconf 93' lang='lat' dir='ltr'>eo</span> <span class='ocrx_word' id='word_1_756' title='bbox 700 4719 848 4791; x_wconf 90' lang='lat' dir='ltr'>quod</span> <span class='ocrx_word' id='word_1_757' title='bbox 895 4725 1176 4775; x_wconf 89' lang='lat' dir='ltr'>erraverat</span> <span class='ocrx_word' id='word_1_758' title='bbox 1219 4726 1537 4790; x_wconf 84' lang='lat' dir='ltr'>perseverat</span> <span class='ocrx_word' id='word_1_759' title='bbox 1561 4720 1803 4790; x_wconf 89' lang='lat' dir='ltr'>prudens</span> <span class='ocrx_word' id='word_1_760' title='bbox 1833 4729 1886 4776; x_wconf 89' lang='lat' dir='ltr'>et</span> <span class='ocrx_word' id='word_1_761' title='bbox 1917 4722 2116 4790; x_wconf 89' lang='lat' dir='ltr'>sciens,</span> 
     </span>
    </p>
   </div>
   <div class='ocr_carea' id='block_1_98' title="bbox 519 4805 2116 4882">
    <p class='ocr_par' dir='ltr' id='par_1_98' title="bbox 519 4805 2116 4882">
     <span class='ocr_line' id='line_1_98' title="bbox 519 4805 2116 4882; baseline 0.005 -22"><span class='ocrx_word' id='word_1_762' title='bbox 519 4805 638 4862; x_wconf 90' lang='lat' dir='ltr'>sine</span> <span class='ocrx_word' id='word_1_763' title='bbox 678 4809 841 4863; x_wconf 90' lang='lat' dir='ltr'>venia</span> <span class='ocrx_word' id='word_1_764' title='bbox 879 4807 1202 4880; x_wconf 75' lang='lat' dir='ltr'>ignorantiae</span> <span class='ocrx_word' id='word_1_765' title='bbox 1247 4815 1440 4878; x_wconf 87' lang='lat' dir='ltr'>peccat</span> <span class='ocrx_word' id='word_1_766' title='bbox 1471 4826 1484 4863; x_wconf 87' lang='lat'><strong>:</strong></span> <span class='ocrx_word' id='word_1_767' title='bbox 1515 4808 1942 4882; x_wconf 71' lang='lat' dir='ltr'>praesumptione</span> <span class='ocrx_word' id='word_1_768' title='bbox 1970 4812 2116 4868; x_wconf 89' lang='lat' dir='ltr'>enim</span> 
     </span>
    </p>
   </div>
   <div class='ocr_carea' id='block_1_99' title="bbox 519 4896 2115 4968">
    <p class='ocr_par' dir='ltr' id='par_1_99' title="bbox 519 4896 2115 4968">
     <span class='ocr_line' id='line_1_99' title="bbox 519 4896 2115 4968; baseline 0.005 -20"><span class='ocrx_word' id='word_1_769' title='bbox 519 4901 680 4966; x_wconf 90' lang='lat' dir='ltr'>atque</span> <span class='ocrx_word' id='word_1_770' title='bbox 707 4896 1068 4952; x_wconf 86' lang='lat' dir='ltr'>obstinatione</span> <span class='ocrx_word' id='word_1_771' title='bbox 1113 4896 1342 4968; x_wconf 88' lang='lat' dir='ltr'>quadam</span> <span class='ocrx_word' id='word_1_772' title='bbox 1389 4897 1592 4967; x_wconf 91' lang='lat' dir='ltr'>nititur,</span> <span class='ocrx_word' id='word_1_773' title='bbox 1625 4913 1750 4954; x_wconf 91' lang='lat' dir='ltr'>cum</span> <span class='ocrx_word' id='word_1_774' title='bbox 1777 4899 1989 4956; x_wconf 88' lang='lat' dir='ltr'>ratione</span> <span class='ocrx_word' id='word_1_775' title='bbox 2017 4916 2115 4956; x_wconf 91' lang='lat' dir='ltr'>su-</span> 
     </span>
    </p>
   </div>
   <div class='ocr_carea' id='block_1_100' title="bbox 517 4984 2115 5062">
    <p class='ocr_par' dir='ltr' id='par_1_100' title="bbox 517 4984 2115 5062">
     <span class='ocr_line' id='line_1_100' title="bbox 517 4984 2115 5062; baseline 0.006 -24"><span class='ocrx_word' id='word_1_776' title='bbox 517 4991 762 5056; x_wconf 89' lang='lat' dir='ltr'>peretur.</span> <span class='ocrx_word' id='word_1_777' title='bbox 802 5007 824 5032; x_wconf 75' lang='grc'><em>»</em></span> <span class='ocrx_word' id='word_1_778' title='bbox 857 4984 993 5041; x_wconf 88' lang='lat' dir='ltr'>Hinc</span> <span class='ocrx_word' id='word_1_779' title='bbox 1021 4985 1357 5058; x_wconf 87' lang='lat' dir='ltr'>Augustinus</span> <span class='ocrx_word' id='word_1_780' title='bbox 1388 4987 1505 5058; x_wconf 83' lang='lat' dir='ltr'>(lib.</span> <span class='ocrx_word' id='word_1_781' title='bbox 1537 5003 1598 5042; x_wconf 78' lang='grc' dir='ltr'>ιν</span> <span class='ocrx_word' id='word_1_782' title='bbox 1625 4988 1691 5044; x_wconf 83' lang='lat' dir='ltr'>de</span> <span class='ocrx_word' id='word_1_783' title='bbox 1719 4989 1881 5062; x_wconf 89' lang='lat' dir='ltr'>Bapt.</span> <span class='ocrx_word' id='word_1_784' title='bbox 1915 4994 2115 5047; x_wconf 85' lang='lat' dir='ltr'>contra</span> 
     </span>
    </p>
   </div>
   <div class='ocr_carea' id='block_1_101' title="bbox 512 5073 2113 5154">
    <p class='ocr_par' dir='ltr' id='par_1_101' title="bbox 512 5073 2113 5154">
     <span class='ocr_line' id='line_1_101' title="bbox 512 5073 2113 5154; baseline 0.005 -26"><span class='ocrx_word' id='word_1_785' title='bbox 512 5073 862 5140; x_wconf 83' lang='lat' dir='ltr'>Donatistas,</span> <span class='ocrx_word' id='word_1_786' title='bbox 895 5090 1014 5144; x_wconf 87' lang='lat' dir='ltr'>cap.</span> <span class='ocrx_word' id='word_1_787' title='bbox 1048 5074 1104 5145; x_wconf 79' lang='lat'>5)</span> <span class='ocrx_word' id='word_1_788' title='bbox 1135 5091 1148 5128; x_wconf 92' lang='lat'>:</span> <span class='ocrx_word' id='word_1_789' title='bbox 1185 5097 1207 5124; x_wconf 85' lang='lat'><strong>«</strong></span> <span class='ocrx_word' id='word_1_790' title='bbox 1244 5075 1361 5133; x_wconf 88' lang='lat' dir='ltr'>Hoc</span> <span class='ocrx_word' id='word_1_791' title='bbox 1407 5075 1750 5132; x_wconf 89' lang='lat' dir='ltr'>verissimum</span> <span class='ocrx_word' id='word_1_792' title='bbox 1797 5085 1898 5149; x_wconf 83' lang='lat' dir='ltr'>est,</span> <span class='ocrx_word' id='word_1_793' title='bbox 1948 5079 2113 5154; x_wconf 79' lang='lat' dir='ltr'>longe</span> 
     </span>
    </p>
   </div>
   <div class='ocr_carea' id='block_1_102' title="bbox 511 5160 2112 5239">
    <p class='ocr_par' dir='ltr' id='par_1_102' title="bbox 511 5160 2112 5239">
     <span class='ocr_line' id='line_1_102' title="bbox 511 5160 2112 5239; baseline 0.004 -22"><span class='ocrx_word' id='word_1_794' title='bbox 511 5160 738 5235; x_wconf 81' lang='lat' dir='ltr'>gravius</span> <span class='ocrx_word' id='word_1_795' title='bbox 786 5178 910 5218; x_wconf 87' lang='lat' dir='ltr'>esse</span> <span class='ocrx_word' id='word_1_796' title='bbox 956 5169 1236 5234; x_wconf 87' lang='lat' dir='ltr'>peccatum</span> <span class='ocrx_word' id='word_1_797' title='bbox 1283 5165 1400 5236; x_wconf 88' lang='lat' dir='ltr'>ejus</span> <span class='ocrx_word' id='word_1_798' title='bbox 1431 5166 1522 5238; x_wconf 90' lang='lat' dir='ltr'>qui</span> <span class='ocrx_word' id='word_1_799' title='bbox 1571 5165 1772 5234; x_wconf 88' lang='lat' dir='ltr'>sciens,</span> <span class='ocrx_word' id='word_1_800' title='bbox 1805 5183 1968 5239; x_wconf 90' lang='lat' dir='ltr'>quam</span> <span class='ocrx_word' id='word_1_801' title='bbox 1996 5169 2112 5238; x_wconf 90' lang='lat' dir='ltr'>ejus</span> 
     </span>
    </p>
   </div>
   <div class='ocr_carea' id='block_1_103' title="bbox 512 5250 2111 5328">
    <p class='ocr_par' dir='ltr' id='par_1_103' title="bbox 512 5250 2111 5328">
     <span class='ocr_line' id='line_1_103' title="bbox 512 5250 2111 5328; baseline 0.004 -23"><span class='ocrx_word' id='word_1_802' title='bbox 512 5250 606 5324; x_wconf 91' lang='lat' dir='ltr'>qui</span> <span class='ocrx_word' id='word_1_803' title='bbox 632 5250 887 5308; x_wconf 89' lang='lat' dir='ltr'>nesciens</span> <span class='ocrx_word' id='word_1_804' title='bbox 905 5253 1228 5324; x_wconf 86' lang='lat' dir='ltr'>peccaverit.</span> <span class='ocrx_word' id='word_1_805' title='bbox 1258 5275 1280 5306; x_wconf 71' lang='grc' dir='ltr'><em>ς</em></span> <span class='ocrx_word' id='word_1_806' title='bbox 1303 5255 1372 5310; x_wconf 88' lang='lat' dir='ltr'>Et</span> <span class='ocrx_word' id='word_1_807' title='bbox 1391 5255 1516 5311; x_wconf 89' lang='lat' dir='ltr'>ideo</span> <span class='ocrx_word' id='word_1_808' title='bbox 1539 5255 1624 5312; x_wconf 91' lang='lat' dir='ltr'>vir</span> <span class='ocrx_word' id='word_1_809' title='bbox 1643 5264 1864 5312; x_wconf 89' lang='lat' dir='ltr'>sanctus</span> <span class='ocrx_word' id='word_1_810' title='bbox 1886 5257 2111 5328; x_wconf 82' lang='lat' dir='ltr'>Cypria-</span> 
     </span>
    </p>
   </div>
   <div class='ocr_carea' id='block_1_104' title="bbox 511 5341 2111 5418">
    <p class='ocr_par' dir='ltr' id='par_1_104' title="bbox 511 5341 2111 5418">
     <span class='ocr_line' id='line_1_104' title="bbox 511 5341 2111 5418; baseline 0.004 -23"><span class='ocrx_word' id='word_1_811' title='bbox 511 5356 637 5406; x_wconf 90' lang='lat' dir='ltr'>nus,</span> <span class='ocrx_word' id='word_1_812' title='bbox 688 5356 800 5396; x_wconf 93' lang='lat' dir='ltr'>non</span> <span class='ocrx_word' id='word_1_813' title='bbox 846 5341 1023 5396; x_wconf 88' lang='lat' dir='ltr'>solum</span> <span class='ocrx_word' id='word_1_814' title='bbox 1068 5342 1281 5410; x_wconf 92' lang='lat' dir='ltr'>doctus,</span> <span class='ocrx_word' id='word_1_815' title='bbox 1314 5344 1412 5400; x_wconf 91' lang='lat' dir='ltr'>sed</span> <span class='ocrx_word' id='word_1_816' title='bbox 1441 5345 1602 5400; x_wconf 91' lang='lat' dir='ltr'>etiam</span> <span class='ocrx_word' id='word_1_817' title='bbox 1633 5345 1846 5414; x_wconf 92' lang='lat' dir='ltr'>docilis,</span> <span class='ocrx_word' id='word_1_818' title='bbox 1879 5345 2025 5418; x_wconf 91' lang='lat' dir='ltr'>quod</span> <span class='ocrx_word' id='word_1_819' title='bbox 2055 5347 2111 5402; x_wconf 93' lang='lat' dir='ltr'>in</span> 
     </span>
    </p>
   </div>
   <div class='ocr_carea' id='block_1_105' title="bbox 509 5428 2110 5507">
    <p class='ocr_par' dir='ltr' id='par_1_105' title="bbox 509 5428 2110 5507">
     <span class='ocr_line' id='line_1_105' title="bbox 509 5428 2110 5507; baseline 0.004 -23"><span class='ocrx_word' id='word_1_820' title='bbox 509 5428 670 5484; x_wconf 88' lang='lat' dir='ltr'>laude</span> <span class='ocrx_word' id='word_1_821' title='bbox 701 5429 944 5502; x_wconf 87' lang='lat' dir='ltr'>episcOpi</span> <span class='ocrx_word' id='word_1_822' title='bbox 972 5447 1136 5502; x_wconf 92' lang='lat' dir='ltr'>puem</span> <span class='ocrx_word' id='word_1_823' title='bbox 1163 5430 1412 5505; x_wconf 81' lang='lat' dir='ltr'>designat</span> <span class='ocrx_word' id='word_1_824' title='bbox 1440 5433 1752 5506; x_wconf 84' lang='lat' dir='ltr'>Apostolus,</span> <span class='ocrx_word' id='word_1_825' title='bbox 1785 5434 1866 5491; x_wconf 92' lang='lat' dir='ltr'>sic</span> <span class='ocrx_word' id='word_1_826' title='bbox 1882 5435 2004 5507; x_wconf 91' lang='lat' dir='ltr'>ipse</span> <span class='ocrx_word' id='word_1_827' title='bbox 2026 5435 2110 5490; x_wconf 83' lang='lat' dir='ltr'>in-</span> 
     </span>
    </p>
   </div>
   <div class='ocr_carea' id='block_1_106' title="bbox 510 5517 2109 5597">
    <p class='ocr_par' dir='ltr' id='par_1_106' title="bbox 510 5517 2109 5597">
     <span class='ocr_line' id='line_1_106' title="bbox 510 5517 2109 5597; baseline 0.004 -24"><span class='ocrx_word' id='word_1_828' title='bbox 510 5517 733 5588; x_wconf 88' lang='lat' dir='ltr'>tellexit,</span> <span class='ocrx_word' id='word_1_829' title='bbox 753 5527 810 5574; x_wconf 90' lang='lat' dir='ltr'>ut</span> <span class='ocrx_word' id='word_1_830' title='bbox 829 5519 1035 5576; x_wconf 89' lang='lat' dir='ltr'>diceret</span> <span class='ocrx_word' id='word_1_831' title='bbox 1055 5519 1221 5576; x_wconf 90' lang='lat' dir='ltr'>etiam</span> <span class='ocrx_word' id='word_1_832' title='bbox 1239 5522 1345 5578; x_wconf 91' lang='lat' dir='ltr'>hoc</span> <span class='ocrx_word' id='word_1_833' title='bbox 1371 5521 1430 5578; x_wconf 91' lang='lat' dir='ltr'>in</span> <span class='ocrx_word' id='word_1_834' title='bbox 1453 5523 1710 5595; x_wconf 90' lang='lat' dir='ltr'>episcopo</span> <span class='ocrx_word' id='word_1_835' title='bbox 1731 5540 1854 5580; x_wconf 89' lang='lat' dir='ltr'>esse</span> <span class='ocrx_word' id='word_1_836' title='bbox 1874 5525 2109 5597; x_wconf 82' lang='lat' dir='ltr'>diligen-</span> 
     </span>
    </p>
   </div>
   <div class='ocr_carea' id='block_1_107' title="bbox 2223 4540 3829 4619">
    <p class='ocr_par' dir='ltr' id='par_1_107' title="bbox 2223 4540 3829 4619">
     <span class='ocr_line' id='line_1_107' title="bbox 2223 4540 3829 4619; baseline 0.008 -27"><span class='ocrx_word' id='word_1_837' title='bbox 2223 4541 2364 4592; x_wconf 86' lang='lat' dir='ltr'>eunt</span> <span class='ocrx_word' id='word_1_838' title='bbox 2390 4540 2760 4610; x_wconf 82' lang='lat' dir='ltr'>cogitationes</span> <span class='ocrx_word' id='word_1_839' title='bbox 2788 4542 2977 4610; x_wconf 65' lang='lat' dir='ltr'>malae,</span> <span class='ocrx_word' id='word_1_840' title='bbox 3011 4541 3338 4613; x_wconf 86' lang='lat' dir='ltr'>homicidia,</span> <span class='ocrx_word' id='word_1_841' title='bbox 3369 4547 3650 4618; x_wconf 86' lang='lat' dir='ltr'>perjuria,</span> <span class='ocrx_word' id='word_1_842' title='bbox 3669 4547 3829 4619; x_wconf 86' lang='lat' dir='ltr'>falsa</span> 
     </span>
    </p>
   </div>
   <div class='ocr_carea' id='block_1_108' title="bbox 2221 4626 3827 4706">
    <p class='ocr_par' dir='ltr' id='par_1_108' title="bbox 2221 4626 3827 4706">
     <span class='ocr_line' id='line_1_108' title="bbox 2221 4626 3827 4706; baseline 0.007 -26"><span class='ocrx_word' id='word_1_843' title='bbox 2221 4626 2550 4706; x_wconf 72' lang='lat' dir='ltr'>testimonia</span> <span class='ocrx_word' id='word_1_844' title='bbox 2571 4629 2790 4700; x_wconf 82' lang='lat' dir='ltr'>(Matth.</span> <span class='ocrx_word' id='word_1_845' title='bbox 2811 4630 2916 4702; x_wconf 81' lang='lat' dir='ltr'>x1),</span> <span class='ocrx_word' id='word_1_846' title='bbox 2943 4639 2996 4686; x_wconf 93' lang='lat' dir='ltr'>et</span> <span class='ocrx_word' id='word_1_847' title='bbox 3026 4631 3236 4705; x_wconf 88' lang='lat' dir='ltr'>reliqua</span> <span class='ocrx_word' id='word_1_848' title='bbox 3267 4650 3390 4706; x_wconf 70' lang='lat' dir='ltr'>quae</span> <span class='ocrx_word' id='word_1_849' title='bbox 3415 4649 3482 4690; x_wconf 87' lang='lat' dir='ltr'>ex</span> <span class='ocrx_word' id='word_1_850' title='bbox 3511 4650 3611 4692; x_wconf 91' lang='lat' dir='ltr'>ore</span> <span class='ocrx_word' id='word_1_851' title='bbox 3640 4636 3827 4692; x_wconf 90' lang='lat' dir='ltr'>cordis</span> 
     </span>
    </p>
   </div>
   <div class='ocr_carea' id='block_1_109' title="bbox 2216 4703 3827 4796">
    <p class='ocr_par' dir='ltr' id='par_1_109' title="bbox 2216 4703 3827 4796">
     <span class='ocr_line' id='line_1_109' title="bbox 2216 4703 3827 4796; baseline 0.007 -28"><span class='ocrx_word' id='word_1_852' title='bbox 2216 4715 2286 4770; x_wconf 90' lang='lat' dir='ltr'>ad</span> <span class='ocrx_word' id='word_1_853' title='bbox 2299 4703 2542 4770; x_wconf 64' lang='lat' dir='ltr'>&#39;aliorum</span> <span class='ocrx_word' id='word_1_854' title='bbox 2589 4720 2894 4788; x_wconf 88' lang='lat' dir='ltr'>procedunt</span> <span class='ocrx_word' id='word_1_855' title='bbox 2932 4703 3179 4776; x_wconf 82' lang='lat' dir='ltr'>notitiam</span> <span class='ocrx_word' id='word_1_856' title='bbox 3225 4703 3326 4794; x_wconf 76' lang='lat' dir='ltr'>per</span> <span class='ocrx_word' id='word_1_857' title='bbox 3353 4739 3416 4779; x_wconf 91' lang='lat' dir='ltr'>os</span> <span class='ocrx_word' id='word_1_858' title='bbox 3453 4725 3726 4796; x_wconf 87' lang='lat' dir='ltr'>corporis.</span> <span class='ocrx_word' id='word_1_859' title='bbox 3755 4726 3827 4783; x_wconf 88' lang='lat' dir='ltr'>Et</span> 
     </span>
    </p>
   </div>
   <div class='ocr_carea' id='block_1_110' title="bbox 2215 4801 3823 4886">
    <p class='ocr_par' dir='ltr' id='par_1_110' title="bbox 2215 4801 3823 4886">
     <span class='ocr_line' id='line_1_110' title="bbox 2215 4801 3823 4886; baseline 0.009 -29"><span class='ocrx_word' id='word_1_860' title='bbox 2215 4801 2452 4876; x_wconf 88' lang='lat' dir='ltr'>legimus</span> <span class='ocrx_word' id='word_1_861' title='bbox 2480 4805 2930 4865; x_wconf 89' lang='lat' dir='ltr'>deliberationem</span> <span class='ocrx_word' id='word_1_862' title='bbox 2958 4809 3252 4867; x_wconf 89' lang='lat' dir='ltr'>voluntatis</span> <span class='ocrx_word' id='word_1_863' title='bbox 3281 4828 3404 4870; x_wconf 92' lang='lat' dir='ltr'>esse</span> <span class='ocrx_word' id='word_1_864' title='bbox 3429 4813 3823 4886; x_wconf 87' lang='lat' dir='ltr'>perfectionem</span> 
     </span>
    </p>
   </div>
   <div class='ocr_carea' id='block_1_111' title="bbox 2216 4889 3824 4968">
    <p class='ocr_par' dir='ltr' id='par_1_111' title="bbox 2216 4889 3824 4968">
     <span class='ocr_line' id='line_1_111' title="bbox 2216 4889 3824 4968; baseline 0.01 -22"><span class='ocrx_word' id='word_1_865' title='bbox 2216 4891 2418 4964; x_wconf 89' lang='lat' dir='ltr'>operis,</span> <span class='ocrx_word' id='word_1_866' title='bbox 2465 4893 2683 4950; x_wconf 88' lang='lat' dir='ltr'>dicente</span> <span class='ocrx_word' id='word_1_867' title='bbox 2731 4897 2966 4954; x_wconf 91' lang='lat' dir='ltr'>Domino</span> <span class='ocrx_word' id='word_1_868' title='bbox 2997 4889 3150 4968; x_wconf 53' lang='lat' dir='ltr'>{Qui</span> <span class='ocrx_word' id='word_1_869' title='bbox 3176 4900 3382 4958; x_wconf 86' lang='lat' dir='ltr'>viderit</span> <span class='ocrx_word' id='word_1_870' title='bbox 3418 4904 3722 4960; x_wconf 87' lang='lat' dir='ltr'>mulierem</span> <span class='ocrx_word' id='word_1_871' title='bbox 3749 4905 3824 4961; x_wconf 87' lang='lat' dir='ltr'>ad</span> 
     </span>
    </p>
   </div>
   <div class='ocr_carea' id='block_1_112' title="bbox 2215 4983 3826 5062">
    <p class='ocr_par' dir='ltr' id='par_1_112' title="bbox 2215 4983 3826 5062">
     <span class='ocr_line' id='line_1_112' title="bbox 2215 4983 3826 5062; baseline 0.009 -26"><span class='ocrx_word' id='word_1_872' title='bbox 2215 4983 2728 5054; x_wconf 83' lang='lat' dir='ltr'>concupiscendum</span> <span class='ocrx_word' id='word_1_873' title='bbox 2776 5003 2922 5058; x_wconf 89' lang='lat' dir='ltr'>eam,</span> <span class='ocrx_word' id='word_1_874' title='bbox 2963 4990 3092 5062; x_wconf 87' lang='lat' dir='ltr'>jam</span> <span class='ocrx_word' id='word_1_875' title='bbox 3129 4990 3442 5048; x_wconf 71' lang='lat' dir='ltr'>moechatus</span> <span class='ocrx_word' id='word_1_876' title='bbox 3473 4997 3561 5048; x_wconf 88' lang='lat' dir='ltr'>est</span> <span class='ocrx_word' id='word_1_877' title='bbox 3594 5009 3722 5050; x_wconf 87' lang='lat' dir='ltr'>eam</span> <span class='ocrx_word' id='word_1_878' title='bbox 3759 4995 3826 5050; x_wconf 85' lang='lat' dir='ltr'>in</span> 
     </span>
    </p>
   </div>
   <div class='ocr_carea' id='block_1_113' title="bbox 2214 5071 3822 5150">
    <p class='ocr_par' dir='ltr' id='par_1_113' title="bbox 2214 5071 3822 5150">
     <span class='ocr_line' id='line_1_113' title="bbox 2214 5071 3822 5150; baseline 0.008 -25"><span class='ocrx_word' id='word_1_879' title='bbox 2214 5071 2379 5127; x_wconf 87' lang='lat' dir='ltr'>corde</span> <span class='ocrx_word' id='word_1_880' title='bbox 2395 5087 2494 5129; x_wconf 88' lang='lat' dir='ltr'>suo</span> <span class='ocrx_word' id='word_1_881' title='bbox 2511 5071 2732 5144; x_wconf 82' lang='lat' dir='ltr'>(Matth.</span> <span class='ocrx_word' id='word_1_882' title='bbox 2755 5075 2836 5148; x_wconf 90' lang='lat' dir='ltr'>v),</span> <span class='ocrx_word' id='word_1_883' title='bbox 2857 5084 2910 5132; x_wconf 88' lang='lat' dir='ltr'>et</span> <span class='ocrx_word' id='word_1_884' title='bbox 2925 5077 2998 5132; x_wconf 87' lang='lat' dir='ltr'>ad</span> <span class='ocrx_word' id='word_1_885' title='bbox 3015 5077 3313 5150; x_wconf 91' lang='lat' dir='ltr'>discipulos</span> <span class='ocrx_word' id='word_1_886' title='bbox 3335 5095 3494 5136; x_wconf 88' lang='lat' dir='ltr'>suos:</span> <span class='ocrx_word' id='word_1_887' title='bbox 3521 5083 3712 5148; x_wconf 89' lang='lat' dir='ltr'>Posui,</span> <span class='ocrx_word' id='word_1_888' title='bbox 3735 5082 3822 5138; x_wconf 85' lang='lat' dir='ltr'>in-</span> 
     </span>
    </p>
   </div>
   <div class='ocr_carea' id='block_1_114' title="bbox 2215 5159 3816 5244">
    <p class='ocr_par' dir='ltr' id='par_1_114' title="bbox 2215 5159 3816 5244">
     <span class='ocr_line' id='line_1_114' title="bbox 2215 5159 3816 5244; baseline 0.009 -30"><span class='ocrx_word' id='word_1_889' title='bbox 2215 5159 2330 5230; x_wconf 89' lang='lat' dir='ltr'>quit</span> <span class='ocrx_word' id='word_1_890' title='bbox 2357 5177 2470 5228; x_wconf 84' lang='lat' dir='ltr'>vos,</span> <span class='ocrx_word' id='word_1_891' title='bbox 2507 5167 2575 5218; x_wconf 83' lang='lat' dir='ltr'>ut</span> <span class='ocrx_word' id='word_1_892' title='bbox 2612 5165 2756 5220; x_wconf 86' lang='lat' dir='ltr'>eatis</span> <span class='ocrx_word' id='word_1_893' title='bbox 2781 5169 2840 5220; x_wconf 90' lang='lat' dir='ltr'>et</span> <span class='ocrx_word' id='word_1_894' title='bbox 2870 5167 3132 5238; x_wconf 79' lang='lat' dir='ltr'>fructum</span> <span class='ocrx_word' id='word_1_895' title='bbox 3171 5169 3430 5241; x_wconf 75' lang='lat' dir='ltr'>aﬂ‘eratis</span> <span class='ocrx_word' id='word_1_896' title='bbox 3465 5171 3651 5243; x_wconf 83' lang='lat' dir='ltr'>(Joan.</span> <span class='ocrx_word' id='word_1_897' title='bbox 3690 5174 3816 5244; x_wconf 73' lang='grc' dir='ltr'>ιν).</span> 
     </span>
    </p>
   </div>
   <div class='ocr_carea' id='block_1_115' title="bbox 2219 5249 3820 5328">
    <p class='ocr_par' dir='ltr' id='par_1_115' title="bbox 2219 5249 3820 5328">
     <span class='ocr_line' id='line_1_115' title="bbox 2219 5249 3820 5328; baseline 0.01 -27"><span class='ocrx_word' id='word_1_898' title='bbox 2219 5269 2240 5298; x_wconf 73' lang='grc' dir='ltr'>ι</span> <span class='ocrx_word' id='word_1_899' title='bbox 2262 5249 2433 5317; x_wconf 80' lang='lat' dir='ltr'>Estis,</span> <span class='ocrx_word' id='word_1_900' title='bbox 2472 5249 2646 5324; x_wconf 86' lang='lat' dir='ltr'>inquit</span> <span class='ocrx_word' id='word_1_901' title='bbox 2679 5253 3003 5328; x_wconf 83' lang='lat' dir='ltr'>Gregorius,</span> <span class='ocrx_word' id='word_1_902' title='bbox 3046 5257 3302 5326; x_wconf 91' lang='lat' dir='ltr'>volendo,</span> <span class='ocrx_word' id='word_1_903' title='bbox 3327 5257 3560 5316; x_wconf 90' lang='lat' dir='ltr'>fructum</span> <span class='ocrx_word' id='word_1_904' title='bbox 3580 5260 3820 5318; x_wconf 80' lang='lat' dir='ltr'>afferatis</span> 
     </span>
    </p>
   </div>
   <div class='ocr_carea' id='block_1_116' title="bbox 2211 5339 3819 5424">
    <p class='ocr_par' dir='ltr' id='par_1_116' title="bbox 2211 5339 3819 5424">
     <span class='ocr_line' id='line_1_116' title="bbox 2211 5339 3819 5424; baseline 0.009 -33"><span class='ocrx_word' id='word_1_905' title='bbox 2211 5339 2506 5424; x_wconf 91' lang='lat' dir='ltr'>operando.</span> <span class='ocrx_word' id='word_1_906' title='bbox 2528 5341 2680 5397; x_wconf 88' lang='lat' dir='ltr'>Eatis</span> <span class='ocrx_word' id='word_1_907' title='bbox 2711 5343 2858 5400; x_wconf 89' lang='lat' dir='ltr'>enim</span> <span class='ocrx_word' id='word_1_908' title='bbox 2873 5345 3107 5403; x_wconf 90' lang='lat' dir='ltr'>volendo</span> <span class='ocrx_word' id='word_1_909' title='bbox 3127 5347 3256 5415; x_wconf 88' lang='lat' dir='ltr'>dixi,</span> <span class='ocrx_word' id='word_1_910' title='bbox 3294 5349 3424 5421; x_wconf 89' lang='lat' dir='ltr'>quia</span> <span class='ocrx_word' id='word_1_911' title='bbox 3443 5349 3585 5407; x_wconf 91' lang='lat' dir='ltr'>velle</span> <span class='ocrx_word' id='word_1_912' title='bbox 3613 5351 3819 5424; x_wconf 89' lang='lat' dir='ltr'>aliquid</span> 
     </span>
    </p>
   </div>
   <div class='ocr_carea' id='block_1_117' title="bbox 2209 5423 3819 5498">
    <p class='ocr_par' dir='ltr' id='par_1_117' title="bbox 2209 5423 3819 5498">
     <span class='ocr_line' id='line_1_117' title="bbox 2209 5423 3819 5498; baseline 0.011 -18"><span class='ocrx_word' id='word_1_913' title='bbox 2209 5423 2395 5484; x_wconf 87' lang='lat' dir='ltr'>facere</span> <span class='ocrx_word' id='word_1_914' title='bbox 2430 5429 2546 5498; x_wconf 89' lang='lat' dir='ltr'>jam</span> <span class='ocrx_word' id='word_1_915' title='bbox 2591 5439 2774 5488; x_wconf 90' lang='lat' dir='ltr'>mente</span> <span class='ocrx_word' id='word_1_916' title='bbox 2802 5433 2882 5490; x_wconf 90' lang='lat' dir='ltr'>ire</span> <span class='ocrx_word' id='word_1_917' title='bbox 2909 5442 3012 5490; x_wconf 91' lang='lat' dir='ltr'>est.</span> <span class='ocrx_word' id='word_1_918' title='bbox 3063 5437 3131 5492; x_wconf 90' lang='lat' dir='ltr'>Et</span> <span class='ocrx_word' id='word_1_919' title='bbox 3161 5444 3217 5492; x_wconf 88' lang='lat' dir='ltr'>tu</span> <span class='ocrx_word' id='word_1_920' title='bbox 3245 5437 3386 5495; x_wconf 87' lang='lat' dir='ltr'>adeo</span> <span class='ocrx_word' id='word_1_921' title='bbox 3428 5455 3496 5494; x_wconf 88' lang='lat' dir='ltr'>ex</span> <span class='ocrx_word' id='word_1_922' title='bbox 3538 5423 3819 5497; x_wconf 81' lang='lat' dir='ltr'>delibera-</span> 
     </span>
    </p>
   </div>
   <div class='ocr_carea' id='block_1_118' title="bbox 2209 5523 3820 5612">
    <p class='ocr_par' dir='ltr' id='par_1_118' title="bbox 2209 5523 3820 5612">
     <span class='ocr_line' id='line_1_118' title="bbox 2209 5523 3820 5612; baseline 0.01 -31"><span class='ocrx_word' id='word_1_923' title='bbox 2209 5523 2358 5583; x_wconf 88' lang='lat' dir='ltr'>tione</span> <span class='ocrx_word' id='word_1_924' title='bbox 2385 5527 2679 5587; x_wconf 86' lang='lat' dir='ltr'>voluntatis</span> <span class='ocrx_word' id='word_1_925' title='bbox 2706 5531 3004 5604; x_wconf 87' lang='lat' dir='ltr'>pervenisti</span> <span class='ocrx_word' id='word_1_926' title='bbox 3031 5534 3102 5590; x_wconf 87' lang='lat' dir='ltr'>ad</span> <span class='ocrx_word' id='word_1_927' title='bbox 3132 5535 3503 5608; x_wconf 86' lang='lat' dir='ltr'>operationem</span> <span class='ocrx_word' id='word_1_928' title='bbox 3523 5539 3820 5612; x_wconf 88' lang='lat' dir='ltr'>sermonis,</span> 
     </span>
    </p>
   </div>
  </div>
