4164 6298
292 353 398 408 465

1012 350 1254 410 OPUSC.
1311 352 1402 408 ET
1447 351 1667 410 EPIST.
1726 352 1802 408 IN
1855 351 2082 408 CAUSA
2129 353 2473 413 HINCMABI
2535 356 2848 415 LAUDUN.

3497 363 3603 418 ιδθ

297 486 356 534 ut
386 476 736 532 mortiferum
764 476 838 532 ad
862 475 1160 535 bibendum
1202 477 1336 534 mihi
1359 479 1700 550 propinares,
1749 478 1898 535 scili-
1929 477 1986 538 A
2007 479 2156 550 quod
2191 480 2472 551 probatur,
2528 482 2626 538 sed
2663 483 2734 538 ab
2786 483 2939 554 ipsis,
2991 485 3136 557 quod
3173 500 3284 542 non
3319 487 3600 560 probatur,

293 573 380 623 cet
409 573 469 622 ut
498 565 719 638 eloquia
747 581 906 623 sacra
933 567 1102 639 gratia
1129 567 1207 622 tui
1235 567 1605 636 incenderem,
1637 567 1744 624 nisi
1770 569 1904 626 mihi

292 655 385 712 ille
415 655 639 712 adesset
669 655 762 728 qui
788 655 844 711 in
867 671 927 711 se
957 656 1304 712 credentibus
1334 657 1643 730 repromisit
1673 657 1860 714 dicens
1885 675 1898 712 :

296 746 358 803 Si
383 745 753 817 mortiferum
773 746 906 818 quid
934 746 1194 816 biberint,
1217 763 1334 803 non
1354 763 1443 803 eos
1463 748 1684 804 nocebit
1705 748 1898 819 (Marc.

293 833 436 905 xvi).
471 834 614 890 Dum
645 833 953 906 pestiferas,
993 834 1167 908 inquit
1195 835 1382 891 beatus
1415 836 1735 910 Gregorius,
1769 853 1901 892 sua-

293 923 479 979 siones
520 922 762 991 audiunt,
795 924 894 980 sed
937 931 1122 980 tamen
1150 925 1221 981 ad
1264 925 1632 996 operationem
1674 941 1902 998 pravam

295 1011 522 1067 minime
565 1013 980 1084 pertrahuntur,
1021 1012 1362 1070 mortiferum
1392 1014 1614 1087 quidem
1643 1022 1726 1070 est
1755 1015 1902 1086 quod

295 1100 508 1168 bibunt,
541 1101 639 1156 sed
669 1117 781 1157 non
800 1101 880 1157 eis
909 1102 1146 1158 nocebit.
1185 1123 1208 1154 υ
1233 1104 1302 1159 Et
1325 1103 1454 1160 licet
1481 1119 1570 1159 me
1597 1105 1744 1160 Deus
1773 1103 1900 1160 hinc

295 1189 476 1265 gratia
523 1207 620 1245 sua
665 1191 980 1256 servaverit,
1033 1199 1093 1246 tu
1149 1199 1352 1259 tamen,
1398 1192 1503 1247 nisi
1559 1191 1895 1264 poenitueris,

292 1278 458 1334 studii
506 1279 582 1333 tui
629 1279 750 1334 lues
787 1279 1079 1350 judicium.
1119 1302 1142 1332 α
1181 1281 1428 1348 Tardius,
1487 1281 1662 1353 inquit
1705 1281 1898 1337 beatus

289 1367 596 1441 Gregorius
667 1368 913 1440 (Pastor.
965 1385 1044 1436 ιιι,
1109 1370 1330 1426 admon.
1419 1371 1552 1441 33),
1611 1378 1899 1442 peccatum

294 1457 545 1522 solvitur,
577 1456 726 1530 quod
753 1465 807 1513 et
833 1474 932 1530 per
961 1459 1248 1514 consilium
1279 1459 1583 1514 solidatur:
1615 1459 1722 1514 nisi
1753 1459 1900 1515 enim

296 1562 452 1602 mens
483 1545 802 1602 omnimodo
829 1555 1033 1603 aeterna
1070 1548 1398 1620 desPiceret,
1438 1547 1494 1603 in
1524 1549 1686 1620 culpa
1715 1563 1780 1604 ex
1803 1548 1898 1618 ju-

296 1635 439 1692 dicio
472 1649 584 1690 non
612 1635 836 1707 periret.
869 1636 1006 1692 Hinc
1026 1643 1110 1692 est
1139 1637 1286 1710 quod
1317 1653 1418 1709 per
1444 1639 1765 1710 prOphetam
1797 1639 1900 1693 Do-

297 1723 479 1782 minus
517 1739 628 1778 non
667 1732 776 1780 tam
815 1725 1303 1797 praecipitationum
1337 1742 1524 1798 prava,
1558 1743 1719 1800 quam
1756 1726 1898 1782 deli-

2001 567 2352 624 traditoribus
2399 571 2742 642 separastis?
2784 574 2888 641 An,
2941 581 2998 628 ut
3056 573 3242 630 dicere
3303 591 3599 649 coeperam,

2001 657 2254 728 graviora
2284 666 2407 714 sunt
2449 659 2676 716 crimina
2715 661 3056 732 traditorum,
3097 679 3258 735 quam
3287 664 3601 742 schismati-

2001 761 2192 802 corum
2213 747 2240 802 ?
2267 749 2390 803 Non
2407 747 2700 804 afferamus
2723 757 2954 806 stateras
2975 751 3194 807 dolosas
3213 752 3306 808 ubi
3333 755 3602 825 appende-

1999 852 2122 890 mus
2153 837 2298 908 quod
2328 837 2600 905 volumus,
2633 847 2687 894 et
2715 840 2991 912 quomodo
3021 841 3292 910 volumus,
3325 858 3424 914 pro
3455 843 3604 900 arbi-

2001 923 2099 979 trio
2129 933 2314 980 nostro
2363 926 2627 994 dicentes,
2660 929 2766 985 hoc
2812 944 3002 1002 grave,
3048 930 3152 988 hoc
3180 931 3300 988 leve
3344 938 3426 987 est
3457 951 3470 987 :
3502 933 3602 990 sed

1999 1011 2290 1070 aﬁ‘eramus
2334 1015 2574 1072 divinam
2616 1024 2870 1073 stateram
2911 1018 2980 1074 de
3031 1019 3329 1091 Scripturis
3375 1021 3598 1093 sanctis,

2000 1109 2259 1174 tanquam
2289 1104 2358 1160 de
2399 1105 2666 1160 thesauris
2705 1106 3026 1175 Dominicis,
3066 1115 3120 1163 et
3147 1109 3204 1164 in
3241 1109 3335 1164 illa
3372 1109 3502 1182 quid
3533 1110 3604 1167 sit

1999 1191 2225 1262 gravius
2253 1193 2648 1265 appendamus,
2692 1195 2802 1252 imo
2838 1212 2948 1252 non
2989 1198 3382 1270 appendamus,
3429 1199 3530 1255 sed
3567 1215 3603 1256 a

1998 1279 2234 1337 Domino
2264 1298 2508 1354 appensa
2538 1299 3014 1355 recognoscamus.
3054 1287 3320 1358 Tempore
3344 1287 3458 1352 illo,
3492 1303 3600 1360 quo

1999 1370 2262 1426 Dominus
2275 1372 2476 1442 (Exod.
2532 1373 2914 1446 xxxn)priora
2933 1375 3134 1432 delicta
3153 1377 3463 1433 recentibus
3481 1393 3600 1450 poe-

1998 1475 2195 1514 narum
2227 1460 2492 1532 exemplis
2521 1463 2764 1518 cavenda
2812 1465 3156 1532 monstravit,
3191 1472 3245 1520 et
3271 1465 3479 1522 idolum
3509 1466 3598 1522 fa-

1999 1548 2262 1604 bricatum
2285 1558 2447 1622 atque
2479 1551 2757 1607 adoratum
2777 1559 2878 1623 est,
2903 1561 2956 1609 et
2977 1553 3328 1626 propheticus
3355 1555 3496 1612 liber
3515 1557 3601 1614 ira

2000 1637 2149 1712 regis
2193 1640 2584 1710 contemptoris
2631 1639 2886 1696 incensus
2934 1643 3068 1712 (Jer.
3102 1633 3332 1715 xxivr),
3366 1651 3418 1700 et
3448 1645 3598 1701 schi-

1998 1742 2117 1783 sma
2145 1734 2482 1794 attentatum,
2503 1728 2804 1784 idololatria
2823 1730 3005 1804 gladio
3039 1731 3228 1804 punita
3255 1740 3357 1800 est,
3390 1733 3600 1790 exustio

292 1827 507 1876 ctorum
547 1817 727 1872 studia
767 1815 1122 1886 reprehendit
1158 1815 1346 1871 dicens
1383 1833 1396 1870 :
1429 1817 1505 1872 Ne
1545 1819 1694 1888 forte
1738 1832 1897 1888 egre-
1927 1815 2122 1900 Blibri
2153 1815 2347 1872 bellica
2387 1818 2538 1873 caede
2567 1825 2622 1874 et
2650 1819 2942 1891 peregrina
2985 1820 3313 1892 captivitate,
3361 1821 3601 1879 schisma

294 1907 729 1979 diaturutignis
741 1905 1062 1977 indignatio
1073 1920 1220 1976 mea,
1235 1908 1292 1961 et
1303 1905 1698 1972 suecendatur,
1716 1909 1772 1962 et
1783 1923 1900 1962 non

295 1998 374 2054 sit
397 1999 496 2071 qui
517 1997 852 2068 exstinguat
879 1997 1110 2067 propter
1143 1995 1432 2050 malitiam
1469 1995 1786 2052 studiorum
1817 2011 1902 2051 ve-

294 2091 552 2144 strorum
579 2085 715 2157 (Jer.
748 2082 850 2156 ιν).
872 2081 1008 2140 Hinc
1035 2081 1232 2138 iterum
1253 2083 1421 2138 iratus
1451 2083 1581 2140 dicit
1613 2102 1626 2138 :
1665 2085 1900 2141 Visitabo

295 2193 468 2250 super
495 2191 588 2232 vos
601 2176 782 2248 juxta
809 2175 1066 2244 fructum
1083 2172 1404 2229 studiorum
1424 2177 1738 2231 vestrorum
1759 2173 1896 2246 (Jer.

294 2267 443 2336 xxx).
477 2262 747 2334 Quoniam
787 2261 956 2334 igitur
985 2276 1019 2316 a
1047 2260 1290 2332 peccatis
1322 2261 1442 2316 aliis
1479 2259 1734 2316 diﬂ'erunt
1762 2277 1898 2334 pec-

297 2361 422 2410 cata
451 2369 576 2426 quae
605 2368 706 2424 per
723 2350 1010 2408 consilium
1040 2357 1435 2422 perpetrantur,
1458 2367 1569 2406 non
1598 2359 1707 2406 tam
1738 2367 1900 2423 prava

297 2442 440 2500 facta
485 2440 771 2506 Dominus,
817 2455 980 2512 quam
1030 2439 1205 2494 studia
1249 2439 1530 2510 pravitatis
1576 2439 1896 2512 insequitur.

299 2533 362 2588 In
389 2531 550 2586 factis
579 2529 725 2586 enim
752 2545 897 2598 saepe
929 2525 1255 2598 infirmitate,
1289 2544 1435 2600 saepe
1465 2529 1821 2602 negligentia,
1845 2529 1902 2584 in

297 2620 492 2676 studiis
527 2635 657 2675 vero
685 2617 958 2672 malitiosa
989 2633 1206 2688 semper
1233 2617 1529 2672 intentione
1559 2626 1833 2689 peccatur.
1873 2640 1894 2668 ι)

298 2709 439 2766 Hinc
469 2723 604 2782 ergo
634 2705 893 2777 colligant
933 2706 1024 2778 qui
1054 2705 1109 2761 in
1138 2705 1300 2778 culpa
1331 2723 1390 2762 se
1420 2705 1578 2762 etiam
1620 2723 1720 2778 per
1762 2723 1900 2764 con-

298 2797 481 2853 silium
510 2796 701 2870 ligant,
750 2811 858 2868 qua
887 2795 1216 2868 quandoque
1246 2794 1450 2850 ultione
1493 2794 1724 2850 feriendi
1753 2805 1896 2864 sunt,

299 2886 392 2960 qui
419 2901 570 2942 nunc
613 2899 909 2956 pravorum
947 2899 1058 2940 non
1099 2883 1252 2954 socii,
1287 2884 1384 2939 sed
1428 2884 1704 2956 principes
1742 2883 1897 2940 fiunt.

296 2976 550 3034 Schisma
587 2973 958 3042 nihilominus,
1010 2989 1118 3044 quo
1158 2981 1210 3028 te
1241 2989 1274 3028 a
1305 2973 1400 3028 tibi
1449 2973 1756 3030 commissis
1807 2991 1899 3030 se-

293 3072 615 3138 paraturum
670 3051 1008 3128 monstrasti,
1054 3061 1159 3117 nisi
1212 3069 1413 3118 tectum
1469 3063 1896 3129 subscriberent,

295 3171 436 3229 quos
471 3161 654 3210 tecum
699 3151 1109 3208 subscribentes
1139 3165 1171 3206 a
1199 3151 1378 3218 nobis,
1411 3151 1505 3224 qui
1533 3168 1595 3206 ea
1635 3169 1756 3224 quae
1801 3151 1897 3206 tibi

283 3253 341 3302 et
355 3243 607 3302 ecclesiae
651 3241 748 3297 tibi
777 3241 1103 3307 commissa,
1127 3240 1196 3297 de
1222 3240 1538 3312 evangelica
1575 3241 1820 3311 veritate,
1841 3250 1894 3298 et

289 3332 596 3406 apostolica
653 3329 990 3396 auctoritate,
1031 3337 1192 3402 atque
1246 3329 1510 3384 canonica
1560 3329 1894 3386 institutione

291 3421 486 3490 direxi,
539 3435 842 3485 servamus,
883 3419 991 3475 imo
1033 3419 1102 3474 ab
1146 3418 1397 3474 Ecclesia
1435 3419 1721 3486 catholica,
1773 3436 1894 3491 quae

287 3511 380 3568 illa
420 3517 608 3567 servat
637 3517 689 3564 et
729 3507 1182 3582 irrefragabiliter
1216 3523 1407 3564 omnes
1445 3523 1666 3564 servare
1709 3509 1888 3564 docet.

288 3602 358 3659 Ut
386 3599 650 3674 quoniam
689 3614 778 3654 me
824 3614 890 3654 ex
927 3597 1120 3653 merito
1166 3612 1290 3652 meo
1339 3595 1596 3668 despicis,
1645 3613 1710 3652 ex
1749 3597 1891 3652 beati

285 3688 581 3764 Augustini
608 3687 793 3743 verbis
821 3687 888 3742 de
918 3685 1210 3757 Scripturae
1241 3701 1411 3742 sacrae
1441 3685 1754 3742 auctoritate
1785 3687 1890 3741 do-

287 3781 465 3836 centis
493 3791 770 3852 agnoscas
785 3791 951 3848 quam
977 3791 1144 3847 grave
1165 3783 1450 3846 peccatum
1473 3776 1542 3830 sit
1560 3775 1886 3843 idololatria,

291 3867 441 3942 quod
469 3884 539 3924 ex
567 3866 772 3922 ambitu
799 3865 1098 3920 altitudinis
1119 3865 1404 3920 admisisse
1434 3865 1656 3934 videris,
1687 3872 1740 3919 et
1763 3863 1892 3936 quia

289 3957 516 4033 gravius
545 3964 630 4012 est
649 3955 892 4012 incensio
921 3954 1226 4010 divinorum
1257 3954 1613 4027 eloquiorum,
1645 3954 1712 4008 ad
1743 3953 1890 4026 quod

289 4063 376 4103 me
406 4052 668 4120 quantum
707 4061 773 4100 ex
801 4052 854 4100 te
892 4043 988 4099 fuit
1033 4042 1332 4108 traduxisti,
1367 4051 1420 4098 et
1459 4045 1718 4115 quoniam
1756 4059 1888 4116 gra-

289 4135 578 4192 vissimum
617 4134 686 4190 sit
729 4142 1013 4205 peccatum
1051 4133 1304 4200 schisma,
1338 4149 1456 4205 -quo
1501 4140 1555 4188 te
1585 4149 1617 4188 a
1647 4131 1890 4188 fraterna

287 4233 478 4282 nostra
525 4223 877 4280 unanimitate
924 4239 1026 4294 per
1053 4230 1198 4276 tuam
1227 4221 1592 4293 perniciosam
1641 4221 1888 4277 subscri-

291 4315 538 4387 ptionem
576 4313 864 4385 separasti,
899 4311 946 4367 si
973 4312 1028 4367 in
1057 4327 1142 4378 eo,
1177 4311 1322 4383 quod
1367 4311 1528 4378 absit,
1566 4327 1888 4380 permanere

289 4403 568 4478 delegeris
600 4419 614 4459 :
647 4410 699 4458 et
731 4401 778 4456 si
807 4401 946 4457 forte
974 4400 1060 4456 his
1107 4399 1498 4471 subscripsisti,
1549 4416 1671 4471 quae
1715 4415 1888 4454 evan-

289 4494 485 4570 gelica:
532 4491 744 4549 veritati
799 4498 852 4546 et
896 4489 1210 4562 apostolicae
1251 4489 1549 4545 auctoritati
1592 4489 1882 4556 contraria,

1927 3202 1976 3266 α

2003 1904 2154 1959 hiatu
2187 1911 2352 1961 terrae
2383 1906 2610 1977 sepultis
2639 1907 2952 1963 auctoribus
2982 1908 3140 1978 vivis,
3175 1916 3228 1964 et
3256 1911 3468 1967 caeteris
3498 1926 3605 1968 ca:-

2001 1993 2122 2048 lesti
2151 1993 2278 2065 igne
2309 1994 2663 2066 consumptis.
2695 1995 2829 2065 Quis
2851 1997 2965 2066 jam
2995 1997 3318 2054 dubitaverit
3343 2000 3450 2056 hoc
3478 2015 3602 2056 esse

2002 2081 2316 2138 sceleratius
2366 2083 2736 2151 commissum,
2788 2087 2934 2156 quod
2965 2093 3048 2142 est
3085 2087 3306 2158 gravius
3351 2087 3602 2146 vindica-

2001 2172 2152 2226 tum?
2188 2192 2209 2222 »
2244 2172 2326 2227 De
2355 2188 2421 2228 eo
2451 2173 2608 2244 quod
2637 2173 2694 2228 in
2723 2181 2812 2228 tua
2859 2175 3254 2246 subscriptione
3299 2176 3514 2245 misisti,
3546 2185 3606 2234 ut

2001 2267 2180 2316 tecum
2211 2261 2618 2318 subscribentes
2639 2281 2652 2318 :
2674 2263 2917 2322 Solliciti
2933 2281 3159 2322 servare
3179 2267 3466 2323 unitatem
3483 2268 3605 2340 spi-

2000 2351 2150 2406 ritus
2182 2353 2244 2406 in
2273 2351 2499 2408 vinculo
2536 2353 2713 2426 pacis,
2748 2353 2852 2410 hac
2894 2358 3078 2410 tecum
3119 2371 3256 2427 pace
3302 2357 3603 2427 potiantur

2000 2439 2190 2510 (Num.
2247 2439 2390 2513 xvr),
2443 2440 2499 2494 in
2545 2441 2742 2496 eode'n
2787 2441 2930 2497 libro
2986 2441 3114 2499 dicit
3159 2443 3228 2498 ad
3289 2443 3600 2502 Donatistas

2001 2529 2118 2598 (lib.
2153 2543 2192 2582 ιι
2217 2529 2284 2584 de
2331 2531 2515 2602 Bapt.,
2549 2544 2672 2600 cap.
2705 2529 2760 2602 6)
2797 2549 2808 2585 :
2847 2553 2869 2580 «
2905 2529 3089 2600 Quare
3136 2547 3247 2588 non
3289 2532 3599 2589 communi-

1997 2617 2143 2672 catis
2169 2617 2436 2683 ecclesiis,
2483 2617 2678 2690 quibus
2727 2619 2984 2690 epistolas
3029 2620 3360 2690 apostolicas
3400 2621 3599 2677 missas

2000 2705 2194 2761 tenetis
2223 2713 2276 2760 et
2303 2705 2505 2778 legitis,
2539 2714 2592 2762 et
2621 2708 2921 2764 secundum
2950 2707 3100 2780 ipsas
3129 2725 3228 2764 vos
3256 2709 3442 2766 vivere
3471 2710 3603 2767 dici-

2001 2793 2068 2849 tis
2089 2795 2118 2850 ?
2143 2816 2164 2844 ν
2189 2796 2257 2850 Et
2285 2803 2410 2866 post
2439 2811 2629 2866 pauca,
2662 2813 2783 2868 quae
2803 2797 2981 2852 studio
3005 2797 3285 2854 brevitatis
3315 2806 3600 2870 praetereo,

2001 2891 2053 2938 et
2103 2883 2276 2938 lector
2324 2883 2526 2939 ibidem
2567 2901 2633 2940 ex
2672 2885 2866 2940 ordine
2903 2885 3101 2958 poterit
3141 2886 3387 2943 invenire
3421 2905 3435 2943 :
3468 2889 3600 2956 Hos,

2000 2970 2192 3043 inquit,
2243 2988 2434 3028 omnes
2479 2973 2746 3030 catholica
2777 2974 2955 3029 unitas
2996 2983 3246 3032 materno
3295 2975 3414 3030 sinu
3444 2991 3600 3032 com-

1999 3060 2272 3132 plectitur,
2306 3061 2535 3117 invicem
2567 3077 2733 3118 onera
2762 3079 2858 3116 sua
2889 3071 3188 3134 portantes,
3237 3071 3288 3120 et
3317 3065 3600 3122 studentes

2001 3165 2224 3205 servare
2269 3149 2528 3204 unitatem
2573 3150 2794 3220 Spiritus
2842 3151 2897 3205 in
2936 3150 3152 3207 vinculo
3199 3152 3372 3223 pacis,
3425 3153 3600 3210 donec

1997 3237 2182 3293 alteris
2211 3255 2420 3305 eorum,
2455 3239 2500 3293 si
2531 3239 2659 3311 quid
2689 3239 2846 3295 aliter
2875 3239 3180 3312 sapiobant,
3217 3241 3480 3297 Dominus
3502 3259 3596 3299 re-

1997 3327 2220 3382 velaret.
2257 3329 2337 3382 De
2369 3328 2475 3384 hoc
2503 3336 2702 3394 autem,
2738 3329 2884 3400 quod
2913 3329 3069 3401 quasi
3091 3345 3157 3385 ex
3185 3331 3368 3385 verbis
3398 3331 3596 3387 Leonis

1997 3415 2326 3486 subjunxisti
2368 3417 2592 3490 (Ephes.
2626 3419 2706 3488 ιγ)
2739 3434 2754 3472 :
2793 3439 2814 3467 α
2853 3417 2908 3474 Si
2939 3417 3104 3490 aliqui
3148 3434 3308 3475 secus
3347 3420 3597 3476 nolentes

1996 3503 2115 3560 fieri
2147 3505 2280 3560 socii
2311 3505 2471 3575 hujus
2493 3505 2814 3577 disciplinm,
2848 3522 2951 3562 nec
2980 3508 3283 3562 habeantur
3302 3508 3594 3580 participes

1994 3593 2390 3649 communionis
2431 3602 2646 3660 nostrae,
2685 3615 2708 3644 ν
2743 3594 3092 3650 conferantur
3131 3597 3295 3652 verba
3336 3605 3429 3652 tua
3475 3612 3600 3654 cum

1992 3683 2173 3738 verbis
2219 3683 2417 3738 Leonis
2453 3681 2509 3736 in
2557 3682 2792 3754 capitulo
2817 3683 2909 3739 ubi
2947 3685 3064 3740 haec
3106 3684 3254 3753 dicit,
3288 3693 3340 3742 et
3371 3685 3597 3756 junctim

1991 3771 2260 3844 legantur,
2296 3771 2434 3826 sicut
2462 3771 2535 3826 ibi
2572 3772 2843 3827 habentur
2869 3771 3066 3846 (epist.
3110 3777 3160 3843 1,
3195 3791 3244 3841 c,
3279 3775 3382 3845 5):
3419 3797 3442 3826 ι
3477 3775 3595 3832 Hoc

1993 3859 2178 3932 itaque
2209 3859 2504 3916 admonitio
2536 3869 2717 3916 nostra
2747 3861 3028 3918 denuntiat
3075 3864 3222 3935 quod
3249 3863 3296 3918 si
3325 3863 3444 3936 quis
3473 3863 3592 3918 fra-

1991 3955 2128 4003 trum
2184 3957 2374 4006 contra
2425 3951 2542 4006 haec
2583 3951 2876 4006 constituta
2931 3951 3118 4008 venire
3179 3953 3490 4019 tentaverit,
3537 3961 3593 4009 et

1989 4037 2256 4108 prohibita
2300 4037 2462 4094 fuerit
2501 4054 2668 4093 ausus
2713 4040 3014 4108 admittere,
3057 4056 3088 4095 a
3137 4055 3237 4096 suo
3283 4057 3343 4097 se
3381 4041 3594 4098 noverit

1989 4125 2169 4182 ofﬁcio
2198 4127 2649 4194 submovendum,
2675 4143 2776 4182 nec
2805 4129 3202 4184 communionis
3221 4138 3420 4186 nostrae
3449 4129 3588 4185 futu-

1989 4231 2107 4269 rum
2152 4231 2275 4270 esse
2322 4223 2650 4282 consortem,
2699 4215 2794 4288 qui
2840 4216 3020 4272 socius
3065 4233 3188 4272 esse
3229 4217 3402 4272 noluit
3428 4218 3593 4273 disci-

1989 4303 2168 4374 plinae.
2203 4303 2284 4358 Ne
2319 4303 2448 4374 quid
2477 4320 2610 4360 vero
2641 4303 2710 4359 sit
2748 4304 2894 4376 quod
2922 4305 3346 4376 praetermissum
3373 4321 3404 4360 a
3433 4305 3590 4362 nobis

1987 4391 2124 4448 forte
2173 4393 2473 4448 credatur:
2510 4393 2706 4449 Omnia
2751 4394 3045 4451 decretalia
3099 4395 3412 4464 constituta,
3477 4403 3595 4450 tam

1989 4481 2165 4537 beatae
2194 4483 2595 4538 recordationis
2645 4484 2964 4551 Innocentii,
3005 4501 3168 4557 quam
3213 4485 3450 4540 omnium
3490 4485 3594 4540 de-

288 4565 345 4640 et
371 4582 614 4639 decretis
644 4588 956 4636 sanctorum
987 4578 1362 4647 conciliorum,
1407 4595 1530 4651 quas
1567 4578 1894 4653 universalis
1922 4565 1974 4626 D
1997 4587 2279 4627 cessorum
2319 4581 2649 4639 nostrorum,
2685 4590 2805 4645 qua:
2848 4574 2917 4629 de
2961 4574 3345 4630 ecclesiasticis
3388 4573 3598 4629 ordini-

286 4671 554 4729 Ecclesiaa
581 4670 836 4742 probavit
863 4685 1144 4734 assensus,
1178 4675 1232 4723 et
1253 4667 1566 4739 apostolicae
1594 4667 1742 4723 sedis
1772 4684 1898 4724 con-

286 4760 524 4818 ﬁrmavit
571 4759 881 4826 auctoritas,
929 4757 1280 4813 inveniuntur
1317 4758 1567 4813 adversa.
1612 4757 1700 4812 Ait
1749 4757 1896 4812 enim

283 4850 434 4908 idem
464 4851 659 4906 Beatus
689 4847 1027 4921 Augustinus
1057 4847 1286 4919 loquens
1317 4847 1386 4902 ad
1417 4845 1748 4910 Donatistas,
1783 4847 1894 4902 imo

289 4947 479 4996 contra
523 4937 838 4994 Donatislas
877 4935 1251 4992 schismaticos
1291 4951 1390 5007 per
1419 4936 1598 4992 carnis
1643 4953 1894 5007 praesen-

288 5028 443 5096 tiam,
487 5027 628 5083 sicut
665 5025 760 5081 tibi
787 5041 934 5082 nunc
977 5024 1126 5097 loqui
1167 5024 1406 5081 creditur
1445 5042 1545 5096 per
1589 5024 1894 5080 litterarum

289 5133 514 5174 suarum
562 5115 888 5181 doctrinam,
939 5122 992 5170 et
1035 5130 1158 5187 quae
1205 5113 1340 5170 mori
1393 5130 1669 5186 nunquam
1725 5114 1895 5186 potuit

289 5206 618 5265 charitatem
651 5223 664 5260 :
698 5204 844 5262 velut
870 5204 990 5275 ipse
1038 5203 1107 5260 de
1149 5202 1416 5275 Cypriano
1464 5203 1593 5260 dicit
1629 5204 1748 5274 (lib.
1774 5204 1894 5260 vde

286 5298 478 5370 Bapt.,
513 5310 564 5352 c.
597 5297 688 5366 i7)
723 5311 736 5348 :
775 5315 798 5342 α
834 5294 1082 5350 Praesens
1111 5301 1212 5362 est,
1248 5291 1521 5363 inquiens,
1567 5308 1678 5348 non
1717 5293 1894 5348 solum

287 5401 393 5458 per
422 5384 633 5440 litteras
672 5398 821 5450 suas,
869 5383 967 5438 sed
997 5381 1160 5438 etiam
1199 5397 1298 5452 per
1325 5381 1518 5453 ipsam,
1565 5397 1684 5452 qua
1714 5382 1770 5436 in
1800 5381 1894 5436 illo

290 5473 532 5543 maxime
561 5471 736 5546 viguit
751 5479 804 5528 et
832 5471 974 5528 mori
993 5486 1270 5544 nunquam
1290 5469 1480 5542 potuit,
1513 5470 1890 5526 cbaritatem.»

286 5563 510 5636 Quique
537 5570 588 5620 te
608 5577 730 5618 cum
745 5561 990 5634 praefatis
1010 5561 1294 5632 alloquens
1328 5560 1446 5632 (lib.
1468 5575 1506 5614 ιι
1540 5560 1606 5616 de
1635 5560 1822 5633 Bapt.,
1841 5577 1890 5616 c.

287 5657 351 5725 6)
387 5670 401 5708 :
437 5674 460 5704 ι
483 5651 689 5722 Quare,
725 5650 918 5726 inquit,
950 5666 1070 5720 vos,
1104 5665 1213 5707 non
1242 5649 1366 5707 dico
1395 5649 1464 5705 ab
1494 5649 1892 5718 innocentibus,

1999 4661 2120 4727 bus,
2153 4669 2206 4716 et
2235 4677 2505 4716 canonum
2555 4663 2897 4734 promulgata
2943 4671 3065 4718 sunt
3111 4662 3432 4736 disciplinis,
3465 4663 3540 4718 ita
3569 4679 3600 4719 a

1997 4757 2178 4805 vestra
2205 4749 2498 4807 dilectione
2541 4751 2804 4808 custodiri
2843 4752 3045 4807 debere
3076 4751 3418 4818 mandamus,
3469 4759 3527 4807 ut
3553 4751 3602 4808 si

1999 4839 2120 4911 quis
2151 4839 2205 4894 in
2237 4839 2326 4893 illa
2357 4839 2706 4910 commiserit,
2755 4841 2966 4896 veniam
2999 4840 3102 4894 sibi
3131 4840 3396 4913 deinceps
3425 4858 3600 4898 nove-

1995 4929 2062 4983 rit
2111 4928 2390 5000 denegari.
2448 4950 2470 4979 ιι
2523 4931 2652 4986 Haac
2700 4937 2782 4984 est
2827 4929 3113 5002 integritas
3175 4929 3393 5002 capituli
3454 4931 3599 4988 beati

1995 5018 2210 5072 Leonis.
2272 5019 2586 5072 Intueamur
2655 5033 2806 5090 ergo,
2870 5017 2916 5072 si
2971 5017 3256 5091 disciplina
3335 5020 3600 5078 discenda

1994 5106 2102 5161 tuis
2149 5122 2182 5162 a
2227 5113 2279 5161 te
2321 5106 2988 5182 propositahdisciplinm,
3049 5125 3208 5181 quam
3264 5110 3596 5183 sequendam

1994 5196 2105 5252 Lco
2135 5195 2337 5261 docuit,
2363 5212 2516 5267 inqua
2539 5203 2685 5251 sorte
2708 5196 3014 5264 conveniat,
3039 5207 3131 5253 aut
3161 5198 3209 5252 si
3231 5206 3320 5254 tua
3351 5199 3598 5256 doctrina

1995 5285 2063 5340 ab
2109 5285 2254 5340 illius
2299 5284 2540 5341 doctrina
2603 5285 2898 5353 discordet,
2950 5294 3002 5342 et
3041 5287 3250 5356 judicet
3287 5289 3484 5344 cmlum
3535 5303 3600 5344 ac

1995 5381 2137 5430 terra
2181 5391 2303 5446 quae
2349 5373 2528 5445 potius
2577 5373 2645 5429 sit
2685 5376 2985 5447 sequenda,
3041 5384 3128 5432 tua
3167 5377 3473 5448 disciplina,
3525 5392 3598 5432 an

1996 5462 2192 5518 Leonis
2221 5462 2486 5519 doctrina.
2519 5464 2587 5518 Et
2607 5480 2730 5520 cum
2751 5464 2892 5520 idem
2917 5465 3028 5521 Leo
3052 5465 3194 5523 dicat
3217 5485 3231 5522 :
3259 5487 3282 5517 α
3307 5467 3421 5522 Nec
3449 5481 3597 5522 com-

1994 5551 2271 5608 munionis
2315 5559 2518 5608 nostrae
2567 5569 2692 5610 esse
2740 5562 3068 5624 consortem,
3115 5555 3208 5627 qui
3249 5554 3431 5611 socius
3475 5570 3600 5610 esse

2003 5649 2176 5708 noluit
2205 5651 2526 5725 disciplinae,
2557 5673 2580 5704 »
2601 5652 3019 5711 discernendum
3040 5661 3142 5724 est,
3175 5653 3329 5723 cujus
3357 5667 3600 5710 commu-
