4164 6334
495 432 602 488 467

1523 422 1868 482 HINCMARI
1903 419 2308 480 RHEMENSIS
2345 415 2896 476 ARCHIEPISCOPI.

3702 417 3804 472 468

497 557 737 624 nionem,
767 554 912 612 illius
943 569 1069 612 cum
1096 551 1394 610 universali
1421 549 1684 618 Ecclesia,
1715 565 1786 604 an
1816 556 1962 604 tuam
1991 562 2096 620 op-
2125 545 2334 616 Aejus.
2377 566 2398 596 »
2433 546 2563 602 Haec
2591 543 2799 602 idcirco
2827 542 2999 601 tribus
3039 541 3323 616 promissis
3351 541 3421 599 de
3449 541 3633 599 verbis
3663 541 3814 598 beati

500 645 692 720 pidani
721 645 966 718 episcopi
993 661 1115 700 cum
1150 643 1256 699 tuis
1283 641 1640 716 complicibus
1678 639 1874 696 debeat
1903 639 2098 694 catho-

497 735 637 791 licus
694 735 923 809 quisque
987 733 1214 806 eligere,
1275 731 1580 804 praesertim
1625 745 1750 785 cum
1803 727 1950 783 idem
1992 727 2102 781 Leo

503 822 648 881 dicat
681 843 696 880 :
735 847 757 874 α
793 824 849 880 Si
879 823 1002 896 quis
1030 823 1088 878 in
1116 821 1412 879 decretalis.
1452 819 1744 877 constituta
1780 825 1892 873 tam
1931 817 2103 872 beata:

503 913 902 971 recordationis
931 911 1250 978 Innocentii,
1285 926 1450 984 quam
1477 909 1720 966 omnium
1749 907 2104 963 decessorum

507 1020 752 1073 suorum,
787 1019 906 1076 quae
935 1002 1004 1058 de
1021 999 1404 1058 ecclesiasticis
1434 998 1736 1065 ordinibus,
1761 1004 1813 1052 et
1835 1011 2104 1053 canonum

505 1093 857 1167 promulgata
885 1099 1008 1147 sunt
1037 1090 1338 1162 disciplinis
1376 1087 1726 1158 commiserit,
1757 1085 1972 1144 veniam
2001 1084 2106 1140 sibi

506 1182 769 1254 deinceps
798 1180 1007 1236 noverit
1039 1177 1320 1252 denegari.
1353 1202 1374 1226 »
1408 1179 1470 1232 In
1499 1193 1619 1250 quae
1648 1174 1941 1232 decretalia
1969 1189 2106 1231 con-

511 1271 691 1328 stituta
733 1278 786 1327 te
834 1268 1213 1326 manisfestum
1259 1275 1342 1322 est
1391 1265 1750 1334 commisisse,
1801 1263 1940 1320 sicut
1971 1271 2023 1318 et
2051 1263 2107 1318 in

513 1361 730 1432 scriptis
761 1358 932 1416 semel
959 1367 1011 1415 et
1042 1357 1286 1414 secundo
1314 1373 1346 1413 a
1369 1373 1458 1412 me
1488 1355 1584 1410 tibi
1613 1353 1831 1410 directis
1869 1351 2108 1409 ostendi-

510 1457 620 1519 tur,
653 1457 704 1506 et
733 1464 862 1506 ecce
885 1447 999 1517 jam
1027 1447 1185 1504 tertio
1215 1445 1270 1500 in
1289 1447 1395 1502 hoc
1423 1444 1628 1516 scripto
1649 1459 1816 1516 supra
1845 1449 2110 1498 monstra-

511 1547 600 1594 tur
627 1555 639 1595 :
664 1554 696 1594 a
727 1554 960 1610 quorum
993 1535 1300 1609 disciplina,
1342 1535 1451 1592 imo
1482 1550 1515 1590 a
1545 1533 1811 1590 catholica
1839 1530 2106 1599 Ecclesia,

512 1628 666 1698 cujus
716 1627 975 1684 exstitere
1023 1634 1284 1693 rectores,
1333 1625 1440 1681 hac
1470 1623 1871 1695 subscriptione
1919 1628 2014 1676 tua
2059 1627 2112 1676 te

515 1717 798 1790 separasti,
831 1716 896 1784 si,
931 1723 989 1771 ut
1017 1715 1330 1788 praedictum
1362 1721 1463 1782 est,
1496 1720 1550 1769 et
1575 1728 1793 1784 semper
1821 1709 2113 1767 dicendum

515 1814 616 1875 est,
656 1821 690 1862 a
725 1813 778 1862 te
826 1805 1135 1877 subscripta
1182 1803 1392 1860 eisdem
1438 1802 1743 1860 constitutis
1786 1817 1908 1858 esse
1955 1799 2114 1855 inve-

2202 635 2496 710 Augustini
2569 651 2601 690 a
2654 651 2743 690 me
2785 634 2879 689 tibi
2927 632 3297 706 proponendis
3334 632 3625 705 praeposui,
3667 648 3811 705 quo-

2203 726 2347 781 niam
2379 725 2497 781 zelo
2513 731 2566 780 et
2586 723 2770 780 furore
2799 723 2892 778 illa
2921 721 3233 795 perniciosa
3253 721 3568 796 ligamenta,
3598 721 3667 777 de
3698 720 3815 793 qui-

2203 815 2305 871 bus
2317 814 2519 888 agitur,
2536 821 2588 870 te
2607 813 2806 886 egisse,
2827 821 2880 868 et
2899 813 3040 868 hanc
3054 819 3242 868 contra
3254 827 3440 867 sacras
3451 810 3672 884 regulas
3683 809 3813 866 sub-

2207 903 2560 976 scriptionem
2575 901 2920 959 adinvenisse
2950 901 3220 958 veraciter
3237 900 3527 957 credimus.
3563 899 3814 972 Quapro-

2206 1002 2327 1066 pter
2345 991 2720 1050 necessarium
2742 991 2869 1046 duxi
2887 989 3125 1064 primum
3147 989 3367 1064 quidem
3383 989 3481 1044 tibi
3501 989 3810 1061 ostendere,

2209 1083 2337 1156 quia
2352 1082 2528 1138 insola
2543 1081 2828 1149 catholica,
2844 1081 3051 1136 unitate
3061 1097 3162 1152 per
3171 1081 3412 1138 haereses
3428 1079 3515 1136 vel
3527 1078 3818 1136 schismata

2209 1188 2321 1228 non
2347 1171 2541 1238 divisa,
2566 1187 2700 1228 vera
2729 1177 2855 1226 sunt
2874 1170 3196 1244 ligamenta,
3227 1178 3286 1226 ut
3311 1185 3444 1225 vera
3474 1177 3597 1224 sunt
3633 1184 3816 1225 sacra-

2209 1268 2413 1318 menta.
2437 1283 2460 1313 «
2486 1262 2622 1316 Puto
2650 1277 2759 1330 me,
2793 1259 2967 1332 inquit
2995 1259 3185 1316 beatus
3213 1259 3550 1331 Augustinus
3585 1257 3702 1331 (lib.
3737 1274 3817 1313 vn

2211 1351 2276 1407 de
2309 1353 2492 1424 Bapt.,
2518 1367 2568 1406 c.
2593 1351 2706 1422 51),
2737 1365 2850 1405 non
2876 1357 3086 1404 temere
3117 1348 3324 1417 dicere,
3349 1347 3488 1404 alios
3517 1347 3590 1402 ita
3621 1347 3820 1402 essein

2213 1440 2378 1496 domo
2407 1439 2529 1508 Dei,
2560 1448 2618 1495 ut
2643 1439 2750 1512 ipsi
2775 1439 2937 1495 etiam
2963 1439 3072 1494 sint
3099 1437 3289 1495 eadem
3319 1439 3514 1494 domus
3545 1437 3664 1505 Dei,
3696 1453 3819 1510 que

2215 1529 2410 1586 dicitur
2437 1529 2698 1586 aedificari
2728 1545 2895 1601 super
2930 1537 3159 1602 petram,
3205 1545 3327 1602 quae
3366 1527 3528 1588 unica
3565 1525 3822 1584 columba

2217 1619 2533 1692 appellatur,
2569 1635 2688 1691 quae
2718 1634 2916 1692 sponsa
2943 1618 3173 1691 pulchra
3201 1617 3318 1674 sine
3339 1616 3556 1674 macula
3582 1625 3634 1673 et
3662 1632 3818 1690 ruga,

2218 1717 2271 1766 et
2297 1710 2488 1766 hortus
2509 1709 2819 1777 conclusus,
2839 1707 2961 1765 fons
2979 1707 3241 1782 signatus,
3265 1715 3462 1780 puteus
3483 1722 3640 1779 aquae
3658 1705 3817 1775 vivae,

2220 1798 2508 1870 paradisus
2541 1814 2666 1855 cum
2695 1797 2874 1856 fructu
2905 1814 3194 1870 pomorum
3227 1815 3242 1854 :
3276 1813 3398 1870 quae
3439 1796 3634 1852 domus
3658 1795 3824 1851 etiam

511 1895 736 1952 niuntur
801 1895 1048 1950 adversa.
1095 1893 1439 1966 Quapropter
1483 1893 1660 1948 adhuc
1697 1890 1859 1946 etiam
1887 1889 1990 1946 tria
2017 1888 2115 1944 tibi
2145 1887 2402 1984 Bclaves
2451 1887 2682 1960 accepit,
2717 1903 2783 1945 ac
2825 1895 3150 1960 potestatem
3205 1885 3455 1943 solvendi
3499 1893 3552 1943 et
3595 1883 3820 1957 ligandi.

513 2003 581 2042 ex
609 1983 799 2056 verbis
809 1984 956 2042 beati
975 1983 1266 2057 Augustini
1287 1981 1568 2040 catholicae
1595 1979 1857 2037 Ecclesiae
1878 1977 2118 2036 doctoris

517 2075 702 2132 eximii
730 2073 1086 2146 proponenda
1115 2072 1396 2145 proposui,
1438 2087 1768 2144 praeponens
1815 2068 1902 2124 his
1947 2069 2122 2123 tribus

521 2163 670 2220 beati
697 2161 956 2236 Cypriani
987 2161 1331 2229 sententiam,
1365 2177 1399 2216 a
1436 2161 1597 2217 beato
1627 2157 1934 2233 Augustino
1963 2158 2122 2214 favo-

523 2251 766 2309 rabiliter
807 2251 1170 2308 collaudatam
1220 2251 1408 2324 (epist.
1452 2252 1540 2320 73,
1570 2249 1642 2306 ad
1682 2249 2022 2320 Jubajanum
2068 2246 2126 2302 in

524 2338 674 2412 ﬁne),
727 2348 779 2396 et
825 2340 896 2396 ab
938 2339 1189 2396 omnibus
1235 2338 1517 2396 catholicis
1575 2354 1639 2395 ac
1678 2337 1768 2410 pie
1816 2335 2124 2394 viventibus

521 2430 941 2503 acceptandam.
986 2451 1010 2482 α
1045 2429 1318 2501 Servatur,
1363 2429 1538 2502 inquit
1567 2429 1757 2484 beatus
1825 2425 2128 2500 Cyprianus

524 2521 644 2593 (lib.
664 2537 722 2576 tv
751 2519 816 2576 de
847 2522 1032 2595 Bapt.,
1067 2536 1187 2592 cap.
1222 2522 1299 2591 7),
1319 2535 1352 2576 a
1373 2518 1532 2574 nobis
1556 2517 1828 2590 patienter
1857 2524 1910 2572 et
1938 2514 2132 2572 leniter

526 2609 756 2668 Charitas
783 2609 968 2679 animi,
1012 2610 1189 2666 honor
1233 2609 1473 2682 collegii,
1514 2607 1786 2665 vinculum
1815 2605 1962 2675 ﬁdei,
1994 2621 2130 2662 con-

527 2700 716 2758 cordia
746 2699 1054 2756 sacerdotii.
1092 2719 1114 2750 »
1144 2700 1292 2765 Haec,
1339 2697 1513 2771 inquit
1558 2697 1919 2770 Augustinus,
1962 2695 2134 2752 verba

529 2789 786 2864 Cypriani
815 2797 960 2845 sunt.
992 2791 1078 2844 An
1097 2789 1235 2846 forte
1265 2789 1466 2846 invidia
1494 2795 1547 2846 et
1565 2787 1834 2844 malevola
1865 2783 2134 2842 dissensio

523 2896 758 2954 parvum
775 2879 980 2936 malum
997 2880 1125 2936 est?
1146 2877 1432 2948 Quomodo
1473 2893 1608 2951 ergo
1637 2877 1726 2933 isti
1756 2883 1909 2932 erant
1937 2875 1993 2930 in
2008 2873 2134 2930 uni-

531 2977 662 3037 tate,
700 2969 790 3043 qui
820 2985 930 3025 non
961 2968 1188 3025 erantin
1215 2984 1353 3041 pace
1375 2968 1402 3022 ‘?
1421 2968 1536 3024 Vox
1567 2966 1714 3022 enim
1743 2981 1854 3022 non
1881 2979 2024 3032 mea,
2049 2969 2138 3018 aut

529 3059 757 3130 alicujus
783 3059 1039 3129 hominis,
1073 3059 1172 3115 sed
1199 3057 1371 3130 ipsius
1409 3055 1646 3128 Domini,
1679 3071 1780 3112 nec
1821 3071 1922 3127 per
1956 3052 2138 3110 homi-

532 3165 652 3221 nes,
686 3149 786 3206 sed
816 3166 918 3222 per
947 3148 1174 3222 angelos
1214 3147 1394 3204 sonuit
1432 3145 1648 3202 Christo
1676 3153 1805 3201 nato
1839 3144 2049 3201 :Gloria
2076 3142 2140 3198 in

533 3240 778 3296 excelsis
798 3241 928 3306 Deo,
954 3241 1010 3296 et
1027 3239 1090 3294 in
1113 3240 1267 3294 terra
1280 3255 1402 3310 pax
1422 3236 1743 3294 hominibus
1765 3235 1918 3292 bona:
1934 3233 2136 3290 volun-

1045 3326 1204 3396 Quod
1247 3294 1432 3398 utique
1461 3333 1590 3382 nato
1609 3325 1666 3380 in
1695 3323 1858 3380 terris
1917 3321 2132 3378 Christo
2165 3294 2214 3358 Ο

533 3434 644 3475 non
676 3425 891 3474 sonaret
921 3432 1020 3474 ore
1047 3415 1319 3490 angelico,
1342 3415 1448 3472 nisi
1477 3417 1626 3472 Deus
1655 3415 1760 3470 hoc
1781 3413 1944 3470 vellet
1972 3409 2134 3467 intel-

533 3507 652 3582 ligi,
687 3524 783 3565 eos
829 3523 953 3564 esse
983 3507 1040 3562 in
1072 3507 1274 3563 unitate
1321 3504 1568 3579 corporis
1617 3503 1832 3574 Christi,
1885 3501 1978 3575 qui
2015 3507 2138 3556 sunt

530 3597 588 3654 in
629 3614 765 3671 pace
815 3596 1032 3666 Christi,
1086 3613 1181 3654 eos
1237 3604 1416 3652 autem
1467 3610 1592 3652 esse
1637 3593 1695 3650 in
1735 3608 1872 3666 pace
1916 3589 2134 3657 Christi,

531 3687 624 3761 qui
674 3694 798 3743 sunt
843 3687 1004 3743 bona:
1068 3685 1380 3744 voluntatis.
1441 3685 1616 3742 Porro
1676 3683 1816 3740 sicut
1861 3681 1918 3738 in
1965 3681 2138 3736 bene-

536 3775 774 3834 volentia
820 3775 968 3831 bona
1014 3775 1288 3845 voluntas,
1339 3773 1420 3830 sic
1459 3775 1519 3830 in
1558 3772 1939 3830 malevolentia
1997 3768 2141 3824 mala

535 3865 788 3925 voluntas
842 3873 945 3922 est.
1005 3865 1128 3920 Jam
1183 3880 1316 3922 vero
1385 3863 1506 3937 ipsa
1573 3863 1796 3931 invidia,
1859 3877 1978 3934 quae
2032 3874 2142 3915 non

537 3963 720 4029 potest
768 3971 892 4012 esse
942 3953 1048 4011 nisi
1103 3953 1392 4022 malevola,
1447 3960 1707 4027 quantum
1759 3950 1960 4008 malum
2015 3949 2144 4006 est?

538 4047 665 4103 Non
729 4061 1037 4119 quaeramus
1099 4044 1236 4101 alios
1297 4051 1483 4113 testes,
1542 4042 1736 4100 sufficit
1803 4041 1961 4098 nobis
2025 4039 2146 4112 ipse

543 4135 868 4210 Cyprianus,
901 4151 1001 4208 per
1045 4151 1208 4208 quem
1255 4142 1360 4190 tam
1406 4134 1575 4191 multa
1601 4134 1672 4191 de
1718 4132 1834 4190 zelo
1877 4139 1931 4188 et
1975 4129 2144 4186 livore

539 4225 806 4284 Dominus
843 4225 1196 4283 veracissima
1219 4225 1468 4296 intonuit,
1506 4233 1561 4282 et
1589 4223 1828 4282 salubria
1884 4218 2146 4295 prrecepit

545 4316 817 4391 Legamus
843 4332 978 4390 ergo
1007 4315 1308 4389 Epistolam
1336 4315 1594 4388 Cypriani
1622 4315 1691 4371 de
1721 4313 1837 4370 zelo
1867 4320 1921 4370 et
1948 4313 2140 4381 livore,

543 4413 596 4464 et
625 4406 906 4463 videamus
929 4413 1186 4478 quantum
1216 4405 1418 4462 malum
1441 4405 1508 4460 sit
1534 4405 1774 4462 invidere
1803 4403 2142 4470 melioribus,

2225 1979 2376 2034 Hanc
2417 1977 2641 2034 domum
2680 1977 2727 2033 si
2756 1979 2878 2051 quis
2917 1977 3300 2050 corripientem
3346 1975 3823 2050 corrigentemque

2223 2066 2629 2138 contempserit,
2682 2067 2750 2122 sit
2796 2065 2910 2138 tibi,
2961 2066 3152 2140 inquit,
3196 2075 3453 2138 tanquam
3495 2065 3742 2124 ethnicus
3771 2071 3827 2120 et

2223 2157 2564 2230 publicanus.
2593 2176 2616 2206 ι
2640 2157 2708 2211 Et
2739 2155 3022 2213 sciendum
3052 2156 3212 2212 nobis
3243 2163 3342 2223 est,
3381 2155 3504 2228 quia
3532 2153 3828 2228 praeposita

2227 2245 2415 2320 regula
2461 2245 2791 2318 corripiendi
2837 2247 2960 2302 data
3005 2245 3134 2302 huic
3175 2244 3360 2302 domui
3407 2244 3528 2312 Dei,
3576 2243 3829 2301 videlicet

2229 2335 2510 2393 catholicae
2540 2335 2821 2404 Ecclesiae,
2853 2336 2971 2392 hate
3002 2335 3268 2392 sententia
3297 2334 3344 2390 si
3373 2341 3683 2406 contempta.
3713 2332 3831 2389 fue-

2229 2425 2317 2493 rit,
2353 2425 2630 2481 subditur:
2655 2427 2742 2482 Sit
2772 2426 2892 2494 tibi,
2922 2425 3114 2498 inquit,
3168 2429 3440 2499 tanquam
3470 2425 3732 2481 ethnicus
3773 2426 3828 2479 ct

2225 2515 2566 2589 publicanus
2596 2515 2825 2588 (Matth.
2858 2515 3044 2588 xvm).
3079 2514 3387 2572 Secundum
3415 2521 3594 2569 autem
3622 2512 3832 2586 capitu-

2231 2604 2366 2673 lum,
2399 2612 2588 2660 contra
2627 2604 2884 2675 injustam
2926 2604 3312 2678 obligationem
3351 2603 3691 2660 innoxiorum
3720 2619 3751 2658 a
3781 2610 3833 2659 te

2233 2701 2520 2768 patratam,
2555 2694 2709 2767 quasi
2739 2694 3042 2766 specialiter
3069 2695 3138 2751 de
3165 2695 3272 2751 hoc
3297 2693 3438 2752 facto
3467 2693 3756 2766 loquentis,
3781 2699 3835 2748 et

2236 2793 2288 2840 te
2315 2801 2421 2840 una
2463 2801 2587 2842 cum
2629 2783 2709 2840 eis
2741 2800 2878 2858 quos
2924 2784 3303 2857 alloquebatur
3349 2783 3730 2855 computantis,
3769 2799 3836 2839 ex

2237 2873 2418 2930 verbis
2446 2875 2693 2944 ejusdem
2735 2873 2972 2931 doctoris
2999 2872 3276 2947 magniﬁci
3307 2873 3406 2928 tibi
3445 2888 3711 2945 propono,
3746 2873 3836 2928 di-

2239 2963 2412 3022 centis
2461 2965 2549 3034 (D.
2603 2967 2744 3036 Aug.
2777 2965 2820 3019 Ι.
2855 2979 2894 3020 ιι
2930 2964 2996 3020 de
3025 2966 3210 3037 Bapt.,
3243 2979 3292 3021 c.
3329 2962 3383 3036 6)
3415 2979 3428 3018 :
3463 2984 3486 3015 ε
3521 2962 3578 3018 Si
3606 2970 3732 3018 tunc
3782 2962 3840 3020 in

2240 3053 2362 3110 illos
2391 3069 2528 3125 quos
2559 3053 2874 3126 arguebatis
2901 3071 3028 3111 vera
3047 3053 3323 3122 diceretis,
3356 3069 3574 3110 causam
3603 3060 3842 3109 vestram

2242 3143 2432 3198 unitati
2462 3143 2610 3199 orbis
2640 3151 2906 3200 terrarum
2933 3143 3368 3216 persuasissetis,
3392 3152 3450 3198 ut
3477 3143 3632 3200 vobis
3662 3151 3846 3198 reten-

2243 3233 2313 3289 tis
2343 3232 2422 3289 illi
2449 3233 2892 3291 excluderentur.
2925 3233 3082 3304 Quod
3113 3234 3159 3288 si
3179 3232 3354 3290 conati
3393 3233 3524 3290 estis
3552 3233 3756 3300 facere,
3789 3241 3846 3288 et

2235 3339 2343 3379 non
2375 3323 2702 3392 obtinuistis,
2734 3323 2996 3380 innocens
3051 3323 3196 3380 orbis
3224 3331 3493 3379 terrarum
3523 3323 3614 3396 qui
3637 3321 3842 3392 judici-

2235 3412 2338 3468 bus
2369 3413 2751 3470 ecclesiasticis
2779 3413 2958 3485 potius
2979 3429 3142 3486 quam
3162 3412 3318 3470 victis
3332 3413 3697 3487 litigatoribus
3723 3429 3846 3468 cre-

2239 3501 2393 3558 didit.
2428 3502 2486 3558 Si
2515 3511 2698 3559 autem
2725 3503 2975 3559 noluistis
3014 3519 3184 3577 agere
3213 3519 3434 3560 causam
3463 3510 3724 3572 vestram,
3751 3501 3843 3558 in-

2239 3607 2445 3648 nocens
2491 3599 2575 3648 est
2603 3593 2752 3649 orbis
2798 3601 3067 3650 terrarum
3099 3593 3190 3666 qui
3227 3593 3488 3650 damnare
3523 3609 3632 3649 non
3671 3592 3845 3665 potuit

2239 3681 2528 3738 inauditos.
2563 3681 2747 3752 Quare
2791 3698 2927 3757 ergo
2955 3699 3056 3740 vos
3083 3683 3150 3738 ab
3189 3683 3570 3740 innocentibus
3607 3697 3843 3754 separa-

2241 3771 2382 3826 stis?
2425 3771 2784 3846 Sacrilegium
2831 3773 3140 3830 schismatis
3185 3773 3354 3830 vestri
3396 3773 3690 3829 defendere
3735 3788 3848 3828 non

2241 3861 2505 3918 valetis.»
2551 3861 2830 3934 Spiritales
2877 3871 3078 3931 autem,
3121 3861 3236 3920 sive
3274 3862 3344 3918 ad
3384 3864 3491 3920 hoc
3531 3863 3712 3936 ipsum
3754 3861 3846 3934 pio

2241 3951 2419 4006 studio
2446 3951 2814 4024 proﬁcientes,
2848 3970 2959 4010 non
2988 3961 3117 4010 eunt
3145 3951 3312 4022 foras,
3343 3953 3472 4026 quia
3502 3961 3554 4009 et
3583 3968 3708 4009 cum
3739 3951 3846 4008 ali-

2247 4055 2355 4112 qua
2381 4041 2467 4097 vel
2491 4041 2850 4112 perversitate
2879 4043 2965 4101 vel
2992 4042 3322 4101 necessitate
3349 4042 3632 4100 hominum
3655 4041 3850 4098 viden-

2243 4138 2328 4186 tur
2355 4131 2570 4204 expelli,
2602 4131 2679 4187 ibi
2704 4133 2885 4207 magis
2940 4135 3174 4206 probant
3199 4123 3384 4207 quam
3429 4133 3574 4190 intus
3618 4148 3847 4206 perma-

2245 4228 2428 4291 neant,
2455 4237 2578 4278 cum
2594 4223 2858 4301 adversus
2876 4223 3184 4280 Ecclesiam
3205 4224 3512 4280 nullatenus
3540 4223 3845 4297 eriguntur,

2243 4311 2342 4366 sed
2371 4310 2426 4366 in
2457 4312 2630 4368 solida
2659 4313 2874 4369 unitatis
2903 4321 3058 4386 petra
3086 4313 3382 4370 fortissimo
3437 4313 3718 4371 charitatis
3750 4329 3844 4369 ro-

2243 4400 2378 4458 bore
2405 4400 2737 4459 radicantur.
2770 4403 2856 4460 Ad
2885 4405 2989 4460 hoc
3034 4403 3180 4460 enim
3210 4404 3448 4476 pertinet
3496 4403 3641 4476 quod
3669 4403 3723 4459 in
3754 4403 3850 4458 illo

547 4496 703 4567 cujus
731 4495 860 4551 mali
901 4495 1174 4568 originem
1203 4495 1270 4548 ab
1294 4493 1416 4566 ipso
1447 4494 1666 4551 diabolo
1709 4493 1981 4550 exstitisse
2023 4509 2144 4548 me-
2242 4491 2477 4548 Abrahae
2508 4491 2776 4551 sacrificio
2804 4494 3040 4552 dicitur:
3074 4495 3214 4552 Aves
3257 4498 3451 4551 autem
3493 4511 3609 4551 non
3653 4493 3852 4550 divisit

544 4584 881 4643 morabiliter
925 4583 1104 4640 docet.
1160 4605 1182 4636 α
1225 4583 1436 4650 Zelare,
1489 4582 1682 4656 inquit,
1743 4582 1890 4654 quod
1944 4583 2146 4639 bonum
2243 4581 2406 4652 (Gen.
2439 4583 2562 4656 xv),
2595 4583 2849 4641 videlicet
2869 4585 2998 4658 quia
3025 4601 3086 4642 se
3105 4585 3173 4640 ab
3199 4585 3406 4642 unitate
3437 4583 3709 4656 spiritales
3737 4599 3851 4640 non

541 4676 750 4746 videas,
786 4680 840 4730 et
867 4673 1112 4731 invidere
1159 4673 1496 4742 melioribus,
1542 4673 1663 4730 leve
1711 4672 1854 4744 apud
1885 4671 2146 4743 quosdam
2169 4671 2566 4741 Dpraecidunt.
2617 4671 2736 4742 Quo
2785 4683 2976 4732 contra
3011 4674 3412 4732 Antiochenum
3452 4673 3745 4730 concilium
3780 4673 3851 4730 de

545 4772 598 4820 et
626 4763 904 4821 modicum
941 4763 1150 4820 crimen
1197 4761 1429 4831 videtur,
1479 4761 1674 4818 fratres
1721 4760 2078 4816 dilectissimi.
2117 4782 2139 4811 υ

548 4851 760 4909 Deinde
787 4853 948 4926 paulo
978 4861 1122 4925 post,
1159 4868 1280 4908 cum
1303 4852 1419 4922 ejus
1448 4850 1576 4906 mali
1604 4858 1765 4923 caput
1793 4857 1953 4922 atque
1977 4849 2148 4923 origi-

547 4957 676 4998 nem
705 4951 974 5014 quaereret
1008 4961 1021 4997 :
1061 4965 1082 4992 «
1117 4941 1256 4998 Hinc
1285 4940 1556 5009 diabolus,
1603 4939 1796 5012 inquit,
1826 4938 1967 4996 inter
1995 4939 2147 4996 initia

547 5030 730 5088 statim
760 5031 968 5098 mundi,
1003 5039 1056 5088 et
1070 5030 1228 5103 periit
1247 5029 1458 5102 primus
1478 5037 1530 5086 et
1559 5029 1817 5102 perdidit.
1843 5050 1864 5080 ν
1891 5031 1958 5085 Et
1985 5029 2146 5102 paulo

546 5129 703 5194 post:
733 5143 757 5173 (ι
783 5120 955 5190 Quale
983 5121 1186 5176 malum
1215 5128 1314 5188 est,
1366 5119 1554 5192 inquit,
1588 5119 1801 5190 fratres,
1837 5136 1944 5194 quo
1971 5136 2146 5194 ange-

541 5211 628 5267 lus
653 5211 865 5281 cecidit,
900 5226 1006 5284 quo
1035 5209 1416 5266 circumveniri
1445 5218 1496 5266 et
1523 5210 1786 5280 subverti,
1839 5211 1949 5267 alta
1976 5210 2067 5266 illa
2096 5217 2148 5265 et

549 5301 817 5374 praeclara
863 5299 1168 5356 sublimitas
1215 5300 1406 5372 potuit,
1457 5317 1564 5373 quo
1611 5301 1872 5374 deceptus
1919 5308 2004 5356 est
2030 5300 2148 5372 ipse

549 5391 642 5466 qui
669 5391 932 5464 decepit?
957 5391 1168 5446 Exinde
1195 5389 1396 5446 invidia
1425 5399 1712 5464 grassatur
1731 5391 1786 5446 in
1818 5390 1998 5458 terris,
2022 5391 2149 5446 dum

545 5482 718 5539 livore
737 5481 1007 5554 periturus
1028 5480 1288 5554 magistro
1303 5481 1626 5552 perditionis
1647 5481 1986 5553 obsequitur,
2018 5481 2150 5535 dum

547 5571 828 5630 diabolum
872 5571 966 5645 qui
1017 5570 1154 5628 zelat
1199 5570 1454 5640 imitatur,
1507 5571 1648 5628 sicut
1695 5569 1958 5642 scriptum
2007 5578 2090 5626 est
2135 5587 2149 5624 :

550 5663 772 5720 Invidia
809 5666 1002 5720 autem
1024 5662 1229 5718 diaboli
1241 5678 1390 5718 mor:
1411 5663 1468 5718 in
1479 5662 1653 5718 trauit
1666 5662 1728 5717 in
1766 5661 1950 5718 orbem
1965 5664 2153 5717 terra-

549 5778 678 5820 rum
709 5763 860 5838 (Sap.
893 5761 976 5837 ιι).
997 5761 1278 5818 Imitantur
1303 5777 1438 5834 ergo
1467 5760 1617 5816 illum
1647 5757 1740 5833 qui
1767 5767 1890 5816 sunt
1917 5775 1983 5816 ex
1999 5767 2154 5832 parte

2243 4759 2350 4827 his,
2382 4760 2476 4833 qui
2503 4776 2563 4816 se
2593 4777 2627 4817 a
2655 4762 2958 4820 ministerio
2997 4764 3368 4826 ecclesiastico
3400 4764 3746 4830 subtrahunt,
3799 4770 3855 4820 et

2247 4865 2496 4906 seorsum
2522 4852 2804 4926 colligunt,
2854 4870 3020 4927 seque
3059 4855 3127 4910 ab
3157 4854 3358 4910 unitate
3401 4853 3668 4924 dividunt,
3718 4851 3852 4910 dicit

2247 4940 2424 5012 (conc.
2457 4941 2739 5010 Antioch.,
2765 4958 2886 5000 can.
2913 4947 2967 5015 5)
2995 4960 3008 5001 :
3036 4967 3057 4992 «
3085 4943 3142 5000 Si
3162 4943 3284 5016 quis
3312 4943 3599 5017 presbyter
3625 4951 3716 4998 aut
3735 4942 3852 4998 dia-

2247 5044 2438 5096 conus,
2472 5029 2790 5104 episcopum
2816 5033 3098 5104 proprium
3139 5041 3516 5099 contemnens,
3549 5048 3610 5087 se
3638 5032 3710 5088 ab
3741 5032 3854 5088 Ec-

2247 5119 2414 5176 c‘esia
2459 5122 2909 5196 sequestraverit,
2960 5130 3012 5180 et
3061 5138 3304 5178 seorsum
3351 5121 3620 5195 colligens
3679 5121 3855 5177 altare

2249 5214 2604 5282 constituerit,
2643 5221 2693 5270 et
2721 5213 3087 5270 commonenti
3123 5213 3382 5285 episcopo
3412 5227 3524 5268 non
3553 5211 3851 5284 acquieve—

2248 5307 2331 5374 rit,
2367 5321 2470 5363 nec
2500 5303 2808 5362 consentire
2839 5303 2928 5359 vel
2956 5302 3182 5359 obedire
3220 5302 3451 5358 voluerit
3481 5301 3651 5357 semel
3680 5309 3732 5356 et
3754 5301 3853 5357 ite-

2251 5410 2368 5450 rum
2397 5393 2738 5460 convOcanti,
2771 5393 2861 5450 hic
2901 5392 3190 5448 damnatus
3231 5391 3544 5448 omnimodo
3574 5406 3678 5448 nec
3707 5391 3854 5446 ultra

2253 5485 2552 5540 remedium
2595 5489 2964 5556 consequatur
3005 5501 3019 5537 :
3053 5481 3180 5555 quia
3232 5497 3388 5538 suam
3438 5479 3689 5552 recipere
3742 5496 3854 5536 non

2250 5575 2448 5646 poterit
2476 5573 2814 5646 dignitatem.
2849 5571 3009 5642 Quod
3039 5571 3084 5627 si
3112 5571 3414 5629 Ecclesiam
3445 5569 3776 5627 conturbare
3801 5579 3856 5625 et

2255 5665 2545 5722 sollicitare
2595 5661 2912 5736 perstiterit,
2943 5669 3199 5736 tanquam
3247 5659 3538 5722 seditiosus
3574 5675 3675 5732 per
3700 5666 3858 5731 pote-

2255 5763 2422 5812 states
2451 5761 2662 5810 exteras
2704 5751 3051 5826 opprimatur.
3087 5773 3111 5804 ι
3145 5752 3212 5808 Et
3241 5748 3672 5824 Carthaginense
3715 5764 3853 5806 con-
