4164 6340
349 363 455 418 ι69
1064 361 1308 422 OPUSC.
1365 364 1458 422 ET
1500 364 1719 423 EPIST.
1778 364 1854 420 IN
1910 362 2139 421 CAUSA
2184 365 2528 425 HINCMARI
2573 367 2876 427 LAUDUN.
3553 374 3658 430 L70

357 487 546 544 cilium
586 487 948 560 (οαη.11);«
995 487 1053 545 Si
1094 489 1217 562 quis
1262 491 1551 562 presbyter
1591 507 1622 546 a
1663 489 1957 562 praeposito
1989 489 2311 550 Asalutem
2340 492 2518 566 (Rom.
2551 492 2632 563 x),
2667 493 2722 548 in
2767 493 2861 550 illo
2897 494 3106 553 latrone
3159 497 3489 556 declaratum
3548 509 3650 564 est.

360 593 462 633 suo
493 585 778 650 correptus
806 577 988 646 fuerit,
1021 579 1182 635 debet
1203 579 1388 652 utique
1425 580 1568 652 apud
1597 579 1805 636 vicinos
1853 579 1968 651 epi—
2067 579 2176 636 Sed
2214 588 2342 638 tunc
2394 581 2653 654 impletur
2707 583 3061 655 invisibiliter,
3121 603 3245 644 cum
3299 588 3662 648 ministerium

360 683 560 740 scopos
592 667 872 741 conqueri,
901 675 959 723 ut
981 669 1052 724 ab
1074 669 1208 740 ipsis
1229 670 1348 739 ejus
1377 683 1543 725 causa
1564 669 1740 742 possit
1769 669 1962 739 audiri,
2067 668 2319 742 baptismi
2357 687 2466 727 non
2505 679 2848 744 contemptus
2897 673 3210 746 religionis,
3253 677 3351 733 sed
3407 679 3660 736 articulus

357 772 422 812 ac
451 773 553 828 per
583 756 732 828 ipsos
763 773 861 812 suo
889 757 1150 832 episcopo
1181 757 1504 814 reconcilari
1538 775 1552 814 :
1587 759 1735 831 quod
1765 758 1870 812 nisi
1887 757 1968 814 fe-
2064 759 2406 815 necessitatis
2430 761 2682 817 excludit.
2726 763 2869 818 Nam
2914 763 3084 820 multo
3113 765 3289 838 magis
3321 766 3376 821 in
3409 769 3663 827 Cornelio

361 847 528 914 cerit,
562 846 659 902 sed
690 846 966 918 superbia,
999 847 1144 920 quod
1191 847 1350 916 absit,
1400 847 1620 904 inﬂatus
1667 863 1965 904 secernen-

360 930 496 986 dum
524 947 584 986 se
611 931 680 986 ab
720 931 964 1004 episcopi
1019 931 1104 987 sui
1161 932 1546 988 communione
1595 932 1825 1001 duxerit,
1879 940 1966 987 aut

361 1022 661 1092 separatim
680 1038 803 1078 cum
835 1020 1108 1094 aliquibus
1139 1022 1378 1078 schisma
1405 1021 1610 1078 faciens
1640 1019 1965 1078 sacriﬁcium

360 1111 480 1166 Deo
509 1111 786 1178 obtulerit,
824 1111 1116 1166 anathema
1141 1109 1352 1178 habeat,
1385 1118 1439 1166 et
1495 1111 1679 1167 locum
1717 1111 1962 1166 amittat:

361 1199 408 1254 si
431 1200 829 1273 querimoniam
853 1201 1055 1271 justam
1084 1201 1344 1257 adversus
1389 1201 1707 1272 episcopum
1737 1217 1845 1256 non
1873 1201 1967 1255 ha—

361 1288 560 1361 buerit,
583 1289 966 1364 inquirendum
997 1291 1116 1346 erit.
1147 1313 1167 1339 υ
1206 1291 1514 1346 Secundum
1534 1291 1637 1346 hoc
1650 1289 1962 1362 capitulum,

361 1378 526 1434 simul
558 1396 681 1435 cum
722 1395 868 1436 nono
896 1379 1128 1451 capitulo
1159 1379 1480 1436 Antiocheni
1522 1379 1758 1446 concilii,
1810 1395 1966 1435 com-

359 1467 598 1523 ministri
624 1467 887 1525 Ecclesiae
917 1469 1294 1526 Laudunensis
1331 1469 1538 1540 absque
1595 1468 1887 1525 schismate
1916 1478 1968 1524 et

361 1557 686 1625 rebellione,
714 1559 867 1628 juxta
915 1558 1174 1630 temporis
1223 1559 1534 1630 angustiam
1593 1565 1646 1614 et
1677 1557 1966 1614 imminens

358 1645 686 1718 periculum,
745 1647 1064 1704 innocenter
1120 1647 1374 1718 injuriam
1435 1647 1588 1720 passi
1645 1647 1966 1720 cpiscOpum

360 1736 836 1808 metropolitanum
867 1737 1134 1806 adierunt,
1188 1745 1240 1793 et
1281 1737 1423 1806 ideo,
1471 1737 1611 1794 sicut
1655 1754 1820 1808 supra
1870 1753 1966 1792 os-

361 1827 530 1893 tendi,
582 1827 637 1882 in
681 1825 1062 1882 communione
1113 1826 1486 1884 ecclesiastica
1522 1827 1730 1883 restitui
1758 1834 1808 1882 et
1839 1843 1966 1898 per-

359 1932 581 1972 manere
619 1915 942 1971 debuerunt.
980 1917 1136 1974 Unde
1184 1917 1613 1989 Carthaginense
1670 1915 1964 1972 concilium

358 2005 428 2061 de
459 2005 830 2078 irregulariter
863 2005 1254 2076 judicantibus,
1291 2015 1342 2061 et
1382 2005 1580 2076 injuste
1603 2005 1877 2076 judicatis,
1913 2014 1965 2062 et

358 2095 427 2151 de
464 2095 686 2164 majoris
731 2094 1066 2162 auctoritatis
1111 2095 1386 2164 judicibus
1419 2111 1431 2150 :
1471 2117 1493 2147 «
1528 2095 1758 2162 Placuit,
1791 2094 1964 2167 inquit

358 2185 511 2255 (can.
548 2184 658 2256 15),
691 2193 748 2239 ut
769 2201 799 2238 a
825 2183 1235 2257 quibuscunque
1256 2183 1530 2254 judicibus
1575 2183 1962 2240 ecclesiasticis

359 2273 427 2329 ad
449 2273 590 2329 alios
617 2273 830 2343 judices
859 2272 1262 2330 ecclesiasticos
1291 2273 1386 2329 ubi
1435 2282 1518 2329 est
1556 2274 1732 2343 major
1779 2281 1962 2330 aucto-

360 2362 495 2420 ritas
526 2362 687 2419 fuerit
713 2371 1088 2435 provocatum,
1119 2379 1232 2418 non
1261 2362 1342 2418 eis
1363 2363 1508 2418 obsit
1547 2378 1774 2435 quorum
1806 2363 1966 2419 fuerit

361 2452 538 2509 soluta
569 2452 857 2521 sententia,
891 2451 937 2507 si
959 2452 1209 2509 convinci
1257 2469 1368 2508 non
1408 2451 1702 2525 potuerint,
1727 2452 1814 2510 vel
1861 2451 1964 2507 ini-

355 2541 501 2599 mico
532 2540 1033 2612 animojudicasse,
1066 2542 1154 2598 vel
1181 2541 1364 2614 aliqua
1398 2541 1686 2614 cupiditate
1719 2549 1808 2596 aut
1837 2558 1963 2614 gra-

358 2631 430 2686 tia
459 2631 758 2703 depravati.
789 2655 812 2680 »
846 2632 926 2688 De
954 2631 1212 2704 episcopo
1243 2640 1444 2696 autem,
1479 2631 1527 2686 si
1557 2630 1695 2688 forte
1727 2631 1962 2688 scliisma

357 2737 388 2776 a
417 2723 594 2777 sacris
640 2719 938 2776 canonibus
980 2720 1037 2775 in
1093 2721 1342 2778 Ecclesia
1393 2719 1604 2786 fecerit,
1645 2719 1961 2777 Africanum

357 2809 650 2867 concilium
670 2809 797 2866 dicit
817 2807 969 2882 (can.
992 2811 1084 2882 20)
1109 2828 1123 2865 :
1153 2833 1175 2856 οι
1193 2809 1348 2866 Circa
1379 2826 1474 2866 eos
1496 2825 1647 2876 sane,
1685 2809 1957 2882 inquiens,

359 2900 454 2972 qui
483 2897 680 2955 fuerint
710 2899 1027 2964 concordes,
1063 2915 1171 2955 non
1216 2899 1391 2954 solum
1449 2899 1597 2956 circa
1649 2898 1957 2955 Ecclesiam

357 2987 869 3061 Carthaginensem,
917 2988 1123 3044 scilicet
1171 2989 1538 3060 metropolim,
1571 2989 1669 3044 sed
1707 2997 1760 3044 et
1814 2988 1961 3044 circa

358 3095 524 3136 omne
579 3077 918 3134 sacerdotale
975 3077 1330 3134 consortium.
1395 3101 1417 3126 η
1449 3078 1518 3134 Et
1569 3085 1692 3150 post
1737 3093 1955 3149 pauca:

361 3191 384 3220 ι
423 3167 654 3239 Oportet
681 3174 738 3222 ut
757 3167 881 3240 quis
907 3166 1176 3224 universis
1209 3166 1466 3224 fratribus
1485 3183 1552 3224 ac
1579 3174 1692 3223 toto
1727 3167 1958 3224 concilio

356 3257 656 3324 inhaeserit,
680 3273 790 3313 non
823 3256 1001 3313 solum
1030 3273 1126 3312 sua
1150 3256 1274 3326 jure
1303 3257 1540 3330 integro,
1579 3255 1676 3312 sed
1734 3265 1785 3312 et
1815 3255 1957 3312 dioe-

357 3363 516 3404 ceses
543 3347 837 3419 possideat.
882 3349 952 3402 At
980 3362 1112 3404 vero
1144 3346 1236 3420 qui
1283 3346 1499 3402 sibimet
1546 3353 1733 3418 putant
1768 3345 1958 3418 plebes

355 3454 486 3493 suas
533 3435 778 3493 suﬂicere
838 3435 1073 3492 fraterna
1122 3435 1414 3493 dilectione
1453 3443 1781 3506 contempta,
1848 3451 1958 3491 non

355 3535 565 3584 tantum
595 3526 862 3583 dioeceses
878 3526 1142 3596 amittant,
1185 3526 1284 3581 sed
1314 3534 1372 3581 ut
1395 3525 1508 3581 dixi
1537 3525 1701 3580 etiam
1723 3525 1958 3597 propriis

355 3617 576 3689 publica
629 3623 851 3672 careant
908 3615 1246 3681 auctoritate,
1280 3623 1339 3670 ut
1395 3615 1650 3671 rebelles.
1689 3635 1711 3666 »
1741 3615 1821 3670 De
1845 3631 1878 3670 a
1908 3622 1958 3668 te

356 3714 536 3762 autem
567 3705 837 3777 separatis
891 3721 924 3760 a
981 3705 1362 3762 communione
1392 3704 1674 3771 catholica,
1708 3703 1846 3760 sicut
1903 3703 1958 3758 in

355 3795 618 3868 petitione
672 3794 803 3850 mihi
831 3811 863 3850 a
891 3795 1240 3852 Laudunensi
1267 3794 1511 3850 Ecclesia
1556 3795 1676 3849 data
1709 3793 1958 3850 contine-

357 3894 465 3954 tur,
499 3885 711 3942 scilicet
735 3885 980 3957 parvulis
1027 3885 1084 3940 in
1131 3891 1219 3940 tua
1247 3883 1508 3956 parochia
1537 3899 1701 3940 causa
1731 3882 1957 3954 injuria-

355 3991 481 4032 rum
528 3983 747 4030 tuarum
775 3989 886 4030 non
931 3973 1288 4046 baptizandis,
1323 3980 1375 4028 et
1416 3972 1742 4028 obeuntibus
1781 3970 1960 4028 viatici

353 4063 601 4120 muneris
648 4063 1029 4120 communione
1069 4079 1179 4119 non
1211 4061 1643 4132 reconciliandis,
1676 4061 1802 4117 audi
1832 4060 1960 4134 quid

357 4154 556 4212 exinde
585 4154 654 4209 ad
683 4153 981 4210 remedium
1023 4152 1301 4224 pertinens
1331 4152 1476 4208 idem
1505 4152 1698 4208 doctor
1727 4150 1958 4208 catholi-

357 4243 614 4302 cissimus
641 4251 696 4300 et
739 4241 1214 4299 subtilissimarum
1269 4258 1453 4298 rerum
1498 4240 1880 4312 investigator,
1907 4247 1959 4294 et

357 4333 650 4408 gratiaDci
677 4333 930 4390 inventor
963 4331 1356 4406 sagacissimus
1385 4331 1531 4386 dicat
1559 4330 1748 4404 (Aug.,
1777 4329 1870 4386 lib.
1903 4345 1959 4382 1v

357 4419 427 4476 dc
459 4419 646 4492 Bapt.,
679 4433 801 4490 cap.
825 4417 918 4490 22)
943 4435 956 4472 :
987 4439 1009 4468 α
1031 4416 1312 4489 Baptismi,
1335 4415 1604 4488 inquiens,
1629 4430 1762 4470 sane
1783 4413 1960 4469 vicem

355 4509 651 4581 aliquando
669 4506 894 4579 implere
914 4506 1244 4578 passionem,
1267 4505 1337 4562 de
1366 4505 1572 4560 latrone
1599 4503 1710 4574 illo,
1745 4503 1833 4560 cui
1852 4518 1958 4560 non

2067 855 2119 903 et
2149 849 2203 903 in
2235 849 2426 905 amicis
2457 850 2575 919 ejus
2605 850 2754 923 (Act.
2789 851 2872 923 Χ),
2905 867 3068 924 quam
3085 853 3140 908 in
3169 853 3264 910 illo
3293 855 3504 913 latrone
3532 874 3660 930 pos-

2067 944 2151 992 set
2181 937 2354 994 videri
2387 939 2736 1010 superﬂuum,
2786 947 2844 994 ut
2891 957 3031 1014 aqua
3075 943 3236 998 etiam
3265 943 3662 1016 tinguerentur,

2067 1025 2121 1080 in
2151 1026 2349 1098 quibus
2401 1027 2514 1096 jam
2564 1027 2773 1084 donum
2831 1029 3066 1101 Spiritus
3124 1033 3315 1100 sancti,
3359 1034 3506 1106 quod
3559 1034 3666 1092 nisi

2066 1114 2362 1186 baptizatos
2393 1115 2530 1172 alios
2559 1117 2839 1188 accepisse
2883 1128 3071 1175 sancta
3104 1119 3380 1192 Scriptura
3418 1129 3662 1191 testatur,

2066 1211 2218 1260 certo
2248 1221 2466 1276 quoque
2513 1205 2734 1276 indicio,
2787 1207 2932 1279 quod
2989 1208 3097 1264 illis
3145 1210 3482 1282 temporibus
3530 1228 3666 1268 con-

2066 1293 2317 1365 gruebat,
2352 1309 2472 1350 cum
2503 1293 2704 1368 linguis
2734 1295 3080 1368 loquentibus
3113 1299 3414 1356 eminuerat
3445 1317 3460 1356 :
3494 1300 3668 1373 bapti—

2067 1383 2170 1436 zati
2199 1391 2323 1438 sunt
2353 1391 2556 1454 tamen,
2590 1392 2642 1438 et
2689 1383 2743 1438 in
2809 1386 2914 1442 hoc
2959 1385 3102 1442 facto
3151 1389 3449 1460 apostolica
3491 1399 3668 1446 exstat

2067 1472 2382 1528 auctoritas.
2416 1473 2600 1545 Usque
2631 1473 2770 1529 adeo
2787 1490 2948 1530 nemo
2968 1475 3148 1544 debet,
3181 1477 3236 1532 in
3269 1479 3512 1550 quolibet
3539 1497 3669 1552 pro-

2065 1569 2223 1617 vectu
2270 1561 2548 1617 interioris
2581 1563 2844 1633 hominis,
2897 1564 2944 1620 si
2973 1563 3112 1622 forte
3152 1574 3278 1624 ante
3337 1567 3667 1640 baptismum

2065 1667 2239 1722 usque
2277 1651 2345 1706 ad
2376 1650 2680 1722 spiritalem
2717 1651 3051 1709 intellectum
3096 1655 3188 1728 pio
3221 1657 3388 1712 corde
3415 1657 3666 1728 profece-

2065 1739 2152 1804 rit,
2207 1747 2558 1796 contemnere
2615 1750 3040 1810 sacramentum,
3101 1744 3249 1816 quod
3293 1744 3668 1803 ministrorum

1990 1857 2043 1916 B
2066 1844 2235 1900 opere
2262 1829 2621 1901 corporaliter
2643 1831 2952 1899 adhibetur,
2985 1833 3084 1888 sed
3113 1850 3214 1904 per
3241 1835 3345 1890 hoc
3386 1835 3535 1890 Deus
3565 1837 3664 1892 ho-

2063 1918 2224 1972 minis
2254 1919 2721 1974 consecrationem
2767 1920 3077 1991 spiritaliter
3124 1931 3402 1994 cperatur.
3434 1926 3550 1981 Nec
3593 1927 3665 1981 ob

2064 2007 2210 2062 aliud
2242 2007 2492 2062 existimo
2522 2008 2832 2080 baptizandi
2867 2026 3064 2065 munus
3091 2011 3288 2067 Joanni
3315 2010 3486 2069 fuisse
3513 2014 3666 2070 attri-

2064 2099 2268 2165 butum,
2315 2095 2388 2151 ita
2417 2104 2474 2151 ut
2505 2096 2730 2152 Joannis
2775 2097 3078 2170 baptismus
3121 2099 3410 2168 diceretur,
3456 2103 3562 2158 nisi
3605 2111 3666 2158 ut

2063 2185 2328 2242 Dominus
2348 2185 2466 2258 ipse
2487 2185 2580 2258 qui
2609 2187 2992 2256 dederat,cum
3023 2187 3168 2244 servi
3197 2189 3522 2262 baptismum
3554 2208 3666 2248 non

2063 2273 2358 2346 sprevisset
2387 2274 2658 2346 accipere,
2718 2275 2994 2332 dedicaret
3049 2277 3367 2334 humilitatis
3405 2279 3566 2348 viam,
3609 2289 3664 2337 et

2063 2363 2249 2436 quanti
2277 2364 2627 2436 pendendum
2677 2372 2824 2420 esset
2853 2383 3008 2421 suum
3065 2367 3356 2438 baptisma,
3388 2385 3496 2441 quo
3539 2369 3658 2442 ipse

2062 2451 2431 2524 baptizaturus
2475 2461 2608 2521 erat,
2643 2453 2736 2508 tali
2763 2453 2909 2510 facto
2944 2455 3288 2526 apertissime
3331 2457 3648 2514 declararet.

2062 2541 2290 2596 Videbat
2317 2542 2480 2610 enim,
2505 2549 2766 2615 tanquam
2792 2545 3197 2615 potentissimus
3224 2545 3470 2604 medicus
3503 2547 3657 2604 salu-

2061 2631 2132 2686 tis
2161 2639 2400 2702 acternae,
2456 2633 2817 2703 quorumdam
2878 2649 2988 2689 non
3019 2633 3332 2690 defuturum
3370 2643 3656 2706 tumorem,

2063 2719 2156 2792 qui
2183 2737 2305 2776 cum
2336 2720 2611 2777 intellectu
2657 2721 2903 2778 veritatis
2933 2730 2984 2778 et
3013 2723 3386 2795 probabilibus
3413 2725 3658 2782 moribus

2061 2809 2132 2864 ita
2163 2808 2544 2880 profecissent,
2581 2820 2637 2866 ut
2663 2810 2848 2866 multis
2895 2811 3186 2883 baptizatis
3214 2812 3326 2868 vita
3355 2823 3519 2886 atque
3547 2815 3650 2870 do-

2061 2899 2234 2954 ctrina
2267 2915 2326 2954 se
2357 2915 2674 2970 praeponere
2704 2899 2928 2956 minime
2967 2901 3290 2968 dubitarent,
3325 2919 3658 2974 supervaca-

2059 3004 2224 3044 neum
2263 2987 2367 3042 sibi
2402 3003 2527 3043 esse
2557 2989 2842 3044 crederent
2871 2989 3134 3060 baptizari
3159 2991 3375 3063 quando
3405 2991 3474 3047 ad
3504 2982 3671 3050 illum.

2059 3077 2258 3133 mentis
2279 3077 2520 3131 habitum
2541 3094 2600 3132 se
2621 3078 2937 3149 pervenisse
2961 3079 3222 3134 sentirent
3241 3080 3308 3134 ad
3330 3097 3491 3152 quem
3504 3081 3657 3138 multi

2061 3165 2310 3237 baptizati
2340 3166 2518 3222 adhuc
2547 3160 2846 3222 ascendere
2875 3175 3217 3223 conarentur.
3251 3168 3430 3241 (Ibid.,
3456 3183 3506 3226 c.
3537 3171 3654 3240 23.)

2061 3255 2202 3324 Quid
2223 3263 2404 3310 autem
2425 3255 2599 3311 valeat
2621 3263 2673 3310 et
2689 3255 2819 3328 quid
2839 3265 2968 3329 agat
2984 3256 3039 3311 in
3058 3257 3275 3312 homine
3295 3258 3656 3330 corporaliter

2057 3343 2296 3400 adhibita
2311 3343 2668 3400 sanctificatio
2685 3346 3030 3413 sacramenti,
3055 3347 3172 3402 sine
3191 3362 3297 3419 qua
3315 3355 3497 3403 tamen
3515 3348 3655 3406 latro

2057 3433 2147 3490 ille
2176 3449 2286 3488 non
2299 3431 2415 3499 fuit,
2441 3432 2566 3504 quia
2577 3449 2686 3490 non
2710 3433 2825 3504 ejus
2842 3434 3175 3506 accipiendae
3195 3435 3442 3492 voluntas
3462 3436 3650 3506 defuit,

2059 3523 2156 3578 sed
2171 3539 2282 3578 non
2294 3523 2623 3594 accipiendae
2635 3524 2934 3580 necessitas
2947 3522 3341 3594 aﬂ'uit,diﬂicile
3353 3525 3650 3582 estdicere:

2057 3612 2163 3668 nisi
2185 3621 2363 3667 tamen
2376 3611 2671 3683 plurimum
2686 3612 3022 3680 valeret,non
3036 3613 3182 3669 servi
3195 3613 3523 3685 baptismum
3544 3616 3652 3670 Do-

2057 3703 2237 3757 minus
2277 3701 2597 3772 accepisset.
2639 3702 2844 3758 Verum
2873 3701 2996 3774 quia
3025 3719 3124 3776 per
3157 3719 3218 3759 se
3243 3703 3362 3776 ipsa
3395 3705 3654 3761 conside-

2059 3793 2228 3847 randa
2270 3798 2372 3858 est,
2425 3798 2648 3862 excepta
2677 3791 2852 3848 salute
2896 3791 3132 3848 hominis
3178 3793 3266 3850 cui
3307 3792 3655 3866 perficiendae

2059 3881 2363 3948 adhibetur,
2397 3881 2530 3936 satis
2557 3881 2781 3948 indicat,
2813 3882 2961 3955 quod
3008 3889 3062 3938 et
3090 3881 3146 3938 in
3176 3882 3358 3952 malis,
3407 3891 3460 3940 et
3484 3883 3541 3938 in
3572 3883 3653 3940 eis

2059 3970 2152 4042 qui
2181 3970 2382 4026 saeculo
2411 3970 2593 4026 verbis
2623 3987 2734 4026 non
2760 3970 2916 4028 factis
2938 3973 3270 4042 renuntiant,
3299 3973 3417 4044 ipsa
3436 3972 3653 4046 integra

2058 4067 2160 4128 est,
2195 4075 2318 4115 cum
2369 4059 2446 4114 illi
2491 4060 2596 4114 nisi
2625 4060 2961 4133 corrigantur
3005 4061 3235 4116 salutem
3291 4062 3493 4117 habere
3541 4077 3653 4117 non

2057 4147 2286 4219 possint.
2322 4147 2468 4203 Sicut
2499 4155 2677 4202 autem
2707 4147 2763 4201 in
2808 4148 3036 4214 latrone,
3069 4149 3192 4220 quia
3221 4165 3322 4220 per
3347 4138 3679 4206 necessita-'

2058 4245 2166 4292 tem
2193 4235 2542 4306 corporaliter
2561 4235 2750 4304 defuit,
2783 4235 3028 4307 perfecta
3059 4237 3204 4292 salus
3245 4245 3346 4304 est,
3401 4237 3524 4310 quia
3551 4254 3654 4309 per

2056 4325 2314 4396 pietatem
2347 4323 2656 4396 spiritaliter
2681 4323 2850 4390 affuit,
2908 4323 2988 4380 sic
3033 4332 3084 4380 et
3132 4341 3256 4382 cum
3285 4325 3406 4398 ipsa
3453 4333 3655 4398 prazsto

2059 4421 2158 4484 est,
2194 4415 2238 4469 si
2285 4431 2384 4486 per
2435 4414 2818 4470 necessitatem
2847 4413 2988 4470 desit
3041 4415 3186 4488 quod
3242 4415 3434 4472 latroni
3481 4413 3650 4482 affuit,

2057 4504 2334 4576 perficitur
2379 4505 2544 4561 salus.
2597 4504 2756 4574 Quod
2818 4505 3074 4561 traditum
3137 4513 3285 4562 tenet
3331 4504 3656 4562 universitas

358 4598 630 4670 baptizato
647 4596 848 4653 dictum
879 4605 962 4652 est
994 4613 1008 4650 :
1039 4596 1208 4654 Hodie
1235 4612 1458 4652 mecum
1487 4595 1599 4650 eris
1615 4593 1678 4648 in
1692 4593 1958 4666 paradiso
1988 4589 2038 4650 D
2063 4593 2342 4662 Ecclesiae,
2419 4611 2542 4651 cum
2596 4593 2806 4667 parvuli
2864 4594 3094 4651 infantes
3152 4595 3510 4666 baptizantur,
3563 4594 3657 4666 qui

359 4689 520 4759 (Luc.
555 4686 744 4756 χχιιι),
777 4702 888 4742 non
915 4687 1036 4742 leve
1063 4685 1448 4741 documentum
1477 4683 1625 4739 idem
1654 4683 1848 4738 beatus
1865 4683 1962 4754 Cy-

328 4776 586 4850 .prianus
629 4775 876 4832 assumit.
908 4775 1068 4845 Quod
1114 4775 1276 4830 etiam
1305 4781 1464 4847 atque
1494 4773 1656 4830 etiam
1704 4772 1961 4828 conside—

358 4883 507 4933 rans,
556 4864 774 4922 invenio
812 4881 923 4922 nou
978 4871 1188 4920 tantum
1245 4863 1559 4936 passionem
1587 4879 1686 4936 pro
1743 4861 1963 4916 nomine

361 4954 568 5011 Christi
615 4954 671 5010 id
703 4956 850 5027 quod
883 4971 948 5010 ex
979 4954 1246 5026 baptismo
1267 4954 1457 5009 deerat
1486 4969 1651 5025 posse
1687 4951 1962 5024 supplere,

359 5045 459 5101 sed
489 5043 654 5100 etiam
681 5043 846 5100 ﬁdem
875 5043 1402 5116 conversionemque
1431 5043 1632 5113 cordis,
1667 5041 1713 5096 si
1735 5041 1874 5096 forte
1897 5040 1967 5095 ad

357 5133 756 5191 celebrandum
798 5133 1123 5206 mysterium
1153 5132 1409 5204 baptismi
1439 5133 1496 5188 in
1528 5131 1791 5203 angustiis
1839 5137 1971 5185 tem-

361 5240 560 5298 porum
589 5223 835 5280 succurri
864 5239 974 5280 non
990 5230 1186 5294 potest.
1211 5224 1402 5294 Neque
1432 5221 1578 5278 enim
1595 5221 1733 5276 latro
1751 5220 1841 5275 ille
1869 5235 1968 5292 pro

362 5313 589 5371 nomine
610 5313 814 5370 Christi
844 5311 1138 5370 crucifixus
1169 5321 1270 5380 est,
1313 5311 1411 5366 sed
1431 5326 1529 5382 pro
1579 5309 1789 5365 meritis
1836 5308 1970 5364 faci-

365 5420 563 5460 norum
592 5419 819 5460 suorum
851 5419 992 5460 :nec
1017 5403 1144 5475 quia
1193 5400 1426 5457 credidit
1467 5415 1665 5472 passus
1721 5407 1824 5467 est,
1871 5399 1970 5454 sed

363 5493 496 5550 dum
525 5493 1068 5566 patereturcredidit.
1103 5491 1378 5562 Quantum
1407 5489 1585 5562 itaque
1614 5488 1790 5544 valeat
1811 5487 1974 5544 etiam

363 5582 485 5639 sine
507 5583 709 5640 visibili
763 5583 1017 5656 baptismi
1073 5588 1416 5639 sacramento
1446 5577 1591 5652 quod
1621 5577 1696 5633 ait
1733 5580 1973 5650 Aposto-

2061 4693 2206 4741 certe
2236 4685 2480 4741 nondum
2503 4691 2731 4758 possunt
2765 4684 2928 4742 corde
2974 4684 3200 4740 credere
3258 4683 3328 4738 ad
3370 4681 3656 4752 justitiam,

2063 4783 2116 4830 et
2144 4791 2241 4831 ore
2272 4774 2518 4831 conﬁteri
2537 4775 2604 4830 ad
2635 4775 2886 4842 salutem,
2921 4773 3065 4845 quod
3099 4773 3237 4827 latro
3267 4771 3458 4844 potuit,
3492 4773 3656 4846 quin-

2065 4864 2228 4920 etiam
2258 4865 2440 4920 ﬂendo
2469 4873 2522 4919 et
2551 4862 2840 4937 vagiendo,
2875 4877 2998 4916 cum
3018 4861 3073 4916 in
3103 4860 3184 4916 eis
3213 4861 3532 4933 mysterium
3563 4879 3660 4920 ce-

2065 4953 2326 5022 lebratur,
2358 4953 2494 5024 ipsis
2521 4951 2763 5024 mysticis
2775 4950 3000 5006 vocibus
3029 4949 3366 5022 obstrepunt,
3401 4958 3453 5008 et
3483 4960 3663 5009 tamen

2067 5042 2249 5098 nullus
2279 5043 2712 5098 Christianorum
2751 5039 2946 5096 dixerit
2976 5055 3072 5095 eos
3101 5039 3338 5098 inaniter
3380 5041 3661 5114 baptizari.

2067 5131 2250 5202 (Ibid.,
2283 5147 2332 5188 c.
2377 5133 2490 5201 24.)
2515 5131 2582 5184 Et
2604 5129 2648 5184 si
2679 5129 2967 5202 quisquam
3010 5138 3214 5202 quaerat
3243 5131 3300 5186 in
3339 5132 3444 5188 hac
3473 5147 3533 5186 re
3564 5147 3664 5187 au-

2068 5221 2377 5278 ctoritatem
2407 5219 2669 5285 divinam,
2704 5234 3032 5292 quamquam
3065 5221 3212 5293 quod
3241 5221 3494 5278 universa
3522 5227 3668 5276 tenet

2070 5309 2340 5378 Ecclesia,
2365 5323 2466 5364 nec
2505 5307 2749 5364 conciliis
2777 5307 3104 5378 institutum,
3124 5309 3220 5366 sed
3251 5327 3468 5384 semper
3487 5318 3670 5366 reten-

2071 5408 2184 5454 tum
2217 5405 2317 5466 est,
2365 5413 2474 5452 non
2530 5396 2634 5452 nisi
2689 5398 2988 5470 apostolica
3043 5399 3361 5456 auctoritate
3409 5399 3670 5456 traditum

2071 5485 2378 5544 rectissime
2425 5485 2682 5558 creditur,
2716 5495 2901 5544 tamen
2928 5489 3198 5546 veraciter
3255 5489 3524 5560 conjicere
3552 5504 3674 5560 pos-

2075 5592 2263 5633 sumus
2293 5575 2420 5648 quid
2451 5575 2628 5632 valeat
2678 5576 2734 5632 in
2763 5577 3008 5648 parvulis
3055 5577 3310 5650 baptismi
3365 5593 3674 5633 sacramen-

363 5678 484 5736 lus:
512 5681 686 5739 Corde
721 5682 980 5739 creditur
997 5681 1070 5738 ad
1073 5683 1388 5755 justitiam,
1405 5695 1498 5738 ore
1519 5678 1795 5751 confessio
1811 5677 1877 5747 ﬁt
1903 5675 1976 5732 ad
2076 5685 2190 5734 tum
2221 5693 2288 5734 ex
2331 5675 2750 5736 circumcisione
2811 5677 3014 5746 carnis,
3049 5693 3210 5750 quam
3257 5675 3412 5749 prior
3445 5675 3678 5749 populus
