4164 6324
545 319 646 376 4³71

1575 318 1918 376 ΗΙΝΟΜΑΒΙ
1954 317 2354 378 RHEMENSIS
2390 318 2939 380 ARCHIEPISCOPI.

3741 332 3848 389 L72

535 442 766 516 accepit,
801 458 968 518 quam
1022 443 1339 518 priusquam
1393 444 1668 518 acciperet
1681 444 2007 516 justiﬁcatus
2053 446 2212 509 estA
2240 451 2436 504 sancto
2448 464 2564 506 non
2579 449 3845 527 intrabitinregnumcaeiorum(Joan.m),sci-

535 542 817 599 Abraham
861 543 1022 613 (Gen.
1068 543 1216 615 χιχ),
1252 543 1391 599 sicut
1438 544 1720 600 Cornelius
1785 545 1944 600 etiam
1993 545 2139 600 dono

534 631 768 704 Spiritus
808 631 978 688 sancti
1027 632 1350 704 priusquam
1395 632 1763 705 baptizaretur
1809 633 2010 689 ditatus
2057 641 2141 690 est

533 719 680 793 (Act.
704 720 787 792 Χ).
820 720 964 777 Dicit
991 727 1172 776 tamen
1218 721 1511 794 Apostolus
1559 722 1628 777 de
1671 722 1790 793 ipso
1821 723 2000 794 (Rom.
2035 721 2134 794 ιν),

531 809 814 865 Abraham
841 809 1062 883 signum
1090 809 1298 882 accepit
1323 810 1756 866 circumcisionis
1786 810 2132 884 signaculum

530 897 754 967 justitite
799 897 947 966 fidei,
993 899 1084 972 qui
1129 899 1238 968 jam
1265 899 1432 955 corde
1477 899 1802 966 crediderat,
1836 908 1888 954 et
1914 899 2136 971 deputa-

535 993 652 1043 tum
679 986 756 1043 illi
786 995 901 1042 erat
946 987 1016 1043 ad
1056 987 1340 1057 justitiam.
1391 989 1500 1043 Cur
1529 1004 1662 1060 ergo
1709 989 1760 1043 ei
1805 997 2134 1060 praeceptum

538 1083 641 1145 est,
673 1083 732 1131 ut
759 1090 976 1132 omnem
1004 1076 1264 1148 deinceps
1292 1075 1553 1132 infantem
1595 1077 1900 1132 masculum
1945 1085 2135 1134 octavo

533 1163 624 1220 die
653 1164 1069 1220 circumcideret
1111 1165 1276 1238 (Gen.
1315 1166 1480 1237 xvn),
1533 1166 1627 1240 qui
1653 1167 1893 1222 nondum
1923 1174 2136 1240 poterat

539 1253 708 1309 corde
737 1253 964 1309 credere
1020 1261 1076 1310 ut
1105 1253 1156 1309 ei
1189 1250 1567 1326 'deputaretur
1619 1255 1689 1310 ad
1712 1255 1996 1325 justitiam,
2027 1255 2134 1311 nisi

541 1341 670 1415 quia
695 1350 750 1398 et
785 1341 960 1414 ipsum
989 1358 1088 1414 per
1145 1343 1388 1414 seipsum
1443 1353 1844 1401 sacramentum
1903 1346 2131 1402 multum

535 1430 794 1487 valebat?
823 1431 979 1502 Quod
1009 1433 1064 1487 in
1084 1430 1194 1489 ﬁlio
1215 1433 1389 1506 Moysi
1415 1450 1514 1506 per
1542 1435 1798 1508 angelum
1817 1434 2133 1491 manifesta-

534 1526 650 1576 tum
679 1527 762 1575 est
790 1520 990 1592 (Exod.
1024 1521 1166 1594 xxv),
1201 1523 1294 1594 qui
1335 1538 1461 1579 cum
1491 1524 1671 1579 adhuc
1716 1523 2132 1581 incircumcisus

535 1624 570 1666 a
599 1617 767 1665 matre
823 1609 1073 1677 ferretur,
1105 1612 1363 1683 praesenti
1393 1621 1446 1668 et
1494 1613 1733 1669 evidenti
1783 1613 2032 1686 periculo
2073 1622 2134 1670 ut

533 1697 1016 1756 circumcideretur
1043 1709 1292 1758 exactum
1323 1709 1424 1770 est,
1459 1711 1512 1758 et
1541 1718 1664 1761 cum
1725 1701 1930 1759 factum
1960 1712 2124 1772 esset,

2241 535 2369 592 licet
2397 545 2488 592 aut
2515 537 2773 593 invisibili
2803 539 2972 612 gratia
3002 555 3126 596 cum
3149 540 3350 596 visibili
3367 552 3724 612 sacramento,
3748 553 3845 602 aut

2238 624 2494 680 invisibili
2525 627 2699 698 gratia
2747 627 2864 683 sine
2894 624 3094 684 visibili
3123 640 3462 686 sacramento
3500 640 3738 701 renatus,
3764 633 3843 690 ita

2237 713 2480 770 veridica
2511 716 2848 785 estejusdem
2879 716 3180 773 Salvatoris
3211 719 3380 774 nostri
3409 721 3694 792 sententia,
3728 740 3842 795 qua

2236 802 2366 858 dicit
2399 820 2412 857 :
2439 805 2558 860 Nisi
2586 805 3068 862 manducaveritis
3087 824 3320 864 carnem
3347 810 3481 865 Filii
3509 811 3752 868 hominis
3782 817 3842 868 et

2236 892 2490 950 biberitis
2503 895 2624 966 ejus
2639 895 3118 966 sanguinem,non
3139 896 3406 954 habebitis
3420 899 3596 955 vitam
3616 903 3678 956 in
3689 901 3842 958 vobis

2235 980 2418 1052 (Joan.
2443 982 2542 1053 v1).
2577 983 2732 1039 Unde
2761 983 2908 1039 idem
2935 984 3126 1040 beatus
3154 987 3490 1059 Augustinus
3513 987 3566 1043 in
3583 1005 3840 1047 sermone

2235 1071 2302 1125 ad
2315 1069 2546 1127 infantes
2566 1072 2634 1127 ad
2655 1073 2825 1128 altare
2844 1074 3168 1131 accedentes
3184 1075 3251 1130 de
3265 1077 3622 1134 Sacramento
3645 1096 3658 1133 :
3686 1081 3836 1136 «Do-

2235 1159 2436 1228 minus,
2467 1159 2658 1233 inquit,
2693 1163 2851 1217 Jesus
2881 1163 3124 1218 Christus
3140 1180 3240 1220 nos
3270 1163 3609 1236 signiﬁcavit,
3644 1184 3745 1225 nos
3766 1169 3835 1224 ad

2235 1265 2294 1305 se
2325 1248 2598 1320 pertinere
2628 1250 2815 1318 voluit,
2855 1253 3172 1324 mysterium
3199 1253 3349 1326 pacis
3375 1263 3428 1310 et
3481 1255 3696 1312 unitatis
3727 1274 3834 1314 no-

2233 1345 2362 1394 stra:
2386 1338 2444 1394 in
2467 1355 2564 1394 sua
2583 1356 2773 1396 mensa
2784 1342 3119 1398 sonsecravit
3143 1359 3156 1398 :
3183 1341 3277 1414 qui
3292 1343 3490 1416 accipit
3512 1347 3834 1417 mysterium

2231 1427 2470 1495 unitatis,
2507 1436 2562 1484 et
2590 1445 2700 1484 non
2728 1437 2876 1486 tenet
2904 1429 3177 1486 vinculum
3195 1431 3366 1503 pacis,
3397 1448 3506 1488 non
3518 1436 3838 1506 mysterium

2231 1515 2426 1588 accipit
2453 1533 2555 1589 pro
2585 1535 2666 1586 se,
2701 1519 2798 1574 sed
2827 1519 3193 1576 testimonium
3223 1529 3415 1577 contra
3445 1539 3524 1578 se.
3572 1524 3717 1580 Nulli
3749 1533 3837 1581 est

2232 1605 2575 1679 aliquatenus
2629 1608 3018 1682 ambigendum
3067 1617 3193 1666 tunc
3223 1627 3664 1685 unumquemque
3687 1611 3832 1670 ﬁde-

2231 1693 2364 1750 lium
2381 1697 2627 1768 corporis
2649 1697 3038 1771 sanguinisque
3061 1698 3331 1757 Dominici
3350 1700 3668 1772 participem
3686 1701 3828 1772 ﬁeri,

534 1787 762 1860 depulsa
781 1796 865 1844 est
890 1789 1180 1860 pernicies.
1215 1791 1364 1846 Sicut
1388 1808 1523 1865 ergo
1543 1791 1598 1846 in
1619 1791 1894 1847 Abraham
1924 1793 2125 1861 (Exod.
2156 1815 2210 1875 Β
2233 1785 2446 1875 (Ιξιὲθηάο
2503 1785 2560 1840 in
2601 1785 2922 1856 baptismate
2969 1787 3272 1842 membrum
3327 1789 3574 1862 corporis
3633 1791 3830 1848 (Ππίδίί

468 1909 475 1915 -
533 1875 616 1948 tv)
671 1877 952 1948 praecessit
973 1877 1181 1948 justitia
1229 1878 1376 1947 ﬁdei,
1409 1888 1464 1936 et
1508 1880 1740 1936 accessit
1788 1881 2128 1938 circumcisio

535 1965 881 2040 signaculum
901 1967 1122 2036 justitiae
1151 1966 1298 2039 ﬁdei,
1330 1969 1404 2024 ita
1451 1969 1508 2024 in
1551 1970 1802 2026 Cornelio
1846 1971 2130 2042 praecessit

533 2055 886 2112 sanctiﬁcatio
942 2056 1204 2128 spiritalis
1249 2058 1306 2114 in
1347 2059 1491 2114 dono
1535 2059 1768 2131 Spiritus
1815 2060 2009 2128 sancti,
2079 2069 2132 2117 et

531 2144 762 2200 accessit
816 2154 1213 2202 sacramentum
1289 2148 1716 2221 regenerationis
1786 2149 1842 2204 in
1914 2149 2130 2206 lavacro

534 2232 808 2304 baptismi.
840 2235 910 2290 Et
958 2235 1100 2292 sicut
1143 2235 1200 2292 in
1244 2237 1399 2296 Isaac
1427 2237 1586 2309 (Gen.
1618 2237 1765 2310 xxr),
1814 2239 1907 2312 qui
1933 2247 2128 2296 octavo

533 2338 648 2379 suae
674 2323 968 2380 nativitatis
996 2325 1086 2380 die
1115 2324 1472 2382 circumcisus
1503 2334 1606 2395 est,
1627 2328 1910 2399 praecessit
1939 2329 2128 2400 signa-

533 2410 716 2468 culum
740 2412 962 2482 justitiae
991 2412 1119 2469 ﬁdei
1149 2422 1203 2470 et
1233 2416 1489 2487 quoniam
1519 2417 1688 2488 patris
1709 2416 1872 2473 ﬁdem
1891 2417 2129 2474 imitatus

533 2508 637 2571 est,
655 2509 845 2558 secuta
874 2510 958 2558 est
986 2503 1044 2558 in
1075 2513 1352 2561 crescente
1382 2505 1502 2578 ipsa
1513 2505 1742 2577 justitia,
1775 2507 1928 2577 cujus
1949 2507 2130 2581 signa-

534 2589 717 2647 culum
743 2590 798 2646 in
843 2589 1047 2648 infante
1094 2601 1468 2665 praecesserat,
1527 2595 1600 2650 ita
1642 2596 1700 2650 in
1728 2597 2007 2668 baptizatis
2038 2597 2128 2653 in-

531 2677 770 2736 fantibus
789 2681 1049 2752 preecedit
1076 2683 1508 2756 regenerationis
1547 2694 1967 2753 sacramentum,
2002 2694 2054 2742 et
2084 2686 2130 2741 si

534 2767 895 2825 Christianam
943 2773 1210 2828 tenuerint
1251 2773 1525 2845 pietatem,
1571 2775 1815 2847 sequitur
1861 2775 2026 2831 etiam
2073 2775 2130 2832 in

534 2858 705 2918 corde
733 2860 1040 2928 conversio,
1071 2861 1225 2931 cujus
1249 2863 1566 2934 mysterium
1602 2864 1884 2935 praecessit
1913 2865 1969 2918 in
1999 2880 2128 2920 cor-

531 2961 688 3022 pore.
725 2947 789 3004 Et
817 2948 955 3006 sicut
984 2949 1040 3005 in
1060 2949 1152 3006 illo
1172 2950 1383 3007 latrone
1411 2951 1558 3023 quod
1586 2968 1650 3008 ex
1672 2953 1928 3024 baptismi
1950 2969 2129 3010 sacra-

2233 1871 2482 1941 efﬁcitur,
2515 1889 2614 1931 nec
2643 1875 2868 1930 alienari
2893 1876 2959 1930 ab
2990 1875 3133 1932 illius
3177 1876 3332 1948 panis
3363 1877 3658 1952 calicisque
3689 1896 3828 1937 con-

2232 1962 2422 2029 sortio,
2455 1963 2618 2018 etiam
2648 1964 2694 2018 si
2733 1972 3024 2037 antequam
3053 1981 3253 2036 panem
3282 1965 3435 2022 illum
3464 1969 3737 2036 comedat,
3774 1979 3831 2026 et

2231 2051 2456 2108 calicem
2511 2051 2677 2124 bibat,
2729 2053 2798 2108 de
2855 2054 2959 2110 hoc
3007 2053 3208 2111 saeculo
3262 2055 3320 2110 in
3348 2055 3550 2112 unitate
3581 2059 3829 2129 corporis

2230 2140 2429 2197 Christi
2451 2141 2772 2197 constitutus
2799 2142 3075 2198 abscedat.
3112 2145 3454 2200 Sacramenti
3474 2145 3830 2218 quippeillius

2228 2229 2639 2302 participatione
2669 2247 2732 2288 ac
2761 2231 3027 2288 beneﬁcio
3050 2249 3160 2288 non
3179 2234 3436 2305 privatur,
3472 2236 3690 2308 quando
3710 2237 3830 2308 ipse

2227 2320 2333 2376 hoc
2355 2321 2501 2392 quod
2554 2320 2686 2376 illud
2725 2330 3123 2378 sacramentum
3170 2322 3439 2394 significat
3468 2323 3758 2382 invenitur.
3798 2347 3822 2378 ι

2229 2409 2326 2464 His
2370 2417 2570 2480 autem,
2605 2409 2696 2482 qui
2725 2410 2865 2467 forte
2895 2412 3158 2468 obeuntes
3177 2413 3356 2468 viatici
3385 2414 3624 2470 muneris
3669 2431 3828 2472 com-

2227 2497 2484 2554 munione
2514 2498 2852 2555 reconciliari
2890 2501 3180 2572 petierunt,
3213 2502 3310 2557 sed
3367 2503 3657 2574 impetrare
3713 2520 3831 2576 non

2227 2595 2539 2659 potuerunt,
2573 2589 2863 2645 convenire
2890 2605 3055 2662 posse
3094 2590 3308 2646 videtur
3360 2591 3666 2648 remedialis
3695 2609 3827 2649 sen-

2229 2676 2393 2732 tentia
2413 2677 2657 2746 ejusdem
2674 2677 2815 2733 beati
2834 2678 3142 2753 Augustini,
3163 2696 3324 2752 quam
3340 2680 3568 2737 laudans
3601 2699 3829 2739 sensum

2226 2765 2368 2822 beati
2398 2766 2651 2839 Cypriani
2695 2767 2763 2823 de
2790 2768 2876 2824 his
2931 2768 3022 2840 qui
3067 2767 3126 2823 in
3164 2769 3370 2825 unitate
3399 2770 3662 2828 Ecclesiae
3691 2773 3826 2829 dor-

2226 2849 2476 2918 mierunt,
2509 2859 2560 2906 et
2585 2851 2787 2908 idcirco
2806 2853 2873 2906 ab
2894 2852 3156 2910 Ecclesia:
3184 2855 3500 2910 muneribus
3519 2872 3630 2912 non
3659 2873 3825 2930 sepa-

2227 2939 2328 2993 rati
2355 2939 2740 3007 credebantur,
2781 2941 2913 2998 dicit
2942 2959 2956 2996 :
2995 2963 3018 2994 α
3052 2943 3197 2999 Bene
3229 2943 3448 3015 quidem
3475 2947 3827 3019 praesumpsit

532 3043 718 3093 πιθηιο
745 3036 1009 3109 defuerat,
1044 3039 1335 3112 complevi;
1365 3039 1766 3113 omnipotentis
1794 3042 2122 3116 benignitas,
2226 3028 2371 3100 quod
2400 3029 2628 3084 Charitas
2659 3030 2874 3086 unitatis
2904 3032 3189 3102 cooperire
3215 3042 3400 3104 posset
3424 3034 3827 3092 multitudinem

529 3125 654 3199 quia
682 3141 794 3184 non
825 3127 1084 3199 superbia
1121 3128 1208 3184 vel
1255 3137 1586 3201 contemptu,
1647 3131 1745 3186 sed
1801 3131 2124 3188 necessitate
2157 3181 2202 3201 ﬁ
2224 3125 2584 3188 peccatorum.
2621 3139 2644 3170 υ
2675 3117 2744 3175 Et
2769 3119 2855 3174 his
2886 3121 3178 3177 concinens
3207 3121 3397 3178 beatus
3423 3123 3748 3180 Ambrosius
3769 3125 3827 3182 in

528 3181 778 3273 defuerat
809 3233 823 3273 :
857 3181 936 3274 sic
964 3217 1018 3272 in
1075 3217 1368 3274 infantibus
1397 3219 1489 3291 qui
1537 3220 1794 3291 baptizati
1821 3221 2124 3277 moriuntur

2227 3181 2366 3262 libro
2397 3207 2466 3263 de
2485 3216 2658 3264 morte
2688 3208 3052 3265 Valentiniani
3075 3210 3215 3267 inter
3242 3211 3350 3266 alia
3377 3212 3505 3269 dicit
3533 3214 3683 3288 (post
3699 3181 3823 3272 me;

531 3306 726 3362 eadem
773 3307 956 3382 gratia
987 3306 1388 3380 Omnipotentis
1425 3309 1656 3381 implere
1703 3311 1974 3366 credenda
2016 3319 2119 3379 est,

529 3395 676 3467 quod
694 3410 805 3452 non
833 3411 902 3452 ex
928 3395 1094 3468 impia
1121 3397 1414 3464 voluntate,
1451 3399 1548 3454 sed
1579 3415 1646 3454 ex
1675 3399 1847 3454 aetatis
1863 3399 2120 3474 indigen-

525 3482 620 3552 tia,
651 3500 754 3543 nec
771 3486 938 3542 corde
971 3487 1200 3543 credere
1228 3487 1300 3542 ad
1323 3487 1589 3556 justitiam
1615 3497 1864 3560 possunt,
1897 3507 1999 3546 nec
2027 3505 2121 3547 ore

523 3572 765 3633 conﬁteri
793 3575 864 3632 ad
893 3575 1138 3632 salutem.
1187 3575 1316 3632 Ideo
1363 3592 1487 3634 cum
1516 3593 1614 3650 pro
1662 3578 1740 3634 eis
1767 3577 1858 3632 alii
1886 3595 2120 3651 respon-

521 3661 672 3730 dent,
704 3672 763 3720 ut
803 3664 1094 3736 impleatur
1121 3682 1253 3737 erga
1307 3681 1402 3722 eos
1434 3667 1730 3723 celebratio
1777 3669 2116 3736 sacramenti,

524 3751 666 3809 valet
721 3753 906 3824 utique
952 3755 1030 3809 ad
1073 3770 1263 3810 eorum
1318 3757 1803 3824 consecrationem,
1837 3757 1961 3829 quia
2015 3758 2121 3830 ipsi

525 3842 857 3912 respondere
887 3857 996 3898 non
1025 3851 1292 3915 possunt:
1325 3852 1381 3900 at
1429 3845 1478 3900 si
1505 3861 1606 3916 pro
1638 3861 1704 3901 eo
1733 3846 1826 3918 qui
1882 3863 2118 3918 respon-

524 3929 660 3986 dere
679 3938 858 4002 potest
887 3931 1025 3988 alius
1081 3933 1423 4004 respondeat,
1455 3949 1564 3988 non
1601 3933 1788 3989 itidem
1817 3935 1976 3991 valet.
2035 3937 2119 3992 Ex

523 4034 630 4092 qua
646 4021 839 4094 regula
857 4021 992 4077 illud
1013 4021 1069 4076 in
1090 4022 1393 4096 Evangelia
1413 4023 1616 4080 dictum
1637 4032 1736 4093 est,
1761 4025 1905 4097 quod
1927 4041 2118 4082 omnes

519 4123 644 4168 cum
673 4109 872 4182 legitur
898 4111 1213 4168 naturaliter
1237 4120 1420 4169 movet
1457 4130 1472 4168 :
1502 4115 1748 4170 ditatem
1780 4115 1962 4182 habet,
1997 4116 2118 4188 ipse

516 4213 617 4271 pro
645 4217 703 4257 se
745 4201 1008 4275 loquatur
1035 4201 1217 4275 (Joan.
1254 4202 1357 4274 ix).
1393 4203 1551 4276 (Cap.
1584 4203 1700 4276 25.)
1733 4201 1944 4272 Quibus
1992 4219 2116 4260 om-

515 4287 678 4346 nibus
706 4291 874 4346 rebus
903 4292 1222 4361 ostenditur,
1255 4292 1403 4347 aliud
1430 4309 1553 4349 esse
1583 4301 1984 4350 sacramentum
2012 4294 2115 4349 ba-

513 4379 718 4451 ptismi,
748 4379 896 4436 aliud
925 4381 1342 4437 conversionem
1381 4382 1584 4449 cordis,
1624 4383 1722 4438 sed
1753 4383 1979 4438 salutem
2009 4384 2114 4440 ho-

2223 3296 2399 3366 dium,
2417 3314 2610 3353 versus
2623 3298 2821 3370 ﬁnem)
2839 3318 2857 3354 :
2879 3321 2901 3350 ι
2925 3299 3049 3354 Non
3068 3300 3233 3356 habet
3255 3317 3386 3373 ergo
3406 3303 3641 3375 gratiam
3659 3319 3825 3377 quam

2219 3387 2515 3458 poposcit?
2541 3387 2751 3460 thuia
2770 3388 3038 3460 poposcit,
3069 3389 3280 3462 accepit
3312 3408 3326 3446 :
3356 3399 3409 3447 et
3442 3391 3535 3446 ubi
3562 3392 3694 3448 illud
3713 3403 3816 3460 est,

2219 3475 2406 3531 Justus
2453 3492 2776 3550 quacunque
2833 3486 3005 3533 morte
3053 3488 3362 3551 praeventus
3401 3479 3584 3549 fuerit,
3637 3482 3826 3540 animo.

2221 3564 2338 3634 ejus
2369 3565 2425 3621 in
2468 3567 2658 3638 requie
2688 3567 2831 3622 erit?
2861 3567 3023 3624 Solve
3053 3568 3240 3642 igitur,
3270 3577 3428 3642 pater
3459 3579 3663 3642 sancte,
3693 3590 3822 3628 mu-

2220 3669 2323 3708 nus
2380 3671 2537 3710 servo
2567 3663 2677 3720 tuo,
2713 3657 2859 3728 quod
2890 3658 3104 3729 Moyses
3158 3658 3290 3714 dum
3345 3659 3402 3714 in
3434 3659 3627 3732 spiritu
3664 3662 3820 3730 vidit,

2219 3743 2443 3815 accepit,
2478 3745 2622 3817 quod
2651 3745 2828 3801 David
2883 3746 3010 3818 quia
3057 3763 3122 3802 ex
3153 3747 3483 3806 revelatione
3539 3752 3821 3824 cognovit,

2219 3835 2445 3888 emeruit
2473 3835 2624 3908 (Sap.
2659 3835 2758 3908 Iv).
2793 3835 2978 3905 Solve,
2995 3835 3235 3909 inquam,
3287 3855 3450 3895 servo
3483 3847 3576 3896 tuo
3607 3841 3818 3898 Valen-

2219 3921 2424 3979 tiniano
2452 3940 2648 3978 munus
2678 3925 2824 3997 quod
2841 3927 3168 3998 concupivit,
3187 3943 3384 3983 munus
3403 3929 3546 4002 quod
3567 3931 3819 4002 poposcit

2217 4027 2402 4078 sanus,
2455 4013 2722 4084 robustus,
2777 4013 3084 4072 incolumis.
3134 4016 3190 4072 Si
3234 4015 3456 4074 affectus
3497 4019 3822 4093 aegritudine

2216 4099 2532 4169 distulisset,
2593 4111 2770 4159 tamen
2827 4120 2937 4160 non
2990 4105 3206 4176 penitus
3260 4123 3290 4161 a
3321 4114 3410 4162 tua
3439 4107 3821 4166 misericordia

2216 4200 2360 4246 esset
2387 4191 2614 4259 alienus,
2632 4192 2722 4266 qui
2752 4193 3022 4251 celeritate
3055 4195 3312 4267 temporis
3333 4204 3604 4254 essetnon
3625 4197 3822 4255 volun-

2216 4289 2321 4337 tate
2352 4281 2651 4339 fraudatus.
2674 4283 2834 4338 Solve
2866 4299 2996 4357 ergo
3027 4301 3188 4340 servo
3211 4293 3304 4342 tuo
3324 4304 3522 4343 munus
3545 4295 3652 4345 tuae
3679 4306 3814 4362 gra-

2214 4370 2322 4440 tiae,
2379 4389 2541 4445 quam
2589 4371 2680 4428 ille
2737 4389 3016 4446 nunquam
3055 4375 3294 4447 negavit,
3354 4376 3448 4450 qui
3495 4385 3623 4434 ante
3667 4379 3814 4435 diem

511 4468 676 4526 minis
723 4484 791 4524 ex
844 4476 1076 4542 utroque
1133 4469 1394 4541 compleri
1429 4489 1442 4525 :
1475 4486 1578 4528 nec
1617 4471 1664 4526 si
1717 4488 1887 4528 unum
1923 4474 2114 4529 horum
2212 4461 2400 4516 mortis
2430 4461 2754 4533 templorum
2802 4462 3090 4537 privilegia
3138 4465 3357 4537 negavit
3401 4466 3813 4542 insurgentibus

514 4557 770 4626 defuerit,
802 4557 927 4613 ideo
955 4565 1142 4630 putare
1167 4559 1431 4614 debemus
1460 4575 1803 4632 consequens
1833 4577 1954 4617 esse
1971 4570 2030 4616 ut
2059 4571 2112 4618 et
2140 4555 2191 4614 D
2215 4567 2351 4623 quos
2372 4551 2612 4607 Γθνθτθτί
2633 4560 2838 4623 Ροδδοί·
2861 4553 3082 4609 Amabat
3112 4553 3352 4610 Virorum
3383 4565 3599 4613 caterva
3629 4559 3813 4630 ϐθηίί-

509 4647 734 4704 alteram
762 4647 940 4703 desit:
973 4647 1098 4720 quia
1129 4655 1182 4703 et
1239 4647 1373 4703 illud
1403 4649 1520 4704 sine
1549 4648 1654 4705 isto
1690 4657 1866 4720 potest
1903 4667 2027 4706 esse
2055 4652 2112 4706 in
2212 4639 2364 4706 lium,
2401 4641 2739 4712 supplicabat
2768 4650 2990 4698 senatus
3019 4659 3031 4698 :
3058 4659 3166 4700 non
3197 4645 3470 4701 metuebat
3500 4647 3812 4704 hominibus

509 4735 732 4808 infante,
765 4745 818 4793 et
851 4737 955 4794 hoc
985 4736 1104 4794 sine
1131 4736 1226 4794 i110
1250 4737 1423 4809 ροιαίι
1454 4755 1576 4794 esse
1605 4739 1660 4794 in
1689 4739 1918 4808 latrone,
1953 4756 2107 4796 com-
2212 4729 2519 4800 displicere,
2554 4738 2610 4785 ut
2639 4730 2733 4785 tibi
2751 4731 3105 4804 soliplaceret
3135 4733 3192 4789 in
3223 4735 3456 4791 Christo.
3483 4734 3591 4806 Qui
3619 4737 3810 4793 habuit

507 4824 691 4894 plente
722 4827 839 4882 Deo
895 4827 1012 4883 sive
1065 4827 1120 4882 in
1148 4827 1262 4893 illo,
1297 4827 1411 4882 sive
1466 4827 1522 4881 in
1551 4827 1672 4895 isto,
1707 4829 1853 4900 quod
1911 4845 2020 4884 non
2041 4847 2106 4886 ex
2209 4817 2648 4889 Spiritumtuum»
2682 4821 2954 4892 quomOdO
2985 4838 3095 4878 non
3125 4823 3336 4896 accep“
3364 4825 3596 4898 ἓτδιίθῐη
3620 4819 3820 4882 illam?

506 4913 779 4970 voluntate
809 4914 1089 4972 defuisset.
1125 4917 1259 4971 Cum
1291 4931 1420 4972 vero
1478 4932 1544 4971 ex
1573 4916 1851 4973 voluntate
1877 4917 2102 4974 alterum
2206 4909 2310 4962 Αυῐ
2363 4907 2489 4980 (illia
2518 4909 2830 4966 δοῘθτηΠίίθΓ
2884 4926 2996 4966 non
3025 4919 3148 4966 sunt
3205 4913 3478 4970 celebrata
3524 4915 3807 4988 ηῖῖεῐθῖίειῙ

504 5002 697 5058 horum
727 5002 978 5070 defuerit,
1020 5013 1168 5062 reatu
1224 5005 1500 5062 hominem
1528 5006 1748 5062 involvi.
1797 5007 1868 5062 Et
1921 5009 2101 5080 bapti-
2202 4996 2308 5054 hoc
2344 5007 2524 5054 ωονεί
2544 4998 2571 5052 Ῠ
2598 4999 2748 5071 Ergo
2778 5017 2878 5056 nec
2907 5009 3176 5072 martyres
3207 5002 3253 5058 Si
3276 5005 3656 5061 cateChumeni
3683 5005 3804 5062 me"

502 5107 654 5149 smus
683 5092 904 5165 quidem
932 5102 1112 5165 potest
1138 5095 1319 5152 inesse
1348 5095 1438 5150 ubi
1470 5095 1754 5152 conversio
1784 5097 1967 5152 cordis
1996 5099 2098 5154 de-
2201 5087 2308 5141 Γίῐιῐ
2332 5095 2665 5143 coronemur
2694 5088 2720 5142 ῗ
2747 5089 2871 5144 N011
2919 5090 3063 5146 enim
3093 5100 3440 5161 ϐοΐοιιᾶηῑυτν
3473 5094 3520 5150 Si
3553 5111 3666 5150 11011
3691 5095 3801 5151 ini-

499 5180 664 5240 fuerit
697 5197 710 5238 :
745 5183 1032 5240 conversio
1062 5192 1245 5240 autem
1264 5184 1442 5240 cordis
1463 5192 1641 5256 potest
1668 5185 1886 5258 quidem
1914 5188 2096 5244 inesse
2198 5175 2416 5232 ίίίωῑυΐο
2442 5175 2602 5246 Ωιιοά
2630 5178 2676 5232 εί
2708 5179 3113 5236 51108131111111th
3142 5182 3430 5256 sanguine.
3464 5192 3516 5239 εἴ
3543 5185 3806 5242 11111105118

497 5287 609 5328 non
637 5280 896 5345 percepto
916 5271 1206 5344 baptismo,
1238 5274 1338 5329 sed
1370 5282 1678 5346 contempto
1699 5275 1964 5348 baptismo
1985 5294 2095 5334 non
2194 5265 2366 5336 pietas
2399 5266 2569 5322 abluit
2599 5275 2651 5323 et
2680 5267 2946 5324 voluntas.
2987 5291 3008 5320 ν
3041 5271 3112 5326 Et
3153 5270 3284 5327 item
3318 5271 3461 5328 idem
3493 5272 3549 5328 in
3609 5275 3804 5331 eodem

495 5370 693 5434 potest.
742 5363 935 5434 Neque
990 5361 1134 5417 enim
1181 5361 1290 5418 ullo
1346 5363 1509 5419 modo
1563 5364 1793 5421 dicenda
1850 5375 1932 5421 est
1961 5383 2092 5424 con-
2193 5353 2328 5410 Ῑίδτο
2362 5357 2496 5426 (ηοη
2521 5357 3094 5433 ῘοηθθαΡνῖπείΡίο)ε
3134 5381 3156 5412 α
3183 5361 3378 5416 Beatus
3399 5362 3559 5434 Plane
3590 5365 3682 5437 (ιιιί
3711 5381 3798 5430 "ev

495 5451 679 5509 versio
710 5451 891 5509 cordis
919 5451 986 5506 ad
1018 5452 1212 5522 Deum,
1241 5468 1369 5509 cum
1397 5453 1497 5508 Dei
1528 5463 1923 5511 sacramentum
1957 5473 2088 5512 con-
2191 5443 2246 5498 in
2267 5453 2544 5502 senectute
2574 5448 2870 5504 correxerit
2915 5465 3199 5506 errorem:
3232 5450 3419 5508 beatus
3467 5453 3558 5526 qui
3590 5454 3677 5511 vel
3707 5455 3807 5510 sub

491 5541 764 5598 temnitur.
803 5562 826 5592 ι
861 5542 928 5597 Et
942 5541 1070 5614 quia
1091 5540 1227 5597 sicut
1246 5541 1480 5599 veridica
1503 5552 1583 5600 est
1599 5545 1866 5600 sententia
1891 5546 2085 5602 Salva-
2187 5533 2296 5590 ictu
2325 5535 2511 5592 mortis
2539 5536 2783 5592 animum
2813 5538 3004 5594 avertit
3034 5555 3064 5594 ει
3087 5539 3248 5598 vitiis.
3280 5543 3440 5598 Beati
3479 5543 3624 5599 enim
3663 5547 3802 5618 quo-

489 5631 624 5689 toris
639 5631 832 5690 nostri:
851 5632 970 5689 Nisi
983 5633 1784 5714 quisrenatusfueritexaqua
1799 5635 2086 5708 etSpiritu
2186 5649 2315 5690 rum
2349 5637 2495 5692 tecta
2525 5639 2662 5691 sunt
2685 5641 2922 5710 peccata
2943 5639 3116 5708 (Psal.
3149 5640 3337 5712 xxxx),
3373 5639 3498 5714 quia
3527 5641 3796 5714 scriptum
