4164 6314
393 336 496 391 ιτδ

1144 330 1389 388 OPUSC.
1449 330 1541 387 ET
1581 328 1799 385 EPIST.
1862 326 1937 404 IN
1983 325 2210 384 CAUSA
2267 326 2610 385 llINCMARI
2666 327 2970 387 LAUDUN.

3591 331 3695 388 474

389 467 475 514 est
513 456 748 514 :Desine
782 475 817 512 α
844 457 1013 523 malo,
1038 459 1095 512 et
1115 459 1208 528 fac
1222 457 1446 524 bonum,
1471 455 1795 511 etinhabita
1813 456 1876 510 in
1890 470 1985 508 δίε·
2013 452 2069 512 Α
2087 453 2399 509 εθνὶοοπάἱεθ
2426 452 2526 508 Dei
2557 469 2660 510 nec
2687 469 2974 509 mensuras
3003 469 3295 526 possumus
3324 469 3550 526 ponere,
3585 469 3690 512 nec

396 549 594 604 culum
615 547 810 602 saeculi
830 547 1004 617 (Psal.
1026 546 1254 615 XXXVI).
1278 544 1597 617 Quicunque
1619 562 1750 616 ergo
1772 545 1992 604 desierit

388 653 420 690 a
449 635 712 708 peccatis,
748 643 799 690 et
833 634 993 689 fuerit
1024 635 1095 689 ad
1125 634 1354 690 meliora
1384 635 1439 688 in
1486 651 1808 706 quacunque
1852 653 1990 692 con-

391 741 590 780 versus
616 732 793 790 aetate,
826 724 1050 778 habebit
1081 724 1416 794 superiorum
1447 723 1838 795 indulgentiam
1861 742 1989 797 pec-

389 821 652 880 catorum,
689 830 809 884 qua:
838 812 998 867 fuerit
1029 813 1115 868 vel
1131 813 1430 884 paenitendi
1444 812 1728 868 confessus
1769 813 1986 883 affectu,

389 902 480 958 vel
511 902 824 976 corrigendi
852 909 1139 957 aversatus
1171 902 1412 974 ingenio.
1446 923 1467 952 »

931 991 1157 1048 CUPUT
1219 991 1454 1046 XLVIII.

389 1083 469 1137 De
498 1081 572 1137 iis
601 1083 696 1154 qui
724 1082 897 1136 nimis
915 1083 1127 1156 _a_mant
1156 1082 1506 1156 sententiam
1536 1097 1700 1137 suam
1717 1098 1890 1156 usque
1919 1084 1991 1139 ad

844 1153 1090 1208 schisma
1121 1153 1206 1207 vel
1251 1152 1530 1208 haeresim.

458 1242 545 1295 Ex
571 1241 677 1307 his,
711 1239 899 1309 frater,
932 1240 1224 1312 diligenter
1250 1241 1466 1296 attende
1495 1249 1548 1295 et
1599 1241 1990 1312 perspicaciter

387 1331 610 1402 collige,
646 1329 772 1400 quia
801 1329 927 1384 licet
957 1330 1094 1384 sicut
1123 1328 1178 1383 in
1217 1329 1310 1384 illo
1352 1329 1561 1385 latrone
1607 1330 1761 1399 (Luc.
1796 1331 1986 1403 XXIII),

389 1421 539 1492 quod
589 1435 654 1474 ex
691 1418 944 1489 baptismi
1001 1427 1340 1474 sacramento
1384 1427 1436 1472 et
1497 1419 1990 1476 communicatione

386 1509 633 1580 corporis
665 1516 715 1562 et
736 1507 1018 1580 sanguinis
1042 1507 1400 1579 Christi(quaa
1435 1516 1776 1563 sacramenta
1828 1517 1988 1564 ante-

386 1615 551 1670 quam
580 1596 845 1652 Dominus
872 1597 926 1650 in
957 1613 1178 1652 crucem
1201 1598 1523 1653 ascenderet
1551 1597 1663 1652 suis
1709 1598 1988 1669 discipulis

387 1686 716 1744 celebranda
743 1695 794 1740 et
825 1687 1089 1741 sumenda
1119 1687 1327 1742 cunctis
1343 1685 1590 1741 fidelibus
1613 1687 1874 1758 tradidit),
1892 1688 1987 1743 de-

381 1776 578 1841 fuerat,
613 1775 905 1846 complevit
935 1775 1319 1846 omnipotentis
1371 1775 1700 1847 benignitas,
1736 1777 1982 1848 quianon

381 1864 639 1937 superbia
668 1865 754 1920 vel
784 1873 1114 1935 contemptu,
1142 1865 1239 1920 sed
1270 1864 1592 1920 necessitate
1621 1864 1887 1933 defuerat,
1930 1875 1984 1922 et

383 1955 523 2010 sicut
551 1953 793 2025 parvulis
823 1954 1073 2018 naturali,
1121 1954 1177 2009 id
1225 1962 1307 2010 est
1355 1953 1530 2010 alieno
1608 1964 1833 2025 peccato
1881 1957 1984 2011 ob-

386 2043 586 2113 noxiis,
631 2043 880 2112 aliorum,
927 2043 982 2097 id
1039 2051 1119 2098 est
1163 2050 1520 2114 patronorum
1562 2043 1697 2099 fides
1745 2061 1848 2115 pro
1906 2046 1984 2101 eis

382 2132 832 2203 respondentium
864 2133 919 2186 in
949 2133 1270 2203 baptismate
1301 2132 1360 2188 fit
1389 2134 1455 2187 ad
1488 2133 1732 2203 salutem,
1759 2135 1830 2188 ita
1860 2150 1985 2205 par-

380 2222 542 2289 vulis,
579 2222 776 2293 quibus
819 2221 1142 2292 baptismum
1189 2222 1452 2293 denegari
1499 2222 1728 2291 jussisti,
1780 2240 1982 2294 paren-

379 2319 494 2366 tum
522 2311 606 2366 vel
636 2319 987 2381 patronorum
1005 2311 1170 2366 corde
1193 2312 1550 2381 credentium,
1577 2319 1630 2366 et
1660 2329 1761 2383 pro
1781 2329 1982 2383 parvu-

377 2399 445 2455 lis
477 2400 592 2454 suis
616 2400 763 2455 lideli
794 2401 964 2455 verbo
996 2400 1264 2470 baptisma
1294 2401 1678 2472 expetentium,
1733 2404 1830 2457 sed
1874 2418 1982 2458 non

377 2488 804 2560 impetrantium,
865 2488 1001 2543 fides
1058 2497 1108 2543 et
1164 2488 1340 2544 fidelis
1396 2491 1686 2560 postulatio
1715 2492 1979 2562 prodesse

375 2577 633 2650 potuerit,
669 2578 812 2633 dono
844 2578 977 2647 ejus,
1014 2579 1168 2647 cujus
1199 2579 1431 2649 Spiritus
1483 2596 1589 2650 quo
1638 2581 1980 2652 regeneratio

376 2666 435 2722 fit
465 2667 558 2723 ubi
587 2667 700 2723 vult
731 2668 915 2738 Spirat,
953 2667 1077 2738 quia
1107 2668 1224 2738 ipse
1255 2668 1421 2723 habet
1449 2668 1503 2722 in
1535 2677 1803 2739 potestate
1825 2670 1980 2739 cujus

379 2772 478 2812 cor
505 2757 684 2828 gratia
715 2773 824 2811 suae
854 2756 1174 2812 visitationis
1221 2757 1470 2822 illustret,
1522 2758 1656 2812 sicut
1707 2766 1759 2813 et
1787 2759 1842 2813 in
1871 2759 1979 2814 illis

380 2847 613 2911 duobus,
647 2845 740 2917 qui
769 2845 912 2900 inter
941 2846 1294 2916 Septuaginta
1324 2847 1621 2918 conscripti
1676 2847 1895 2903 fuerunt
1948 2865 1980 2904 a

379 2935 567 3007 Moyse
597 2935 785 3006 (Nam.
811 2934 912 3006 x1),
948 2943 1004 2990 ut
1036 2935 1105 2989 ad
1137 2936 1540 2992 tabernaculum
1569 2936 1786 2992 Domini
1816 2938 1974 3005 irent,

378 3033 431 3080 et
460 3032 764 3097 propagato
795 3025 910 3093 ejus
943 3024 1131 3096 spiritu
1164 3025 1304 3080 inter
1333 3026 1579 3082 seniores
1598 3035 1978 3098 computaren-

375 3122 478 3181 tur,
511 3122 564 3168 et
587 3121 932 3168 remanentes
961 3113 1014 3168 in
1044 3115 1236 3170 castris
1267 3117 1744 3186 prephetaverunt,
1771 3124 1820 3171 et
1838 3116 1978 3172 sicut

379 3212 505 3258 ante
541 3204 868 3274 baptismum
899 3203 954 3258 in
985 3203 1300 3259 Cornelium
1330 3212 1383 3258 et
1412 3205 1614 3260 amicos
1643 3206 1763 3274 ejus
1795 3222 1981 3276 super-

380 3293 547 3362 venit,
592 3301 645 3348 et
691 3293 831 3349 sicut
877 3295 1175 3348 secundum
1228 3293 1544 3350 Africanum
1592 3295 1887 3351 concilium
1933 3304 1985 3351 et

372 3383 600 3438 decreta
643 3383 859 3446 Leonis,
917 3383 1080 3438 etiam
1123 3383 1285 3455 signa
1335 3384 1649 3453 petentium,
1706 3393 1757 3438 et
1810 3392 1984 3440 testes

374 3471 818 3528 communionem
863 3472 1272 3542 postulantium,
1325 3472 1594 3544 proﬁcere
1639 3473 1707 3527 ad
1754 3475 1982 3530 salutem

373 3562 576 3617 debere
608 3561 824 3633 legitur,
857 3561 929 3616 ita
959 3562 1167 3617 eisdem
1198 3563 1530 3633 petentibus,
1566 3563 1694 3620 licet
1724 3579 1835 3619 non
1890 3565 1986 3619 im-

376 3651 740 3723 petrantibus,
776 3651 1232 3718 communionem,
1286 3653 1483 3724 quibus
1543 3669 1662 3708 eam
1722 3653 1988 3727 denegari

367 3741 601 3810 jussisti,
652 3757 751 3812 per
797 3741 1003 3796 viscera
1051 3741 1445 3798 misericordiae
1491 3743 1590 3798 Dei
1639 3743 1832 3810 nostri,
1894 3743 1985 3816 qui

370 3831 554 3902 posuit
585 3830 841 3885 tenebras
870 3830 1154 3886 latibulum
1184 3848 1362 3898 suum,
1397 3841 1448 3887 et
1480 3833 1634 3901 cujus
1678 3832 1988 3888 misericor-

369 3920 476 3976 diae
506 3936 609 3976 nec
638 3920 859 3975 modum
886 3937 1182 3991 possumus
1201 3938 1426 3992 ponere,
1457 3938 1560 3978 nec
1585 3931 1832 3993 tempora
1855 3921 1988 3977 ditii-

369 4011 510 4078 nire,
546 4009 762 4065 dicente
791 4009 891 4064 Dei
924 4011 1126 4082 Spiritu
1157 4028 1258 4082 per
1286 4013 1644 4083 prophetam:
1676 4015 1812 4068 Cum
1828 4013 1987 4084 inge-

372 4101 616 4163 mueris,
654 4103 791 4156 tunc
825 4101 1014 4155 salvus
1046 4103 1158 4156 eris
1188 4102 1318 4172 (Isa.
1354 4103 1456 4170 III),
1493 4101 1615 4173 quia
1635 4102 1777 4172 apud
1793 4101 1984 4156 Domi-

374 4205 508 4243 num
539 4187 918 4244 misericordia
950 4197 1000 4244 et
1033 4189 1255 4260 ecpiosa
1301 4191 1442 4260 apud
1488 4207 1611 4245 eum
1657 4190 1980 4261 redemptio,

371 4278 490 4350 ipsa
524 4295 590 4333 ex
622 4278 893 4334 desiderio
925 4278 1102 4334 ﬁdelis
1131 4279 1440 4350 postulatio,
1478 4280 1524 4334 si
1553 4296 1664 4334 non
1680 4279 1984 4351 praescien-

377 4377 451 4432 tia
482 4376 580 4432 Dei
613 4394 678 4432 ex
711 4377 1064 4433 retributione
1088 4377 1310 4446 justitiaa
1332 4378 1550 4434 fuerunt
1574 4378 1630 4432 in
1651 4394 1836 4433 massa
1865 4395 1986 4449 per-

381 4466 604 4522 ditionis
636 4467 819 4522 umani
849 4467 1070 4538 generis
1094 4468 1266 4524 relicti
1295 4468 1612 4539 adpoenam,
1637 4469 1733 4523 sed
1755 4467 1984 4539 gratiam

2091 550 2335 614 tempora
2365 541 2632 608 deffinire,
2668 543 2812 613 apud
2845 559 3005 616 quem
3050 542 3227 598 nullas
3272 544 3472 614 patitur
3515 543 3689 599 venia

2089 647 2273 686 moras
2301 647 2432 687 vera
2461 631 2753 698 confessio,
2789 631 3002 688 dicente
3033 632 3133 686 Dei
3163 633 3364 703 Spiritu
3411 649 3512 704 per
3556 649 3688 704 pro-

2088 721 2310 792 phetam
2331 720 2462 792 (Isa.
2479 721 2625 790 xxx)
2652 739 2664 775 :
2685 720 3188 794 Cumingemueris,
3203 729 3330 778 tunc
3347 722 3528 776 salvus
3541 722 3649 776 eris
3669 741 3684 789 ;

2091 817 2144 865 et
2173 809 2302 864 alibi
2332 829 2350 866 :
2383 809 2482 865 Dic
2512 818 2568 864 tu
2598 809 2907 882 iniquitates
2937 818 3058 864 tuas
3087 810 3258 880 prior,
3291 817 3350 864 ut
3373 809 3686 878 justiticeris

2092 901 2197 955 Isa.
2231 901 2391 970 XLIII)
2426 917 2440 966 ;
2474 906 2524 954 et
2548 900 2744 954 iterum
2768 918 2781 954 :
2810 900 2950 967 Quia
2969 900 3121 972 apud
3138 902 3442 956 Dominum
3471 899 3690 954 miseri-

2090 989 2280 1044 cordia
2301 993 2412 1054 τεεί,
2443 993 2500 1044 et
2529 990 2750 1061 copiosa
2779 989 2928 1061 apud
2957 991 3132 1044 Deum
3174 989 3479 1062 redemptio
3509 988 3685 1059 (Psal.

2089 1077 2309 1149 cxxrx),
2348 1079 2407 1131 In
2435 1077 2819 1149 dispensandis
2845 1078 3029 1149 itaque
3059 1076 3160 1132 Dei
3189 1077 3347 1132 donis
3377 1092 3485 1132 non
3515 1076 3687 1131 debe-

2089 1182 2209 1221 mus
2241 1183 2364 1222 esse
2395 1166 2658 1234 difficiles,
2692 1182 2794 1223 nec
2824 1173 3178 1222 accusantum
3206 1182 3265 1222 se
3315 1166 3550 1237 gemitus
3596 1164 3683 1220 la-

2090 1271 2416 1328 crymasque
2447 1254 2751 1330 negligere,
2789 1271 2910 1312 cum
2932 1255 3109 1327 ipsam
3133 1253 3688 1326 pcnnitendiaffectio-

2089 1360 2215 1399 nem
2246 1360 2319 1400 ex
2349 1344 2447 1399 Dei
2476 1345 2765 1400 credamus
2813 1344 3168 1417 inspiratione
3212 1352 3552 1416 conceptam,
3606 1343 3688 1399 di-

2088 1441 2244 1489 cente
2274 1433 2536 1505 Apostolo
2565 1433 2642 1506 (II
2672 1435 2810 1490 Tim.
2844 1433 2884 1506 I)
2921 1450 2932 1488 :
2966 1434 3049 1489 Ne
3079 1433 3218 1489 forte
3248 1433 3339 1488 det
3381 1433 3489 1488 illis
3537 1433 3686 1489 Deus

2087 1522 2476 1593 paenitentiam,
2510 1530 2568 1577 ut
2598 1522 2918 1594 resipiscant
2947 1538 2976 1576 a
3006 1521 3210 1578 diaboli
3238 1521 3464 1594 laqueis,
3516 1538 3549 1576 a
3580 1537 3688 1594 quo

2088 1611 2230 1682 capti
2258 1618 2510 1667 tenentur
2539 1611 2609 1667 ad
2637 1612 2806 1683 ipsius
2835 1611 3186 1668 voluntatem.
3214 1633 3235 1661 ι
3263 1613 3328 1668 Et
3348 1611 3508 1682 paulo
3527 1619 3684 1682 post:

2092 1721 2114 1750 α
2150 1701 2369 1765 Verum,
2403 1708 2460 1755 ut
2491 1700 2619 1766 dixi,
2655 1701 2812 1756 etiam
2843 1701 3028 1756 talium
3059 1701 3373 1757 necessitati
3400 1699 3473 1755 ita
3522 1699 3682 1756 auxi-

2013 1817 2067 1880 B
2087 1789 2330 1844 liandum
2359 1797 2462 1857 est,
2494 1797 2551 1844 ut
2579 1790 2720 1846 actio
2750 1790 2856 1844 illis
2888 1789 3233 1862 poenitentiae,
3281 1805 3384 1846 nec
3434 1803 3684 1846 commu-

2088 1878 2266 1934 nionis
2297 1878 2492 1950 gratia,
2527 1878 2571 1932 si
2603 1895 2723 1934 eam
2754 1879 2916 1934 etiam
2951 1879 3156 1934 amisso
3185 1878 3334 1935 vocis
3364 1877 3538 1934 ofﬁcio
3585 1894 3686 1950 per

2085 1967 2286 2022 indicia
2315 1967 2516 2041 integri
2546 1985 2739 2024 sensus
2771 1967 3068 2039 postulant,
3140 1975 3386 2042 negetur.
3421 1970 3487 2023 At
3513 1967 3559 2022 si
3587 1967 3686 2023 ali-

2085 2073 2189 2130 qua
2219 2056 2272 2110 vi
2300 2057 2641 2130 aegritudinis
2671 2057 2745 2112 ita
2801 2057 2997 2113 fuerint
3053 2057 3360 2130 aggravati,
3419 2064 3479 2111 ut
3535 2057 3682 2128 quod

2084 2146 2249 2217 paulo
2292 2154 2416 2201 ante
2463 2147 2779 2218 poscebant,

2084 2233 2399 2308 significare
2429 2251 2538 2291 non
2567 2236 2801 2302 valeant,
2833 2236 3146 2292 testimonia
3175 2235 3255 2291 eis
3286 2234 3529 2290 ﬁdelium
3568 2235 3682 2290 cir-

2083 2325 2467 2381 cumstantium
2497 2325 2763 2396 prodesse
2792 2325 3087 2396 debebunt,
3120 2333 3177 2379 ut
3205 2323 3365 2379 simul
3396 2331 3449 2380 et
3501 2323 3681 2395 poeni-

2081 2413 2262 2469 tentiae
2279 2421 2332 2469 et
2352 2413 2812 2469 reconciliationis
2834 2412 3158 2469 beneficium
3181 2419 3605 2484 consequantur.
3653 2433 3676 2463 ι
3700 2461 3705 2466 ,

2080 2503 2148 2557 Et
2177 2502 2479 2576 Gregorius
2512 2521 2525 2558 :
2567 2525 2588 2554 α
2614 2504 2864 2559 Pastores
2887 2502 3152 2559 Ecclesiae
3172 2502 3220 2557 ei
3238 2517 3461 2573 poenam
3481 2501 3685 2557 debent

2081 2607 2334 2646 amovere
2383 2607 2545 2664 quam
2595 2593 2813 2658 meruit,
2868 2591 2959 2664 qui
3008 2607 3118 2647 non
3167 2590 3382 2647 erubuit
3427 2589 3678 2648 conﬁteri

2077 2681 2222 2752 quod
2253 2680 2396 2736 fecit.
2435 2702 2457 2730 ν
2492 2683 2559 2736 Et
2589 2681 2729 2737 sacri
2759 2681 2966 2736 Nicaeni
3018 2696 3256 2736 canones
3345 2679 3678 2754 generaliter

2079 2770 2226 2824 omni
2255 2769 2474 2825 cuilibet
2502 2769 2558 2824 in
2589 2771 2734 2826 exitu
2763 2769 2959 2840 posito,
3008 2778 3062 2826 et
3108 2769 3354 2841 poscenti
3401 2768 3504 2824 sibi
3527 2784 3684 2824 com-

2078 2859 2351 2914 munionis
2380 2858 2614 2932 gratiam
2644 2858 2806 2913 tribui
2838 2858 3125 2914 manifeste
3155 2857 3478 2930 prmeipiunt
3528 2859 3682 2929 (can.

2081 2949 2189 3017 13).
2223 2948 2460 3003 Tertium
2493 2947 2785 3019 capitulum
2836 2955 2919 3003 est
2939 2948 3008 3003 de
3029 2947 3113 3002 his
3145 2948 3236 3019 qui
3253 2946 3414 3001 nimis
3446 2947 3679 3003 amando

2080 3036 2405 3091 sententiam
2435 3053 2609 3103 suam,
2633 3037 2720 3092 vel
2741 3037 3036 3092 invidendo
3057 3036 3396 3102 melioribus,
3417 3051 3589 3107 usque
3611 3037 3683 3091 ad

2080 3125 2444 3196 prmcidendae
2491 3125 2907 3192 communionis,
2969 3134 3021 3180 et
3066 3125 3335 3181 condendi
3377 3125 3685 3181 schismatis

2860 2147 2958 2201 sub
3033 2146 3323 2218 praesentia
3385 2144 3684 2202 sacerdotis

2086 3214 2172 3270 vel
2202 3213 2427 3270 haeresis
2458 3214 2812 3287 sacrilegium
2839 3214 3183 3284 perveniunt.
3217 3214 3374 3270 Unde
3403 3213 3548 3268 idem
3579 3213 3684 3269 do-

2086 3311 2204 3358 ctor
2233 3303 2533 3359 catholicus
2563 3319 2624 3359 ac
2656 3303 3047 3359 solertissimus
3077 3302 3207 3359 dicit
3236 3302 3516 3374 (August.,
3536 3302 3612 3357 lib
3643 3319 3686 3358 II

2086 3392 2152 3447 de
2183 3394 2343 3465 Bapt.
2377 3407 2499 3463 cap.
2537 3393 2587 3459 4,
2622 3395 2676 3463 5)
2711 3409 2723 3446 :
2761 3413 2781 3442 ‹‹
2821 3393 2954 3456 Hoc,
2988 3392 3260 3464 inquiens,
3308 3390 3436 3448 facit
3483 3391 3686 3447 sanitas

2085 3481 2254 3552 pacis,
2286 3489 2343 3536 ut
2371 3498 2494 3538 cum
2527 3481 2727 3536 diutius
2755 3481 2930 3554 aliqua
2973 3481 3290 3537 obscuriora
3349 3489 3682 3553 quaruntur,

2087 3578 2139 3625 et
2168 3578 2395 3642 propter
2423 3571 2733 3626 inveniendi
2765 3570 3150 3636 difﬁcultatem,
3182 3570 3427 3626 diversas
3466 3570 3686 3641 pariunt

2084 3660 2141 3714 in
2168 3659 2412 3714 fraterna
2442 3659 2834 3730 disceptatione
2865 3660 3178 3726 sententias,
3211 3660 3385 3716 donec
3405 3659 3475 3714 ad
3494 3675 3685 3715 verum

2084 3748 2346 3821 liquidum
2377 3749 2743 3820 perveniatur,
2776 3749 3049 3805 vinculum
3077 3757 3399 3821 permaneat
3442 3748 3681 3818 unitatis,

2085 3855 2154 3895 ne
2185 3839 2241 3893 in
2269 3846 2423 3911 parte
2451 3839 2680 3910 pmcisa
2709 3847 2985 3895 remaneat
3013 3839 3318 3896 insanabile
3347 3839 3543 3895 vulnus
3588 3856 3681 3895 er-

2087 3929 2244 3983 roris.
2307 3929 2377 3983 Et
2404 3928 2528 3985 ideo
2557 3929 2879 4002 plerumque
2909 3929 3242 3985 doctioribus
3269 3929 3447 3983 minus
3476 3929 3682 4002 aliquid

2089 4018 2376 4084 revelatur,
2411 4025 2468 4072 ut
2498 4035 2688 4074 eorum
2717 4019 2928 4089 patiens
2959 4026 3011 4073 et
3056 4018 3275 4073 humilis
3320 4017 3575 4086 charitas,
3627 4019 3684 4075 in

2088 4124 2190 4178 qua
2221 4106 2423 4162 fructus
2465 4108 2642 4176 major
2686 4115 2787 4174 est,
2835 4108 3238 4177 comprobetur,
3287 4107 3375 4163 vel
3407 4107 3680 4180 quomodo

2085 4202 2305 4250 teneant
2334 4195 2612 4264 unitatem,
2666 4211 2790 4250 cum
2824 4195 2880 4249 in
2922 4195 3086 4250 rebus
3134 4195 3542 4250 obscurioribus
3592 4196 3680 4251 di-

2084 4300 2248 4341 versa
2301 4284 2557 4350 sentiunt,
2606 4283 2695 4339 vel
2741 4283 3015 4356 quomodo
3061 4284 3328 4355 accipiant
3375 4284 3676 4353 veritatem,

2086 4389 2211 4430 cum
2242 4380 2432 4429 contra
2462 4373 2515 4428 id
2547 4374 2692 4445 quod
2714 4373 3019 4429 sentiebant
3048 4374 3384 4431 declaratam
3413 4390 3536 4430 esse
3590 4390 3681 4430 co-

2086 4471 2374 4537 gnoscunt.
2423 4463 2662 4532 Quorum
2709 4464 2938 4519 duorum
2986 4463 3388 4520 manifestatum
3433 4473 3696 4520 tenemus-

374 4557 473 4612 Dei
505 4573 571 4611 ex
605 4557 796 4611 eadem
827 4573 1004 4612 massa
1035 4557 1408 4628 prmdestinati
1438 4559 1505 4612 ad
1537 4557 1793 4629 gloriam,
1839 4574 1974 4629 pro-
2005 4550 2056 4610 D
2079 4568 2247 4607 unum
2278 4553 2332 4608 in
2363 4554 2522 4608 beato
2551 4553 2844 4625 Cypriano,
2878 4554 2933 4609 id
2965 4561 3067 4625 est,
3119 4554 3392 4627 quomodo
3443 4554 3677 4610 tenuerit

373 4646 538 4701 desse
569 4645 815 4700 valuerit.
850 4647 1054 4700 Tamen
1087 4654 1142 4700 tu
1174 4663 1399 4702 sucurus
1431 4663 1554 4702 esse
1583 4664 1693 4702 non
1722 4655 1897 4718 potes,
1933 4647 1978 4702 si

371 4734 539 4806 aliqui
568 4735 684 4790 sine
715 4735 922 4790 eisdem
955 4736 1315 4791 sacramentis
1342 4753 1440 4806 per
1467 4745 1616 4791 tuam
1673 4737 1977 4806 jussionem

371 4824 648 4890 obierunt,
679 4832 736 4878 ut
765 4840 875 4879 non
906 4824 1146 4880 districto
1176 4825 1302 4880 inde
1325 4826 1600 4895 judicetur
1622 4834 1711 4880 tua
1728 4826 1977 4899 maligni-

371 4921 476 4977 tas,
512 4913 656 4984 quod
687 4913 742 4968 in
773 4913 851 4969 eis
884 4914 1158 4985 complere
1188 4915 1356 4969 valuit
1387 4915 1785 4986 Omnipotentis
1817 4916 1976 4970 beni-

367 5003 571 5075 gnitas,
606 5002 650 5056 si
681 5019 780 5073 per
809 5003 1006 5075 dignos
1037 5004 1369 5074 pcnnitentiae
1397 5005 1616 5060 fructus
1639 5021 1704 5061 ac
1725 5005 1976 5077 profusas

373 5092 648 5163 lacrymas
679 5092 892 5148 veniam
929 5109 1038 5148 non
1096 5094 1389 5150 obtinuerit
1446 5095 1542 5149 tibi
1600 5096 1744 5166 apud
1802 5096 1977 5150 Deum

369 5197 503 5236 vera
533 5181 838 5248 humilitas;
870 5181 1082 5238 dicente
1117 5183 1297 5239 Leone
1321 5184 1508 5256 (epist.
1529 5187 1618 5249 59,
1640 5185 1711 5240 ad
1734 5185 1975 5242 Theodo-

373 5273 549 5340 rum),
578 5279 631 5326 et
661 5287 760 5341 per
784 5288 910 5326 eum
941 5272 1205 5328 catholica
1234 5281 1286 5327 et
1331 5272 1629 5342 apostolica
1679 5273 1926 5328 Ecclesia
1960 5292 1972 5328 :

374 5381 396 5410 α
434 5361 548 5427 His,
584 5360 778 5432 inquit,
812 5360 901 5433 qui
931 5361 984 5415 in
1004 5369 1244 5432 tempore
1275 5361 1629 5427 necessitatis,
1665 5369 1716 5416 et
1746 5361 1800 5416 in
1827 5363 1975 5434 peri-

372 5449 482 5506 culi
543 5451 792 5521 urgentis
851 5450 1127 5517 instantia,
1198 5450 1514 5522 praesidium
1543 5451 1876 5522 poenitentiae
1923 5460 1976 5508 et

372 5555 500 5594 mox
532 5539 995 5597 reconciliationis
1025 5541 1334 5611 implorant,
1370 5556 1470 5597 nec
1490 5540 1784 5596 satisfactio
1805 5541 1974 5598 inter-

370 5629 609 5685 dicenda
639 5637 742 5698 est,
776 5646 878 5686 nec
909 5629 1276 5687 reconciliatio
1306 5631 1649 5705 deneganda,
1682 5630 1812 5704 quia
1865 5631 1973 5687 mi-

2077 4643 2337 4698 unitatem
2367 4659 2489 4699 cum
2520 4643 2600 4698 eis
2631 4659 2663 4698 a
2693 4644 2889 4714 quibus
2917 4643 3192 4698 diversum
3239 4643 3525 4698 sentiebat.
3589 4644 3678 4699 Ait

2076 4733 2223 4788 enim
2256 4753 2274 4789 :
2304 4733 2593 4788 Neminem
2617 4733 2943 4802 judicantes,
2977 4739 3066 4787 aut
3097 4749 3128 4786 a
3158 4733 3282 4801 jure
3331 4732 3674 4789 communio-

2077 4822 2162 4876 nis
2192 4821 2432 4893 aliquem
2463 4821 2508 4876 si
2535 4822 2806 4877 diversum
2852 4820 3082 4877 senserit
3130 4829 3468 4877 amoventes.
3519 4821 3676 4880 Alte-

2076 4927 2198 4966 rum
2227 4919 2428 4977 autem,
2463 4910 2517 4966 id
2543 4918 2644 4978 est,
2681 4910 2954 4983 quomodo
2983 4909 3235 4981 accipere
3265 4911 3503 4982 potuerit
3523 4913 3675 4968 veri-

2078 5007 2239 5055 tatem
2269 5007 2456 5055 contra
2483 5000 2539 5055 id
2569 5000 2716 5072 quod
2744 4999 3012 5054 sentiebat
3041 4999 3331 5069 inventam,
3367 5008 3420 5057 et
3465 5001 3510 5056 si
3580 5001 3673 5057 lit-

2075 5097 2207 5146 terae
2239 5096 2432 5157 tacent,
2468 5088 2657 5144 merita
2687 5089 2918 5144 clamant
2940 5107 2955 5155 ;
2981 5088 3026 5143 si
3048 5089 3276 5160 epistola
3311 5106 3422 5146 non
3463 5090 3673 5147 inveni-

2075 5187 2180 5245 tur,
2216 5193 2419 5234 corona
2447 5185 2702 5245 testatur;
2735 5177 2780 5233 si
2813 5177 3104 5234 concilium
3158 5195 3266 5236 non
3302 5180 3508 5250 judicat
3552 5180 3673 5252 epi-

2077 5284 2388 5339 scoporum,
2423 5266 2754 5323 consortium
2783 5266 2985 5324 indicat
3015 5267 3359 5341 angelorum.
3383 5270 3508 5326 Non
3527 5269 3672 5325 enim

2075 5372 2307 5428 parvum
2333 5357 2718 5412 documentum
2749 5364 2832 5412 est
2860 5357 3228 5430 pacatissimae
3257 5359 3472 5429 animae,
3506 5358 3562 5413 in
3608 5375 3671 5414 ea

2073 5445 2279 5501 unitate
2309 5445 2630 5516 martyrium
2659 5446 2947 5516 meruisse,
2981 5448 3128 5504 unde
3158 5465 3217 5503 se
3247 5448 3522 5504 diversum
3544 5464 3669 5503 sen-

2074 5534 2213 5592 tiens
2245 5534 2416 5590 noluit
2446 5551 2718 5607 separare.
2755 5537 3016 5594 Homines
3063 5537 3206 5593 enim
3251 5553 3461 5594 sumus.
3513 5537 3666 5593 Unde

2075 5632 2279 5709 aliquid
2306 5633 2463 5690 aliter
2508 5649 2704 5709 sapere
2751 5652 2912 5711 quam
2955 5652 3015 5693 se
3060 5653 3151 5692 res
3196 5637 3380 5708 habet,
3425 5637 3664 5695 humana.
