4164 6338
481 413 588 469 ιτδ

1369 405 1715 464 HINCMARI
1743 405 2143 464 RHEMENSIS
2170 405 2705 466 ARCHIEPISCOPI

3677 415 3783 470 476

477 534 702 594 tentatio
733 542 816 592 est
847 552 863 592 :
893 533 1057 592 nimis
1085 541 1269 592 autem
1295 531 1530 590 amando
1561 508 1888 588 sententiam
1903 548 2080 601 suam,
2103 531 2162 594 Α
2191 531 2366 607 ligare
2407 533 2583 606 possit
2651 542 2744 590 aut
2789 533 3026 593 solvere.
3089 537 3199 594 Sed
3257 536 3481 594 solvitur
3511 537 3604 611 qui
3659 553 3782 594 cum

477 625 566 683 vel
591 625 885 682 invidendo
911 624 1254 691 mulieribus,
1277 638 1452 696 usque
1474 622 1544 678 ad
1563 621 1928 694 prmoidendae
1940 637 2090 678 com-

477 714 752 772 munionis
779 722 834 771 et
859 713 1132 772 condendi
1173 711 1482 770 schismatis
1521 711 1610 768 vel
1655 711 1882 768 haeresis
1913 711 2088 768 sacri-

479 803 684 878 legium
713 804 1023 876 pervenire,
1057 801 1328 859 diabolica
1356 799 1707 873 praesumptio
1725 807 1807 855 est
1827 817 1840 854 :
1863 799 1920 855 in
1940 799 2088 856 nullo

481 901 666 950 autem
693 893 850 950 aliter
876 909 1069 966 sapere
1097 907 1262 965 quam
1278 906 1338 947 se
1360 906 1451 946 res
1470 889 1653 954 habet,
1677 888 1932 962 angelica
1960 905 2089 960 per-

478 982 642 1040 fectio
671 989 772 1038 est.
807 981 946 1052 Quia
973 981 1155 1054 itaque
1184 981 1434 1036 homines
1466 995 1672 1047 sumus,
1708 977 1807 1033 sed
1845 993 1942 1048 spe
1991 994 2086 1034 an-

482 1073 593 1145 geli
621 1088 826 1141 sumus,
859 1071 1055 1144 quibus
1084 1069 1323 1143 aequales
1364 1068 1420 1123 in
1464 1067 1871 1124 resurrectione
1916 1066 2086 1123 futuri

485 1177 674 1218 sumus
699 1161 919 1232 (Matth.
965 1161 1130 1231 xxii),
1165 1157 1407 1232 quandiu
1436 1173 1545 1214 non
1607 1157 1874 1212 habemus
1903 1155 2086 1228 perfe-

485 1251 721 1310 ctionem
747 1249 949 1322 angeli,
981 1265 1091 1304 non
1119 1248 1422 1304 habeamus
1453 1245 1944 1318 praesumptionem
1968 1246 2086 1302 dia-

486 1339 618 1396 boli.
650 1341 779 1396 Ideo
809 1339 940 1396 dicit
964 1337 1291 1409 Apostolus:
1333 1337 1587 1394 Tentatio
1615 1353 1708 1392 vos
1740 1351 1856 1392 non
1885 1352 2086 1410 appre-

486 1430 714 1496 hendat,
743 1429 859 1484 nisi
887 1429 1142 1484 humana
1169 1425 1220 1498 (Ι
1245 1427 1366 1483 Cor.
1399 1425 1481 1498 x).
1516 1425 1825 1481 Humanum
1843 1432 1926 1481 est
1949 1441 2084 1497 ergo

487 1517 690 1592 aliquid
736 1517 893 1574 aliter
936 1531 1152 1588 sapere.
1205 1515 1502 1586 Propterea
1549 1513 1682 1570 dicit
1723 1513 1832 1569 alio
1894 1513 2016 1571 loco
2068 1531 2082 1570 :

491 1606 784 1680 Quodquod
811 1622 938 1678 ergo
961 1605 1206 1680 perfecti
1236 1605 1334 1662 hoc
1356 1604 1664 1678 sapiamus.
1684 1603 1816 1660 Etsi
1834 1605 1966 1678 quid
1984 1604 2088 1660 ali-

487 1697 804 1770 tersapitis,
839 1697 939 1752 hoc
969 1711 1180 1768 quoque
1209 1695 1355 1752 vobis
1383 1695 1530 1751 Deus
1558 1693 1828 1750 reuelabit
1849 1693 2081 1766 (Philip.

484 1789 588 1858 ιιι).
605 1784 814 1856 Quibus
827 1792 1007 1841 autem
1020 1784 1227 1840 revelat
1239 1799 1365 1841 cum
1375 1782 1628 1851 voluerit,
1643 1781 1758 1839 sive
1772 1783 1830 1838 in
1839 1783 1942 1840 hac
1952 1783 2082 1851 vita,

485 1875 601 1932 sive
628 1883 754 1948 post
781 1875 922 1930 hanc
950 1873 1135 1941 vitam,
1164 1872 1269 1928 nisi
1297 1871 1696 1928 ambulantibus
1727 1871 1784 1929 in
1813 1872 1953 1928 viam
1995 1887 2088 1944 pa-

484 1965 584 2032 cis,
619 1972 674 2020 et
719 1963 774 2019 in
816 1963 1020 2019 nullam
1066 1961 1449 2034 praecisionem
1497 1961 1840 2019 deviantibus
1867 1962 1896 2017 ?
1961 1963 2085 2018 Non

485 2053 676 2127 quales
704 2052 794 2109 isti
851 2059 994 2119 sunt,
1047 2052 1140 2124 qui
1193 2051 1338 2109 viam
1380 2050 1528 2124 pacis
1563 2067 1673 2107 non
1722 2059 2080 2124 agnoverunt,

485 2159 590 2200 nec
635 2150 862 2215 propter
907 2141 1056 2198 aliud
1102 2141 1326 2198 unitatis
1387 2141 1666 2198 vinculum
1737 2141 2080 2214 diruperunt.

487 2233 726 2306 Ideoque
756 2231 1050 2304 Apostolus
1081 2247 1204 2288 cum
1230 2230 1464 2288 dixisset
1492 2230 1714 2304 (Ephes.
1747 2231 1849 2304 ιν).
1907 2231 1978 2286 Et
2039 2231 2086 2287 si

489 2321 620 2397 quid
647 2321 804 2378 aliter
827 2319 1036 2392 sapitis,
1068 2321 1172 2376 hoc
1201 2336 1420 2394 quoque
1447 2320 1603 2378 vobis
1633 2322 1782 2377 Deus
1802 2319 2082 2388 revelavit,

487 2427 558 2468 ne
587 2418 843 2484 putarent
873 2419 1064 2482 praeter
1090 2410 1236 2467 viam
1265 2410 1416 2482 pacis
1447 2411 1592 2484 quod
1622 2411 1782 2467 aliter
1801 2411 2088 2483 sepiebant

489 2500 593 2559 sibi
621 2517 786 2573 posse
814 2499 1070 2570 revelari,
1103 2499 1358 2556 continuo
1386 2499 1592 2557 addidit
1643 2501 1696 2573 (Ι
1741 2501 1862 2558 Cor.
1909 2502 2037 2573 xm)
2067 2518 2082 2556 :

489 2591 875 2648 Verumtamen
903 2589 960 2645 in
1009 2590 1157 2662 quod
1198 2589 1566 2662 pervenimus,
1613 2589 1667 2645 in
1715 2606 1782 2646 eo
1835 2589 2086 2646 ambule-

486 2696 630 2736 mus.
662 2681 724 2736 In
753 2695 860 2752 quo
889 2679 1175 2735 ambulans
1193 2679 1496 2752 Cyprianus
1545 2679 2088 2752 perseverantissima

489 2769 788 2838 tolerantia,
820 2785 891 2826 ne
919 2767 1043 2826 fuso
1073 2769 1360 2841 sanguine,
1385 2769 1482 2825 sed
1501 2769 1557 2824 in
1578 2769 1784 2827 unitate
1796 2785 1907 2825 non
1943 2767 2084 2835 fuso,

488 2867 618 2941 quia
645 2867 693 2924 si
714 2866 951 2923 traderet
976 2881 1176 2938 corpus
1205 2883 1362 2922 suum
1390 2875 1448 2921 ut
1475 2867 1712 2938 arderet,
1745 2875 1800 2923 et
1831 2883 1943 2923 non
1985 2869 2088 2923 ha-

487 2957 642 3014 beret
667 2955 1010 3026 charitatem,
1059 2955 1196 3011 nihil
1233 2955 1284 3011 ei
1329 2957 1636 3028 prodesset,
1684 2973 1784 3028 per
1831 2957 2078 3030 martyrii

489 3045 890 3104 confessionem
919 3045 1167 3116 pervenit
1189 3045 1262 3101 ad
1301 3044 1613 3119 angelicam
1659 3045 1836 3102 lucem
1871 3064 1886 3102 :
1942 3053 2000 3100 ut
2041 3045 2088 3101 si

490 3151 604 3192 non
630 3142 811 3202 antea,
855 3134 932 3190 ibi
984 3141 1132 3191 certe
1189 3135 1485 3190 revelatum
1540 3143 1882 3206 agnosceret,
1943 3135 2090 3208 quod

2189 622 2444 678 columba
2486 623 2674 680 fecerit
2719 641 2934 697 pacem,
2986 634 3038 682 et
3099 625 3304 700 ligatur
3343 626 3436 700 qui
3490 642 3615 684 cum
3679 643 3780 684 co-

2187 711 2370 766 lumba
2400 727 2507 768 non
2537 713 2704 770 habet
2723 731 2934 786 pacem,
2971 715 3084 772 sive
3123 724 3308 788 aperte
3337 715 3471 772 foris
3527 717 3613 783 sit,
3667 717 3784 773 sive

2187 799 2334 856 intus
2363 818 2486 858 esse
2514 799 2780 860 videatur.
2811 806 3023 860 Dathan
3069 821 3200 862 vero
3247 814 3302 862 et
3339 805 3547 862 Abiron
3587 807 3778 878 (Num.

2187 892 2330 961 xvr),
2363 891 2452 964 qui
2506 892 2608 948 sibi
2665 892 3004 950 sacrificandi
3052 893 3328 952 licentiam
3371 911 3636 968 usurpare
3683 911 3783 952 co-

2189 981 2306 1036 nati
2372 989 2497 1036 sunt
2561 991 2750 1038 contra
2815 983 3077 1040 unitatem
3149 985 3332 1056 populi
3397 985 3517 1053 Dei,
3588 993 3640 1040 et
3686 984 3783 1040 ﬁlii

2185 1072 2392 1138 Aaron,
2429 1069 2522 1143 qui
2553 1071 2788 1127 alienum
2816 1072 3002 1146 ignem
3031 1073 3186 1128 altari
3198 1073 3596 1146 imposuerunt,
3619 1073 3780 1130 novi-

2186 1175 2305 1214 mus
2335 1161 2482 1232 quod
2508 1160 2730 1233 impune
2757 1177 2867 1217 non
2894 1161 3124 1219 fecerint
3149 1179 3162 1218 :
3193 1179 3296 1219 nec
3325 1180 3427 1219 nos
3443 1163 3549 1218 alia
3569 1165 3780 1220 scelera

2185 1243 2418 1301 dicimus
2445 1245 2710 1318 impunita
2737 1263 3043 1315 remanere,
3064 1247 3168 1302 nisi
3181 1264 3239 1304 se
3257 1249 3392 1304 tales
3412 1249 3763 1318 correxerint,

2187 1333 2235 1388 si
2262 1334 2520 1406 patientia
2550 1335 2650 1391 Dei
2697 1336 2770 1391 ad
2815 1336 3188 1408 paenitentiam
3238 1338 3519 1394 adducens
3560 1346 3776 1409 tempus

2186 1423 2498 1496 corrigendi
2525 1424 2775 1498 largitur.
2809 1427 3000 1500 (Aug.,
3029 1427 3127 1483 lib.
3160 1442 3220 1482 ιιι
3245 1428 3311 1484 de
3339 1429 3522 1501 Bapt.,
3557 1443 3606 1484 c.
3659 1427 3772 1500 16.)

2190 1535 2212 1564 (ι
2251 1513 2482 1585 Spiritus
2509 1522 2688 1570 autem
2720 1523 2958 1584 sanctus,
2991 1515 3085 1589 qui
3115 1516 3171 1571 in
3203 1517 3323 1572 sola
3367 1516 3636 1574 catholica
3680 1534 3782 1589 per

2185 1619 2380 1659 manus
2409 1603 2814 1676 impositioncm
2841 1605 2962 1662 dari
2999 1605 3218 1677 dicitur,
3269 1606 3528 1662 nimirum
3574 1607 3680 1664 hoc
3725 1607 3782 1663 in

2185 1692 2358 1767 telligi
2390 1694 2629 1763 majores
2658 1695 2831 1750 nostri
2861 1695 3140 1757 voluerunt
3170 1696 3318 1769 quod
3346 1696 3638 1768 Apostolus
3665 1696 3779 1752 ait:

2188 1782 2464 1850 Quoniam
2480 1785 2732 1841 charitas
2743 1786 2845 1841 Dei
2863 1785 3071 1857 diffusa
3090 1787 3261 1861 estin
3282 1787 3536 1844 cordibus
3571 1789 3785 1843 nostris

2115 1901 2168 1962 B
2187 1873 2579 1946 perSpiritum
2609 1879 2876 1932 sanctum
2895 1877 2990 1950 qui
3009 1875 3175 1932 datus
3205 1879 3292 1932 est
3321 1876 3476 1932 nobis
3495 1875 3669 1948 (Rom.
3699 1877 3783 1948 v).

2190 1963 2312 2034 Ipse
2342 1970 2426 2018 est
2454 1962 2598 2018 enim
2640 1964 2894 2034 charitas,
2945 1980 3110 2036 quam
3160 1980 3269 2020 non
3323 1965 3528 2020 habent
3568 1965 3663 2038 qui
3717 1965 3787 2020 ab

2182 2051 2448 2108 Ecclesiae
2480 2053 2759 2110 catholicae
2789 2053 3170 2112 communione
3197 2054 3412 2126 praecisi
3429 2063 3570 2122 sunt,
3590 2070 3656 2111 ac
3687 2071 3790 2126 per

2183 2139 2289 2198 hoc
2319 2141 2481 2198 etiam
2511 2142 2558 2198 si
2587 2141 2789 2215 linguis
2817 2143 3096 2199 hominum
3127 2151 3181 2200 et
3207 2144 3530 2217 angelorum
3561 2143 3790 2217 loquan-

2185 2238 2292 2299 tur,
2313 2231 2359 2286 si
2379 2232 2553 2288 sciant
2573 2233 2754 2288 omnia
2778 2241 3138 2301 sacramenta,
3163 2240 3217 2290 et
3232 2249 3453 2289 omnem
3484 2233 3788 2303 scientiam,

2185 2319 2305 2377 etsi
2351 2321 2588 2378 habeant
2626 2338 2843 2380 omnem
2899 2323 3244 2395 prophetiam
3286 2330 3338 2378 et
3365 2339 3581 2380 omnem
3601 2321 3787 2391 fidem,

2185 2410 2257 2465 ita
2287 2418 2345 2466 ut
2371 2418 2586 2467 montes
2614 2410 2962 2482 transferant,
2995 2419 3051 2468 et
3085 2411 3409 2468 distribuant
3454 2412 3637 2469 omnia
3694 2429 3793 2468 sua

2183 2501 2536 2572 pauperibus,
2589 2509 2642 2556 et
2697 2501 2905 2556 tradant
2955 2517 3157 2573 corpus
3215 2517 3377 2556 suum
3429 2509 3487 2558 ut
3558 2501 3792 2558 ardeant

2185 2589 2320 2644 nihil
2377 2589 2456 2646 eis
2507 2589 2751 2662 prodest.
2810 2591 2934 2646 Non
2957 2599 3137 2646 autem
3159 2591 3324 2647 habet
3344 2591 3445 2647 Dei
3466 2591 3789 2648 charitatem

2191 2679 2285 2752 qui
2312 2679 2577 2736 Ecclesiae
2609 2696 2718 2736 non
2749 2680 2925 2753 diligit
2954 2680 3214 2736 unitatem
3243 2699 3256 2736 :
3292 2696 3359 2738 ac
3387 2697 3488 2753 per
3514 2683 3620 2738 hoc
3640 2689 3790 2738 recte

2188 2767 2512 2843 intelligitur
2541 2769 2666 2837 dici,
2699 2785 2808 2826 non
2838 2769 3014 2842 accipi
3037 2769 3143 2825 nisi
3171 2770 3228 2824 in
3256 2770 3524 2826 catholica
3555 2770 3791 2842 Spiritus

2190 2867 2430 2916 sanctus.
2479 2859 2671 2932 Neque
2716 2859 2862 2914 enim
2899 2859 3290 2932 temporalibus
3337 2867 3390 2915 et
3435 2859 3790 2916 sensibilibus

2186 2947 2469 3004 miraculis
2525 2947 2916 3004 attestantibus
2975 2965 3075 3020 per
3127 2965 3324 3005 manus
3389 2949 3794 3020 impositionem

2186 3037 2350 3093 modo
2378 3037 2534 3092 datur
2562 3036 2796 3109 Spiritus
2829 3046 3050 3095 sanctus
3081 3038 3230 3111 (Act.
3265 3039 3408 3110 vui),
3443 3037 3582 3094 sicut
3629 3046 3793 3094 antea

2189 3125 2416 3182 debatur
2443 3126 2515 3182 ad
2544 3127 3082 3183 commendationem
3111 3127 3261 3182 rudis
3291 3125 3435 3194 fidei,
3453 3127 3791 3184 etEcclesize

491 3241 616 3283 cum
659 3224 818 3295 aliter
865 3231 1104 3296 saperet,
1154 3223 1483 3280 sententiam
1531 3225 1761 3282 diversa
1816 3223 2087 3297 opinionis
2122 3275 2166 3297 η
2192 3215 2490 3288 primordia
2527 3215 2815 3272 dilatanda,
2851 3215 2986 3286 Quis
3017 3216 3160 3272 enim
3189 3233 3335 3273 nunc
3356 3217 3457 3272 hoc
3491 3224 3792 3289 exspectat,

493 3275 616 3283 ____
865 3275 1104 3296 -_,-_--,
1154 3275 1483 3280 _-_--_----_
1537 3275 1759 3282 _.--_w
1822 3275 2084 3297 -,-_--_--
2194 3275 2211 3288 .
2859 3275 2900 3286 η
3591 3275 3608 3289 .
3779 3275 3790 3282 .

490 3315 708 3372 vinculo
735 3329 846 3371 non
873 3313 1156 3386 proposuit
1185 3313 1427 3370 unitatis.
1465 3334 1491 3364 ι
1541 3312 1701 3384 Quod
1749 3322 1934 3371 autem
1987 3313 2096 3370 ad-.
2121 3275 2170 3339 δ
2195 3303 2330 3360 utin
2357 3305 2554 3377 quibus
2581 3320 2776 3360 manus
2807 3305 2876 3360 ad
2931 3305 3310 3377 accipiendum
3359 3305 3616 3378 Spiritum
3663 3321 3794 3361 san-

487 3403 668 3476 jungit
683 3402 988 3475 Cyprianus
1005 3410 1058 3458 et
1077 3401 1207 3458 dicit
1232 3403 1352 3476 (lib.
1376 3403 1492 3458 vde
1512 3406 1696 3477 Bapt.,
1713 3419 1764 3460 c.
1791 3403 1845 3475 3)
1869 3421 1883 3458 :
1913 3425 1935 3456 ¢
1963 3404 2088 3460 Non

492 3501 676 3550 tamen
703 3493 830 3566 quia
859 3492 1153 3565 aliquando
1183 3501 1425 3548 erratum
1453 3500 1556 3560 est,
1586 3492 1712 3549 ideo
1741 3509 1960 3565 semper
2005 3509 2096 3549 er-

491 3583 727 3640 randum
754 3591 856 3651 est,
887 3599 1012 3638 cum
1037 3582 1216 3656 magis
1245 3581 1582 3654 sapientibus
1625 3589 1679 3638 et
1711 3583 1886 3638 Deum
1907 3581 2095 3638 timen-

492 3673 640 3729 tibus
686 3680 975 3747 congruat,
1035 3670 1326 3744 patefactaa
1364 3679 1419 3728 et
1461 3679 1764 3744 perspecte
1791 3671 2006 3728 veritati
2021 3671 2092 3726 li-

495 3763 690 3820 benter
718 3770 880 3834 atque
909 3761 1290 3818 incunctanter
1316 3761 1568 3832 obsequi,
1604 3777 1766 3834 quam
1795 3761 2092 3833 pertinaci-

493 3859 580 3908 ter
609 3859 770 3924 atque
800 3849 1072 3906 obstinate
1101 3858 1294 3907 contra
1336 3849 1536 3906 fratres
1577 3859 1632 3907 et
1673 3851 2092 3908 consacerdotes

491 3956 596 4014 pro
620 3939 891 3998 haereticis
937 3939 1215 4007 reluctari,
1263 3939 1552 3997 verissime
1593 3939 1744 4008 dicit,
1790 3957 1892 3997 nec
1933 3940 2092 3998 alteri

492 4030 672 4102 potius
701 4047 867 4104 quam
895 4029 999 4084 sibi
1027 4030 1348 4087 adversatur
1367 4029 1459 4103 qui
1489 4029 1690 4088 resistit
1735 4030 2092 4102 apertissima

492 4119 729 4177 veritati.
761 4120 1036 4178 Primatus
1062 4127 1240 4176 autem
1266 4135 1376 4177 non
1405 4127 1483 4176 est
1514 4119 1619 4176 nisi
1647 4119 1704 4175 in
1733 4127 1922 4178 sancta
1967 4136 2092 4178 con-

493 4210 802 4268 versatione
843 4217 893 4267 et
936 4209 1046 4267 vita
1089 4210 1248 4280 bona,
1297 4227 1406 4284 quo
1441 4211 1716 4283 pertinent
1761 4226 1971 4282 omnes,
2024 4227 2092 4268 ex

499 4300 695 4373 quibus
733 4309 992 4374 tanquam
1037 4300 1302 4356 membris
1348 4307 1560 4357 constat
1603 4300 1692 4356 illa
1735 4315 1936 4373 sponsa
1979 4316 2091 4356 non

492 4391 704 4447 habens
729 4389 998 4448 maculam
1024 4405 1202 4462 neque
1231 4405 1444 4462 rugam,
1476 4397 1530 4446 et
1573 4389 1662 4445 illa
1708 4389 1961 4446 columba
2009 4389 2090 4446 in-

491 4486 577 4537 ter
603 4479 892 4535 multorum
921 4493 1212 4535 corvorum
1239 4478 1645 4551 improbitatem
1673 4494 1920 4550 gemens.
1969 4479 2090 4536 Nisi

490 4568 629 4627 forte
673 4584 798 4626 cum
841 4569 988 4624 Esau
1032 4575 1257 4640 propter
1299 4567 1568 4625 lenticula
1591 4567 2086 4639 concupiscentiam

2195 3402 2342 3452 ctum
2371 3393 2687 3466 imponitur,
2719 3402 2947 3466 repente
2965 3395 3222 3468 incipiant
3239 3395 3442 3468 linguis
3464 3394 3658 3467 loqui?
3683 3396 3793 3452 Sed

2189 3483 2536 3541 invisibiliter
2565 3491 2618 3540 et
2647 3483 2874 3540 latenter
2901 3483 3222 3558 intelligitur
3249 3500 3347 3556 pro
3379 3483 3594 3540 vinculo
3627 3485 3788 3557 pacis

2194 3589 2386 3629 eorum
2415 3574 2676 3631 cordibus
2706 3573 2886 3630 divina
2915 3573 3150 3632 charitas
3179 3573 3448 3646 inspirari,
3481 3581 3538 3628 ut
3576 3573 3792 3645 possint

2193 3662 2382 3720 dicere
2407 3681 2420 3718 :
2445 3662 2716 3732 Quoniam
2739 3664 2994 3721 charitas
3008 3665 3110 3720 Dei
3126 3663 3333 3736 cii/fusa
3349 3667 3434 3720 est
3446 3665 3507 3718 in
3535 3663 3795 3720 cordibus

2191 3753 2401 3809 nostris
2430 3770 2532 3826 per
2559 3754 2839 3826 Spiritum
2867 3757 3132 3810 sanctum
3159 3753 3255 3826 qui
3298 3753 3466 3810 datus
3523 3757 3610 3810 est
3637 3754 3798 3810 nobis

2193 3843 2371 3914 (Rom.
2403 3841 2484 3915 v).
2535 3841 2716 3898 Multa:
2764 3850 2948 3898 autem
2995 3850 3119 3898 sunt
3165 3841 3512 3914 operationes
3560 3841 3796 3914 Spiritus

2193 3931 2388 3999 sancti,
2436 3947 2574 4004 quas
2627 3931 2772 3988 idem
2829 3931 3142 4004 Apostolus,
3199 3948 3324 3988 cum
3379 3931 3618 4004 quodam
3671 3931 3796 3989 loco

2193 4030 2453 4095 quantum
2483 4021 2731 4078 sufﬁcere
2759 4023 3054 4078 arbitratus
3084 4029 3166 4078 est
3195 4029 3694 4089 commemorasset,
3719 4022 3790 4077 ita

2191 4110 2454 4168 conclusit
2487 4129 2500 4166 :
2533 4112 2735 4169 Omnia
2763 4116 2958 4169 autem
2987 4113 3106 4170 haec
3141 4115 3406 4186 operatur
3425 4127 3576 4168 unus
3597 4116 3788 4186 atque,

2189 4201 2342 4258 idem
2372 4201 2618 4272 Spiritus
2646 4201 2906 4258 dividens
2927 4203 3234 4276 unicuique
3251 4217 3352 4273 pro
3365 4206 3429 4257 ut
3442 4202 3564 4258 vult
3579 4201 3632 4273 (Ι
3665 4202 3788 4258 Cor.

2193 4291 2316 4363 xu).
2341 4291 2475 4347 Cum
2495 4307 2628 4366 ergo
2654 4290 2800 4347 aliud
2817 4291 2887 4347 sit
2921 4299 3346 4362 sacramentum,
3407 4291 3553 4363 quod
3589 4291 3797 4348 habere

2191 4380 2353 4436 etiam
2367 4379 2556 4438 Simon
2591 4382 2784 4453 Magus
2810 4381 2986 4452 potuit
3047 4381 3174 4453 (Act
3202 4381 3350 4453 vni.)
3391 4379 3795 4453 aliudoperatio

2191 4470 2442 4542 Spiritus,
2477 4487 2597 4543 qum
2625 4469 2680 4526 in
2707 4470 2867 4526 malis
2893 4470 3055 4526 etiam
3096 4469 3406 4527 hominibus
3464 4468 3585 4526 fieri
3628 4469 3786 4540 solet,

2191 4558 2329 4616 sicut
2341 4559 2472 4616 Saul
2491 4559 2678 4616 habuit
2695 4560 3038 4632 prophetiam
3059 4561 3110 4633 (Ι
3123 4563 3232 4632 Reg
3245 4602 3258 4616 .
3279 4561 3414 4633 xu):
3433 4559 3581 4615 aliud
3601 4575 3800 4632 opera-

491 4659 784 4731 primatum
827 4657 1145 4730 perdiderit,
1185 4665 1376 4714 tenere
1421 4657 1719 4729 primatum
1783 4657 2084 4714 arbitrandi
2112 4645 2164 4706 D
2187 4647 2262 4704 ιίο
2291 4649 2538 4718 eiu-idem
2569 4649 2823 4720 SpiriluS,
2865 4666 3030 4724 quam
3084 4667 3195 4706 non
3247 4649 3352 4705 nisi
3406 4649 3535 4706 boni
3596 4649 3800 4705 habere

491 4756 616 4804 sunt
673 4748 1026 4818 fraudatores,
1096 4753 1368 4819 raptores,
1450 4744 1810 4815 feneratores,
1896 4747 2086 4819 invidi,

493 4836 716 4904 ebriosi,
749 4845 804 4894 et
831 4837 1017 4894 caeteri
1054 4835 1385 4908 hujusmodi,
1419 4835 1608 4907 quales
1635 4835 1692 4891 in
1719 4835 1968 4894 Ecclesia
2005 4837 2090 4892 sui

497 4920 760 4992 temporis
804 4923 969 4978 etiam
1011 4938 1110 4995 per
1151 4921 1362 4978 litteras
1419 4920 1728 4992 Cyprianus
1799 4921 2085 4995 ingemuit.

505 5009 854 5084 QuaprOpter
881 5020 972 5067 aut
1004 5012 1151 5084 quod
1181 5018 1264 5068 est
1293 5018 1482 5068 tenere
1508 5010 1836 5078 Ecclesiam,
1856 5029 1967 5068 non
1987 5013 2092 5070 hoc

499 5107 584 5157 est
611 5099 668 5156 in
696 5099 896 5156 divinis
925 5108 1114 5158 tenere
1142 5101 1456 5173 primatum,
1489 5108 1581 5158 aut
1603 5100 1651 5158 si
1679 5101 1856 5158 omnis
1884 5102 1978 5176 qui
2006 5111 2090 5158 te-

499 5198 592 5246 net
630 5190 959 5259 Ecclesiam,
1007 5190 1169 5247 etiam
1195 5190 1485 5263 primatum
1544 5199 1709 5260 tenet,
1771 5208 1962 5250 omnes
2015 5193 2092 5248 illi

494 5279 670 5356 iniqui
694 5280 1000 5338 Ecclesiam
1029 5295 1138 5338 non
1186 5288 1390 5351 tenent,
1440 5282 1533 5356 qui
1579 5290 1762 5338 tamen
1810 5283 1956 5339 intus
2011 5282 2094 5340 vi-

491 5369 708 5438 dentur,
761 5379 814 5428 et
843 5370 1174 5443 baptismum
1217 5371 1353 5428 dare
1399 5381 1451 5428 et
1495 5373 1702 5430 habere
1745 5389 1779 5428 a
1809 5372 1960 5428 nullo
1987 5387 2092 5430 no-

492 5468 667 5516 strum
693 5467 984 5534 negantur.
1011 5461 1152 5517 Nam
1183 5477 1280 5517 eos
1307 5461 1598 5534 primatum
1640 5463 1696 5518 in
1751 5461 1949 5520 divinis
1988 5463 2094 5518 ha-

493 5550 628 5608 bere
657 5549 780 5624 quis
807 5550 972 5620 dicat,
1003 5549 1109 5606 nisi
1138 5551 1230 5624 qui
1259 5551 1392 5608 nihil
1433 5552 1678 5610 divinum
1728 5551 1916 5624 sapit?
1960 5573 1984 5603 »
2027 5553 2098 5609 Et

491 5641 628 5698 foris
657 5640 899 5716 quidem,
929 5639 985 5697 id
1015 5649 1098 5698 est
1129 5640 1187 5698 in
1215 5642 1411 5699 haeresi
1441 5643 1530 5700 vel
1558 5643 1856 5700 schismate
1885 5657 1990 5700 nec
2020 5641 2094 5699 li-

490 5731 614 5805 gari
645 5731 850 5806 aliquid
869 5739 1050 5807 potest
1077 5746 1182 5796 nec
1239 5732 1397 5806 solvi,
1458 5732 1552 5789 ubi
1609 5747 1722 5794 non
1769 5731 1838 5790 sit
1883 5731 1978 5806 qui
2007 5739 2098 5790 aut

2185 4745 2433 4810 possunt,
2463 4737 2601 4793 sicut
2630 4745 2712 4794 est
2739 4737 2863 4794 ﬁnis
2892 4739 3149 4811 praecepti
3197 4739 3432 4796 charitas
3479 4740 3550 4796 de
3628 4739 3799 4796 corde

2185 4843 2342 4899 puro,
2376 4834 2429 4883 et
2457 4826 2794 4884 conscientia
2819 4829 2981 4898 bona,
3006 4826 3175 4884 ettide
3187 4845 3296 4885 non
3317 4827 3443 4885 ﬁcta
3477 4828 3526 4900 (I
3574 4829 3714 4884 Tim.
3734 4829 3797 4900 ι),

2189 4915 2465 4989 quodlibet
2493 4916 2736 4974 haeretici
2779 4925 2833 4972 et
2873 4917 3200 4974 schismatici
3236 4917 3521 4988 accipiant,
3555 4917 3797 4974 charitas

2189 5023 2310 5079 quae
2339 5007 2580 5078 coeperit
2608 5006 3008 5063 multitudinem
3034 5016 3384 5079 peccatorum
3414 5007 3466 5078 (Ι
3488 5010 3644 5075 Petr.
3682 5009 3785 5078 ιγ),
3813 5004 3826 5010 ’

2190 5095 2473 5168 proprium
2503 5097 2707 5153 donum
2735 5105 2818 5152 est
2845 5097 3129 5154 catholicae
3155 5096 3378 5153 unitatis
3407 5104 3460 5152 et
3477 5097 3649 5168 pacis,
3682 5111 3788 5152 nec

2191 5193 2274 5242 est
2299 5185 2356 5240 in
2384 5186 2658 5256 omnibus,
2693 5186 2821 5260 quia
2849 5203 2952 5244 nec
2981 5187 3099 5258 ejus
3129 5195 3254 5243 sunt
3283 5203 3496 5255 omnes,
3520 5187 3658 5243 sicut
3695 5201 3795 5242 suo

2191 5275 2314 5332 loco
2343 5275 2666 5334 videbimus.
2701 5277 2905 5333 Praeter
2923 5277 3102 5350 ipsum
3132 5285 3315 5333 tamen
3357 5293 3480 5332 esse
3500 5275 3592 5332 illa
3613 5275 3795 5332 chari-

2193 5372 2275 5422 tas
2303 5381 2412 5422 non
2441 5374 2636 5438 potest,
2669 5366 2788 5423 sine
2817 5383 2925 5440 qua
2953 5375 3170 5434 caetera,
3203 5367 3364 5424 etiam
3393 5365 3440 5422 si
3469 5365 3694 5438 agnosci
3739 5373 3794 5421 et

2193 5455 2483 5528 approbari
2507 5465 2754 5529 possunt,
2786 5457 3051 5529 prodesse
3099 5464 3282 5512 tamen
3327 5464 3380 5512 et
3409 5455 3644 5511 liberare
3672 5470 3784 5510 non

2192 5553 2438 5618 possunt.
2479 5567 2501 5598 ι
2562 5547 2632 5603 Et
2686 5555 2908 5605 sanctus
2947 5547 3244 5622 Gregorius
3280 5546 3336 5602 in
3398 5545 3540 5601 libro
3603 5546 3785 5601 Mora-

2194 5635 2327 5692 lium
2356 5636 2476 5710 (Iib.
2521 5652 2684 5705 xvm,
2724 5653 2774 5694 c.
2828 5638 2915 5710 14)
2951 5656 2965 5694 :
3015 5659 3038 5690 ‹
3093 5634 3446 5694 Conflationis
3490 5634 3655 5708 ignis,
3687 5633 3785 5707 qui

2195 5742 2346 5794 extra
2371 5735 2697 5794 catholicam
2723 5735 2988 5796 toleratur
3015 5736 3343 5804 Ecclesiam,
3375 5749 3541 5807 quam
3586 5731 3796 5791 nullius
