4164 6330
380 406 490 461 4⁸77

1172 403 1417 465 OPUSC.
1453 406 1544 463 ET
1572 404 1794 463 EPIST.
1826 404 1902 461 IN
1931 403 2161 463 CAUSA
2194 404 2541 464 HINCMARI
2569 406 2878 467 LAUDUN.

3594 413 3699 469 4⁵78

383 528 606 587 omnino
633 528 846 587 virtutis
877 530 964 600 sit,
984 529 1183 587 Paulus
1204 530 1484 604 apostolus
1505 531 1744 588 insinuat
1765 531 1986 589 dicens:
2019 531 2257 594 Amanu
2288 533 2667 591 subscribitur.
2698 534 2769 590 Et
2797 535 2937 592 sicut
2966 542 3023 592 tu
3055 535 3265 594 absolvi
3309 552 3420 594 non
3465 544 3625 611 potes
3655 537 3702 594 si

385 620 446 677 Si
465 621 748 678 tradidero
769 637 970 694 corpus
987 638 1179 679 meum
1196 626 1262 678 ut
1282 622 1502 690 ardeat,
1528 624 1871 680 charitatem
1889 640 1997 679 au-

391 714 508 766 tem
527 728 643 767 non
665 710 919 778 habeam,
944 711 1096 768 nihil
1115 712 1260 769 mihi
1275 712 1509 786 prodest
1541 713 1591 785 (I
1612 714 1736 770 Cor.
1762 712 1994 784 χχχιιι).

394 799 504 855 Alii
521 799 721 872 quippe
739 817 905 872 prava
926 801 995 857 de
1016 802 1131 858 Deo
1161 802 1417 869 sentiunt,
1440 801 1532 857 alii
1554 810 1707 859 recta
1729 801 1797 858 de
1815 810 1999 858 aucto-

386 904 449 945 re
474 896 679 957 tenent,
705 891 802 946 sed
821 890 1081 946 unitatem
1103 907 1227 947 cum
1248 890 1507 947 fratribus
1531 907 1643 948 non
1672 898 1890 947 tenent:
1916 888 1996 946 illi

385 994 580 1034 errore
608 977 755 1048 ﬁdei,
785 979 877 1034 isti
905 996 1037 1036 vero
1069 979 1378 1037 schismatis
1397 980 1807 1053 perpetratione
1828 979 1997 1037 divisi

385 1075 533 1123 sunt.
558 1068 713 1124 Unde
743 1076 795 1123 et
822 1067 879 1123 in
905 1068 1021 1140 ipsa
1050 1068 1226 1141 prima
1254 1077 1411 1142 parte
1434 1069 1700 1143 Decalogi
1722 1076 1994 1125 utrarum-

385 1173 494 1228 que
520 1157 753 1228 partium
796 1157 968 1229 culpae
1013 1158 1403 1231 reprimuntur,
1455 1175 1581 1216 cum
1629 1159 1814 1215 divina
1856 1175 1993 1216 voce

382 1245 584 1301 dicitur
615 1265 628 1301 :
658 1248 866 1319 Diliges
884 1248 1189 1304 Dominum
1209 1250 1387 1305 Deum
1413 1253 1577 1305 tuum
1597 1265 1672 1305 ea:
1693 1252 1807 1305 toto
1828 1250 1991 1306 corde

383 1339 505 1403 tuo,
538 1339 595 1392 et
623 1352 697 1392 ex
726 1340 846 1392 tota
875 1337 1071 1393 anima
1100 1341 1222 1405 tua,
1270 1342 1329 1394 et
1377 1355 1452 1394 ea:
1499 1341 1616 1395 tota
1646 1338 1860 1394 virtute
1891 1342 1992 1395 tua

382 1424 574 1496 (Deut.
609 1424 708 1496 γι),
742 1433 902 1497 atque
932 1442 1059 1481 mox
1090 1426 1359 1494 subditur,
1401 1428 1611 1500 Diliges
1653 1428 1990 1500 proximum

385 1517 553 1570 tuum
568 1515 718 1570 sicut
742 1515 1003 1588 teipsum.
1021 1514 1126 1585 Qui
1142 1516 1286 1571 enim
1302 1516 1370 1572 de
1392 1517 1508 1572 Deo
1527 1532 1785 1588 perversa
1804 1515 1985 1583 sentit,

382 1602 553 1676 liquet
584 1603 833 1675 profecto
864 1603 992 1676 quia
1020 1605 1195 1660 Deum
1223 1621 1334 1661 non
1363 1605 1556 1677 diligit.
1609 1604 1713 1675 Qui
1761 1621 1889 1661 vero
1919 1604 1987 1661 de

379 1693 499 1748 Deo
528 1699 678 1748 recta
708 1693 949 1749 sentiens
979 1710 1011 1749 a
1041 1702 1243 1751 sancta:
1270 1694 1534 1752 Ecclesiae
1554 1694 1758 1750 unitate
1778 1694 1986 1752 divisus

379 1789 485 1849 est,
518 1790 733 1838 constat
763 1783 891 1856 quia
920 1783 1229 1855 proximum
1257 1800 1368 1841 non
1397 1792 1561 1852 amat,
1586 1801 1749 1857 quem
1775 1784 1985 1840 habere

373 1871 586 1929 socium
614 1880 849 1928 recusat.
882 1872 1142 1945 Quisquis
1173 1891 1304 1947 ergo
1334 1874 1403 1929 ab
1431 1875 1533 1931 hac
1557 1874 1760 1930 unitate
1790 1873 1980 1930 matris

375 1961 662 2033 Ecclesiae,
695 1961 810 2017 sive
840 1978 938 2033 per
964 1962 1216 2018 haeresim
1269 1963 1337 2018 de
1385 1964 1501 2020 Deo
1542 1980 1804 2036 perversa
1851 1980 1982 2019 sen-

375 2049 583 2117 tiendo,
645 2067 743 2106 seu
791 2067 978 2107 errore
1026 2051 1334 2108 schismatis
1378 2053 1688 2124 proximum
1734 2069 1844 2109 non
1893 2053 1982 2109 di-

374 2139 623 2214 ligendo,
656 2139 933 2212 dividitur,
968 2141 1244 2198 charitatis
1283 2143 1445 2212 hujus
1489 2143 1670 2217 gratia
1714 2142 1978 2214 privatur,

375 2229 446 2284 de
505 2245 614 2301 qua
667 2230 774 2286 hoc
831 2230 977 2302 quod
1032 2230 1397 2302 praemisimus
1450 2232 1653 2287 Paulus
1710 2231 1887 2289 dicit:
1923 2234 1982 2290 Si

378 2320 662 2376 tradidero
679 2335 880 2394 corpus
901 2337 1091 2377 meum
1107 2325 1175 2377 ut
1192 2321 1409 2389 ardeat,
1426 2323 1772 2379 charitatem
1788 2324 1982 2379 autem

373 2425 492 2465 non
523 2409 776 2475 habeam,
810 2410 960 2466 nihil
989 2409 1133 2465 mihi
1156 2410 1385 2483 prodest
1414 2410 1466 2483 (I
1494 2413 1617 2468 Cor.
1649 2411 1808 2479 xm);
1841 2427 1907 2468 ac
1935 2411 1982 2467 si

374 2506 565 2572 aperta
595 2514 731 2555 voce
760 2498 989 2566 diceret,
1018 2506 1170 2554 extra
1202 2499 1383 2557 locum
1430 2517 1590 2555 suum
1639 2500 1982 2558 conﬂationis

373 2587 510 2643 mihi
537 2588 683 2662 ignis
713 2588 986 2643 adhibitus
1015 2596 1285 2645 tormento
1330 2606 1420 2645 me
1471 2590 1693 2658 cruciat,
1744 2593 1981 2647 munda-

374 2678 525 2734 tione
554 2694 666 2734 non
694 2686 910 2752 purgat.
945 2679 1100 2735 Hunc
1130 2694 1321 2735 omnes
1351 2687 1558 2736 sanctae
1584 2680 1736 2753 pacis
1767 2689 1980 2738 amato-

376 2784 470 2824 res
502 2783 716 2823 summo
744 2767 921 2824 studio
950 2768 1130 2825 locum
1160 2777 1425 2841 quaerunt,
1481 2771 1627 2827 hunc
1675 2778 1981 2844 quaerentes

374 2857 677 2926 inveniunt,
711 2857 854 2914 hunc
885 2857 1221 2914 invenientes
1251 2866 1455 2926 tenent,
1512 2859 1747 2916 scientes
1775 2875 1980 2932 pecca-

372 2954 558 3003 torum
586 2946 855 3014 remissio,
888 2946 975 3004 vel
1006 2947 1119 3015 ubi,
1169 2947 1259 3003 vel
1306 2948 1547 3020 quando,
1591 2948 1680 3005 vel
1726 2950 1980 3023 qualibus

372 3037 555 3093 detur.
589 3036 693 3094 Ubi
722 3036 940 3109 quippe,
979 3036 1085 3092 nisi
1130 3036 1185 3092 in
1240 3038 1522 3095 catholicae
1569 3039 1760 3094 matris
1805 3039 1927 3096 sinu
1953 3041 1980 3096 ?

373 3125 626 3197 Quando,
660 3126 766 3181 nisi
796 3133 922 3182 ante
970 3125 1186 3182 venturi
1236 3126 1411 3182 exitus
1459 3127 1650 3183 diem?
1680 3127 1809 3200 quia
1854 3145 1980 3186 ecce

370 3233 519 3273 nunc
567 3223 781 3288 tempus
824 3216 1181 3287 acceptabile,
1235 3231 1365 3273 ecce
1408 3233 1552 3273 nunc
1601 3217 1719 3273 dies
1764 3218 1974 3274 salutis.

375 3306 447 3360 Et
480 3323 495 3360 :
529 3304 770 3374 Quaerite
792 3305 1082 3361 Dominum
1107 3305 1237 3361 dum
1257 3304 1489 3362 inveniri
1507 3314 1704 3378 potest,
1729 3307 1978 3365 invocate

372 3412 501 3453 eum
533 3395 661 3450 dum
690 3410 863 3466 prope
891 3402 990 3450 est.
1026 3393 1309 3465 Qualibus,
1333 3395 1439 3450 nisi
1459 3396 1760 3467 conversis,
1784 3396 1878 3469 qui
1906 3397 1976 3452 ad

368 3485 719 3558 parvulorum
774 3484 1132 3541 imitationem
1188 3485 1454 3556 magistra
1507 3486 1811 3542 humilitate
1866 3487 1975 3542 for-

369 3582 612 3642 mantur,
646 3574 840 3648 quibus
871 3574 1066 3630 dicitur
1097 3592 1110 3629 :
1143 3574 1326 3631 Sinite
1357 3577 1624 3649 parvulos
1668 3578 1860 3633 venire
1900 3575 1973 3633 ad

367 3682 460 3722 me
491 3685 509 3721 :
543 3666 749 3721 talium
777 3668 861 3721 est
891 3666 1048 3721 enim
1077 3681 1317 3737 regnum
1346 3666 1614 3722 caelorum
1630 3666 1707 3736 (II
1721 3667 1842 3723 Cor.
1867 3667 1969 3737 v1);

366 3763 420 3812 et
441 3771 453 3812 :
474 3756 598 3811 Nisi
627 3755 881 3812 conversi
898 3754 1149 3827 fueritis,
1173 3758 1228 3811 et
1244 3756 1577 3827 eﬂ‘iciamini
1596 3756 1747 3812 sicut
1762 3772 1971 3829 parvu-

369 3846 431 3910 li,
462 3861 580 3901 non
608 3844 901 3901 intrabitis
926 3846 990 3900 in
1017 3861 1255 3917 regnum
1277 3846 1544 3901 cazlorum
1564 3846 1694 3915 (Isa.
1719 3844 1832 3918 Lv).
1855 3868 1877 3894 ι»
1902 3845 1971 3901 Et

363 3934 422 3991 in
444 3933 680 3990 decretis
695 3933 1007 4006 apostolicae
1035 3934 1203 4003 sedis,
1238 3935 1451 4007 quando
1482 3934 1712 4007 Vigilius
1742 3951 1809 3991 ex
1838 3950 1972 4008 apo-

367 4024 582 4091 stolico,
615 4031 740 4095 post
766 4023 936 4079 multa
966 4030 1020 4079 et
1050 4023 1311 4080 terribilia
1343 4023 1585 4097 praestita
1628 4033 1970 4081 sacramenta

365 4113 702 4170 inhreresim
742 4113 930 4185 lapsus
978 4113 1445 4200 Constantinopoli
1490 4113 1849 4182 detinebatur,
1898 4115 1968 4170 ab

364 4203 630 4262 Ecclesiae
659 4204 917 4261 Romanae
947 4203 1226 4260 catholicis
1257 4203 1472 4260 clericis
1488 4204 1682 4258 Joanni
1704 4204 1968 4261 schisma-

363 4293 474 4351 tico
520 4293 846 4366 presbytero
893 4292 1135 4363 directis,
1190 4310 1311 4365 quae
1358 4293 1473 4365 ipsa
1504 4301 1693 4349 sancta
1721 4295 1968 4349 Romana

362 4383 612 4441 Ecclesia
641 4383 784 4438 inter
813 4382 1111 4439 catholicas
1148 4382 1368 4456 regulas
1415 4382 1631 4449 retinet,
1682 4381 1822 4438 inter
1862 4382 1968 4438 alia

365 4473 628 4546 scriptum
674 4479 757 4529 est
790 4488 803 4529 :
837 4471 925 4528 Sic
971 4488 1189 4544 semper
1235 4472 1425 4528 habuit
1471 4471 1648 4527 omnis
1692 4471 1961 4541 Ecclesia,

365 4563 496 4637 quia
555 4562 647 4635 qui
701 4562 757 4617 in
811 4579 918 4617 una
974 4560 1353 4618 communione
1415 4560 1798 4634 consentiunt,
1855 4577 1965 4619 uno

2098 622 2367 679 contraria
2422 638 2519 679 ore
2565 624 2854 696 praedices,
2913 626 3189 682 contraria
3239 642 3348 682 uno
3396 627 3701 700 eodemque

2098 718 2341 784 tempore
2369 728 2534 769 manu
2564 713 2886 771 subscribas
2909 729 2922 771 :
2948 714 3028 773 sic
3056 715 3175 787 ipsa
3199 715 3437 771 omnium
3457 723 3699 772 vestrum

2096 801 2346 858 collectio
2402 802 2613 859 absolvi
2668 819 2779 860 non
2824 812 3005 876 potest
3052 805 3099 860 si
3145 805 3418 861 contraria
3458 805 3600 862 dicat
3647 814 3700 863 et

2096 891 2366 947 contraria
2396 891 2592 960 faciat;
2625 892 2681 948 id
2710 901 2812 961 est,
2844 893 2889 949 si
2920 893 3287 951 communicet
3330 894 3621 964 sacerdoti,
3668 912 3699 951 a

2095 980 2249 1050 cujus
2277 980 2666 1053 pradicatione
2697 990 2748 1037 et
2778 982 3181 1056 subscriptione
3230 983 3501 1040 dissentit.
3552 983 3701 1041 Sicut

2093 1069 2240 1124 enim
2298 1085 2360 1125 os
2419 1077 2569 1125 tuum
2623 1078 2676 1126 et
2728 1087 2923 1127 manus
2979 1080 3069 1128 tua
3125 1072 3288 1128 unius
3345 1073 3699 1146 ejusdemque

2094 1158 2344 1231 corporis
2372 1160 2623 1215 membra
2653 1168 2796 1228 sunt,
2820 1161 2896 1217 ita
2926 1161 3088 1217 unius
3118 1162 3476 1234 ejusdemque
3504 1162 3699 1219 Eccle-

2092 1248 2187 1304 sise
2215 1249 2456 1304 membra
2486 1257 2609 1304 sunt
2649 1250 2957 1306 sacerdotes
3001 1258 3055 1306 et
3102 1251 3357 1323 populus,
3409 1251 3525 1308 sive
3572 1267 3698 1308 cum

2091 1338 2370 1394 catholicis
2416 1338 2732 1407 catholicus,
2786 1339 2902 1396 sive
2949 1356 3072 1397 cum
3121 1356 3232 1395 non
3278 1339 3536 1396 fidelibus
3569 1339 3697 1396 inﬁ-

2089 1425 2248 1482 delis.
2274 1427 2405 1482 Inde
2437 1435 2520 1482 est
2546 1428 2691 1483 enim
2728 1428 2876 1501 quod
2905 1445 2939 1485 a
2967 1429 3200 1485 Domino
3229 1428 3283 1483 in
3313 1427 3476 1484 finem
3509 1429 3692 1487 saeculi

2089 1516 2274 1590 colligi
2320 1516 2582 1586 jubentur
2639 1516 2841 1573 zizania
2890 1526 2942 1574 et
3001 1517 3221 1593 alligari
3276 1517 3571 1575 fasciculos
3626 1520 3695 1575 ad

2087 1606 2516 1662 comburendum
2548 1606 2767 1680 (Matth.
2799 1606 2947 1681 xm).
2998 1607 3136 1664 Hinc
3184 1615 3267 1669 est
3314 1607 3462 1681 quod
3507 1615 3695 1666 sancto

2084 1695 2352 1767 propheta
2375 1696 2663 1753 Ezechiele
2694 1704 2929 1754 testante
2961 1712 2975 1754 :
3015 1698 3075 1755 Si
3115 1697 3374 1756 sacerdos
3421 1715 3537 1755 non
3578 1698 3692 1754 dis-

2087 1784 2334 1842 tinxerit
2361 1786 2585 1859 populo,
2618 1786 2739 1859 ipse
2761 1787 2985 1861 quidem
2999 1787 3240 1861 populus
3256 1788 3320 1843 in
3340 1804 3441 1844 suo
3461 1791 3692 1861 peccato

2009 1903 2063 1964 Β
2087 1874 2383 1941 morietur,
2418 1876 2677 1931 animam
2709 1879 2902 1932 tamen
2933 1877 3054 1949 ejus
3082 1877 3148 1932 de
3177 1893 3357 1933 manu
3384 1876 3692 1934 sacerdoti:

2087 1963 2335 2037 inquirit
2359 1964 2582 2035 (Επειδὴ.
2630 1964 2735 2036 ιιι),
2781 1980 2891 2020 non
2939 1965 3030 2033 ait,
3065 1964 3191 2038 quia
3220 1973 3371 2022 extra
3405 1972 3693 2038 peccatum

2084 2053 2318 2124 populus
2348 2061 2431 2109 est
2459 2069 2567 2109 non
2597 2053 2874 2122 morietur,
2908 2054 3007 2110 sed
3055 2054 3181 2127 quia
3225 2054 3280 2111 in
3325 2070 3422 2111 suo
3465 2062 3693 2127 peccato

2082 2141 2368 2209 morietur,
2405 2143 2504 2199 sed
2531 2144 2765 2216 populus
2815 2142 3036 2216 quidem
3081 2158 3181 2216 pro
3229 2143 3411 2217 seipso
3457 2152 3688 2217 tantum,

2085 2231 2349 2287 sacerdos
2381 2248 2511 2288 vero
2540 2232 2701 2288 etiam
2730 2249 2829 2304 pro
2857 2232 3080 2305 populo.
3114 2233 3253 2290 Hinc
3282 2240 3366 2289 est
3397 2251 3410 2288 :
3449 2234 3509 2291 Si
3546 2251 3689 2292 caeco

2083 2338 2264 2377 caecus
2286 2320 2558 2378 ducatum
2576 2322 2845 2396 praebeat,
2866 2337 2974 2378 non
3003 2321 3121 2394 ipse
3153 2322 3246 2395 qui
3275 2322 3531 2378 ducatum
3550 2339 3695 2395 prae-

2083 2410 2175 2465 bet
2202 2410 2369 2480 solus,
2400 2411 2497 2466 sed
2526 2412 2686 2469 ambo
2717 2413 2780 2468 in
2816 2414 3036 2484 foveam
3066 2412 3285 2468 cadunt
3311 2413 3534 2484 (Matth.
3561 2411 3684 2485 xv).

2080 2499 2149 2555 Et
2174 2498 2304 2555 item
2343 2500 2398 2554 in
2448 2499 2654 2557 eisdem
2702 2500 2958 2567 decretis,
3010 2500 3399 2557 Schismaticus
3447 2500 3594 2558 enim
3637 2508 3691 2557 et

2081 2588 2366 2645 haereticus
2421 2588 2654 2661 populus
2699 2589 3045 2646 schismatico
3090 2597 3144 2646 et
3185 2590 3446 2647 heretico
3496 2605 3690 2647 sacer-

2082 2677 2194 2733 doti
2230 2678 2661 2745 communicans,
2709 2678 2849 2736 sicut
2890 2679 3143 2735 universa
3187 2678 3290 2736 Dei
3333 2695 3549 2751 semper
3597 2688 3685 2736 te-

2079 2767 2194 2822 nuit
2221 2774 2274 2822 et
2303 2775 2448 2823 tenet
2476 2767 2742 2837 Ecclesia,
2777 2767 3157 2826 schismaticus
3205 2776 3258 2824 et
3299 2767 3592 2825 haereticus
3628 2768 3685 2825 in

2077 2872 2315 2930 regnum
2345 2857 2447 2912 Dei
2472 2856 2680 2913 intrare
2709 2873 2818 2913 non
2847 2866 3097 2929 possunt,
3152 2857 3250 2913 sed
3296 2874 3421 2930 pars
3451 2858 3569 2927 ejus
3606 2874 3668 2914 es

2079 2945 2136 3001 in
2165 2946 2435 3020 gehenna.
2471 2946 2637 3002 Cessa
2666 2945 2835 3019 igitur
2864 2947 2991 3002 talia
3019 2945 3346 3019 praedicare,
3397 2963 3519 3019 quae
3561 2963 3684 3005 sce-

2078 3034 2165 3091 lus
2194 3036 2264 3091 sit
2294 3034 2535 3109 cogitare
2567 3054 2580 3090 :
2614 3051 2774 3092 cessa
2802 3045 3019 3093 vastare
3065 3052 3297 3110 gregem
3347 3036 3568 3104 Christi,
3619 3053 3690 3094 ne

2080 3124 2220 3182 sicut
2252 3132 2303 3181 et
2331 3125 2449 3196 ipse
2478 3141 2683 3197 negare
2729 3142 2839 3181 non
2884 3133 3061 3197 potes,
3113 3142 3278 3197 super
3325 3132 3473 3181 tuum
3521 3134 3687 3200 caput

2081 3214 2147 3268 sit
2175 3213 2320 3269 illius
2348 3212 2536 3285 populi
2564 3213 2805 3270 universi
2833 3213 3088 3287 perditio.
3128 3212 3288 3283 Quod
3319 3214 3540 3287 quidem
3588 3213 3687 3270 tibi

2008 3274 2056 3338 δ
2078 3302 2333 3374 perfectas
2363 3302 2726 3359 damnationis
2756 3312 2840 3360 est
2869 3319 3054 3371 causa,
3078 3303 3200 3359 illos
3231 3318 3365 3361 vero
3394 3303 3686 3362 absolvere

2077 3392 2297 3449 omnino
2326 3408 2438 3449 non
2479 3392 2695 3464 poterit.
2740 3394 2809 3448 Et
2853 3392 2986 3449 item
3029 3393 3125 3461 ibi,
3177 3392 3325 3467 quod
3371 3401 3427 3450 et
3474 3393 3531 3449 in
3576 3394 3682 3452 alio

2072 3481 2196 3539 loco
2226 3482 2381 3538 istius
2406 3482 2577 3554 ipsius
2606 3481 2855 3554 opusculi
2901 3484 3060 3554 posui
3104 3500 3117 3536 :
3156 3481 3415 3556 Quisquis
3461 3484 3687 3540 assentit

2073 3571 2311 3643 principi
2350 3571 2675 3640 schismatis,
2728 3571 3110 3628 schismaticus
3153 3588 3278 3629 esse
3320 3589 3526 3645 negare
3568 3589 3682 3629 non

2073 3661 2289 3733 poterit.
2352 3660 2512 3732 Quod
2560 3660 2608 3716 si
2649 3669 2701 3717 et
2752 3676 2945 3717 omnes
2988 3661 3300 3718 sacerdotes
3343 3670 3398 3719 et
3443 3661 3679 3719 mundus

2071 3739 2333 3806 assentiat
2368 3792 2382 3819 ,
2440 3750 2713 3807 damnatio
2770 3750 3176 3807 consentientes
3232 3751 3505 3820 involvit,
3570 3767 3684 3809 non

2070 3838 2583 3912 pravaricationem
2613 3856 2916 3897 consensus
2945 3840 3204 3899 absolvit.
3231 3841 3355 3897 Non
3384 3841 3531 3899 enim
3561 3841 3675 3899 cri-

2070 3946 2198 3986 men
2236 3929 2493 3986 minuitur
2540 3930 2639 3986 sed
2687 3930 2975 3999 accrescit,
3026 3947 3150 3987 cum
3196 3931 3459 4006 generale
3505 3930 3565 3987 fit
3610 3947 3678 3988 ex

2068 4018 2302 4092 privato.
2366 4020 2483 4076 Hoc
2538 4019 2684 4075 enim
2742 4020 2890 4076 Deus
2946 4018 3187 4078 omnium
3234 4020 3531 4089 indicavit,
3586 4021 3680 4094 qui

2067 4108 2327 4164 mundum
2356 4116 2676 4180 peccantem
2718 4109 2961 4182 generali
3010 4109 3213 4165 diluvio
3242 4108 3536 4166 interemit.
3571 4110 3681 4167 Sed

2068 4197 2199 4270 quid
2227 4197 2416 4254 miseri
2444 4197 2671 4265 facietis,
2724 4197 2853 4270 quia
2897 4197 2996 4270 qui
3045 4197 3197 4252 illum
3239 4206 3291 4253 et
3329 4199 3581 4270 predixit
3627 4205 3682 4254 et

2067 4285 2213 4353 fecit,
2266 4286 2385 4358 ipse
2422 4285 2567 4360 ignis
2615 4285 2875 4342 diluvium
2922 4282 3067 4343 nunc
3104 4285 3361 4355 minatur,
3413 4286 3532 4359 ipse
3579 4304 3679 4361 ge-

2066 4377 2261 4432 hennae
2319 4375 2437 4432 sine
2486 4374 2593 4431 ﬁne
2637 4376 2958 4433 tormenta?
3008 4375 3160 4433 Sicut
3203 4375 3348 4433 enim
3387 4377 3567 4448 justos
3621 4377 3679 4433 in

2067 4474 2331 4523 aeternam
2360 4465 2528 4523 vitam
2558 4464 2810 4539 praedixit
2858 4466 3047 4533 ituros,
3099 4465 3178 4523 s‘ic
3230 4465 3429 4539 impios
3475 4474 3678 4524 aeterno

2067 4556 2409 4613 damnandos
2440 4555 2682 4625 interitu,
2713 4556 2946 4618 utsicut
2969 4571 3081 4613 non
3113 4562 3291 4628 potest
3333 4554 3479 4613 ﬁniri
3506 4555 3681 4613 beati-

363 4653 646 4727 dogmate,
679 4668 789 4707 una
819 4651 1100 4723 charitate,
1125 4667 1235 4708 uno
1264 4659 1515 4708 tenentur
1542 4668 1791 4708 assensu.
1817 4651 1967 4709 Sicut
1997 4647 2051 4709 D
2070 4646 2199 4702 tudo
2223 4645 2512 4716 iustorum,
2563 4647 2641 4702 sic
2670 4661 2775 4703 nec
2818 4645 3111 4718 impiorum
3157 4652 3427 4702 tormenta
3473 4644 3677 4702 ﬁnian-

364 4742 511 4800 enim
541 4742 852 4799 communio
882 4751 935 4797 et
965 4759 1031 4798 ex
1061 4741 1315 4798 omnibus
1345 4741 1697 4799 offerentibus
1739 4757 1849 4799 una
1891 4741 1967 4811 fit,

364 4841 419 4889 et
449 4847 561 4888 una
591 4832 733 4888 redit
762 4831 819 4886 in
865 4832 1135 4898 omnibus,
1183 4848 1293 4888 non
1337 4840 1496 4904 parte
1544 4847 1821 4905 corporea,
1873 4833 1971 4888 sed

362 4921 560 4978 virtute
587 4921 772 4977 divina
803 4938 819 4977 :
852 4921 932 4978 sic
960 4920 1288 4977 unanimitas
1317 4938 1416 4993 per
1443 4936 1634 4978 omnes
1671 4922 1783 4978 illic
1812 4937 1968 4979 com-

362 5011 706 5068 municantes
735 5010 992 5067 excurrit.
1025 5012 1165 5066 Nam
1196 5011 1242 5066 si
1270 5026 1381 5066 non
1409 5019 1493 5068 est
1523 5012 1682 5067 unius
1730 5027 1969 5069 consen-

364 5100 537 5158 sionis
594 5100 814 5173 signum
865 5116 975 5173 una
1019 5100 1347 5167 communio,
1393 5100 1524 5173 quid
1567 5102 1664 5157 erit
1711 5102 1857 5175 quod
1901 5102 1969 5158 ad

364 5189 732 5248 confitendam
788 5207 889 5263 per
954 5206 1175 5246 omnem
1238 5190 1500 5247 Ecclesiae
1555 5192 1968 5248 consonantiam

363 5279 596 5353 mystice
614 5280 957 5337 celebretur?
976 5281 1094 5337 Nec
1112 5280 1271 5335 nobis
1286 5280 1400 5349 jam
1416 5280 1568 5336 dicas
1589 5280 1965 5355 (Matth.x1x):

364 5372 515 5444 Ergo
545 5370 591 5425 si
621 5369 948 5427 criminosus
979 5370 1049 5425 sit
1079 5370 1356 5437 sacerdos,
1382 5369 1590 5425 crimen
1612 5371 1883 5427 redundat
1914 5371 1970 5427 in

363 5459 617 5533 populos.
675 5458 837 5515 Aliud
884 5466 968 5516 est
1009 5459 1156 5517 enim
1199 5459 1347 5533 quod
1400 5458 1772 5530 committitur,
1821 5460 1967 5517 aliud

366 5550 514 5622 quod
544 5549 708 5605 etiam
732 5550 1080 5622 praedicatur.
1116 5549 1392 5606 Privatum
1424 5556 1507 5605 est
1553 5549 1700 5623 quod
1725 5550 1796 5605 ab
1825 5566 1967 5607 uno-

364 5654 585 5712 quoque
640 5638 1039 5696 committitur:
1073 5656 1361 5696 commune
1419 5655 1549 5696 vero
1600 5637 1659 5694 ﬁt
1704 5640 1967 5697 Ecclesia:

367 5728 513 5801 quod
541 5728 758 5801 publice
803 5728 1143 5802 praedicatur,
1195 5736 1578 5804 tantorumque
1622 5729 1967 5787 sacerdotum

2072 4743 2177 4792 tur.
2226 4736 2356 4793 Haec
2399 4735 2671 4793 haereticis
2716 4734 3182 4807 schismaticisque
3225 4742 3350 4790 sunt
3390 4752 3404 4791 :
3450 4741 3504 4792 et
3551 4735 3678 4809 quia

2073 4825 2335 4900 quidquid
2382 4842 2526 4881 nunc
2580 4825 2724 4898 gerit
2780 4824 3051 4892 Ecclesia,
3111 4822 3339 4895 mystice
3386 4831 3549 4898 typus
3595 4837 3680 4885 est

2070 4914 2391 4985 futurorum,
2426 4914 2473 4970 si
2500 4915 2798 4987 gustabunt
2827 4914 2896 4970 de
2922 4928 3067 4985 pane
3095 4912 3327 4981 ccelesti,
3376 4913 3432 4970 id
3480 4922 3565 4972 est
3606 4915 3677 4973 de

2071 5004 2336 5060 suavitate
2365 5004 2551 5060 divina
2589 5004 2856 5078 gehennae
2902 5001 3216 5076 participes,
3269 5003 3548 5062 damnatio
3594 5013 3677 5061 est

2071 5093 2429 5151 schismaticis
2477 5101 2530 5149 et
2575 5091 2848 5150 haereticis
2893 5092 3138 5167 corporis
3186 5092 3387 5151 Christi
3424 5111 3674 5152 commu-

2068 5183 2182 5240 nio.
2238 5185 2309 5241 Et
2380 5190 2601 5239 sanctus
2657 5181 2997 5256 Augustinus
3060 5181 3118 5238 in
3172 5183 3400 5256 epistola
3458 5183 3674 5242 concilii

2068 5273 2305 5331 Africani
2335 5273 2405 5329 ad
2431 5271 2742 5328 Donatistas
2777 5289 2791 5328 :
2830 5293 2853 5324 ι
2888 5271 3170 5347 Quisquis,
3190 5272 3362 5347 inquit
3392 5274 3671 5349 (August.,

2069 5364 2235 5436 epist.
2270 5361 2415 5434 152),
2465 5377 2496 5416 a
2546 5360 2814 5418 catholica
2858 5362 3107 5420 Ecclesia
3152 5362 3313 5420 fuerit
3361 5371 3670 5436 separatus,

2069 5450 2461 5525 quantumlibet
2506 5449 2849 5509 laudabiliter
2890 5467 2951 5509 se
2998 5451 3185 5510 vivere
3229 5453 3517 5521 existimet,
3566 5454 3673 5509 hoc

2069 5540 2187 5596 solo
2215 5538 2425 5597 scelere
2456 5540 2603 5613 quod
2643 5556 2674 5595 a
2719 5540 2919 5597 Christi
2969 5540 3172 5597 unitate
3228 5540 3533 5610 disjunctus
3587 5546 3672 5595 est

2067 5646 2180 5687 non
2204 5630 2425 5688 habebit
2453 5629 2634 5700 vitam,
2668 5630 2769 5688 sed
2795 5630 2876 5687 ira
2922 5630 3023 5687 Dei
3072 5638 3256 5687 manet
3302 5646 3466 5702 super
3521 5645 3664 5686 eum.

2068 5729 2330 5804 Quisquis
2359 5738 2542 5791 autem
2571 5731 2626 5789 in
2653 5731 2756 5790 hac
2796 5729 3045 5789 Ecclesia
3088 5730 3228 5789 bene
3275 5729 3486 5800 vixerit,
3533 5728 3668 5787 nihil
