4164 6340
1097 16 1328 24 κῨ--κν-
1337 19 1342 21 -
1355 19 1359 21 .
1372 19 1398 23 ἣ

493 371 596 426 479

1378 363 1722 422 HINCMARJ
1776 363 2180 423 RHEMENSIS
2232 359 2782 422 ARCHIEPISCOPI.

3683 367 3787 435 L80

490 493 542 549 ei
570 490 928 566 praeiudicant
955 489 1136 548 aliena
1163 498 1405 563 peccata,
1455 489 1584 564 quia
1629 491 2003 564 unusquisque
2031 490 2087 546 in
2106 489 2163 550 A
2190 489 2286 545 tibi
2310 489 2680 548 necessarium
2709 497 2790 546 est
2820 488 3086 562 replicari,
3118 487 3246 545 dicit
3277 489 3582 562 (Cyprian.,
3616 489 3782 562 epist.

491 598 554 640 ea
607 581 892 654 proprium
948 579 1204 653 portabit,
1267 579 1405 636 sicut
1453 579 1746 651 Apostolus
1792 579 1922 637 dicit
1967 598 1981 636 :
2025 581 2092 636 Et

491 670 801 744 quicunque
857 669 913 724 in
963 685 1030 726 ea
1077 685 1274 740 corpus
1317 667 1516 724 Christi
1565 669 1969 726 manducaverit
2011 669 2092 724 in-

491 759 679 834 digne,
701 759 990 832 judicium
1019 759 1128 815 sibi
1155 758 1466 814 manducat
1495 761 1551 814 et
1581 759 1714 814 bibit
1745 759 1797 830 (I
1815 760 1936 816 Cor.
1958 759 2039 828 χι)
2075 775 2088 814 :

491 865 619 906 cum
649 848 794 904 enim
825 847 952 904 dicit
966 848 1254 921 judicium
1274 847 1382 903 sibi
1401 846 1730 914 manducat,
1757 847 1888 902 satis
1909 855 2092 903 osten-

493 938 571 994 dit
599 937 728 1010 quia
764 953 876 992 non
923 935 1080 993 alteri
1120 936 1383 1006 judicium
1428 935 1736 1003 manducat,
1788 936 1886 992 sed
1937 935 2040 990 sibi
2074 954 2089 992 :

494 1026 619 1100 quia
677 1025 988 1084 communio
1050 1025 1320 1082 malorum
1394 1041 1504 1081 non
1559 1024 1790 1080 maculat
1855 1025 2094 1099 aliquem

490 1115 909 1188 participatione
938 1121 1428 1184 sacramentorum,
1484 1113 1583 1169 sed
1621 1113 1983 1170 consensione
2013 1113 2094 1170 fa-

493 1212 728 1262 ctorum.
785 1205 928 1260 Nam
985 1203 1031 1258 si
1085 1203 1140 1258 in
1197 1202 1356 1259 factis
1412 1203 1570 1258 malis
1596 1218 1706 1258 non
1751 1203 1832 1259 eis
1861 1203 2094 1277 quisque

494 1293 816 1364 consentiat,
848 1299 1024 1365 portat
1053 1291 1232 1348 malus
1260 1307 1478 1347 causam
1535 1309 1685 1347 suam
1716 1300 1769 1348 et
1798 1308 2095 1364 personam

496 1399 670 1454 suam,
701 1399 804 1438 nec
847 1380 1162 1453 praejudicat
1205 1380 1380 1448 alteri,
1431 1397 1596 1454 quem
1640 1380 1696 1436 in
1740 1381 2094 1438 consentione

495 1471 625 1528 mali
653 1470 834 1544 operis
863 1471 1073 1527 socium
1123 1485 1232 1526 non
1277 1469 1442 1526 habet
1493 1469 1751 1527 criminis.
1789 1491 1812 1521 ι
1845 1469 1916 1527 Et
1956 1471 2094 1526 Pro-

495 1577 623 1633 sper
651 1561 707 1615 in
733 1559 878 1616 libro
929 1559 1328 1616 Sententiarum
1359 1579 1378 1615 :
1411 1582 1433 1607 ι‹
1468 1560 1667 1615 Escam
1709 1559 1834 1616 vita
1877 1560 2090 1632 accipit,

492 1649 808 1706 aeternitatis
836 1648 1094 1720 poculum
1122 1648 1275 1716 bibit,
1319 1648 1413 1720 qui
1441 1647 1500 1703 in
1529 1649 1742 1704 Christo
1787 1656 1989 1719 manet,
2042 1657 2097 1705 et

491 1737 646 1808 cujus
675 1737 919 1794 Christus
948 1737 1216 1793 habitator
1274 1745 1375 1794 est.
1423 1737 1564 1794 Nam
1612 1737 1706 1810 qui
1751 1737 2026 1796 discordat
2063 1753 2097 1794 a

2193 582 2282 647 65,
2313 579 2385 636 ad
2405 577 2818 650 Antonianum)
2849 597 2862 634 :
2901 600 2922 629 α
2961 577 3175 650 Ignosci
3205 578 3350 634 enim
3379 585 3556 650 potest
3586 577 3795 650 simpli-

2154 666 2160 672 ’
2193 667 2326 725 citer
2353 667 2576 739 erranti,
2628 667 2763 724 sicut
2819 667 2888 724 de
2943 667 3126 739 seipso
3173 666 3303 723 dicit
3333 667 3611 738 apostolus
3643 668 3789 723 Pau-

2192 757 2278 812 lus
2313 773 2324 812 :
2363 759 2467 826 Qui
2493 759 2746 831 primum
2777 759 2867 830 fui
2899 757 3272 830 blasphemus,
3293 761 3349 812 ct
3367 761 3710 830 persecutor,
3733 761 3792 812 et

2193 849 2524 919 injuriosus,
2557 847 2652 902 sed
2680 846 3130 902 misericordiam
3152 847 3338 902 merui
3365 847 3498 918 quia
3520 847 3792 919 ignorans

2192 937 2307 1008 feci
2338 936 2391 1006 (I
2417 937 2554 992 Tim.
2589 935 2650 1007 1).
2691 935 2819 990 Post
2849 934 3256 1006 inspirationem
3303 949 3435 990 vero
3477 942 3527 990 et
3573 934 3792 990 revela-

2192 1023 2396 1080 tionem
2429 1023 2626 1081 factam
2655 1024 2748 1096 qui
2775 1023 2832 1079 in
2855 1039 2922 1079 eo
2951 1023 3096 1096 quod
3135 1031 3414 1080 erraverat
3454 1031 3792 1095 perseverat,

2193 1113 2436 1186 prudens
2493 1121 2546 1168 et
2599 1112 2780 1170 sciens
2839 1113 2958 1168 sine
3012 1112 3168 1168 venia
3219 1112 3541 1187 ignorantiae
3579 1120 3787 1184 peccat.

2193 1202 2619 1274 Praesumptione
2649 1201 2794 1257 enim
2822 1209 2984 1274 atque
3017 1201 3378 1257 obstinatione
3421 1202 3656 1274 quadam
3701 1200 3792 1256 ni-

2194 1291 2340 1362 titur,
2401 1307 2524 1348 cum
2578 1291 2788 1347 ratione
2847 1298 3150 1362 superetur.
3191 1315 3213 1340 »
3266 1291 3404 1347 Hinc
3458 1290 3796 1364 Augustinus

2193 1383 2467 1454 (August.,
2487 1381 2552 1436 de
2573 1382 2759 1454 Bapt.,
2784 1379 2880 1434 lib.
2898 1395 2974 1449 1v,
2995 1395 3117 1450 cap.
3142 1379 3197 1452 5)
3221 1397 3234 1435 :
3263 1403 3285 1428 ει
3311 1380 3428 1436 Hoc
3446 1379 3794 1436 verissimum

2194 1477 2295 1536 est,
2326 1469 2492 1544 longe
2536 1469 2761 1544 gravius
2809 1484 2934 1525 esse
2987 1476 3272 1540 peccatum
3313 1470 3431 1539 ejus
3477 1468 3568 1540 qui
3613 1467 3795 1524 sciens

2195 1573 2360 1631 quam
2391 1559 2508 1630 ejus
2539 1557 2632 1632 qui
2660 1557 2912 1615 nesciens
2940 1557 3266 1630 peccaverit.
3299 1558 3366 1614 Et
3395 1557 3519 1614 ideo
3547 1557 3632 1613 vir
3659 1572 3796 1612 san-

2193 1655 2312 1702 ctus
2341 1647 2664 1720 Cyprianus,
2696 1663 2806 1702 non
2837 1647 3011 1702 solum
3041 1647 3254 1714 doctus,
3304 1647 3402 1702 sed
3445 1646 3604 1702 etiam
3635 1645 3795 1704 doci-

2194 1736 2338 1803 bilis,
2371 1737 2513 1810 quod
2546 1737 2602 1790 in
2628 1736 2786 1792 laude
2816 1735 3061 1808 epiSOOpi
3105 1743 3286 1791 tamen
3329 1735 3583 1810 designat
3640 1739 3795 1808 Apo-

492 1826 725 1894 Christo,
759 1843 862 1883 nec
891 1841 1110 1883 carnem
1141 1825 1343 1883 Christi
1373 1827 1682 1896 manducat,
1715 1843 1817 1883 nec
1863 1827 2092 1901 sangui-
2115 1857 2167 1918 B
2198 1824 2387 1895 stolus,
2415 1825 2494 1881 sic
2522 1824 2640 1897 ipse
2687 1824 2948 1881 intellexit
2995 1832 3052 1880 ut
3094 1823 3320 1894 diceret,
3373 1825 3536 1880 etiam
3589 1825 3696 1881 hoc
3741 1825 3800 1880 in

491 1933 621 1972 nem
649 1916 804 1984 bibit,
834 1915 1048 1972 etiamsi
1077 1923 1236 1972 tantae
1264 1915 1345 1971 rei
1383 1924 1788 1972 sacramentum
1835 1916 1903 1972 ad
1943 1916 2093 1987 judi-

493 2005 639 2062 cium
668 2022 782 2062 suaa
809 2003 1252 2077 praesumptionis
1280 2005 1521 2078 quotidie
1577 2004 1950 2062 indifferenter
1997 2020 2095 2063 ac-

495 2093 680 2166 cipiat.
723 2115 746 2144 »
795 2092 986 2161 Audis,
1042 2092 1225 2160 frater,
1289 2093 1414 2166 quia
1468 2093 1630 2150 nimis
1683 2094 1918 2150 amando
1974 2094 2096 2168 quis

496 2181 820 2238 sententiam
850 2198 1025 2246 suam,
1057 2183 1144 2239 vel
1173 2183 1466 2238 invidendo
1497 2183 1832 2254 melioribus,
1883 2185 1952 2240 ad
2001 2199 2095 2240 sa-

493 2271 780 2344 crilegium
811 2271 1118 2328 schismatis
1174 2271 1454 2344 pervenit;
1487 2273 1662 2339 audis,
1713 2272 1842 2346 quia
1891 2289 2000 2329 non
2041 2273 2097 2328 in

494 2360 810 2428 schismate,
843 2377 947 2418 nec
976 2360 1081 2416 nisi
1110 2360 1166 2416 in
1194 2361 1398 2417 unitate
1425 2361 1688 2418 Ecclesiae
1746 2370 1828 2418 est
1884 2363 2096 2436 prima-

494 2456 617 2517 tus;
645 2450 822 2517 audis,
858 2449 981 2523 quia
1010 2465 1120 2506 non
1175 2450 1232 2504 in
1283 2450 1594 2519 schismate,
1659 2459 1715 2508 et
1767 2451 1985 2508 nonnisi
2040 2453 2097 2508 in

493 2537 758 2596 Ecclesia
789 2538 992 2596 unitate
1022 2555 1154 2596 vera
1182 2547 1307 2594 sunt
1335 2539 1646 2612 ligamenta,
1697 2541 1752 2595 in
1801 2557 1905 2613 qua
1963 2557 2096 2597 vera

496 2635 550 2684 et
577 2627 647 2684 ad
677 2627 903 2684 salutem
959 2627 1281 2700 pertinentia
1337 2637 1460 2684 sunt
1507 2638 1886 2698 sacramenta;
1938 2630 2097 2688 audis

497 2717 627 2791 quia
655 2733 766 2773 non
790 2718 847 2772 in
879 2718 1188 2784 schismate,
1221 2725 1276 2774 et
1319 2734 1429 2773 non
1459 2718 1563 2774 nisi
1621 2719 1677 2774 in
1732 2718 1932 2776 unitate
1986 2721 2098 2775 Ec-

497 2804 679 2862 clesiae
735 2807 894 2860 datur
946 2805 1034 2861 vel
1090 2806 1355 2878 accipitur
1413 2807 1640 2879 Spiritus
1699 2816 1936 2880 sanctus,
1997 2825 2098 2880 per

495 2911 656 2968 quem
687 2893 1008 2951 diffunditur
1037 2895 1269 2950 charitas
1297 2895 1350 2950 in
1383 2896 1644 2952 cordibus
1703 2897 1942 2964 nostris;
1995 2913 2097 2953 au-

495 2982 583 3040 dis
615 2983 742 3056 quia
769 2983 896 3054 illis,
928 2984 1020 3056 qui
1049 2999 1157 3040 non
1187 2991 1309 3039 sunt
1339 2984 1394 3040 in
1450 2985 1654 3041 unitate
1700 2985 1854 3058 pacis
1911 2987 2095 3043 eccle-

496 3072 744 3142 siasticaa,
781 3073 828 3128 si
857 3080 1080 3145 gustant
1108 3073 1177 3129 de
1232 3089 1372 3146 pane
1430 3074 1658 3144 ccelesti,
1718 3083 1800 3131 est
1856 3075 2098 3147 perfecta

494 3162 773 3220 damnatio
822 3163 1072 3236 corporis
1128 3163 1323 3220 Christi
1371 3163 1809 3222 communicatio.
1868 3165 2094 3238 Depone

495 3267 630 3324 ergo
659 3260 928 3308 tumorem
959 3254 1141 3309 cordis
1172 3253 1268 3321 tui,
1323 3261 1374 3309 et
1405 3253 1759 3326 pertinaciam
1806 3263 2096 3312 contuma-

495 3340 575 3397 cis
605 3341 773 3396 animi
800 3341 877 3396 tui
910 3360 923 3396 :
964 3350 1016 3397 et
1043 3342 1268 3398 nimium
1304 3343 1540 3398 amando
1571 3344 1895 3400 sententiam
1924 3353 2092 3413 tuam,

493 3429 607 3486 noli
636 3437 688 3485 te
711 3429 1015 3502 praecidere
1046 3431 1116 3486 ab
1147 3431 1237 3486 illa
1267 3432 1546 3487 charitatis
1577 3449 1864 3504 compage,
1904 3434 1960 3488 in
1991 3450 2098 3506 qua

415 3517 418 3521 ’
494 3519 678 3576 omnia
709 3526 1048 3576 sacramenta
1091 3520 1462 3577 ecclesiastica
1517 3521 1782 3578 catholice
1839 3523 2096 3595 percepi-

494 3609 582 3678 sti,
615 3616 668 3665 et
696 3607 752 3664 in
781 3625 888 3684 qua
917 3609 1122 3666 idcirco
1153 3626 1214 3666 es
1243 3609 1522 3666 ordinatus
1561 3610 1870 3683 episcOpus,
1931 3619 1988 3666 ut
2041 3611 2099 3667 in

492 3714 559 3754 ea
587 3713 962 3770 permaneres,
997 3705 1048 3754 et
1079 3698 1214 3755 alios
1271 3699 1325 3754 in
1383 3715 1449 3755 ea
1504 3715 1830 3772 permanere
1889 3699 1997 3756 ﬁde
2045 3707 2098 3758 et

493 3786 770 3858 operibus,
803 3786 1067 3858 exemplis
1097 3796 1150 3842 et
1180 3787 1363 3843 verbis
1392 3789 1643 3844 doceres.
1677 3788 1926 3861 Denique
1954 3790 2099 3846 unde

496 3875 739 3932 oriantur
791 3875 1113 3943 schismata,
1175 3875 1322 3932 idem
1377 3877 1680 3933 catholicus
1725 3878 1915 3934 doctor
1969 3879 2100 3935 dicit

496 3966 776 4038 (August.,
809 3965 877 4022 de
907 3967 1092 4038 Bapt.,
1134 3965 1228 4020 lib.
1281 3981 1320 4032 ι,
1378 3981 1501 4038 cap.
1565 3969 1623 4022 11
1672 3974 1725 4022 et
1773 3983 1894 4039 cap.
1959 3971 2096 4040 15):

497 4077 520 4103 α
559 4053 729 4126 Origo
759 4061 811 4110 et
836 4054 1139 4126 pertinacia
1169 4053 1478 4112 schismatis
1508 4056 1650 4112 nulla
1697 4064 1781 4112 est
1829 4057 1952 4126 alia,
1993 4057 2100 4113 nisi

495 4143 678 4201 odium
707 4143 908 4212 fratris,
941 4153 994 4200 et
1024 4144 1269 4202 Ecclesia
1326 4161 1433 4202 non
1480 4146 1634 4218 prius
1691 4147 1954 4216 carnales,
2011 4147 2099 4204 vel

492 4233 778 4300 animales,
813 4242 867 4291 et
896 4243 1084 4306 postea
1115 4234 1390 4307 spiritales
1448 4236 1652 4312 habuit,
1711 4237 1808 4292 sed
1866 4236 1921 4292 in
1977 4236 2099 4310 ipsa

495 4332 642 4381 sorte
672 4324 1015 4382 mortalitatis
1045 4333 1267 4393 nostrai,
1299 4342 1365 4381 ex
1405 4343 1512 4399 quo
1567 4327 1636 4383 de
1692 4327 1865 4382 Adam
1913 4327 2097 4384 nasci-

492 4430 636 4481 mur,
669 4431 780 4470 non
810 4422 891 4470 est
918 4414 1070 4485 prius
1103 4415 1247 4486 quod
1264 4414 1524 4486 spiritale,
1550 4416 1648 4472 sed
1670 4417 1814 4488 quod
1837 4417 2092 4483 animale,

495 4511 687 4576 postea
716 4501 977 4574 spiritale.
1009 4505 1090 4558 Ex
1120 4503 1240 4574 ipso
1270 4512 1450 4559 autem
1480 4505 1698 4560 animali
1728 4521 1912 4575 sensu,
1970 4507 2096 4578 quia

2197 1914 2454 1986 episcopo
2486 1930 2609 1970 esse
2637 1913 2994 1988 diligendum,
3027 1929 3137 1970 non
3166 1914 3341 1969 solum
3362 1921 3418 1968 ut
3439 1913 3676 1970 scienter
3699 1913 3800 1969 do-

2196 2013 2334 2074 ceat,
2386 2003 2483 2059 sed
2531 2001 2697 2059 etiam
2745 2002 3014 2074 patienter
3061 2003 3256 2060 discat.
3305 2002 3568 2059 Docibilis
3617 2011 3800 2059 autem

2196 2092 2288 2149 ille
2318 2100 2402 2149 est
2432 2093 2523 2164 qui
2556 2100 2639 2148 est
2668 2093 2738 2148 ad
2767 2091 3012 2148 discendi
3039 2082 3354 2164 patientiam
3383 2091 3522 2147 lenis
3543 2100 3596 2148 et
3626 2092 3795 2149 mitis.

2198 2181 2425 2254 Oportet
2455 2181 2602 2238 enim
2632 2181 2920 2254 episcopos
2949 2197 3060 2238 non
3090 2189 3296 2238 tantum
3327 2182 3548 2250 docere,
3599 2182 3698 2238 sed
3745 2189 3799 2237 et

2198 2270 2410 2327 discere
2445 2289 2458 2326 :
2493 2271 2617 2344 quia
2647 2279 2700 2326 et
2730 2271 2821 2326 ille
2852 2270 3046 2326 melius
3075 2271 3254 2338 docet,
3289 2271 3380 2342 qui
3409 2270 3647 2344 quotidie
3677 2286 3799 2328 cre-

2198 2360 2298 2417 scit
2325 2367 2378 2416 et
2404 2359 2616 2432 proﬁcit
2645 2360 2909 2417 discendo
2944 2360 3192 2417 meliora.
3239 2360 3334 2416 His
3378 2360 3563 2434 utique
3610 2360 3796 2417 verbis

2199 2449 2331 2506 satis
2357 2448 2556 2506 indicat
2585 2449 2667 2506 vir
2697 2457 2936 2516 sanctus,
2970 2457 3024 2505 et
3069 2450 3161 2522 pia
3198 2449 3465 2506 charitate
3510 2450 3792 2522 praeditus,

2197 2554 2306 2594 non
2339 2555 2461 2594 esse
2491 2539 2842 2594 metuendum
2872 2538 2952 2595 sic
2981 2539 3096 2608 ejus
3127 2538 3385 2610 epistolas
3411 2539 3616 2613 legere,
3663 2547 3720 2596 ut
3749 2539 3798 2594 si

2198 2627 2328 2700 quid
2354 2636 2547 2699 postea
2575 2627 2822 2699 pluribus
2849 2635 2900 2683 et
2957 2627 3385 2683 diuturnioribus
3432 2627 3800 2700 inquisitioni-

2199 2717 2301 2772 bus
2327 2725 2667 2789 compertum
2695 2716 2944 2773 Ecclesia
2985 2716 3343 2788 conﬁrmavit,
3393 2733 3500 2772 non
3542 2717 3790 2792 ambiga-

2197 2823 2338 2871 mus,
2372 2807 2500 2879 quia
2529 2806 2667 2862 sicut
2695 2806 2864 2862 multa
2893 2814 3043 2862 erant
3087 2823 3208 2878 quae
3255 2806 3445 2862 doctus
3493 2807 3800 2878 Cyprianus

2198 2895 2441 2965 doceret,
2476 2895 2553 2951 sic
2581 2903 2696 2951 erat
2727 2902 2779 2951 et
2807 2894 3007 2968 aliquid
3036 2896 3180 2968 quod
3210 2895 3508 2968 Cyprianus
3547 2895 3800 2952 docibilis

2199 2985 2453 3040 disceret.
2492 3005 2514 3034 ι
2551 2985 2696 3052 Haec,
2729 2983 2918 3051 frater,
2959 2984 3179 3039 auribus
3225 2985 3468 3056 percipe,
3515 2992 3567 3040 et
3615 2991 3799 3040 mente

2199 3073 2462 3147 intellige,
2497 3081 2552 3129 et
2579 3089 2687 3128 non
2717 3073 3031 3147 dedigneris
3061 3089 3184 3130 cum
3213 3073 3484 3146 Cypriano
3527 3083 3578 3130 et
3607 3077 3798 3148 Augu-

2199 3162 2362 3230 stino,
2387 3163 2649 3234 Apostolo
2671 3162 3037 3235 praecipiente,
3061 3161 3313 3219 docibilis
3338 3179 3462 3219 esse
3483 3163 3793 3235 episcopus,

2199 3260 2252 3309 et
2279 3251 2404 3325 quia
2435 3252 2479 3306 si
2508 3268 2864 3324 perseverare
2909 3253 2968 3307 in
3014 3252 3380 3308 obstinatione
3431 3261 3484 3308 et
3531 3269 3798 3324 prmsum-

2195 3341 2380 3414 ptione
2408 3348 2499 3397 tua
2529 3341 2806 3414 delegeris
2828 3357 2951 3397 cum
2982 3341 3191 3396 ratione
3229 3342 3529 3413 supereris,
3552 3342 3797 3414 prudens

2197 3438 2250 3487 et
2283 3431 2462 3487 sciens
2492 3429 2609 3486 sine
2640 3430 2796 3486 venia
2825 3429 3148 3504 ignorantiae
3175 3431 3444 3502 peccabis.
3485 3431 3621 3488 [line
3651 3432 3794 3488 enim

2195 3520 2442 3592 psalmus
2454 3519 2583 3576 dicit
2597 3520 3044 3576 :Descendantin
3056 3521 3351 3592 infernum
3364 3521 3793 3593 viventes(Psal.

2197 3611 2332 3680 LIV),
2365 3609 2422 3664 id
2451 3616 2536 3664 est
2563 3608 2813 3664 labantur
2842 3609 2896 3663 in
2927 3617 3207 3680 peccatum
3230 3609 3483 3665 scientes.
3509 3609 3666 3666 Unde
3688 3611 3797 3670 Leo

2198 3699 2268 3754 ad
2298 3697 2922 3770 Constantinopolitanos
2952 3698 3141 3754 scribit
3175 3697 3362 3754 dicens
3412 3698 3602 3773 (epist.
3653 3703 3748 3772 25)
3779 3717 3795 3755 :

2203 3809 2224 3838 ι
2259 3788 2400 3842 Nam
2431 3787 2476 3842 si
2525 3787 2612 3843 vix
2661 3786 2716 3841 in
2763 3786 2917 3842 laicis
2959 3786 3261 3844 tolerabilis
3306 3787 3522 3843 videtur
3563 3788 3795 3854 inscitia,

2197 3882 2346 3931 tanto
2376 3875 2552 3950 magis
2581 3875 2634 3930 in
2664 3875 2745 3932 eis
2775 3875 2868 3948 qui
2895 3883 3133 3947 praesunt
3162 3891 3265 3932 nec
3293 3876 3572 3932 excusatio
3601 3885 3684 3932 est
3715 3877 3797 3932 di-

2197 3979 2308 4038 gna
2337 3980 2438 4021 nec
2469 3965 2626 4021 venia
2659 3983 2672 4020 :
2708 3965 2943 4020 maxime
2974 3982 3098 4020 cum
3128 3965 3290 4021 etiam
3335 3965 3631 4023 defendere
3670 3983 3797 4039 per-

2198 4069 2479 4110 versarum
2531 4053 2844 4126 opinionum
2893 4063 3197 4111 commenta
3241 4064 3594 4126 praesumunt,
3643 4064 3696 4112 et
3742 4056 3796 4111 in

2197 4158 2526 4200 consensum
2557 4160 2734 4212 suum,
2767 4150 2855 4199 aut
2887 4151 3111 4210 terrore,
3143 4152 3234 4199 aut
3263 4144 3438 4218 gratia
3461 4143 3797 4201 insanabiles

2199 4249 2446 4306 quosque
2484 4233 2790 4290 traducunt.
2847 4233 3181 4304 Separentur
3226 4234 3535 4304 hujusmodi
3573 4251 3604 4289 a
3651 4235 3800 4290 sanis

2196 4322 2458 4378 membris
2488 4322 2736 4394 corporis
2763 4322 2980 4389 Christi,
3014 4339 3192 4395 neque
3223 4322 3326 4379 sibi
3345 4323 3610 4380 catholica
3638 4325 3797 4380 liber-

2196 4418 2279 4466 tas
2309 4411 2605 4467 inﬁdelium
2629 4411 2822 4484 jugum
2853 4411 3084 4484 patiatur
3113 4412 3338 4484 imponi.
3367 4433 3390 4463 ι
3424 4413 3641 4470 Revoca
3663 4429 3798 4485 ergo

2197 4507 2250 4556 te
2281 4516 2312 4556 a
2341 4501 2642 4572 pertinacia
2669 4509 2782 4572 tua,
2815 4501 3073 4574 quoniam
3116 4501 3212 4570 illi,
3248 4517 3386 4574 quos
3416 4502 3472 4556 in
3509 4503 3794 4559 conventi-

495 4593 660 4649 homo
690 4591 945 4648 animatis
972 4607 1081 4648 non
1109 4592 1342 4664 percipit
1371 4611 1494 4666 quae
1522 4602 1647 4649 sunt
1696 4594 1928 4665 Spiritus
1971 4595 2091 4662 Dei,
2125 4589 2336 4650 Dculis
2394 4589 2498 4644 tuis
2553 4591 2621 4644 ad
2674 4598 2853 4646 tecum
2901 4590 3349 4646 subscribendum
3397 4591 3664 4663 pellexisti
3712 4593 3801 4650 vel

495 4695 686 4738 omnes
743 4680 1113 4738 dissensiones
1171 4689 1224 4737 et
1279 4681 1574 4738 schismata
1628 4690 1975 4755 generantur.
2035 4685 2096 4738 In

497 4785 606 4842 quo
635 4787 799 4826 sensu
828 4779 1244 4844 perseverantes
1291 4771 1584 4844 Apostolus
1631 4771 1761 4826 dicit
1807 4771 1877 4826 ad
1925 4772 2093 4828 Vetus

495 4858 896 4915 Testamentum
927 4859 1222 4932 pertinere,
1273 4859 1328 4916 id
1376 4868 1459 4915 est
1497 4861 1566 4914 ad
1596 4867 1929 4916 terrenorum
1957 4875 2092 4932 pro-

496 4946 790 5003 missorum
819 4949 1188 5020 cupiditatem,
1219 4949 1276 5004 in
1315 4949 1512 5022 quibus
1559 4948 1777 5022 quidem
1829 4949 2094 5022 spiritalia

496 5033 814 5111 ﬁgurantur,
857 5037 954 5094 sed
1011 5038 1260 5094 animalis
1315 5039 1480 5094 homo
1538 5053 1648 5094 non
1693 5038 1920 5112 percipit
1970 5056 2092 5112 quae

496 5134 621 5182 sunt
651 5126 884 5199 Spiritus
913 5127 1033 5184 Dei.
1079 5127 1419 5201 Quocunque
1473 5143 1608 5200 ergo
1655 5136 1901 5200 tempore
1955 5129 2092 5186 tales

494 5215 746 5272 homines
775 5232 898 5273 esse
927 5216 1193 5289 coeperint
1221 5217 1277 5272 in
1305 5217 1408 5274 hac
1435 5217 1561 5288 rita,
1605 5218 1719 5289 jam
1761 5218 1958 5276 divinis
1989 5235 2090 5292 pro

494 5306 816 5363 seculorum
843 5306 1220 5362 distributione
1251 5309 1608 5364 sacramentis
1650 5309 1858 5381 imbuti,
1911 5309 2092 5367 adhuc

493 5403 680 5454 tamen
708 5396 998 5454 carnaliter
1027 5396 1260 5468 sapiunt,
1319 5406 1372 5453 et
1401 5399 1644 5456 carnalia
1690 5400 1759 5455 de
1807 5399 1922 5456 Deo
1975 5398 2092 5457 sive

495 5485 552 5542 in
579 5485 685 5544 hac
712 5486 842 5554 vita,
896 5487 1012 5543 sive
1067 5495 1192 5558 post
1249 5487 1392 5545 hanc
1447 5489 1611 5545 vitam
1655 5497 1876 5561 sperent
1928 5496 2092 5562 atque

497 5575 831 5645 desiderent,
883 5575 1148 5632 animales
1205 5585 1348 5634 sunt.
1405 5599 1428 5628 ι
1479 5579 1548 5636 Et
1603 5579 1733 5635 item
1790 5595 1857 5636 ex
1910 5578 2092 5636 verbis

497 5666 640 5724 beati
685 5665 961 5742 Cypriani,
1010 5674 1068 5724 ut
1115 5667 1316 5742 partim
1371 5676 1424 5726 et
1476 5685 1641 5742 supra
1683 5668 1897 5742 scripsi,
1945 5668 2092 5743 quod

2198 4677 2447 4750 coegisti,
2481 4679 2682 4734 habent
2717 4680 2936 4752 quidem
2965 4681 3390 4748 excusationem,
3423 4681 3680 4753 quoniam
3710 4690 3801 4738 aut

2193 4767 2434 4838 captivas
2463 4783 2658 4824 manus
2689 4769 2806 4824 sine
2835 4770 3017 4826 cordis
3049 4770 3410 4826 consensione
3430 4771 3612 4826 timori
3629 4771 3798 4827 dede-

2193 4864 2338 4923 runt,
2371 4865 2461 4912 aut
2491 4857 2810 4929 ignorantes
2841 4858 2970 4930 quid
2997 4867 3241 4932 agerent,
3275 4858 3496 4930 palliata
3541 4859 3796 4916 suasione

2193 4952 2282 5000 tua
2310 4946 2380 5002 de
2409 4946 2626 5002 vinculo
2654 4946 2804 5017 pacis
2832 4956 2884 5004 et
2912 4948 3290 5004 communione
3333 4948 3483 5019 pacis
3520 4957 3628 5004 tuae
3655 4965 3794 5006 con-

2193 5050 2356 5090 sensu
2385 5035 2545 5091 etiam
2576 5035 2942 5108 deliquerunt,
2977 5045 3067 5092 aut
3096 5037 3232 5093 forte
3262 5037 3496 5093 scientes
3541 5046 3594 5093 et
3641 5037 3716 5092 illi
3742 5045 3795 5094 et

2191 5125 2280 5181 isti
2310 5125 2562 5198 quiddam
2595 5125 2692 5180 tibi
2721 5126 2917 5184 exinde
2950 5143 3250 5201 suggerere
3280 5128 3398 5183 ausi
3419 5143 3526 5184 non
3559 5127 3791 5184 fuerunt.

2192 5213 2347 5270 Unde
2373 5214 2566 5270 beatus
2595 5215 2901 5290 Gregorius
2933 5233 2944 5272 :
2983 5237 3005 5267 α
3039 5219 3234 5284 Nemo,
3265 5216 3457 5288 inquit,
3491 5217 3723 5288 amplius
3739 5219 3796 5273 in

2191 5303 2436 5358 Ecclesia
2463 5312 2642 5370 nocet,
2679 5321 2842 5377 quam
2877 5304 2970 5378 qui
2995 5323 3255 5378 perverse
3285 5321 3458 5380 agens
3480 5311 3678 5362 nomen
3707 5309 3795 5364 vel

2191 5393 2436 5448 ordinem
2493 5394 2793 5450 sanctitatis
2849 5395 3032 5450 habet.
3091 5396 3508 5468 Delinquentem
3556 5411 3792 5469 namque

2192 5481 2336 5538 hunc
2361 5482 2690 5557 redarguere
2718 5484 2901 5540 nullus
2928 5485 3224 5556 praesumit,
3277 5493 3330 5540 et
3377 5484 3434 5540 in
3480 5485 3790 5558 exemplum

2193 5571 2349 5644 culpa
2376 5573 2725 5630 vehementer
2751 5574 3077 5643 extenditur,
3110 5573 3330 5648 quando
3359 5589 3458 5646 pro
3492 5575 3792 5630 reverentia

2193 5670 2404 5728 ordinis
2431 5679 2693 5744 peccator
2721 5673 3039 5742 honoratur,
3073 5673 3268 5748 quibus
3316 5680 3399 5730 est
3439 5670 3649 5730 facilior
3691 5691 3791 5732 ve-
