  <div class='ocr_page' id='page_1' title='image "/cluster/home/n/w/nwhite01/storage/ocr_20150623/126/umn.31951002477419r/274.png"; bbox 0 0 4164 6320; ppageno 0'>
   <div class='ocr_carea' id='block_1_1' title="bbox 346 179 444 232">
    <p class='ocr_par' dir='ltr' id='par_1_1' title="bbox 346 179 444 232">
     <span class='ocr_line' id='line_1_1' title="bbox 346 179 444 232; baseline -0.02 0"><span class='ocrx_word' id='word_1_1' title='bbox 346 179 444 232; x_wconf 77' lang='grc'>481</span> 
     </span>
    </p>
   </div>
   <div class='ocr_carea' id='block_1_2' title="bbox 1061 175 2891 236">
    <p class='ocr_par' dir='ltr' id='par_1_2' title="bbox 1061 175 2891 236">
     <span class='ocr_line' id='line_1_2' title="bbox 1061 175 2891 236; baseline 0.001 -4"><span class='ocrx_word' id='word_1_2' title='bbox 1061 175 1305 232; x_wconf 89' lang='lat' dir='ltr'>OPUSC.</span> <span class='ocrx_word' id='word_1_3' title='bbox 1366 177 1455 231; x_wconf 89' lang='lat' dir='ltr'><strong>ET</strong></span> <span class='ocrx_word' id='word_1_4' title='bbox 1506 175 1726 233; x_wconf 89' lang='lat' dir='ltr'>EPIST.</span> <span class='ocrx_word' id='word_1_5' title='bbox 1787 176 1859 231; x_wconf 91' lang='lat' dir='ltr'>IN</span> <span class='ocrx_word' id='word_1_6' title='bbox 1906 175 2132 232; x_wconf 82' lang='lat' dir='ltr'><strong>CAUSA</strong></span> <span class='ocrx_word' id='word_1_7' title='bbox 2188 177 2530 234; x_wconf 84' lang='lat' dir='ltr'>HINCMARI</span> <span class='ocrx_word' id='word_1_8' title='bbox 2585 178 2891 236; x_wconf 88' lang='lat' dir='ltr'>LAUDUN.</span> 
     </span>
    </p>
   </div>
   <div class='ocr_carea' id='block_1_3' title="bbox 3554 181 3656 239">
    <p class='ocr_par' dir='ltr' id='par_1_3' title="bbox 3554 181 3656 239">
     <span class='ocr_line' id='line_1_3' title="bbox 3554 181 3656 239; baseline 0.029 -3"><span class='ocrx_word' id='word_1_9' title='bbox 3554 181 3656 239; x_wconf 69' lang='lat'>£82</span> 
     </span>
    </p>
   </div>
   <div class='ocr_carea' id='block_1_4' title="bbox 346 301 3662 378">
    <p class='ocr_par' dir='ltr' id='par_1_4' title="bbox 346 301 3662 378">
     <span class='ocr_line' id='line_1_4' title="bbox 346 301 3662 378; baseline 0.002 -23"><span class='ocrx_word' id='word_1_10' title='bbox 346 301 457 366; x_wconf 88' lang='lat' dir='ltr'>nia,</span> <span class='ocrx_word' id='word_1_11' title='bbox 493 301 745 373; x_wconf 90' lang='lat' dir='ltr'>quoniam</span> <span class='ocrx_word' id='word_1_12' title='bbox 777 301 918 356; x_wconf 90' lang='lat' dir='ltr'>inest</span> <span class='ocrx_word' id='word_1_13' title='bbox 945 301 1026 356; x_wconf 93' lang='lat' dir='ltr'>eis</span> <span class='ocrx_word' id='word_1_14' title='bbox 1056 309 1108 358; x_wconf 90' lang='lat' dir='ltr'>et</span> <span class='ocrx_word' id='word_1_15' title='bbox 1136 302 1310 357; x_wconf 78' lang='lat' dir='ltr'>levior</span> <span class='ocrx_word' id='word_1_16' title='bbox 1340 302 1513 374; x_wconf 91' lang='lat' dir='ltr'>culpa.</span> <span class='ocrx_word' id='word_1_17' title='bbox 1545 324 1565 352; x_wconf 71' lang='grc' dir='ltr'><strong><em>ι</em></strong></span> <span class='ocrx_word' id='word_1_18' title='bbox 1600 304 1737 357; x_wconf 90' lang='lat' dir='ltr'>Nam</span> <span class='ocrx_word' id='word_1_19' title='bbox 1770 302 1837 357; x_wconf 90' lang='lat' dir='ltr'>de</span> <span class='ocrx_word' id='word_1_20' title='bbox 1868 301 1952 356; x_wconf 88' lang='lat' dir='ltr'>his</span> <span class='ocrx_word' id='word_1_21' title='bbox 1980 301 2032 361; x_wconf 88' lang='lat' dir='ltr'>A</span> <span class='ocrx_word' id='word_1_22' title='bbox 2056 301 2185 373; x_wconf 92' lang='lat' dir='ltr'>quid</span> <span class='ocrx_word' id='word_1_23' title='bbox 2215 302 2343 357; x_wconf 90' lang='lat' dir='ltr'>mali</span> <span class='ocrx_word' id='word_1_24' title='bbox 2391 302 2607 370; x_wconf 83' lang='lat' dir='ltr'>faciant,</span> <span class='ocrx_word' id='word_1_25' title='bbox 2641 305 2822 360; x_wconf 88' lang='lat' dir='ltr'>vident</span> <span class='ocrx_word' id='word_1_26' title='bbox 2861 321 2968 359; x_wconf 92' lang='lat' dir='ltr'>non</span> <span class='ocrx_word' id='word_1_27' title='bbox 3001 321 3123 361; x_wconf 90' lang='lat' dir='ltr'>esse</span> <span class='ocrx_word' id='word_1_28' title='bbox 3154 304 3284 378; x_wconf 89' lang='lat' dir='ltr'>quid</span> <span class='ocrx_word' id='word_1_29' title='bbox 3315 305 3537 361; x_wconf 86' lang='lat' dir='ltr'>omnino</span> <span class='ocrx_word' id='word_1_30' title='bbox 3566 322 3662 362; x_wconf 91' lang='lat' dir='ltr'>re-</span> 
     </span>
    </p>
   </div>
   <div class='ocr_carea' id='block_1_5' title="bbox 347 390 1955 463">
    <p class='ocr_par' dir='ltr' id='par_1_5' title="bbox 347 390 1955 463">
     <span class='ocr_line' id='line_1_5' title="bbox 347 390 1955 463; baseline 0.001 -19"><span class='ocrx_word' id='word_1_31' title='bbox 347 390 440 462; x_wconf 92' lang='lat' dir='ltr'>qui</span> <span class='ocrx_word' id='word_1_32' title='bbox 472 407 571 461; x_wconf 90' lang='lat' dir='ltr'>per</span> <span class='ocrx_word' id='word_1_33' title='bbox 618 391 984 463; x_wconf 78' lang='lat' dir='ltr'>ignorantiam</span> <span class='ocrx_word' id='word_1_34' title='bbox 1033 400 1402 461; x_wconf 88' lang='lat' dir='ltr'>peccaverunt</span> <span class='ocrx_word' id='word_1_35' title='bbox 1448 392 1702 458; x_wconf 89' lang='lat' dir='ltr'>traducti,</span> <span class='ocrx_word' id='word_1_36' title='bbox 1736 399 1955 446; x_wconf 90' lang='lat' dir='ltr'>sanctus</span> 
     </span>
    </p>
   </div>
   <div class='ocr_carea' id='block_1_6' title="bbox 347 479 1955 551">
    <p class='ocr_par' dir='ltr' id='par_1_6' title="bbox 347 479 1955 551">
     <span class='ocr_line' id='line_1_6' title="bbox 347 479 1955 551; baseline 0.002 -19"><span class='ocrx_word' id='word_1_37' title='bbox 347 479 686 550; x_wconf 78' lang='lat' dir='ltr'>Augustinus</span> <span class='ocrx_word' id='word_1_38' title='bbox 717 479 772 533; x_wconf 91' lang='lat' dir='ltr'>in</span> <span class='ocrx_word' id='word_1_39' title='bbox 802 489 1267 550; x_wconf 86' lang='lat' dir='ltr'>supramemoralo</span> <span class='ocrx_word' id='word_1_40' title='bbox 1313 497 1474 550; x_wconf 88' lang='lat' dir='ltr'>opere</span> <span class='ocrx_word' id='word_1_41' title='bbox 1517 481 1646 536; x_wconf 90' lang='lat' dir='ltr'>dicit</span> <span class='ocrx_word' id='word_1_42' title='bbox 1690 482 1806 551; x_wconf 84' lang='lat' dir='ltr'>(lib.</span> <span class='ocrx_word' id='word_1_43' title='bbox 1842 497 1858 534; x_wconf 84' lang='grc' dir='ltr'><strong>ι</strong></span> <span class='ocrx_word' id='word_1_44' title='bbox 1890 482 1955 536; x_wconf 89' lang='lat' dir='ltr'>de</span> 
     </span>
    </p>
   </div>
   <div class='ocr_carea' id='block_1_7' title="bbox 349 569 1955 642">
    <p class='ocr_par' dir='ltr' id='par_1_7' title="bbox 349 569 1955 642">
     <span class='ocr_line' id='line_1_7' title="bbox 349 569 1955 642; baseline -0.001 -18"><span class='ocrx_word' id='word_1_45' title='bbox 349 570 538 641; x_wconf 88' lang='lat' dir='ltr'>Bapt.,</span> <span class='ocrx_word' id='word_1_46' title='bbox 585 585 634 623; x_wconf 93' lang='lat' dir='ltr'>c.</span> <span class='ocrx_word' id='word_1_47' title='bbox 669 572 724 637; x_wconf 91' lang='grc'>2)</span> <span class='ocrx_word' id='word_1_48' title='bbox 759 586 770 622; x_wconf 95' lang='lat'>:</span> <span class='ocrx_word' id='word_1_49' title='bbox 810 591 831 618; x_wconf 74' lang='grc' dir='ltr'>(ι</span> <span class='ocrx_word' id='word_1_50' title='bbox 872 569 926 624; x_wconf 90' lang='lat' dir='ltr'>Si</span> <span class='ocrx_word' id='word_1_51' title='bbox 973 586 1135 640; x_wconf 87' lang='lat' dir='ltr'>quem</span> <span class='ocrx_word' id='word_1_52' title='bbox 1185 569 1342 638; x_wconf 85' lang='lat' dir='ltr'>forte,</span> <span class='ocrx_word' id='word_1_53' title='bbox 1396 569 1665 642; x_wconf 87' lang='lat' dir='ltr'>inquiens,</span> <span class='ocrx_word' id='word_1_54' title='bbox 1713 569 1955 641; x_wconf 81' lang='lat' dir='ltr'>coegerit</span> 
     </span>
    </p>
   </div>
   <div class='ocr_carea' id='block_1_8' title="bbox 348 657 1954 730">
    <p class='ocr_par' dir='ltr' id='par_1_8' title="bbox 348 657 1954 730">
     <span class='ocr_line' id='line_1_8' title="bbox 348 657 1954 730; baseline 0.001 -20"><span class='ocrx_word' id='word_1_55' title='bbox 348 665 590 711; x_wconf 89' lang='lat' dir='ltr'>extrema</span> <span class='ocrx_word' id='word_1_56' title='bbox 630 657 949 726; x_wconf 82' lang='lat' dir='ltr'>necessitas,</span> <span class='ocrx_word' id='word_1_57' title='bbox 984 658 1074 712; x_wconf 92' lang='lat' dir='ltr'>ubi</span> <span class='ocrx_word' id='word_1_58' title='bbox 1109 659 1432 713; x_wconf 89' lang='lat' dir='ltr'>catholicum</span> <span class='ocrx_word' id='word_1_59' title='bbox 1473 675 1572 729; x_wconf 89' lang='lat' dir='ltr'>per</span> <span class='ocrx_word' id='word_1_60' title='bbox 1615 675 1776 730; x_wconf 89' lang='lat' dir='ltr'>quem</span> <span class='ocrx_word' id='word_1_61' title='bbox 1808 657 1954 713; x_wconf 92' lang='lat' dir='ltr'>acci-</span> 
     </span>
    </p>
   </div>
   <div class='ocr_carea' id='block_1_9' title="bbox 345 746 1955 818">
    <p class='ocr_par' dir='ltr' id='par_1_9' title="bbox 345 746 1955 818">
     <span class='ocr_line' id='line_1_9' title="bbox 345 746 1955 818; baseline 0.002 -20"><span class='ocrx_word' id='word_1_62' title='bbox 345 746 460 816; x_wconf 86' lang='lat' dir='ltr'>piat</span> <span class='ocrx_word' id='word_1_63' title='bbox 505 762 612 800; x_wconf 94' lang='lat' dir='ltr'>non</span> <span class='ocrx_word' id='word_1_64' title='bbox 645 746 930 812; x_wconf 79' lang='lat' dir='ltr'>invenerit,</span> <span class='ocrx_word' id='word_1_65' title='bbox 967 755 1016 801; x_wconf 91' lang='lat' dir='ltr'>et</span> <span class='ocrx_word' id='word_1_66' title='bbox 1047 746 1100 800; x_wconf 90' lang='lat' dir='ltr'>in</span> <span class='ocrx_word' id='word_1_67' title='bbox 1131 747 1313 801; x_wconf 92' lang='lat' dir='ltr'>animo</span> <span class='ocrx_word' id='word_1_68' title='bbox 1364 764 1494 818; x_wconf 87' lang='lat' dir='ltr'>pace</span> <span class='ocrx_word' id='word_1_69' title='bbox 1543 747 1812 802; x_wconf 88' lang='lat' dir='ltr'>catholica</span> <span class='ocrx_word' id='word_1_70' title='bbox 1856 763 1955 802; x_wconf 92' lang='lat' dir='ltr'>cu-</span> 
     </span>
    </p>
   </div>
   <div class='ocr_carea' id='block_1_10' title="bbox 345 835 1956 908">
    <p class='ocr_par' dir='ltr' id='par_1_10' title="bbox 345 835 1956 908">
     <span class='ocr_line' id='line_1_10' title="bbox 345 835 1956 908; baseline 0.001 -20"><span class='ocrx_word' id='word_1_71' title='bbox 345 835 569 898; x_wconf 90' lang='lat' dir='ltr'>stodita,</span> <span class='ocrx_word' id='word_1_72' title='bbox 605 851 702 905; x_wconf 90' lang='lat' dir='ltr'>per</span> <span class='ocrx_word' id='word_1_73' title='bbox 733 835 968 906; x_wconf 87' lang='lat' dir='ltr'>aliquem</span> <span class='ocrx_word' id='word_1_74' title='bbox 1000 844 1154 890; x_wconf 84' lang='lat' dir='ltr'>extra</span> <span class='ocrx_word' id='word_1_75' title='bbox 1187 837 1444 890; x_wconf 91' lang='lat' dir='ltr'>unitatem</span> <span class='ocrx_word' id='word_1_76' title='bbox 1495 837 1820 892; x_wconf 85' lang='lat' dir='ltr'>catholicam</span> <span class='ocrx_word' id='word_1_77' title='bbox 1852 853 1956 908; x_wconf 93' lang='lat' dir='ltr'>po-</span> 
     </span>
    </p>
   </div>
   <div class='ocr_carea' id='block_1_11' title="bbox 347 923 1956 996">
    <p class='ocr_par' dir='ltr' id='par_1_11' title="bbox 347 923 1956 996">
     <span class='ocr_line' id='line_1_11' title="bbox 347 923 1956 996; baseline 0.001 -18"><span class='ocrx_word' id='word_1_78' title='bbox 347 923 511 978; x_wconf 91' lang='lat' dir='ltr'>situm</span> <span class='ocrx_word' id='word_1_79' title='bbox 549 923 816 994; x_wconf 89' lang='lat' dir='ltr'>acceperit</span> <span class='ocrx_word' id='word_1_80' title='bbox 865 925 1010 995; x_wconf 93' lang='lat' dir='ltr'>quod</span> <span class='ocrx_word' id='word_1_81' title='bbox 1044 932 1160 978; x_wconf 90' lang='lat' dir='ltr'>erat</span> <span class='ocrx_word' id='word_1_82' title='bbox 1193 924 1244 978; x_wconf 92' lang='lat' dir='ltr'>in</span> <span class='ocrx_word' id='word_1_83' title='bbox 1279 924 1396 996; x_wconf 87' lang='lat' dir='ltr'>ipsa</span> <span class='ocrx_word' id='word_1_84' title='bbox 1440 926 1707 980; x_wconf 89' lang='lat' dir='ltr'>catholica</span> <span class='ocrx_word' id='word_1_85' title='bbox 1751 926 1956 979; x_wconf 91' lang='lat' dir='ltr'>unitate</span> 
     </span>
    </p>
   </div>
   <div class='ocr_carea' id='block_1_12' title="bbox 345 1013 1953 1087">
    <p class='ocr_par' dir='ltr' id='par_1_12' title="bbox 345 1013 1953 1087">
     <span class='ocr_line' id='line_1_12' title="bbox 345 1013 1953 1087; baseline 0.001 -21"><span class='ocrx_word' id='word_1_86' title='bbox 345 1021 688 1083; x_wconf 88' lang='lat' dir='ltr'>accepturus,</span> <span class='ocrx_word' id='word_1_87' title='bbox 725 1013 771 1066; x_wconf 91' lang='lat' dir='ltr'>si</span> <span class='ocrx_word' id='word_1_88' title='bbox 804 1013 980 1066; x_wconf 79' lang='lat' dir='ltr'>statim</span> <span class='ocrx_word' id='word_1_89' title='bbox 1013 1014 1173 1067; x_wconf 91' lang='lat' dir='ltr'>etiam</span> <span class='ocrx_word' id='word_1_90' title='bbox 1205 1014 1272 1068; x_wconf 90' lang='lat' dir='ltr'>de</span> <span class='ocrx_word' id='word_1_91' title='bbox 1302 1015 1403 1068; x_wconf 88' lang='lat' dir='ltr'>hac</span> <span class='ocrx_word' id='word_1_92' title='bbox 1436 1014 1543 1068; x_wconf 88' lang='lat' dir='ltr'>vita</span> <span class='ocrx_word' id='word_1_93' title='bbox 1587 1015 1953 1087; x_wconf 85' lang='lat' dir='ltr'>emigraverit,</span> 
     </span>
    </p>
   </div>
   <div class='ocr_carea' id='block_1_13' title="bbox 347 1101 1957 1172">
    <p class='ocr_par' dir='ltr' id='par_1_13' title="bbox 347 1101 1957 1172">
     <span class='ocr_line' id='line_1_13' title="bbox 347 1101 1957 1172; baseline 0.002 -18"><span class='ocrx_word' id='word_1_94' title='bbox 347 1117 459 1156; x_wconf 89' lang='lat' dir='ltr'>non</span> <span class='ocrx_word' id='word_1_95' title='bbox 491 1118 614 1156; x_wconf 90' lang='lat' dir='ltr'>eum</span> <span class='ocrx_word' id='word_1_96' title='bbox 645 1101 748 1155; x_wconf 90' lang='lat' dir='ltr'>nisi</span> <span class='ocrx_word' id='word_1_97' title='bbox 790 1102 1116 1157; x_wconf 90' lang='lat' dir='ltr'>catholicum</span> <span class='ocrx_word' id='word_1_98' title='bbox 1156 1103 1499 1172; x_wconf 87' lang='lat' dir='ltr'>deputamus.</span> <span class='ocrx_word' id='word_1_99' title='bbox 1537 1104 1590 1158; x_wconf 94' lang='lat' dir='ltr'>Si</span> <span class='ocrx_word' id='word_1_100' title='bbox 1621 1111 1801 1158; x_wconf 88' lang='lat' dir='ltr'>autem</span> <span class='ocrx_word' id='word_1_101' title='bbox 1835 1103 1957 1158; x_wconf 90' lang='lat' dir='ltr'>fue-</span> 
     </span>
    </p>
   </div>
   <div class='ocr_carea' id='block_1_14' title="bbox 347 1189 1956 1260">
    <p class='ocr_par' dir='ltr' id='par_1_14' title="bbox 347 1189 1956 1260">
     <span class='ocr_line' id='line_1_14' title="bbox 347 1189 1956 1260; baseline 0.001 -17"><span class='ocrx_word' id='word_1_102' title='bbox 347 1189 416 1244; x_wconf 86' lang='lat' dir='ltr'>rit</span> <span class='ocrx_word' id='word_1_103' title='bbox 445 1207 476 1243; x_wconf 91' lang='lat' dir='ltr'>a</span> <span class='ocrx_word' id='word_1_104' title='bbox 506 1191 774 1260; x_wconf 87' lang='lat' dir='ltr'>corporali</span> <span class='ocrx_word' id='word_1_105' title='bbox 805 1199 979 1245; x_wconf 91' lang='lat' dir='ltr'>morte</span> <span class='ocrx_word' id='word_1_106' title='bbox 1011 1191 1291 1258; x_wconf 89' lang='lat' dir='ltr'>liberatus,</span> <span class='ocrx_word' id='word_1_107' title='bbox 1341 1208 1463 1247; x_wconf 91' lang='lat' dir='ltr'>cum</span> <span class='ocrx_word' id='word_1_108' title='bbox 1503 1193 1786 1247; x_wconf 73' lang='lat' dir='ltr'>catholicae</span> <span class='ocrx_word' id='word_1_109' title='bbox 1820 1209 1956 1248; x_wconf 92' lang='lat' dir='ltr'>con-</span> 
     </span>
    </p>
   </div>
   <div class='ocr_carea' id='block_1_15' title="bbox 347 1279 1954 1352">
    <p class='ocr_par' dir='ltr' id='par_1_15' title="bbox 347 1279 1954 1352">
     <span class='ocr_line' id='line_1_15' title="bbox 347 1279 1954 1352; baseline 0.001 -19"><span class='ocrx_word' id='word_1_110' title='bbox 347 1279 657 1350; x_wconf 89' lang='lat' dir='ltr'>gregationi</span> <span class='ocrx_word' id='word_1_111' title='bbox 716 1279 873 1334; x_wconf 91' lang='lat' dir='ltr'>etiam</span> <span class='ocrx_word' id='word_1_112' title='bbox 934 1281 1226 1350; x_wconf 60' lang='lat' dir='ltr'>praesentia</span> <span class='ocrx_word' id='word_1_113' title='bbox 1284 1281 1555 1352; x_wconf 83' lang='lat' dir='ltr'>corporali</span> <span class='ocrx_word' id='word_1_114' title='bbox 1621 1281 1954 1348; x_wconf 86' lang='lat' dir='ltr'>reddiderit,</span> 
     </span>
    </p>
   </div>
   <div class='ocr_carea' id='block_1_16' title="bbox 345 1369 1959 1440">
    <p class='ocr_par' dir='ltr' id='par_1_16' title="bbox 345 1369 1959 1440">
     <span class='ocr_line' id='line_1_16' title="bbox 345 1369 1959 1440; baseline 0.001 -18"><span class='ocrx_word' id='word_1_115' title='bbox 345 1369 493 1422; x_wconf 91' lang='lat' dir='ltr'>unde</span> <span class='ocrx_word' id='word_1_116' title='bbox 542 1384 816 1440; x_wconf 87' lang='lat' dir='ltr'>nunquam</span> <span class='ocrx_word' id='word_1_117' title='bbox 865 1369 1031 1424; x_wconf 88' lang='lat' dir='ltr'>corde</span> <span class='ocrx_word' id='word_1_118' title='bbox 1082 1369 1430 1435; x_wconf 86' lang='lat' dir='ltr'>discesserat,</span> <span class='ocrx_word' id='word_1_119' title='bbox 1469 1385 1578 1425; x_wconf 92' lang='lat' dir='ltr'>non</span> <span class='ocrx_word' id='word_1_120' title='bbox 1624 1370 1800 1425; x_wconf 93' lang='lat' dir='ltr'>solum</span> <span class='ocrx_word' id='word_1_121' title='bbox 1849 1387 1959 1425; x_wconf 92' lang='lat' dir='ltr'>non</span> 
     </span>
    </p>
   </div>
   <div class='ocr_carea' id='block_1_17' title="bbox 347 1457 1959 1528">
    <p class='ocr_par' dir='ltr' id='par_1_17' title="bbox 347 1457 1959 1528">
     <span class='ocr_line' id='line_1_17' title="bbox 347 1457 1959 1528; baseline 0.002 -18"><span class='ocrx_word' id='word_1_122' title='bbox 347 1457 720 1528; x_wconf 82' lang='lat' dir='ltr'>improbamus</span> <span class='ocrx_word' id='word_1_123' title='bbox 752 1457 897 1528; x_wconf 91' lang='lat' dir='ltr'>quod</span> <span class='ocrx_word' id='word_1_124' title='bbox 928 1457 1071 1523; x_wconf 83' lang='lat' dir='ltr'>fecit,</span> <span class='ocrx_word' id='word_1_125' title='bbox 1107 1459 1204 1513; x_wconf 89' lang='lat' dir='ltr'>sed</span> <span class='ocrx_word' id='word_1_126' title='bbox 1235 1459 1394 1512; x_wconf 90' lang='lat' dir='ltr'>etiam</span> <span class='ocrx_word' id='word_1_127' title='bbox 1426 1459 1772 1514; x_wconf 89' lang='lat' dir='ltr'>securissime</span> <span class='ocrx_word' id='word_1_128' title='bbox 1793 1459 1959 1515; x_wconf 90' lang='lat' dir='ltr'>veris-</span> 
     </span>
    </p>
   </div>
   <div class='ocr_carea' id='block_1_18' title="bbox 350 1546 1960 1618">
    <p class='ocr_par' dir='ltr' id='par_1_18' title="bbox 350 1546 1960 1618">
     <span class='ocr_line' id='line_1_18' title="bbox 350 1546 1960 1618; baseline 0.001 -17"><span class='ocrx_word' id='word_1_129' title='bbox 350 1547 598 1618; x_wconf 87' lang='lat' dir='ltr'>simeque</span> <span class='ocrx_word' id='word_1_130' title='bbox 645 1546 947 1613; x_wconf 87' lang='lat' dir='ltr'>laudamus,</span> <span class='ocrx_word' id='word_1_131' title='bbox 982 1547 1105 1618; x_wconf 91' lang='lat' dir='ltr'>quia</span> <span class='ocrx_word' id='word_1_132' title='bbox 1135 1557 1460 1618; x_wconf 73' lang='lat' dir='ltr'>przesentem</span> <span class='ocrx_word' id='word_1_133' title='bbox 1508 1550 1684 1603; x_wconf 90' lang='lat' dir='ltr'>Deum</span> <span class='ocrx_word' id='word_1_134' title='bbox 1732 1548 1960 1604; x_wconf 84' lang='lat' dir='ltr'>credidit</span> 
     </span>
    </p>
   </div>
   <div class='ocr_carea' id='block_1_19' title="bbox 2057 392 3665 464">
    <p class='ocr_par' dir='ltr' id='par_1_19' title="bbox 2057 392 3665 464">
     <span class='ocr_line' id='line_1_19' title="bbox 2057 392 3665 464; baseline 0.004 -19"><span class='ocrx_word' id='word_1_135' title='bbox 2057 392 2394 462; x_wconf 90' lang='lat' dir='ltr'>spondeant,</span> <span class='ocrx_word' id='word_1_136' title='bbox 2449 392 2547 446; x_wconf 92' lang='lat' dir='ltr'>sed</span> <span class='ocrx_word' id='word_1_137' title='bbox 2591 393 2815 447; x_wconf 88' lang='lat' dir='ltr'>nebulas</span> <span class='ocrx_word' id='word_1_138' title='bbox 2858 394 3125 464; x_wconf 85' lang='lat' dir='ltr'>imperitis</span> <span class='ocrx_word' id='word_1_139' title='bbox 3174 395 3493 463; x_wconf 90' lang='lat' dir='ltr'>ostendunt,</span> <span class='ocrx_word' id='word_1_140' title='bbox 3542 411 3665 451; x_wconf 89' lang='lat' dir='ltr'>cum</span> 
     </span>
    </p>
   </div>
   <div class='ocr_carea' id='block_1_20' title="bbox 2055 479 3661 556">
    <p class='ocr_par' dir='ltr' id='par_1_20' title="bbox 2055 479 3661 556">
     <span class='ocr_line' id='line_1_20' title="bbox 2055 479 3661 556; baseline 0.002 -22"><span class='ocrx_word' id='word_1_141' title='bbox 2055 479 2158 550; x_wconf 91' lang='lat' dir='ltr'>ipsi</span> <span class='ocrx_word' id='word_1_142' title='bbox 2205 480 2310 535; x_wconf 90' lang='lat' dir='ltr'>vivi</span> <span class='ocrx_word' id='word_1_143' title='bbox 2359 482 2702 547; x_wconf 87' lang='lat' dir='ltr'>sorbeantur,</span> <span class='ocrx_word' id='word_1_144' title='bbox 2737 481 2790 536; x_wconf 93' lang='lat' dir='ltr'>id</span> <span class='ocrx_word' id='word_1_145' title='bbox 2821 491 2901 536; x_wconf 91' lang='lat' dir='ltr'>est</span> <span class='ocrx_word' id='word_1_146' title='bbox 2933 483 3168 538; x_wconf 90' lang='lat' dir='ltr'>scientes</span> <span class='ocrx_word' id='word_1_147' title='bbox 3199 491 3251 538; x_wconf 90' lang='lat' dir='ltr'>et</span> <span class='ocrx_word' id='word_1_148' title='bbox 3296 492 3661 556; x_wconf 85' lang='lat' dir='ltr'>agnoscentes</span> 
     </span>
    </p>
   </div>
   <div class='ocr_carea' id='block_1_21' title="bbox 2055 569 3665 644">
    <p class='ocr_par' dir='ltr' id='par_1_21' title="bbox 2055 569 3665 644">
     <span class='ocr_line' id='line_1_21' title="bbox 2055 569 3665 644; baseline 0.004 -22"><span class='ocrx_word' id='word_1_149' title='bbox 2055 569 2342 624; x_wconf 88' lang='lat' dir='ltr'>intereant.</span> <span class='ocrx_word' id='word_1_150' title='bbox 2378 570 2575 625; x_wconf 77' lang='lat' dir='ltr'>Vident</span> <span class='ocrx_word' id='word_1_151' title='bbox 2619 571 2840 625; x_wconf 86' lang='lat' dir='ltr'>horrere</span> <span class='ocrx_word' id='word_1_152' title='bbox 2879 571 3129 626; x_wconf 86' lang='lat' dir='ltr'>homines</span> <span class='ocrx_word' id='word_1_153' title='bbox 3159 579 3210 626; x_wconf 92' lang='lat' dir='ltr'>et</span> <span class='ocrx_word' id='word_1_154' title='bbox 3240 573 3477 644; x_wconf 85' lang='lat' dir='ltr'>graviter</span> <span class='ocrx_word' id='word_1_155' title='bbox 3507 572 3665 628; x_wconf 86' lang='lat' dir='ltr'>dete-</span> 
     </span>
    </p>
   </div>
   <div class='ocr_carea' id='block_1_22' title="bbox 2057 658 3664 730">
    <p class='ocr_par' dir='ltr' id='par_1_22' title="bbox 2057 658 3664 730">
     <span class='ocr_line' id='line_1_22' title="bbox 2057 658 3664 730; baseline 0.003 -18"><span class='ocrx_word' id='word_1_156' title='bbox 2057 658 2208 724; x_wconf 89' lang='lat' dir='ltr'>stari,</span> <span class='ocrx_word' id='word_1_157' title='bbox 2243 659 2389 730; x_wconf 89' lang='lat' dir='ltr'>quod</span> <span class='ocrx_word' id='word_1_158' title='bbox 2421 659 2582 714; x_wconf 90' lang='lat' dir='ltr'>etiam</span> <span class='ocrx_word' id='word_1_159' title='bbox 2615 676 2672 713; x_wconf 91' lang='lat' dir='ltr'>se</span> <span class='ocrx_word' id='word_1_160' title='bbox 2703 659 2804 730; x_wconf 90' lang='lat' dir='ltr'>ipsi</span> <span class='ocrx_word' id='word_1_161' title='bbox 2837 660 2889 713; x_wconf 86' lang='lat' dir='ltr'>in</span> <span class='ocrx_word' id='word_1_162' title='bbox 2921 659 3092 714; x_wconf 88' lang='lat' dir='ltr'>multa</span> <span class='ocrx_word' id='word_1_163' title='bbox 3139 660 3426 716; x_wconf 88' lang='lat' dir='ltr'>schismata</span> <span class='ocrx_word' id='word_1_164' title='bbox 3457 661 3664 718; x_wconf 85' lang='lat' dir='ltr'>divise-</span> 
     </span>
    </p>
   </div>
   <div class='ocr_carea' id='block_1_23' title="bbox 2056 747 3667 820">
    <p class='ocr_par' dir='ltr' id='par_1_23' title="bbox 2056 747 3667 820">
     <span class='ocr_line' id='line_1_23' title="bbox 2056 747 3667 820; baseline 0.003 -20"><span class='ocrx_word' id='word_1_165' title='bbox 2056 755 2194 814; x_wconf 90' lang='lat' dir='ltr'>runt,</span> <span class='ocrx_word' id='word_1_166' title='bbox 2231 755 2283 801; x_wconf 91' lang='lat' dir='ltr'>et</span> <span class='ocrx_word' id='word_1_167' title='bbox 2312 748 2546 802; x_wconf 87' lang='lat' dir='ltr'>maxime</span> <span class='ocrx_word' id='word_1_168' title='bbox 2577 747 2630 802; x_wconf 93' lang='lat' dir='ltr'>in</span> <span class='ocrx_word' id='word_1_169' title='bbox 2661 748 2837 820; x_wconf 89' lang='lat' dir='ltr'>capite</span> <span class='ocrx_word' id='word_1_170' title='bbox 2881 747 3082 804; x_wconf 59' lang='lat' dir='ltr'>Africae</span> <span class='ocrx_word' id='word_1_171' title='bbox 3114 757 3166 803; x_wconf 94' lang='lat' dir='ltr'>et</span> <span class='ocrx_word' id='word_1_172' title='bbox 3199 750 3481 805; x_wconf 90' lang='lat' dir='ltr'>notissima</span> <span class='ocrx_word' id='word_1_173' title='bbox 3529 751 3667 806; x_wconf 91' lang='lat' dir='ltr'>civi-</span> 
     </span>
    </p>
   </div>
   <div class='ocr_carea' id='block_1_24' title="bbox 2055 836 3747 910">
    <p class='ocr_par' dir='ltr' id='par_1_24' title="bbox 2055 836 3747 910">
     <span class='ocr_line' id='line_1_24' title="bbox 2055 836 3747 910; baseline 0.003 -22"><span class='ocrx_word' id='word_1_174' title='bbox 2055 842 2162 889; x_wconf 89' lang='lat' dir='ltr'>tate</span> <span class='ocrx_word' id='word_1_175' title='bbox 2194 836 2542 909; x_wconf 79' lang='lat' dir='ltr'>Carthagine,</span> <span class='ocrx_word' id='word_1_176' title='bbox 2577 837 2754 892; x_wconf 89' lang='lat' dir='ltr'>conati</span> <span class='ocrx_word' id='word_1_177' title='bbox 2786 846 2910 892; x_wconf 92' lang='lat' dir='ltr'>sunt</span> <span class='ocrx_word' id='word_1_178' title='bbox 2947 838 3216 892; x_wconf 89' lang='lat' dir='ltr'>resarcire</span> <span class='ocrx_word' id='word_1_179' title='bbox 3263 838 3502 894; x_wconf 89' lang='lat' dir='ltr'>dedecus</span> <span class='ocrx_word' id='word_1_180' title='bbox 3529 855 3668 910; x_wconf 90' lang='lat' dir='ltr'>pan-</span> <span class='ocrx_word' id='word_1_181' title='bbox 3740 852 3747 860; x_wconf 87' lang='lat'>&#39;</span> 
     </span>
    </p>
   </div>
   <div class='ocr_carea' id='block_1_25' title="bbox 2056 927 3668 998">
    <p class='ocr_par' dir='ltr' id='par_1_25' title="bbox 2056 927 3668 998">
     <span class='ocr_line' id='line_1_25' title="bbox 2056 927 3668 998; baseline 0.003 -20"><span class='ocrx_word' id='word_1_182' title='bbox 2056 941 2252 979; x_wconf 91' lang='lat' dir='ltr'>norum</span> <span class='ocrx_word' id='word_1_183' title='bbox 2284 943 2524 991; x_wconf 90' lang='lat' dir='ltr'>suorum,</span> <span class='ocrx_word' id='word_1_184' title='bbox 2558 934 2810 996; x_wconf 90' lang='lat' dir='ltr'>putantes</span> <span class='ocrx_word' id='word_1_185' title='bbox 2859 927 3006 998; x_wconf 92' lang='lat' dir='ltr'>quod</span> <span class='ocrx_word' id='word_1_186' title='bbox 3050 935 3273 997; x_wconf 89' lang='lat' dir='ltr'>possent</span> <span class='ocrx_word' id='word_1_187' title='bbox 3320 927 3668 982; x_wconf 88' lang='lat' dir='ltr'>maximiani-</span> 
     </span>
    </p>
   </div>
   <div class='ocr_carea' id='block_1_26' title="bbox 2058 1014 3667 1087">
    <p class='ocr_par' dir='ltr' id='par_1_26' title="bbox 2058 1014 3667 1087">
     <span class='ocr_line' id='line_1_26' title="bbox 2058 1014 3667 1087; baseline 0.003 -21"><span class='ocrx_word' id='word_1_188' title='bbox 2058 1022 2167 1067; x_wconf 89' lang='lat' dir='ltr'>stas</span> <span class='ocrx_word' id='word_1_189' title='bbox 2215 1014 2450 1070; x_wconf 89' lang='lat' dir='ltr'>auferre.</span> <span class='ocrx_word' id='word_1_190' title='bbox 2494 1035 2514 1065; x_wconf 75' lang='grc' dir='ltr'><strong>ι</strong></span> <span class='ocrx_word' id='word_1_191' title='bbox 2551 1015 2618 1069; x_wconf 90' lang='lat' dir='ltr'>Et</span> <span class='ocrx_word' id='word_1_192' title='bbox 2648 1023 2771 1086; x_wconf 91' lang='lat' dir='ltr'>post</span> <span class='ocrx_word' id='word_1_193' title='bbox 2817 1015 3000 1087; x_wconf 89' lang='lat' dir='ltr'>aliqua</span> <span class='ocrx_word' id='word_1_194' title='bbox 3049 1016 3228 1087; x_wconf 91' lang='lat' dir='ltr'>(ibid.,</span> <span class='ocrx_word' id='word_1_195' title='bbox 3262 1032 3310 1070; x_wconf 93' lang='lat' dir='ltr'>c.</span> <span class='ocrx_word' id='word_1_196' title='bbox 3348 1020 3412 1072; x_wconf 80' lang='grc'>12</span> <span class='ocrx_word' id='word_1_197' title='bbox 3446 1024 3498 1071; x_wconf 89' lang='lat' dir='ltr'>et</span> <span class='ocrx_word' id='word_1_198' title='bbox 3530 1017 3619 1086; x_wconf 81' lang='grc'>13)</span> <span class='ocrx_word' id='word_1_199' title='bbox 3653 1034 3667 1071; x_wconf 89' lang='lat'><strong>:</strong></span> 
     </span>
    </p>
   </div>
   <div class='ocr_carea' id='block_1_27' title="bbox 2062 1103 3664 1176">
    <p class='ocr_par' dir='ltr' id='par_1_27' title="bbox 2062 1103 3664 1176">
     <span class='ocr_line' id='line_1_27' title="bbox 2062 1103 3664 1176; baseline 0.006 -24"><span class='ocrx_word' id='word_1_200' title='bbox 2062 1124 2083 1152; x_wconf 72' lang='grc' dir='ltr'><strong>ε</strong></span> <span class='ocrx_word' id='word_1_201' title='bbox 2120 1103 2291 1174; x_wconf 82' lang='lat' dir='ltr'>Urget</span> <span class='ocrx_word' id='word_1_202' title='bbox 2340 1119 2436 1158; x_wconf 89' lang='lat' dir='ltr'>eos</span> <span class='ocrx_word' id='word_1_203' title='bbox 2483 1103 2722 1176; x_wconf 84' lang='lat' dir='ltr'>undique</span> <span class='ocrx_word' id='word_1_204' title='bbox 2754 1104 2974 1172; x_wconf 87' lang='lat' dir='ltr'>veritas,</span> <span class='ocrx_word' id='word_1_205' title='bbox 3016 1104 3200 1159; x_wconf 86' lang='lat' dir='ltr'>vident</span> <span class='ocrx_word' id='word_1_206' title='bbox 3233 1121 3291 1159; x_wconf 90' lang='lat' dir='ltr'>se</span> <span class='ocrx_word' id='word_1_207' title='bbox 3323 1121 3430 1160; x_wconf 92' lang='lat' dir='ltr'>non</span> <span class='ocrx_word' id='word_1_208' title='bbox 3462 1105 3664 1161; x_wconf 89' lang='lat' dir='ltr'>habere</span> 
     </span>
    </p>
   </div>
   <div class='ocr_carea' id='block_1_28' title="bbox 2057 1191 3672 1266">
    <p class='ocr_par' dir='ltr' id='par_1_28' title="bbox 2057 1191 3672 1266">
     <span class='ocr_line' id='line_1_28' title="bbox 2057 1191 3672 1266; baseline 0.003 -22"><span class='ocrx_word' id='word_1_209' title='bbox 2057 1191 2187 1262; x_wconf 90' lang='lat' dir='ltr'>quid</span> <span class='ocrx_word' id='word_1_210' title='bbox 2237 1193 2634 1262; x_wconf 88' lang='lat' dir='ltr'>respondeant,</span> <span class='ocrx_word' id='word_1_211' title='bbox 2688 1200 2738 1247; x_wconf 88' lang='lat' dir='ltr'>et</span> <span class='ocrx_word' id='word_1_212' title='bbox 2786 1200 2974 1264; x_wconf 91' lang='lat' dir='ltr'>putant</span> <span class='ocrx_word' id='word_1_213' title='bbox 3026 1209 3085 1248; x_wconf 90' lang='lat' dir='ltr'>se</span> <span class='ocrx_word' id='word_1_214' title='bbox 3132 1209 3242 1248; x_wconf 90' lang='lat' dir='ltr'>non</span> <span class='ocrx_word' id='word_1_215' title='bbox 3289 1194 3494 1249; x_wconf 87' lang='lat' dir='ltr'>habere</span> <span class='ocrx_word' id='word_1_216' title='bbox 3542 1193 3672 1266; x_wconf 92' lang='lat' dir='ltr'>quid</span> 
     </span>
    </p>
   </div>
   <div class='ocr_carea' id='block_1_29' title="bbox 2058 1279 3674 1354">
    <p class='ocr_par' dir='ltr' id='par_1_29' title="bbox 2058 1279 3674 1354">
     <span class='ocr_line' id='line_1_29' title="bbox 2058 1279 3674 1354; baseline 0.002 -19"><span class='ocrx_word' id='word_1_217' title='bbox 2058 1279 2257 1335; x_wconf 86' lang='lat' dir='ltr'>faciant</span> <span class='ocrx_word' id='word_1_218' title='bbox 2279 1299 2291 1334; x_wconf 91' lang='lat'><strong>:</strong></span> <span class='ocrx_word' id='word_1_219' title='bbox 2313 1281 2444 1352; x_wconf 89' lang='lat' dir='ltr'>quid</span> <span class='ocrx_word' id='word_1_220' title='bbox 2461 1281 2753 1353; x_wconf 90' lang='lat' dir='ltr'>loquantur</span> <span class='ocrx_word' id='word_1_221' title='bbox 2770 1297 2877 1336; x_wconf 91' lang='lat' dir='ltr'>non</span> <span class='ocrx_word' id='word_1_222' title='bbox 2899 1282 3200 1349; x_wconf 87' lang='lat' dir='ltr'>inveniunt,</span> <span class='ocrx_word' id='word_1_223' title='bbox 3226 1291 3409 1338; x_wconf 90' lang='lat' dir='ltr'>tacere</span> <span class='ocrx_word' id='word_1_224' title='bbox 3426 1299 3536 1338; x_wconf 91' lang='lat' dir='ltr'>non</span> <span class='ocrx_word' id='word_1_225' title='bbox 3551 1299 3674 1354; x_wconf 88' lang='lat' dir='ltr'>per-</span> 
     </span>
    </p>
   </div>
   <div class='ocr_carea' id='block_1_30' title="bbox 2057 1369 3670 1441">
    <p class='ocr_par' dir='ltr' id='par_1_30' title="bbox 2057 1369 3670 1441">
     <span class='ocr_line' id='line_1_30' title="bbox 2057 1369 3670 1441; baseline 0.002 -19"><span class='ocrx_word' id='word_1_226' title='bbox 2057 1369 2360 1435; x_wconf 90' lang='lat' dir='ltr'>mittuntur,</span> <span class='ocrx_word' id='word_1_227' title='bbox 2415 1370 2621 1424; x_wconf 91' lang='lat' dir='ltr'>malunt</span> <span class='ocrx_word' id='word_1_228' title='bbox 2666 1370 2942 1441; x_wconf 82' lang='lat' dir='ltr'>perversis</span> <span class='ocrx_word' id='word_1_229' title='bbox 2989 1371 3214 1426; x_wconf 83' lang='lat' dir='ltr'>vocibus</span> <span class='ocrx_word' id='word_1_230' title='bbox 3261 1371 3472 1427; x_wconf 87' lang='lat' dir='ltr'>veritati</span> <span class='ocrx_word' id='word_1_231' title='bbox 3521 1371 3670 1426; x_wconf 82' lang='lat' dir='ltr'>relu-</span> 
     </span>
    </p>
   </div>
   <div class='ocr_carea' id='block_1_31' title="bbox 2058 1458 3670 1531">
    <p class='ocr_par' dir='ltr' id='par_1_31' title="bbox 2058 1458 3670 1531">
     <span class='ocr_line' id='line_1_31' title="bbox 2058 1458 3670 1531; baseline 0.002 -18"><span class='ocrx_word' id='word_1_232' title='bbox 2058 1458 2213 1524; x_wconf 91' lang='lat' dir='ltr'>ctari,</span> <span class='ocrx_word' id='word_1_233' title='bbox 2250 1475 2411 1530; x_wconf 90' lang='lat' dir='ltr'>quam</span> <span class='ocrx_word' id='word_1_234' title='bbox 2444 1458 2714 1514; x_wconf 83' lang='lat' dir='ltr'>confessis</span> <span class='ocrx_word' id='word_1_235' title='bbox 2765 1460 3046 1514; x_wconf 88' lang='lat' dir='ltr'>erroribus</span> <span class='ocrx_word' id='word_1_236' title='bbox 3093 1460 3214 1531; x_wconf 91' lang='lat' dir='ltr'>paci</span> <span class='ocrx_word' id='word_1_237' title='bbox 3264 1460 3499 1516; x_wconf 90' lang='lat' dir='ltr'>restitui.</span> <span class='ocrx_word' id='word_1_238' title='bbox 3535 1459 3670 1530; x_wconf 89' lang='lat' dir='ltr'>Quis</span> 
     </span>
    </p>
   </div>
   <div class='ocr_carea' id='block_1_32' title="bbox 2057 1546 3669 1619">
    <p class='ocr_par' dir='ltr' id='par_1_32' title="bbox 2057 1546 3669 1619">
     <span class='ocr_line' id='line_1_32' title="bbox 2057 1546 3669 1619; baseline 0.001 -19"><span class='ocrx_word' id='word_1_239' title='bbox 2057 1554 2240 1601; x_wconf 90' lang='lat' dir='ltr'>autem</span> <span class='ocrx_word' id='word_1_240' title='bbox 2264 1563 2371 1601; x_wconf 91' lang='lat' dir='ltr'>non</span> <span class='ocrx_word' id='word_1_241' title='bbox 2394 1546 2660 1618; x_wconf 88' lang='lat' dir='ltr'>intelligat</span> <span class='ocrx_word' id='word_1_242' title='bbox 2682 1547 2811 1619; x_wconf 92' lang='lat' dir='ltr'>quid</span> <span class='ocrx_word' id='word_1_243' title='bbox 2832 1548 2887 1602; x_wconf 91' lang='lat' dir='ltr'>in</span> <span class='ocrx_word' id='word_1_244' title='bbox 2909 1549 3072 1603; x_wconf 91' lang='lat' dir='ltr'>corde</span> <span class='ocrx_word' id='word_1_245' title='bbox 3096 1565 3195 1604; x_wconf 92' lang='lat' dir='ltr'>suo</span> <span class='ocrx_word' id='word_1_246' title='bbox 3215 1549 3427 1619; x_wconf 90' lang='lat' dir='ltr'>possint</span> <span class='ocrx_word' id='word_1_247' title='bbox 3444 1548 3669 1604; x_wconf 79' lang='lat' dir='ltr'>dicere?</span> 
     </span>
    </p>
   </div>
   <div class='ocr_carea' id='block_1_33' title="bbox 347 1634 3669 1724">
    <p class='ocr_par' dir='ltr' id='par_1_33' title="bbox 347 1634 3669 1724">
     <span class='ocr_line' id='line_1_33' title="bbox 347 1634 3669 1724; baseline 0.001 -34"><span class='ocrx_word' id='word_1_248' title='bbox 347 1634 500 1690; x_wconf 78' lang='lat' dir='ltr'>cordi</span> <span class='ocrx_word' id='word_1_249' title='bbox 548 1651 667 1700; x_wconf 93' lang='lat' dir='ltr'>suo,</span> <span class='ocrx_word' id='word_1_250' title='bbox 718 1636 810 1689; x_wconf 89' lang='lat' dir='ltr'>ubi</span> <span class='ocrx_word' id='word_1_251' title='bbox 858 1636 1119 1690; x_wconf 90' lang='lat' dir='ltr'>unitatem</span> <span class='ocrx_word' id='word_1_252' title='bbox 1169 1637 1436 1692; x_wconf 84' lang='lat' dir='ltr'>servabat.</span> <span class='ocrx_word' id='word_1_253' title='bbox 1476 1661 1497 1684; x_wconf 85' lang='grc'><strong>››</strong></span> <span class='ocrx_word' id='word_1_254' title='bbox 1532 1639 1611 1692; x_wconf 91' lang='lat' dir='ltr'>De</span> <span class='ocrx_word' id='word_1_255' title='bbox 1654 1637 1738 1692; x_wconf 91' lang='lat' dir='ltr'>his</span> <span class='ocrx_word' id='word_1_256' title='bbox 1778 1645 1957 1692; x_wconf 89' lang='lat' dir='ltr'>autem</span> <span class='ocrx_word' id='word_1_257' title='bbox 1986 1665 2037 1724; x_wconf 78' lang='grc' dir='ltr'>Β</span> <span class='ocrx_word' id='word_1_258' title='bbox 2062 1635 2204 1704; x_wconf 90' lang='lat' dir='ltr'>Quid</span> <span class='ocrx_word' id='word_1_259' title='bbox 2236 1651 2366 1706; x_wconf 88' lang='lat' dir='ltr'>ergo</span> <span class='ocrx_word' id='word_1_260' title='bbox 2400 1635 2651 1702; x_wconf 84' lang='lat' dir='ltr'>facimus,</span> <span class='ocrx_word' id='word_1_261' title='bbox 2683 1636 2950 1707; x_wconf 87' lang='lat' dir='ltr'>inquiunt,</span> <span class='ocrx_word' id='word_1_262' title='bbox 2982 1637 3050 1692; x_wconf 91' lang='lat' dir='ltr'>de</span> <span class='ocrx_word' id='word_1_263' title='bbox 3085 1637 3170 1692; x_wconf 90' lang='lat' dir='ltr'>his</span> <span class='ocrx_word' id='word_1_264' title='bbox 3201 1654 3339 1709; x_wconf 90' lang='lat' dir='ltr'>quos</span> <span class='ocrx_word' id='word_1_265' title='bbox 3363 1637 3472 1706; x_wconf 89' lang='lat' dir='ltr'>jam</span> <span class='ocrx_word' id='word_1_266' title='bbox 3503 1637 3669 1693; x_wconf 83' lang='lat' dir='ltr'>reba-</span> 
     </span>
    </p>
   </div>
   <div class='ocr_carea' id='block_1_34' title="bbox 349 1723 1952 1795">
    <p class='ocr_par' dir='ltr' id='par_1_34' title="bbox 349 1723 1952 1795">
     <span class='ocr_line' id='line_1_34' title="bbox 349 1723 1952 1795; baseline 0.003 -18"><span class='ocrx_word' id='word_1_267' title='bbox 349 1723 440 1795; x_wconf 91' lang='lat' dir='ltr'>qui</span> <span class='ocrx_word' id='word_1_268' title='bbox 471 1723 727 1790; x_wconf 88' lang='lat' dir='ltr'>scienter,</span> <span class='ocrx_word' id='word_1_269' title='bbox 770 1725 865 1779; x_wconf 88' lang='lat' dir='ltr'>sed</span> <span class='ocrx_word' id='word_1_270' title='bbox 915 1741 1082 1780; x_wconf 89' lang='lat' dir='ltr'>causa</span> <span class='ocrx_word' id='word_1_271' title='bbox 1130 1725 1335 1780; x_wconf 90' lang='lat' dir='ltr'>timoris</span> <span class='ocrx_word' id='word_1_272' title='bbox 1365 1725 1451 1781; x_wconf 90' lang='lat' dir='ltr'>vel</span> <span class='ocrx_word' id='word_1_273' title='bbox 1481 1725 1701 1792; x_wconf 87' lang='lat' dir='ltr'>favoris,</span> <span class='ocrx_word' id='word_1_274' title='bbox 1733 1727 1788 1780; x_wconf 90' lang='lat' dir='ltr'>in</span> <span class='ocrx_word' id='word_1_275' title='bbox 1815 1727 1952 1782; x_wconf 90' lang='lat' dir='ltr'>hanc</span> 
     </span>
    </p>
   </div>
   <div class='ocr_carea' id='block_1_35' title="bbox 349 1813 1952 1888">
    <p class='ocr_par' dir='ltr' id='par_1_35' title="bbox 349 1813 1952 1888">
     <span class='ocr_line' id='line_1_35' title="bbox 349 1813 1952 1888; baseline 0.002 -22"><span class='ocrx_word' id='word_1_276' title='bbox 349 1813 846 1883; x_wconf 86' lang='lat' dir='ltr'>transgressionem</span> <span class='ocrx_word' id='word_1_277' title='bbox 889 1813 1080 1880; x_wconf 90' lang='lat' dir='ltr'>ierunt,</span> <span class='ocrx_word' id='word_1_278' title='bbox 1115 1815 1222 1869; x_wconf 92' lang='lat' dir='ltr'>Leo</span> <span class='ocrx_word' id='word_1_279' title='bbox 1259 1813 1328 1868; x_wconf 87' lang='lat' dir='ltr'>ad</span> <span class='ocrx_word' id='word_1_280' title='bbox 1371 1814 1709 1870; x_wconf 89' lang='lat' dir='ltr'>Pulcheriam</span> <span class='ocrx_word' id='word_1_281' title='bbox 1758 1818 1952 1888; x_wconf 90' lang='lat' dir='ltr'>Augu-</span> 
     </span>
    </p>
   </div>
   <div class='ocr_carea' id='block_1_36' title="bbox 349 1902 1955 1975">
    <p class='ocr_par' dir='ltr' id='par_1_36' title="bbox 349 1902 1955 1975">
     <span class='ocr_line' id='line_1_36' title="bbox 349 1902 1955 1975; baseline 0.002 -19"><span class='ocrx_word' id='word_1_282' title='bbox 349 1909 490 1956; x_wconf 88' lang='lat' dir='ltr'>stam</span> <span class='ocrx_word' id='word_1_283' title='bbox 519 1902 710 1957; x_wconf 91' lang='lat' dir='ltr'>scribit</span> <span class='ocrx_word' id='word_1_284' title='bbox 731 1903 916 1975; x_wconf 79' lang='lat' dir='ltr'>(epist.</span> <span class='ocrx_word' id='word_1_285' title='bbox 944 1902 1034 1973; x_wconf 82' lang='grc'>53)</span> <span class='ocrx_word' id='word_1_286' title='bbox 1059 1920 1071 1956; x_wconf 89' lang='lat'><strong>:</strong></span> <span class='ocrx_word' id='word_1_287' title='bbox 1102 1925 1123 1953; x_wconf 73' lang='grc' dir='ltr'><strong>α</strong></span> <span class='ocrx_word' id='word_1_288' title='bbox 1151 1903 1237 1958; x_wconf 93' lang='lat' dir='ltr'>Sic</span> <span class='ocrx_word' id='word_1_289' title='bbox 1258 1904 1459 1958; x_wconf 89' lang='lat' dir='ltr'>utimur</span> <span class='ocrx_word' id='word_1_290' title='bbox 1481 1903 1689 1972; x_wconf 91' lang='lat' dir='ltr'>justitia</span> <span class='ocrx_word' id='word_1_291' title='bbox 1719 1921 1955 1960; x_wconf 90' lang='lat' dir='ltr'>commo-</span> 
     </span>
    </p>
   </div>
   <div class='ocr_carea' id='block_1_37' title="bbox 349 1989 1954 2065">
    <p class='ocr_par' dir='ltr' id='par_1_37' title="bbox 349 1989 1954 2065">
     <span class='ocr_line' id='line_1_37' title="bbox 349 1989 1954 2065; baseline 0.002 -20"><span class='ocrx_word' id='word_1_292' title='bbox 349 1989 533 2058; x_wconf 89' lang='lat' dir='ltr'>tionis,</span> <span class='ocrx_word' id='word_1_293' title='bbox 565 1999 623 2045; x_wconf 93' lang='lat' dir='ltr'>ut</span> <span class='ocrx_word' id='word_1_294' title='bbox 653 2007 761 2046; x_wconf 89' lang='lat' dir='ltr'>non</span> <span class='ocrx_word' id='word_1_295' title='bbox 810 1992 1117 2046; x_wconf 90' lang='lat' dir='ltr'>amittamus</span> <span class='ocrx_word' id='word_1_296' title='bbox 1166 1993 1408 2048; x_wconf 89' lang='lat' dir='ltr'>remedia</span> <span class='ocrx_word' id='word_1_297' title='bbox 1454 1993 1726 2047; x_wconf 90' lang='lat' dir='ltr'>charitatis</span> <span class='ocrx_word' id='word_1_298' title='bbox 1762 2011 1775 2048; x_wconf 93' lang='lat'>:</span> <span class='ocrx_word' id='word_1_299' title='bbox 1810 1994 1954 2065; x_wconf 89' lang='lat' dir='ltr'>quod</span> 
     </span>
    </p>
   </div>
   <div class='ocr_carea' id='block_1_38' title="bbox 349 2080 1956 2154">
    <p class='ocr_par' dir='ltr' id='par_1_38' title="bbox 349 2080 1956 2154">
     <span class='ocr_line' id='line_1_38' title="bbox 349 2080 1956 2154; baseline 0.001 -19"><span class='ocrx_word' id='word_1_300' title='bbox 349 2080 490 2136; x_wconf 91' lang='lat' dir='ltr'>sicut</span> <span class='ocrx_word' id='word_1_301' title='bbox 519 2081 690 2152; x_wconf 91' lang='lat' dir='ltr'>pietas</span> <span class='ocrx_word' id='word_1_302' title='bbox 723 2090 906 2136; x_wconf 87' lang='lat' dir='ltr'>vestra</span> <span class='ocrx_word' id='word_1_303' title='bbox 937 2082 1220 2154; x_wconf 88' lang='lat' dir='ltr'>cognoscit</span> <span class='ocrx_word' id='word_1_304' title='bbox 1241 2098 1352 2136; x_wconf 90' lang='lat' dir='ltr'>non</span> <span class='ocrx_word' id='word_1_305' title='bbox 1372 2083 1555 2138; x_wconf 83' lang='lat' dir='ltr'>verbis</span> <span class='ocrx_word' id='word_1_306' title='bbox 1577 2083 1706 2137; x_wconf 92' lang='lat' dir='ltr'>solis</span> <span class='ocrx_word' id='word_1_307' title='bbox 1735 2085 1956 2154; x_wconf 90' lang='lat' dir='ltr'>promit-</span> 
     </span>
    </p>
   </div>
   <div class='ocr_carea' id='block_1_39' title="bbox 347 2169 1954 2243">
    <p class='ocr_par' dir='ltr' id='par_1_39' title="bbox 347 2169 1954 2243">
     <span class='ocr_line' id='line_1_39' title="bbox 347 2169 1954 2243; baseline 0.002 -20"><span class='ocrx_word' id='word_1_308' title='bbox 347 2169 496 2235; x_wconf 84' lang='lat' dir='ltr'>titur,</span> <span class='ocrx_word' id='word_1_309' title='bbox 529 2170 626 2225; x_wconf 89' lang='lat' dir='ltr'>sed</span> <span class='ocrx_word' id='word_1_310' title='bbox 653 2169 810 2224; x_wconf 90' lang='lat' dir='ltr'>etiam</span> <span class='ocrx_word' id='word_1_311' title='bbox 854 2169 1011 2225; x_wconf 90' lang='lat' dir='ltr'>factis</span> <span class='ocrx_word' id='word_1_312' title='bbox 1055 2171 1298 2226; x_wconf 86' lang='lat' dir='ltr'>docetur.</span> <span class='ocrx_word' id='word_1_313' title='bbox 1350 2171 1631 2243; x_wconf 88' lang='lat' dir='ltr'>Siquidem</span> <span class='ocrx_word' id='word_1_314' title='bbox 1660 2188 1800 2242; x_wconf 92' lang='lat' dir='ltr'>pene</span> <span class='ocrx_word' id='word_1_315' title='bbox 1830 2189 1954 2228; x_wconf 93' lang='lat' dir='ltr'>om-</span> 
     </span>
    </p>
   </div>
   <div class='ocr_carea' id='block_1_40' title="bbox 347 2260 1954 2333">
    <p class='ocr_par' dir='ltr' id='par_1_40' title="bbox 347 2260 1954 2333">
     <span class='ocr_line' id='line_1_40' title="bbox 347 2260 1954 2333; baseline 0.002 -19"><span class='ocrx_word' id='word_1_316' title='bbox 347 2275 468 2326; x_wconf 88' lang='lat' dir='ltr'>nes,</span> <span class='ocrx_word' id='word_1_317' title='bbox 514 2261 605 2332; x_wconf 85' lang='lat' dir='ltr'>qui</span> <span class='ocrx_word' id='word_1_318' title='bbox 638 2260 692 2314; x_wconf 92' lang='lat' dir='ltr'>in</span> <span class='ocrx_word' id='word_1_319' title='bbox 724 2276 1051 2316; x_wconf 89' lang='lat' dir='ltr'>consensum</span> <span class='ocrx_word' id='word_1_320' title='bbox 1097 2260 1526 2331; x_wconf 68' lang='lat' dir='ltr'>prmsidentium,</span> <span class='ocrx_word' id='word_1_321' title='bbox 1559 2261 1613 2315; x_wconf 93' lang='lat' dir='ltr'>in</span> <span class='ocrx_word' id='word_1_322' title='bbox 1645 2261 1736 2316; x_wconf 91' lang='lat' dir='ltr'>illo</span> <span class='ocrx_word' id='word_1_323' title='bbox 1767 2263 1954 2333; x_wconf 88' lang='lat' dir='ltr'>Ephe-</span> 
     </span>
    </p>
   </div>
   <div class='ocr_carea' id='block_1_41' title="bbox 346 2347 1951 2418">
    <p class='ocr_par' dir='ltr' id='par_1_41' title="bbox 346 2347 1951 2418">
     <span class='ocr_line' id='line_1_41' title="bbox 346 2347 1951 2418; baseline 0.001 -15"><span class='ocrx_word' id='word_1_324' title='bbox 346 2347 491 2416; x_wconf 89' lang='lat' dir='ltr'>sino,</span> <span class='ocrx_word' id='word_1_325' title='bbox 521 2364 631 2403; x_wconf 88' lang='lat' dir='ltr'>non</span> <span class='ocrx_word' id='word_1_326' title='bbox 657 2348 862 2417; x_wconf 90' lang='lat' dir='ltr'>judicio</span> <span class='ocrx_word' id='word_1_327' title='bbox 893 2349 989 2404; x_wconf 92' lang='lat' dir='ltr'>sed</span> <span class='ocrx_word' id='word_1_328' title='bbox 1019 2349 1321 2418; x_wconf 89' lang='lat' dir='ltr'>latrocinio,</span> <span class='ocrx_word' id='word_1_329' title='bbox 1345 2357 1436 2404; x_wconf 91' lang='lat' dir='ltr'>aut</span> <span class='ocrx_word' id='word_1_330' title='bbox 1466 2351 1698 2405; x_wconf 89' lang='lat' dir='ltr'>traducti</span> <span class='ocrx_word' id='word_1_331' title='bbox 1719 2349 1951 2418; x_wconf 81' lang='lat' dir='ltr'>fuerant,</span> 
     </span>
    </p>
   </div>
   <div class='ocr_carea' id='block_1_42' title="bbox 347 2437 1954 2510">
    <p class='ocr_par' dir='ltr' id='par_1_42' title="bbox 347 2437 1954 2510">
     <span class='ocr_line' id='line_1_42' title="bbox 347 2437 1954 2510; baseline 0.002 -19"><span class='ocrx_word' id='word_1_332' title='bbox 347 2445 440 2491; x_wconf 86' lang='lat' dir='ltr'>aut.</span> <span class='ocrx_word' id='word_1_333' title='bbox 491 2437 686 2503; x_wconf 90' lang='lat' dir='ltr'>coacti,</span> <span class='ocrx_word' id='word_1_334' title='bbox 738 2438 1102 2494; x_wconf 87' lang='lat' dir='ltr'>rescindendo</span> <span class='ocrx_word' id='word_1_335' title='bbox 1149 2438 1291 2510; x_wconf 91' lang='lat' dir='ltr'>quod</span> <span class='ocrx_word' id='word_1_336' title='bbox 1341 2447 1668 2506; x_wconf 89' lang='lat' dir='ltr'>statuerant,</span> <span class='ocrx_word' id='word_1_337' title='bbox 1719 2448 1772 2494; x_wconf 90' lang='lat' dir='ltr'>et</span> <span class='ocrx_word' id='word_1_338' title='bbox 1819 2456 1954 2496; x_wconf 89' lang='lat' dir='ltr'>con-</span> 
     </span>
    </p>
   </div>
   <div class='ocr_carea' id='block_1_43' title="bbox 349 2525 1955 2599">
    <p class='ocr_par' dir='ltr' id='par_1_43' title="bbox 349 2525 1955 2599">
     <span class='ocr_line' id='line_1_43' title="bbox 349 2525 1955 2599; baseline 0.001 -17"><span class='ocrx_word' id='word_1_339' title='bbox 349 2525 664 2582; x_wconf 81' lang='lat' dir='ltr'>demnanda</span> <span class='ocrx_word' id='word_1_340' title='bbox 695 2528 840 2599; x_wconf 91' lang='lat' dir='ltr'>quod</span> <span class='ocrx_word' id='word_1_341' title='bbox 871 2528 1221 2598; x_wconf 89' lang='lat' dir='ltr'>scripserant,</span> <span class='ocrx_word' id='word_1_342' title='bbox 1255 2537 1573 2599; x_wconf 89' lang='lat' dir='ltr'>perpetuam</span> <span class='ocrx_word' id='word_1_343' title='bbox 1613 2528 1786 2599; x_wconf 63' lang='lat' dir='ltr'>culpae</span> <span class='ocrx_word' id='word_1_344' title='bbox 1816 2529 1955 2585; x_wconf 91' lang='lat' dir='ltr'>abo-</span> 
     </span>
    </p>
   </div>
   <div class='ocr_carea' id='block_1_44' title="bbox 347 2615 1950 2690">
    <p class='ocr_par' dir='ltr' id='par_1_44' title="bbox 347 2615 1950 2690">
     <span class='ocr_line' id='line_1_44' title="bbox 347 2615 1950 2690; baseline -0.001 -20"><span class='ocrx_word' id='word_1_345' title='bbox 347 2615 594 2671; x_wconf 89' lang='lat' dir='ltr'>litionem</span> <span class='ocrx_word' id='word_1_346' title='bbox 627 2623 680 2671; x_wconf 91' lang='lat' dir='ltr'>et</span> <span class='ocrx_word' id='word_1_347' title='bbox 709 2617 1024 2687; x_wconf 68' lang='lat' dir='ltr'>apostolicae</span> <span class='ocrx_word' id='word_1_348' title='bbox 1062 2617 1216 2688; x_wconf 87' lang='lat' dir='ltr'>pacis</span> <span class='ocrx_word' id='word_1_349' title='bbox 1263 2618 1492 2690; x_wconf 87' lang='lat' dir='ltr'>gratiam</span> <span class='ocrx_word' id='word_1_350' title='bbox 1537 2618 1642 2672; x_wconf 91' lang='lat' dir='ltr'>sint</span> <span class='ocrx_word' id='word_1_351' title='bbox 1688 2618 1889 2689; x_wconf 89' lang='lat' dir='ltr'>adepti.</span> <span class='ocrx_word' id='word_1_352' title='bbox 1929 2640 1950 2669; x_wconf 67' lang='grc' dir='ltr'><strong><em>ι</em></strong></span> 
     </span>
    </p>
   </div>
   <div class='ocr_carea' id='block_1_45' title="bbox 347 2705 1954 2780">
    <p class='ocr_par' dir='ltr' id='par_1_45' title="bbox 347 2705 1954 2780">
     <span class='ocr_line' id='line_1_45' title="bbox 347 2705 1954 2780; baseline 0.001 -20"><span class='ocrx_word' id='word_1_353' title='bbox 347 2705 416 2760; x_wconf 90' lang='lat' dir='ltr'>Et</span> <span class='ocrx_word' id='word_1_354' title='bbox 436 2705 493 2760; x_wconf 90' lang='lat' dir='ltr'>in</span> <span class='ocrx_word' id='word_1_355' title='bbox 512 2705 739 2776; x_wconf 87' lang='lat' dir='ltr'>epistola</span> <span class='ocrx_word' id='word_1_356' title='bbox 759 2707 829 2761; x_wconf 89' lang='lat' dir='ltr'>ad</span> <span class='ocrx_word' id='word_1_357' title='bbox 849 2706 1154 2761; x_wconf 88' lang='lat' dir='ltr'>Anatolium</span> <span class='ocrx_word' id='word_1_358' title='bbox 1175 2707 1363 2779; x_wconf 83' lang='lat' dir='ltr'>(epist.</span> <span class='ocrx_word' id='word_1_359' title='bbox 1400 2708 1488 2777; x_wconf 80' lang='grc'>42)</span> <span class='ocrx_word' id='word_1_360' title='bbox 1512 2724 1523 2760; x_wconf 89' lang='lat'>:</span> <span class='ocrx_word' id='word_1_361' title='bbox 1554 2729 1575 2757; x_wconf 74' lang='grc' dir='ltr'><strong>(ι</strong></span> <span class='ocrx_word' id='word_1_362' title='bbox 1601 2708 1789 2780; x_wconf 90' lang='lat' dir='ltr'>Neque</span> <span class='ocrx_word' id='word_1_363' title='bbox 1811 2707 1954 2763; x_wconf 91' lang='lat' dir='ltr'>enim</span> 
     </span>
    </p>
   </div>
   <div class='ocr_carea' id='block_1_46' title="bbox 347 2795 1954 2868">
    <p class='ocr_par' dir='ltr' id='par_1_46' title="bbox 347 2795 1954 2868">
     <span class='ocr_line' id='line_1_46' title="bbox 347 2795 1954 2868; baseline 0.002 -20"><span class='ocrx_word' id='word_1_364' title='bbox 347 2803 528 2865; x_wconf 89' lang='lat' dir='ltr'>potest</span> <span class='ocrx_word' id='word_1_365' title='bbox 558 2795 612 2849; x_wconf 90' lang='lat' dir='ltr'>in</span> <span class='ocrx_word' id='word_1_366' title='bbox 639 2795 822 2867; x_wconf 89' lang='lat' dir='ltr'>aliquo</span> <span class='ocrx_word' id='word_1_367' title='bbox 862 2795 1172 2866; x_wconf 87' lang='lat' dir='ltr'>benignitas</span> <span class='ocrx_word' id='word_1_368' title='bbox 1217 2803 1407 2851; x_wconf 88' lang='lat' dir='ltr'>nostra</span> <span class='ocrx_word' id='word_1_369' title='bbox 1453 2797 1800 2868; x_wconf 88' lang='lat' dir='ltr'>reprehendi,</span> <span class='ocrx_word' id='word_1_370' title='bbox 1834 2813 1954 2852; x_wconf 92' lang='lat' dir='ltr'>cum</span> 
     </span>
    </p>
   </div>
   <div class='ocr_carea' id='block_1_47' title="bbox 348 2883 1956 2957">
    <p class='ocr_par' dir='ltr' id='par_1_47' title="bbox 348 2883 1956 2957">
     <span class='ocr_line' id='line_1_47' title="bbox 348 2883 1956 2957; baseline 0.003 -19"><span class='ocrx_word' id='word_1_371' title='bbox 348 2883 750 2939; x_wconf 82' lang='lat' dir='ltr'>satisfacientes</span> <span class='ocrx_word' id='word_1_372' title='bbox 778 2885 1091 2956; x_wconf 89' lang='lat' dir='ltr'>recipimus,</span> <span class='ocrx_word' id='word_1_373' title='bbox 1139 2901 1278 2957; x_wconf 91' lang='lat' dir='ltr'>quos</span> <span class='ocrx_word' id='word_1_374' title='bbox 1320 2885 1592 2942; x_wconf 91' lang='lat' dir='ltr'>doluimus</span> <span class='ocrx_word' id='word_1_375' title='bbox 1636 2903 1761 2942; x_wconf 91' lang='lat' dir='ltr'>esse</span> <span class='ocrx_word' id='word_1_376' title='bbox 1789 2887 1956 2942; x_wconf 90' lang='lat' dir='ltr'>dece-</span> 
     </span>
    </p>
   </div>
   <div class='ocr_carea' id='block_1_48' title="bbox 347 2974 1958 3047">
    <p class='ocr_par' dir='ltr' id='par_1_48' title="bbox 347 2974 1958 3047">
     <span class='ocr_line' id='line_1_48' title="bbox 347 2974 1958 3047; baseline 0.002 -21"><span class='ocrx_word' id='word_1_377' title='bbox 347 2980 492 3044; x_wconf 93' lang='lat' dir='ltr'>ptos.</span> <span class='ocrx_word' id='word_1_378' title='bbox 525 2974 641 3029; x_wconf 82' lang='lat' dir='ltr'>Nec</span> <span class='ocrx_word' id='word_1_379' title='bbox 669 2990 863 3045; x_wconf 88' lang='lat' dir='ltr'>aspere</span> <span class='ocrx_word' id='word_1_380' title='bbox 899 2974 1065 3047; x_wconf 89' lang='lat' dir='ltr'>igitur</span> <span class='ocrx_word' id='word_1_381' title='bbox 1095 2975 1492 3031; x_wconf 88' lang='lat' dir='ltr'>communionis</span> <span class='ocrx_word' id='word_1_382' title='bbox 1535 2983 1735 3032; x_wconf 60' lang='lat' dir='ltr'>nostra</span> <span class='ocrx_word' id='word_1_383' title='bbox 1779 2977 1958 3047; x_wconf 89' lang='lat' dir='ltr'>gratia</span> 
     </span>
    </p>
   </div>
   <div class='ocr_carea' id='block_1_49' title="bbox 347 3061 1957 3136">
    <p class='ocr_par' dir='ltr' id='par_1_49' title="bbox 347 3061 1957 3136">
     <span class='ocr_line' id='line_1_49' title="bbox 347 3061 1957 3136; baseline 0.003 -21"><span class='ocrx_word' id='word_1_384' title='bbox 347 3061 672 3134; x_wconf 89' lang='lat' dir='ltr'>deneganda</span> <span class='ocrx_word' id='word_1_385' title='bbox 722 3071 822 3130; x_wconf 89' lang='lat' dir='ltr'>est,</span> <span class='ocrx_word' id='word_1_386' title='bbox 872 3079 973 3119; x_wconf 92' lang='lat' dir='ltr'>nec</span> <span class='ocrx_word' id='word_1_387' title='bbox 1022 3071 1226 3120; x_wconf 88' lang='lat' dir='ltr'>temere</span> <span class='ocrx_word' id='word_1_388' title='bbox 1268 3064 1600 3136; x_wconf 89' lang='lat' dir='ltr'>largienda:</span> <span class='ocrx_word' id='word_1_389' title='bbox 1650 3065 1774 3136; x_wconf 91' lang='lat' dir='ltr'>quia</span> <span class='ocrx_word' id='word_1_390' title='bbox 1819 3066 1957 3120; x_wconf 92' lang='lat' dir='ltr'>sicut</span> 
     </span>
    </p>
   </div>
   <div class='ocr_carea' id='block_1_50' title="bbox 347 3150 1956 3233">
    <p class='ocr_par' dir='ltr' id='par_1_50' title="bbox 347 3150 1956 3233">
     <span class='ocr_line' id='line_1_50' title="bbox 347 3150 1956 3233; baseline 0.003 -28"><span class='ocrx_word' id='word_1_391' title='bbox 347 3150 575 3222; x_wconf 90' lang='lat' dir='ltr'>plenum</span> <span class='ocrx_word' id='word_1_392' title='bbox 603 3151 819 3222; x_wconf 91' lang='lat' dir='ltr'>pietatis</span> <span class='ocrx_word' id='word_1_393' title='bbox 849 3161 932 3208; x_wconf 90' lang='lat' dir='ltr'>est</span> <span class='ocrx_word' id='word_1_394' title='bbox 960 3153 1236 3233; x_wconf 72' lang='lat' dir='ltr'>oppressis</span> <span class='ocrx_word' id='word_1_395' title='bbox 1268 3154 1586 3209; x_wconf 89' lang='lat' dir='ltr'>charitatem</span> <span class='ocrx_word' id='word_1_396' title='bbox 1615 3153 1956 3210; x_wconf 88' lang='lat' dir='ltr'>Dominicam</span> 
     </span>
    </p>
   </div>
   <div class='ocr_carea' id='block_1_51' title="bbox 350 3239 1959 3315">
    <p class='ocr_par' dir='ltr' id='par_1_51' title="bbox 350 3239 1959 3315">
     <span class='ocr_line' id='line_1_51' title="bbox 350 3239 1959 3315; baseline 0.003 -22"><span class='ocrx_word' id='word_1_397' title='bbox 350 3239 662 3311; x_wconf 88' lang='lat' dir='ltr'>redhibere,</span> <span class='ocrx_word' id='word_1_398' title='bbox 693 3241 767 3296; x_wconf 91' lang='lat' dir='ltr'>ita</span> <span class='ocrx_word' id='word_1_399' title='bbox 787 3242 993 3311; x_wconf 91' lang='lat' dir='ltr'>justum</span> <span class='ocrx_word' id='word_1_400' title='bbox 1023 3251 1104 3297; x_wconf 92' lang='lat' dir='ltr'>est</span> <span class='ocrx_word' id='word_1_401' title='bbox 1130 3243 1312 3298; x_wconf 88' lang='lat' dir='ltr'>omnia</span> <span class='ocrx_word' id='word_1_402' title='bbox 1338 3243 1759 3315; x_wconf 89' lang='lat' dir='ltr'>perturbationis</span> <span class='ocrx_word' id='word_1_403' title='bbox 1780 3252 1959 3298; x_wconf 84' lang='lat' dir='ltr'>aucto-</span> 
     </span>
    </p>
   </div>
   <div class='ocr_carea' id='block_1_52' title="bbox 347 3329 1957 3404">
    <p class='ocr_par' dir='ltr' id='par_1_52' title="bbox 347 3329 1957 3404">
     <span class='ocr_line' id='line_1_52' title="bbox 347 3329 1957 3404; baseline 0.002 -20"><span class='ocrx_word' id='word_1_404' title='bbox 347 3329 503 3384; x_wconf 85' lang='lat' dir='ltr'>ribus</span> <span class='ocrx_word' id='word_1_405' title='bbox 551 3329 827 3402; x_wconf 91' lang='lat' dir='ltr'>imputari.</span> <span class='ocrx_word' id='word_1_406' title='bbox 866 3352 888 3381; x_wconf 77' lang='lat'><strong><em>»</em></strong></span> <span class='ocrx_word' id='word_1_407' title='bbox 924 3331 1119 3386; x_wconf 88' lang='lat' dir='ltr'>Audite</span> <span class='ocrx_word' id='word_1_408' title='bbox 1168 3331 1333 3403; x_wconf 88' lang='lat' dir='ltr'>igitur</span> <span class='ocrx_word' id='word_1_409' title='bbox 1377 3340 1430 3387; x_wconf 93' lang='lat' dir='ltr'>et</span> <span class='ocrx_word' id='word_1_410' title='bbox 1467 3340 1524 3386; x_wconf 92' lang='lat' dir='ltr'>tu</span> <span class='ocrx_word' id='word_1_411' title='bbox 1573 3340 1625 3387; x_wconf 89' lang='lat' dir='ltr'>et</span> <span class='ocrx_word' id='word_1_412' title='bbox 1669 3332 1766 3398; x_wconf 92' lang='lat' dir='ltr'>illi,</span> <span class='ocrx_word' id='word_1_413' title='bbox 1819 3348 1957 3404; x_wconf 92' lang='lat' dir='ltr'>quos</span> 
     </span>
    </p>
   </div>
   <div class='ocr_carea' id='block_1_53' title="bbox 347 3418 1954 3495">
    <p class='ocr_par' dir='ltr' id='par_1_53' title="bbox 347 3418 1954 3495">
     <span class='ocr_line' id='line_1_53' title="bbox 347 3418 1954 3495; baseline 0.002 -23"><span class='ocrx_word' id='word_1_414' title='bbox 347 3418 667 3487; x_wconf 85' lang='lat' dir='ltr'>traduxisti,</span> <span class='ocrx_word' id='word_1_415' title='bbox 720 3420 807 3476; x_wconf 88' lang='lat' dir='ltr'>vel</span> <span class='ocrx_word' id='word_1_416' title='bbox 856 3421 926 3475; x_wconf 92' lang='lat' dir='ltr'>ad</span> <span class='ocrx_word' id='word_1_417' title='bbox 975 3429 1153 3478; x_wconf 89' lang='lat' dir='ltr'>tecum</span> <span class='ocrx_word' id='word_1_418' title='bbox 1201 3421 1655 3478; x_wconf 91' lang='lat' dir='ltr'>subscribendum</span> <span class='ocrx_word' id='word_1_419' title='bbox 1703 3421 1954 3495; x_wconf 86' lang='lat' dir='ltr'>coegisti,</span> 
     </span>
    </p>
   </div>
   <div class='ocr_carea' id='block_1_54' title="bbox 351 3507 1956 3584">
    <p class='ocr_par' dir='ltr' id='par_1_54' title="bbox 351 3507 1956 3584">
     <span class='ocr_line' id='line_1_54' title="bbox 351 3507 1956 3584; baseline 0.004 -24"><span class='ocrx_word' id='word_1_420' title='bbox 351 3507 779 3564; x_wconf 89' lang='lat' dir='ltr'>admonitionem</span> <span class='ocrx_word' id='word_1_421' title='bbox 826 3509 970 3565; x_wconf 89' lang='lat' dir='ltr'>beati</span> <span class='ocrx_word' id='word_1_422' title='bbox 1013 3510 1320 3583; x_wconf 85' lang='lat' dir='ltr'>Augustini,</span> <span class='ocrx_word' id='word_1_423' title='bbox 1372 3527 1476 3584; x_wconf 90' lang='lat' dir='ltr'>qua</span> <span class='ocrx_word' id='word_1_424' title='bbox 1509 3527 1604 3567; x_wconf 92' lang='lat' dir='ltr'>eos</span> <span class='ocrx_word' id='word_1_425' title='bbox 1633 3511 1702 3567; x_wconf 90' lang='lat' dir='ltr'>de</span> <span class='ocrx_word' id='word_1_426' title='bbox 1733 3510 1840 3566; x_wconf 91' lang='lat' dir='ltr'>illis</span> <span class='ocrx_word' id='word_1_427' title='bbox 1872 3511 1956 3566; x_wconf 89' lang='lat' dir='ltr'>al-</span> 
     </span>
    </p>
   </div>
   <div class='ocr_carea' id='block_1_55' title="bbox 349 3596 1953 3670">
    <p class='ocr_par' dir='ltr' id='par_1_55' title="bbox 349 3596 1953 3670">
     <span class='ocr_line' id='line_1_55' title="bbox 349 3596 1953 3670; baseline 0.003 -19"><span class='ocrx_word' id='word_1_428' title='bbox 349 3596 585 3669; x_wconf 90' lang='lat' dir='ltr'>loquens</span> <span class='ocrx_word' id='word_1_429' title='bbox 615 3598 706 3670; x_wconf 91' lang='lat' dir='ltr'>qui</span> <span class='ocrx_word' id='word_1_430' title='bbox 735 3614 794 3654; x_wconf 88' lang='lat' dir='ltr'>se</span> <span class='ocrx_word' id='word_1_431' title='bbox 824 3599 891 3653; x_wconf 89' lang='lat' dir='ltr'>ab</span> <span class='ocrx_word' id='word_1_432' title='bbox 919 3600 1269 3656; x_wconf 90' lang='lat' dir='ltr'>unanimitate</span> <span class='ocrx_word' id='word_1_433' title='bbox 1313 3599 1552 3657; x_wconf 89' lang='lat' dir='ltr'>fraterna</span> <span class='ocrx_word' id='word_1_434' title='bbox 1599 3600 1953 3668; x_wconf 90' lang='lat' dir='ltr'>disciderunt,</span> 
     </span>
    </p>
   </div>
   <div class='ocr_carea' id='block_1_56' title="bbox 348 3685 1956 3762">
    <p class='ocr_par' dir='ltr' id='par_1_56' title="bbox 348 3685 1956 3762">
     <span class='ocr_line' id='line_1_56' title="bbox 348 3685 1956 3762; baseline 0.004 -21"><span class='ocrx_word' id='word_1_435' title='bbox 348 3685 636 3742; x_wconf 90' lang='lat' dir='ltr'>admonuit</span> <span class='ocrx_word' id='word_1_436' title='bbox 663 3687 852 3744; x_wconf 88' lang='lat' dir='ltr'>dicens</span> <span class='ocrx_word' id='word_1_437' title='bbox 884 3688 1003 3760; x_wconf 87' lang='lat' dir='ltr'>(lib.</span> <span class='ocrx_word' id='word_1_438' title='bbox 1039 3705 1078 3744; x_wconf 85' lang='grc' dir='ltr'>ιι</span> <span class='ocrx_word' id='word_1_439' title='bbox 1107 3690 1172 3746; x_wconf 88' lang='lat' dir='ltr'>de</span> <span class='ocrx_word' id='word_1_440' title='bbox 1202 3692 1388 3762; x_wconf 86' lang='lat' dir='ltr'>Bapt.,</span> <span class='ocrx_word' id='word_1_441' title='bbox 1423 3707 1472 3747; x_wconf 93' lang='lat' dir='ltr'>c.</span> <span class='ocrx_word' id='word_1_442' title='bbox 1508 3694 1594 3758; x_wconf 86' lang='grc'>10,</span> <span class='ocrx_word' id='word_1_443' title='bbox 1628 3691 1716 3761; x_wconf 80' lang='lat' dir='ltr'>tt)</span> <span class='ocrx_word' id='word_1_444' title='bbox 1750 3709 1762 3745; x_wconf 90' lang='lat'><strong>:</strong></span> <span class='ocrx_word' id='word_1_445' title='bbox 1801 3713 1822 3742; x_wconf 72' lang='grc' dir='ltr'><strong><em>ι</em></strong></span> <span class='ocrx_word' id='word_1_446' title='bbox 1858 3690 1956 3747; x_wconf 83' lang='lat' dir='ltr'>Vi-</span> 
     </span>
    </p>
   </div>
   <div class='ocr_carea' id='block_1_57' title="bbox 347 3775 1956 3851">
    <p class='ocr_par' dir='ltr' id='par_1_57' title="bbox 347 3775 1956 3851">
     <span class='ocr_line' id='line_1_57' title="bbox 347 3775 1956 3851; baseline 0.002 -21"><span class='ocrx_word' id='word_1_447' title='bbox 347 3775 536 3842; x_wconf 89' lang='lat' dir='ltr'>deant,</span> <span class='ocrx_word' id='word_1_448' title='bbox 562 3775 754 3848; x_wconf 88' lang='lat' dir='ltr'>inquit,</span> <span class='ocrx_word' id='word_1_449' title='bbox 785 3777 919 3832; x_wconf 89' lang='lat' dir='ltr'>nihil</span> <span class='ocrx_word' id='word_1_450' title='bbox 950 3778 1054 3833; x_wconf 93' lang='lat' dir='ltr'>sibi</span> <span class='ocrx_word' id='word_1_451' title='bbox 1084 3779 1418 3834; x_wconf 89' lang='lat' dir='ltr'>remansisse</span> <span class='ocrx_word' id='word_1_452' title='bbox 1448 3779 1595 3851; x_wconf 91' lang='lat' dir='ltr'>quod</span> <span class='ocrx_word' id='word_1_453' title='bbox 1625 3780 1825 3846; x_wconf 88' lang='lat' dir='ltr'>dicant,</span> <span class='ocrx_word' id='word_1_454' title='bbox 1861 3781 1956 3834; x_wconf 92' lang='lat' dir='ltr'>sed</span> 
     </span>
    </p>
   </div>
   <div class='ocr_carea' id='block_1_58' title="bbox 347 3866 1956 3940">
    <p class='ocr_par' dir='ltr' id='par_1_58' title="bbox 347 3866 1956 3940">
     <span class='ocr_line' id='line_1_58' title="bbox 347 3866 1956 3940; baseline 0.004 -21"><span class='ocrx_word' id='word_1_455' title='bbox 347 3871 532 3921; x_wconf 90' lang='lat' dir='ltr'>tamen</span> <span class='ocrx_word' id='word_1_456' title='bbox 584 3866 915 3922; x_wconf 88' lang='lat' dir='ltr'>remansisse</span> <span class='ocrx_word' id='word_1_457' title='bbox 966 3868 1112 3939; x_wconf 92' lang='lat' dir='ltr'>quod</span> <span class='ocrx_word' id='word_1_458' title='bbox 1159 3868 1378 3935; x_wconf 88' lang='lat' dir='ltr'>faciant,</span> <span class='ocrx_word' id='word_1_459' title='bbox 1410 3876 1468 3924; x_wconf 91' lang='lat' dir='ltr'>ut</span> <span class='ocrx_word' id='word_1_460' title='bbox 1507 3885 1610 3940; x_wconf 90' lang='lat' dir='ltr'>pro</span> <span class='ocrx_word' id='word_1_461' title='bbox 1651 3868 1809 3924; x_wconf 90' lang='lat' dir='ltr'>factis</span> <span class='ocrx_word' id='word_1_462' title='bbox 1857 3885 1956 3925; x_wconf 90' lang='lat' dir='ltr'>eo-</span> 
     </span>
    </p>
   </div>
   <div class='ocr_carea' id='block_1_59' title="bbox 346 3955 1956 4030">
    <p class='ocr_par' dir='ltr' id='par_1_59' title="bbox 346 3955 1956 4030">
     <span class='ocr_line' id='line_1_59' title="bbox 346 3955 1956 4030; baseline 0.002 -21"><span class='ocrx_word' id='word_1_463' title='bbox 346 3970 471 4009; x_wconf 88' lang='lat' dir='ltr'>rum</span> <span class='ocrx_word' id='word_1_464' title='bbox 502 3955 792 4025; x_wconf 80' lang='lat' dir='ltr'>praeteritis</span> <span class='ocrx_word' id='word_1_465' title='bbox 825 3955 1153 4012; x_wconf 86' lang='lat' dir='ltr'>sacriﬁcium</span> <span class='ocrx_word' id='word_1_466' title='bbox 1186 3957 1489 4014; x_wconf 89' lang='lat' dir='ltr'>dilectionis</span> <span class='ocrx_word' id='word_1_467' title='bbox 1530 3957 1791 4013; x_wconf 77' lang='lat' dir='ltr'>offeratur</span> <span class='ocrx_word' id='word_1_468' title='bbox 1836 3959 1956 4030; x_wconf 89' lang='lat' dir='ltr'>pla-</span> 
     </span>
    </p>
   </div>
   <div class='ocr_carea' id='block_1_60' title="bbox 345 4043 1957 4120">
    <p class='ocr_par' dir='ltr' id='par_1_60' title="bbox 345 4043 1957 4120">
     <span class='ocr_line' id='line_1_60' title="bbox 345 4043 1957 4120; baseline 0.002 -20"><span class='ocrx_word' id='word_1_469' title='bbox 345 4043 510 4100; x_wconf 87' lang='lat' dir='ltr'>cabili</span> <span class='ocrx_word' id='word_1_470' title='bbox 540 4045 675 4112; x_wconf 91' lang='lat' dir='ltr'>Deo,</span> <span class='ocrx_word' id='word_1_471' title='bbox 709 4046 861 4116; x_wconf 87' lang='lat' dir='ltr'>cujus</span> <span class='ocrx_word' id='word_1_472' title='bbox 907 4046 1168 4102; x_wconf 89' lang='lat' dir='ltr'>unitatem</span> <span class='ocrx_word' id='word_1_473' title='bbox 1214 4047 1422 4103; x_wconf 86' lang='lat' dir='ltr'>nefario</span> <span class='ocrx_word' id='word_1_474' title='bbox 1471 4047 1676 4104; x_wconf 90' lang='lat' dir='ltr'>scelere</span> <span class='ocrx_word' id='word_1_475' title='bbox 1728 4047 1957 4120; x_wconf 91' lang='lat' dir='ltr'>dirupe-</span> 
     </span>
    </p>
   </div>
   <div class='ocr_carea' id='block_1_61' title="bbox 347 4134 1956 4206">
    <p class='ocr_par' dir='ltr' id='par_1_61' title="bbox 347 4134 1956 4206">
     <span class='ocr_line' id='line_1_61' title="bbox 347 4134 1956 4206; baseline 0.004 -19"><span class='ocrx_word' id='word_1_476' title='bbox 347 4140 492 4200; x_wconf 89' lang='lat' dir='ltr'>runt,</span> <span class='ocrx_word' id='word_1_477' title='bbox 523 4134 676 4202; x_wconf 84' lang='lat' dir='ltr'>cujus</span> <span class='ocrx_word' id='word_1_478' title='bbox 707 4137 1063 4191; x_wconf 88' lang='lat' dir='ltr'>sacramentis</span> <span class='ocrx_word' id='word_1_479' title='bbox 1095 4144 1203 4191; x_wconf 91' lang='lat' dir='ltr'>tam</span> <span class='ocrx_word' id='word_1_480' title='bbox 1235 4136 1520 4192; x_wconf 91' lang='lat' dir='ltr'>diuturnas</span> <span class='ocrx_word' id='word_1_481' title='bbox 1564 4136 1783 4206; x_wconf 90' lang='lat' dir='ltr'>injurias</span> <span class='ocrx_word' id='word_1_482' title='bbox 1813 4137 1956 4192; x_wconf 89' lang='lat' dir='ltr'>irro-</span> 
     </span>
    </p>
   </div>
   <div class='ocr_carea' id='block_1_62' title="bbox 346 4223 1952 4295">
    <p class='ocr_par' dir='ltr' id='par_1_62' title="bbox 346 4223 1952 4295">
     <span class='ocr_line' id='line_1_62' title="bbox 346 4223 1952 4295; baseline 0.002 -19"><span class='ocrx_word' id='word_1_483' title='bbox 346 4231 571 4295; x_wconf 86' lang='lat' dir='ltr'>garnnt.</span> <span class='ocrx_word' id='word_1_484' title='bbox 617 4223 924 4280; x_wconf 85' lang='lat' dir='ltr'>Misericors</span> <span class='ocrx_word' id='word_1_485' title='bbox 972 4233 1056 4280; x_wconf 87' lang='lat' dir='ltr'>est</span> <span class='ocrx_word' id='word_1_486' title='bbox 1086 4227 1231 4281; x_wconf 92' lang='lat' dir='ltr'>enim</span> <span class='ocrx_word' id='word_1_487' title='bbox 1261 4234 1315 4282; x_wconf 90' lang='lat' dir='ltr'>et</span> <span class='ocrx_word' id='word_1_488' title='bbox 1341 4226 1624 4282; x_wconf 90' lang='lat' dir='ltr'>miserator</span> <span class='ocrx_word' id='word_1_489' title='bbox 1670 4225 1952 4292; x_wconf 90' lang='lat' dir='ltr'>Dominus,</span> 
     </span>
    </p>
   </div>
   <div class='ocr_carea' id='block_1_63' title="bbox 344 4311 1955 4384">
    <p class='ocr_par' dir='ltr' id='par_1_63' title="bbox 344 4311 1955 4384">
     <span class='ocr_line' id='line_1_63' title="bbox 344 4311 1955 4384; baseline 0.002 -18"><span class='ocrx_word' id='word_1_490' title='bbox 344 4311 700 4383; x_wconf 88' lang='lat' dir='ltr'>longanimis,</span> <span class='ocrx_word' id='word_1_491' title='bbox 735 4321 789 4368; x_wconf 88' lang='lat' dir='ltr'>et</span> <span class='ocrx_word' id='word_1_492' title='bbox 825 4313 1055 4369; x_wconf 90' lang='lat' dir='ltr'>multum</span> <span class='ocrx_word' id='word_1_493' title='bbox 1097 4314 1433 4384; x_wconf 89' lang='lat' dir='ltr'>misericors,</span> <span class='ocrx_word' id='word_1_494' title='bbox 1485 4323 1539 4370; x_wconf 92' lang='lat' dir='ltr'>et</span> <span class='ocrx_word' id='word_1_495' title='bbox 1583 4330 1766 4370; x_wconf 88' lang='lat' dir='ltr'>verax.</span> <span class='ocrx_word' id='word_1_496' title='bbox 1819 4317 1955 4370; x_wconf 87' lang='lat' dir='ltr'>Am-</span> 
     </span>
    </p>
   </div>
   <div class='ocr_carea' id='block_1_64' title="bbox 2068 1723 3671 1799">
    <p class='ocr_par' dir='ltr' id='par_1_64' title="bbox 2068 1723 3671 1799">
     <span class='ocr_line' id='line_1_64' title="bbox 2068 1723 3671 1799; baseline 0.003 -22"><span class='ocrx_word' id='word_1_497' title='bbox 2068 1724 2388 1796; x_wconf 90' lang='lat' dir='ltr'>ptizavimus</span> <span class='ocrx_word' id='word_1_498' title='bbox 2405 1726 2432 1779; x_wconf 84' lang='lat'>‘?</span> <span class='ocrx_word' id='word_1_499' title='bbox 2462 1725 2530 1779; x_wconf 92' lang='lat' dir='ltr'>Et</span> <span class='ocrx_word' id='word_1_500' title='bbox 2558 1741 2657 1780; x_wconf 89' lang='lat' dir='ltr'>vos</span> <span class='ocrx_word' id='word_1_501' title='bbox 2682 1743 2694 1778; x_wconf 90' lang='lat'><strong>:</strong></span> <span class='ocrx_word' id='word_1_502' title='bbox 2721 1723 2864 1792; x_wconf 88' lang='lat' dir='ltr'>Quid</span> <span class='ocrx_word' id='word_1_503' title='bbox 2895 1742 3029 1797; x_wconf 90' lang='lat' dir='ltr'>ergo</span> <span class='ocrx_word' id='word_1_504' title='bbox 3059 1725 3322 1781; x_wconf 89' lang='lat' dir='ltr'>faciemus</span> <span class='ocrx_word' id='word_1_505' title='bbox 3342 1726 3410 1781; x_wconf 90' lang='lat' dir='ltr'>de</span> <span class='ocrx_word' id='word_1_506' title='bbox 3431 1725 3514 1781; x_wconf 90' lang='lat' dir='ltr'>his</span> <span class='ocrx_word' id='word_1_507' title='bbox 3535 1743 3671 1799; x_wconf 92' lang='lat' dir='ltr'>quos</span> 
     </span>
    </p>
   </div>
   <div class='ocr_carea' id='block_1_65' title="bbox 2060 1813 3663 1888">
    <p class='ocr_par' dir='ltr' id='par_1_65' title="bbox 2060 1813 3663 1888">
     <span class='ocr_line' id='line_1_65' title="bbox 2060 1813 3663 1888; baseline 0.002 -20"><span class='ocrx_word' id='word_1_508' title='bbox 2060 1813 2174 1882; x_wconf 90' lang='lat' dir='ltr'>jam</span> <span class='ocrx_word' id='word_1_509' title='bbox 2219 1813 2574 1879; x_wconf 89' lang='lat' dir='ltr'>traduximus,</span> <span class='ocrx_word' id='word_1_510' title='bbox 2607 1813 2694 1868; x_wconf 90' lang='lat' dir='ltr'>vel</span> <span class='ocrx_word' id='word_1_511' title='bbox 2723 1814 2849 1886; x_wconf 90' lang='lat' dir='ltr'>quid</span> <span class='ocrx_word' id='word_1_512' title='bbox 2894 1813 3157 1870; x_wconf 85' lang='lat' dir='ltr'>faciemus</span> <span class='ocrx_word' id='word_1_513' title='bbox 3187 1815 3278 1888; x_wconf 87' lang='lat' dir='ltr'>qui</span> <span class='ocrx_word' id='word_1_514' title='bbox 3306 1815 3543 1872; x_wconf 90' lang='lat' dir='ltr'>traducti&#39;</span> <span class='ocrx_word' id='word_1_515' title='bbox 3581 1831 3663 1871; x_wconf 91' lang='lat' dir='ltr'>su-</span> 
     </span>
    </p>
   </div>
   <div class='ocr_carea' id='block_1_66' title="bbox 2064 1902 3664 1974">
    <p class='ocr_par' dir='ltr' id='par_1_66' title="bbox 2064 1902 3664 1974">
     <span class='ocr_line' id='line_1_66' title="bbox 2064 1902 3664 1974; baseline 0.002 -18"><span class='ocrx_word' id='word_1_516' title='bbox 2064 1902 2222 1956; x_wconf 79' lang='lat' dir='ltr'>mus?</span> <span class='ocrx_word' id='word_1_517' title='bbox 2272 1903 2651 1974; x_wconf 85' lang='lat' dir='ltr'>Respondetur</span> <span class='ocrx_word' id='word_1_518' title='bbox 2683 1921 2695 1957; x_wconf 91' lang='lat'>:</span> <span class='ocrx_word' id='word_1_519' title='bbox 2731 1903 2922 1959; x_wconf 88' lang='lat' dir='ltr'>Redite</span> <span class='ocrx_word' id='word_1_520' title='bbox 2965 1920 3088 1958; x_wconf 88' lang='lat' dir='ltr'>curn</span> <span class='ocrx_word' id='word_1_521' title='bbox 3117 1903 3197 1958; x_wconf 89' lang='lat' dir='ltr'>eis</span> <span class='ocrx_word' id='word_1_522' title='bbox 3227 1904 3293 1959; x_wconf 91' lang='lat' dir='ltr'>ad</span> <span class='ocrx_word' id='word_1_523' title='bbox 3339 1904 3664 1972; x_wconf 88' lang='lat' dir='ltr'>Ecclesiam,</span> 
     </span>
    </p>
   </div>
   <div class='ocr_carea' id='block_1_67' title="bbox 2065 1989 3668 2049">
    <p class='ocr_par' dir='ltr' id='par_1_67' title="bbox 2065 1989 3668 2049">
     <span class='ocr_line' id='line_1_67' title="bbox 2065 1989 3668 2049; baseline 0.002 -4"><span class='ocrx_word' id='word_1_524' title='bbox 2065 1989 2316 2046; x_wconf 89' lang='lat' dir='ltr'>videlicet</span> <span class='ocrx_word' id='word_1_525' title='bbox 2345 1991 2414 2046; x_wconf 91' lang='lat' dir='ltr'>ad</span> <span class='ocrx_word' id='word_1_526' title='bbox 2443 1991 2854 2047; x_wconf 87' lang='lat' dir='ltr'>unanimitatem</span> <span class='ocrx_word' id='word_1_527' title='bbox 2899 1992 3190 2047; x_wconf 90' lang='lat' dir='ltr'>fraternam</span> <span class='ocrx_word' id='word_1_528' title='bbox 3225 2011 3238 2048; x_wconf 74' lang='grc' dir='ltr'>ε</span> <span class='ocrx_word' id='word_1_529' title='bbox 3270 1993 3668 2049; x_wconf 87' lang='lat' dir='ltr'>medicamento</span> 
     </span>
    </p>
   </div>
   <div class='ocr_carea' id='block_1_68' title="bbox 2063 2079 3668 2153">
    <p class='ocr_par' dir='ltr' id='par_1_68' title="bbox 2063 2079 3668 2153">
     <span class='ocr_line' id='line_1_68' title="bbox 2063 2079 3668 2153; baseline 0.002 -19"><span class='ocrx_word' id='word_1_530' title='bbox 2063 2079 2213 2150; x_wconf 89' lang='lat' dir='ltr'>pacis</span> <span class='ocrx_word' id='word_1_531' title='bbox 2243 2079 2434 2136; x_wconf 72' lang='lat' dir='ltr'>offerte</span> <span class='ocrx_word' id='word_1_532' title='bbox 2465 2083 2740 2136; x_wconf 89' lang='lat' dir='ltr'>curandos</span> <span class='ocrx_word' id='word_1_533' title='bbox 2769 2097 2907 2153; x_wconf 89' lang='lat' dir='ltr'>quos</span> <span class='ocrx_word' id='word_1_534' title='bbox 2935 2082 3296 2150; x_wconf 89' lang='lat' dir='ltr'>vulnerastis,</span> <span class='ocrx_word' id='word_1_535' title='bbox 3330 2083 3454 2139; x_wconf 66' lang='lat' dir='ltr'>vitae</span> <span class='ocrx_word' id='word_1_536' title='bbox 3483 2083 3668 2139; x_wconf 88' lang='lat' dir='ltr'>chari-</span> 
     </span>
    </p>
   </div>
   <div class='ocr_carea' id='block_1_69' title="bbox 2063 2167 3670 2242">
    <p class='ocr_par' dir='ltr' id='par_1_69' title="bbox 2063 2167 3670 2242">
     <span class='ocr_line' id='line_1_69' title="bbox 2063 2167 3670 2242; baseline 0.004 -20"><span class='ocrx_word' id='word_1_537' title='bbox 2063 2169 2185 2222; x_wconf 91' lang='lat' dir='ltr'>tatis</span> <span class='ocrx_word' id='word_1_538' title='bbox 2215 2167 2406 2224; x_wconf 77' lang='lat' dir='ltr'>oﬂ‘erte</span> <span class='ocrx_word' id='word_1_539' title='bbox 2438 2169 2776 2226; x_wconf 88' lang='lat' dir='ltr'>suscitandos</span> <span class='ocrx_word' id='word_1_540' title='bbox 2807 2187 2944 2242; x_wconf 91' lang='lat' dir='ltr'>quos</span> <span class='ocrx_word' id='word_1_541' title='bbox 2983 2172 3278 2228; x_wconf 89' lang='lat' dir='ltr'>occidistis.</span> <span class='ocrx_word' id='word_1_542' title='bbox 3313 2171 3537 2228; x_wconf 83' lang='lat' dir='ltr'>Multum</span> <span class='ocrx_word' id='word_1_543' title='bbox 3569 2187 3670 2228; x_wconf 83' lang='lat' dir='ltr'>va-</span> 
     </span>
    </p>
   </div>
   <div class='ocr_carea' id='block_1_70' title="bbox 2063 2257 3671 2331">
    <p class='ocr_par' dir='ltr' id='par_1_70' title="bbox 2063 2257 3671 2331">
     <span class='ocr_line' id='line_1_70' title="bbox 2063 2257 3671 2331; baseline 0.004 -19"><span class='ocrx_word' id='word_1_544' title='bbox 2063 2257 2137 2313; x_wconf 89' lang='lat' dir='ltr'>let</span> <span class='ocrx_word' id='word_1_545' title='bbox 2165 2259 2236 2313; x_wconf 89' lang='lat' dir='ltr'>ad</span> <span class='ocrx_word' id='word_1_546' title='bbox 2284 2259 2691 2331; x_wconf 91' lang='lat' dir='ltr'>propitiandum</span> <span class='ocrx_word' id='word_1_547' title='bbox 2739 2261 2913 2316; x_wconf 91' lang='lat' dir='ltr'>Deum</span> <span class='ocrx_word' id='word_1_548' title='bbox 2960 2260 3204 2316; x_wconf 88' lang='lat' dir='ltr'>fraterna</span> <span class='ocrx_word' id='word_1_549' title='bbox 3252 2261 3564 2317; x_wconf 89' lang='lat' dir='ltr'>concordia.</span> <span class='ocrx_word' id='word_1_550' title='bbox 3611 2263 3671 2318; x_wconf 89' lang='lat' dir='ltr'>Si</span> 
     </span>
    </p>
   </div>
   <div class='ocr_carea' id='block_1_71' title="bbox 2063 2347 3664 2422">
    <p class='ocr_par' dir='ltr' id='par_1_71' title="bbox 2063 2347 3664 2422">
     <span class='ocr_line' id='line_1_71' title="bbox 2063 2347 3664 2422; baseline 0.003 -21"><span class='ocrx_word' id='word_1_551' title='bbox 2063 2347 2269 2404; x_wconf 86' lang='lat' dir='ltr'>duobus</span> <span class='ocrx_word' id='word_1_552' title='bbox 2281 2365 2355 2403; x_wconf 76' lang='lat' dir='ltr'>ex</span> <span class='ocrx_word' id='word_1_553' title='bbox 2367 2349 2611 2418; x_wconf 85' lang='lat' dir='ltr'>vobis,ait</span> <span class='ocrx_word' id='word_1_554' title='bbox 2624 2349 3236 2415; x_wconf 84' lang='lat' dir='ltr'>Dominus,convenerit</span> <span class='ocrx_word' id='word_1_555' title='bbox 3247 2365 3415 2422; x_wconf 82' lang='lat' dir='ltr'>super</span> <span class='ocrx_word' id='word_1_556' title='bbox 3433 2355 3664 2417; x_wconf 84' lang='lat' dir='ltr'>terram,</span> 
     </span>
    </p>
   </div>
   <div class='ocr_carea' id='block_1_72' title="bbox 2061 2437 3667 2510">
    <p class='ocr_par' dir='ltr' id='par_1_72' title="bbox 2061 2437 3667 2510">
     <span class='ocr_line' id='line_1_72' title="bbox 2061 2437 3667 2510; baseline 0.001 -19"><span class='ocrx_word' id='word_1_557' title='bbox 2061 2437 2330 2509; x_wconf 79' lang='lat' dir='ltr'>quidquid</span> <span class='ocrx_word' id='word_1_558' title='bbox 2346 2439 2629 2510; x_wconf 81' lang='lat' dir='ltr'>petieritis</span> <span class='ocrx_word' id='word_1_559' title='bbox 2648 2439 2746 2506; x_wconf 85' lang='lat' dir='ltr'>ﬁet</span> <span class='ocrx_word' id='word_1_560' title='bbox 2762 2439 2909 2494; x_wconf 88' lang='lat' dir='ltr'>vobis</span> <span class='ocrx_word' id='word_1_561' title='bbox 2929 2439 3147 2510; x_wconf 85' lang='lat' dir='ltr'>(Matth.</span> <span class='ocrx_word' id='word_1_562' title='bbox 3171 2440 3357 2510; x_wconf 80' lang='lat' dir='ltr'>xvm).</span> <span class='ocrx_word' id='word_1_563' title='bbox 3381 2439 3436 2494; x_wconf 90' lang='lat' dir='ltr'>Si</span> <span class='ocrx_word' id='word_1_564' title='bbox 3456 2438 3667 2494; x_wconf 90' lang='lat' dir='ltr'>duobus</span> 
     </span>
    </p>
   </div>
   <div class='ocr_carea' id='block_1_73' title="bbox 2061 2524 3666 2598">
    <p class='ocr_par' dir='ltr' id='par_1_73' title="bbox 2061 2524 3666 2598">
     <span class='ocr_line' id='line_1_73' title="bbox 2061 2524 3666 2598; baseline 0.002 -20"><span class='ocrx_word' id='word_1_565' title='bbox 2061 2524 2391 2596; x_wconf 88' lang='lat' dir='ltr'>hominibus,</span> <span class='ocrx_word' id='word_1_566' title='bbox 2423 2534 2623 2598; x_wconf 90' lang='lat' dir='ltr'>quanto</span> <span class='ocrx_word' id='word_1_567' title='bbox 2645 2526 2822 2598; x_wconf 88' lang='lat' dir='ltr'>magis</span> <span class='ocrx_word' id='word_1_568' title='bbox 2843 2527 3056 2581; x_wconf 92' lang='lat' dir='ltr'>duobus</span> <span class='ocrx_word' id='word_1_569' title='bbox 3085 2527 3340 2598; x_wconf 80' lang='lat' dir='ltr'>pOpulis?</span> <span class='ocrx_word' id='word_1_570' title='bbox 3371 2527 3540 2583; x_wconf 90' lang='lat' dir='ltr'>Simul</span> <span class='ocrx_word' id='word_1_571' title='bbox 3563 2543 3666 2582; x_wconf 89' lang='lat' dir='ltr'>nos</span> 
     </span>
    </p>
   </div>
   <div class='ocr_carea' id='block_1_74' title="bbox 2061 2614 3666 2687">
    <p class='ocr_par' dir='ltr' id='par_1_74' title="bbox 2061 2614 3666 2687">
     <span class='ocr_line' id='line_1_74' title="bbox 2061 2614 3666 2687; baseline 0.001 -18"><span class='ocrx_word' id='word_1_572' title='bbox 2061 2614 2294 2670; x_wconf 91' lang='lat' dir='ltr'>Domino</span> <span class='ocrx_word' id='word_1_573' title='bbox 2322 2623 2754 2686; x_wconf 90' lang='lat' dir='ltr'>prosternamus,</span> <span class='ocrx_word' id='word_1_574' title='bbox 2785 2616 3182 2687; x_wconf 90' lang='lat' dir='ltr'>participamini</span> <span class='ocrx_word' id='word_1_575' title='bbox 3212 2615 3500 2672; x_wconf 89' lang='lat' dir='ltr'>nobiscum</span> <span class='ocrx_word' id='word_1_576' title='bbox 3528 2632 3666 2672; x_wconf 86' lang='lat' dir='ltr'>una-</span> 
     </span>
    </p>
   </div>
   <div class='ocr_carea' id='block_1_75' title="bbox 2060 2702 3664 2776">
    <p class='ocr_par' dir='ltr' id='par_1_75' title="bbox 2060 2702 3664 2776">
     <span class='ocr_line' id='line_1_75' title="bbox 2060 2702 3664 2776; baseline 0.002 -20"><span class='ocrx_word' id='word_1_577' title='bbox 2060 2702 2376 2770; x_wconf 90' lang='lat' dir='ltr'>nimitatem,</span> <span class='ocrx_word' id='word_1_578' title='bbox 2412 2705 2804 2776; x_wconf 89' lang='lat' dir='ltr'>participemur</span> <span class='ocrx_word' id='word_1_579' title='bbox 2831 2704 3115 2760; x_wconf 91' lang='lat' dir='ltr'>vobiscum</span> <span class='ocrx_word' id='word_1_580' title='bbox 3153 2703 3419 2775; x_wconf 92' lang='lat' dir='ltr'>dolorem,</span> <span class='ocrx_word' id='word_1_581' title='bbox 3453 2713 3507 2761; x_wconf 90' lang='lat' dir='ltr'>et</span> <span class='ocrx_word' id='word_1_582' title='bbox 3535 2706 3664 2761; x_wconf 87' lang='lat' dir='ltr'>cha-</span> 
     </span>
    </p>
   </div>
   <div class='ocr_carea' id='block_1_76' title="bbox 2059 2791 3665 2864">
    <p class='ocr_par' dir='ltr' id='par_1_76' title="bbox 2059 2791 3665 2864">
     <span class='ocr_line' id='line_1_76' title="bbox 2059 2791 3665 2864; baseline 0.003 -19"><span class='ocrx_word' id='word_1_583' title='bbox 2059 2791 2189 2846; x_wconf 90' lang='lat' dir='ltr'>ritas</span> <span class='ocrx_word' id='word_1_584' title='bbox 2218 2793 2491 2864; x_wconf 89' lang='lat' dir='ltr'>cooperiet</span> <span class='ocrx_word' id='word_1_585' title='bbox 2537 2793 2935 2849; x_wconf 89' lang='lat' dir='ltr'>multitudinem</span> <span class='ocrx_word' id='word_1_586' title='bbox 2980 2801 3345 2864; x_wconf 90' lang='lat' dir='ltr'>peccatorum.</span> <span class='ocrx_word' id='word_1_587' title='bbox 3378 2795 3446 2849; x_wconf 90' lang='lat' dir='ltr'>Et</span> <span class='ocrx_word' id='word_1_588' title='bbox 3475 2794 3665 2850; x_wconf 89' lang='lat' dir='ltr'>beatus</span> 
     </span>
    </p>
   </div>
   <div class='ocr_carea' id='block_1_77' title="bbox 2060 2881 3661 2955">
    <p class='ocr_par' dir='ltr' id='par_1_77' title="bbox 2060 2881 3661 2955">
     <span class='ocr_line' id='line_1_77' title="bbox 2060 2881 3661 2955; baseline 0 -19"><span class='ocrx_word' id='word_1_589' title='bbox 2060 2881 2362 2954; x_wconf 87' lang='lat' dir='ltr'>Gregorius</span> <span class='ocrx_word' id='word_1_590' title='bbox 2385 2882 2437 2936; x_wconf 92' lang='lat' dir='ltr'>in</span> <span class='ocrx_word' id='word_1_591' title='bbox 2458 2882 2678 2938; x_wconf 92' lang='lat' dir='ltr'>homilia</span> <span class='ocrx_word' id='word_1_592' title='bbox 2694 2882 2998 2938; x_wconf 89' lang='lat' dir='ltr'>Ezechielis</span> <span class='ocrx_word' id='word_1_593' title='bbox 3015 2882 3145 2938; x_wconf 90' lang='lat' dir='ltr'>dicit</span> <span class='ocrx_word' id='word_1_594' title='bbox 3161 2883 3332 2955; x_wconf 87' lang='lat' dir='ltr'>(hom.</span> <span class='ocrx_word' id='word_1_595' title='bbox 3354 2885 3406 2953; x_wconf 87' lang='lat'>7,</span> <span class='ocrx_word' id='word_1_596' title='bbox 3428 2883 3661 2955; x_wconf 78' lang='lat' dir='ltr'>inﬂue):</span> 
     </span>
    </p>
   </div>
   <div class='ocr_carea' id='block_1_78' title="bbox 2063 2971 3665 3044">
    <p class='ocr_par' dir='ltr' id='par_1_78' title="bbox 2063 2971 3665 3044">
     <span class='ocr_line' id='line_1_78' title="bbox 2063 2971 3665 3044; baseline 0.003 -23"><span class='ocrx_word' id='word_1_597' title='bbox 2063 2991 2085 3020; x_wconf 86' lang='grc'>‹‹</span> <span class='ocrx_word' id='word_1_598' title='bbox 2121 2971 2494 3026; x_wconf 85' lang='lat' dir='ltr'>Perfectorum</span> <span class='ocrx_word' id='word_1_599' title='bbox 2540 2988 2758 3042; x_wconf 88' lang='lat' dir='ltr'>semper</span> <span class='ocrx_word' id='word_1_600' title='bbox 2787 2980 2840 3027; x_wconf 91' lang='lat' dir='ltr'>et</span> <span class='ocrx_word' id='word_1_601' title='bbox 2868 2972 3094 3027; x_wconf 89' lang='lat' dir='ltr'>virtutes</span> <span class='ocrx_word' id='word_1_602' title='bbox 3125 2979 3180 3027; x_wconf 92' lang='lat' dir='ltr'>et</span> <span class='ocrx_word' id='word_1_603' title='bbox 3216 2972 3490 3044; x_wconf 80' lang='lat' dir='ltr'>lacrymas</span> <span class='ocrx_word' id='word_1_604' title='bbox 3538 2979 3665 3027; x_wconf 88' lang='lat' dir='ltr'>ante</span> 
     </span>
    </p>
   </div>
   <div class='ocr_carea' id='block_1_79' title="bbox 1988 3030 3665 3132">
    <p class='ocr_par' dir='ltr' id='par_1_79' title="bbox 1988 3030 3665 3132">
     <span class='ocr_line' id='line_1_79' title="bbox 1988 3030 3665 3132; baseline 0.001 -18"><span class='ocrx_word' id='word_1_605' title='bbox 1988 3030 2037 3092; x_wconf 62' lang='grc' dir='ltr'>Ο·</span> <span class='ocrx_word' id='word_1_606' title='bbox 2057 3060 2255 3114; x_wconf 90' lang='lat' dir='ltr'>mentis</span> <span class='ocrx_word' id='word_1_607' title='bbox 2293 3068 2491 3116; x_wconf 71' lang='lat' dir='ltr'>nostra:</span> <span class='ocrx_word' id='word_1_608' title='bbox 2529 3060 2714 3116; x_wconf 91' lang='lat' dir='ltr'>oculos</span> <span class='ocrx_word' id='word_1_609' title='bbox 2735 3076 3020 3132; x_wconf 90' lang='lat' dir='ltr'>ponamus,</span> <span class='ocrx_word' id='word_1_610' title='bbox 3045 3060 3318 3116; x_wconf 90' lang='lat' dir='ltr'>imitemur</span> <span class='ocrx_word' id='word_1_611' title='bbox 3339 3077 3460 3132; x_wconf 75' lang='lat' dir='ltr'>quae</span> <span class='ocrx_word' id='word_1_612' title='bbox 3481 3062 3536 3116; x_wconf 91' lang='lat' dir='ltr'>in</span> <span class='ocrx_word' id='word_1_613' title='bbox 3557 3060 3665 3116; x_wconf 88' lang='lat' dir='ltr'>illis</span> 
     </span>
    </p>
   </div>
   <div class='ocr_carea' id='block_1_80' title="bbox 2057 3148 3664 3222">
    <p class='ocr_par' dir='ltr' id='par_1_80' title="bbox 2057 3148 3664 3222">
     <span class='ocr_line' id='line_1_80' title="bbox 2057 3148 3664 3222; baseline 0.001 -18"><span class='ocrx_word' id='word_1_614' title='bbox 2057 3148 2372 3220; x_wconf 90' lang='lat' dir='ltr'>aspicimus,</span> <span class='ocrx_word' id='word_1_615' title='bbox 2406 3157 2463 3204; x_wconf 92' lang='lat' dir='ltr'>ut</span> <span class='ocrx_word' id='word_1_616' title='bbox 2491 3149 2618 3204; x_wconf 92' lang='lat' dir='ltr'>dum</span> <span class='ocrx_word' id='word_1_617' title='bbox 2650 3149 2973 3221; x_wconf 89' lang='lat' dir='ltr'>coeperimus</span> <span class='ocrx_word' id='word_1_618' title='bbox 3019 3165 3120 3222; x_wconf 91' lang='lat' dir='ltr'>per</span> <span class='ocrx_word' id='word_1_619' title='bbox 3166 3149 3502 3205; x_wconf 90' lang='lat' dir='ltr'>incrementa</span> <span class='ocrx_word' id='word_1_620' title='bbox 3542 3165 3664 3207; x_wconf 86' lang='lat' dir='ltr'>cre-</span> 
     </span>
    </p>
   </div>
   <div class='ocr_carea' id='block_1_81' title="bbox 2058 3237 3662 3312">
    <p class='ocr_par' dir='ltr' id='par_1_81' title="bbox 2058 3237 3662 3312">
     <span class='ocr_line' id='line_1_81' title="bbox 2058 3237 3662 3312; baseline 0.002 -19"><span class='ocrx_word' id='word_1_621' title='bbox 2058 3254 2232 3305; x_wconf 89' lang='lat' dir='ltr'>scere,</span> <span class='ocrx_word' id='word_1_622' title='bbox 2265 3239 2538 3310; x_wconf 91' lang='lat' dir='ltr'>possimus</span> <span class='ocrx_word' id='word_1_623' title='bbox 2566 3239 2633 3292; x_wconf 87' lang='lat' dir='ltr'>ab</span> <span class='ocrx_word' id='word_1_624' title='bbox 2661 3239 2755 3294; x_wconf 94' lang='lat' dir='ltr'>illo</span> <span class='ocrx_word' id='word_1_625' title='bbox 2785 3237 3041 3294; x_wconf 89' lang='lat' dir='ltr'>distincto</span> <span class='ocrx_word' id='word_1_626' title='bbox 3073 3239 3319 3295; x_wconf 87' lang='lat' dir='ltr'>examine</span> <span class='ocrx_word' id='word_1_627' title='bbox 3347 3238 3491 3294; x_wconf 88' lang='lat' dir='ltr'>mala</span> <span class='ocrx_word' id='word_1_628' title='bbox 3541 3255 3662 3312; x_wconf 66' lang='lat' dir='ltr'>qum</span> 
     </span>
    </p>
   </div>
   <div class='ocr_carea' id='block_1_82' title="bbox 2056 3325 3657 3400">
    <p class='ocr_par' dir='ltr' id='par_1_82' title="bbox 2056 3325 3657 3400">
     <span class='ocr_line' id='line_1_82' title="bbox 2056 3325 3657 3400; baseline 0 -17"><span class='ocrx_word' id='word_1_629' title='bbox 2056 3325 2285 3383; x_wconf 82' lang='lat' dir='ltr'>fecimus</span> <span class='ocrx_word' id='word_1_630' title='bbox 2326 3327 2528 3383; x_wconf 88' lang='lat' dir='ltr'>velare.</span> <span class='ocrx_word' id='word_1_631' title='bbox 2561 3328 2620 3382; x_wconf 91' lang='lat' dir='ltr'>In</span> <span class='ocrx_word' id='word_1_632' title='bbox 2648 3327 2883 3384; x_wconf 90' lang='lat' dir='ltr'>assiduis</span> <span class='ocrx_word' id='word_1_633' title='bbox 2931 3327 3075 3383; x_wconf 91' lang='lat' dir='ltr'>enim</span> <span class='ocrx_word' id='word_1_634' title='bbox 3116 3328 3354 3395; x_wconf 88' lang='lat' dir='ltr'>ﬂetibus,</span> <span class='ocrx_word' id='word_1_635' title='bbox 3387 3328 3443 3383; x_wconf 90' lang='lat' dir='ltr'>in</span> <span class='ocrx_word' id='word_1_636' title='bbox 3473 3329 3657 3400; x_wconf 84' lang='lat' dir='ltr'>quoti-</span> 
     </span>
    </p>
   </div>
   <div class='ocr_carea' id='block_1_83' title="bbox 2058 3416 3662 3489">
    <p class='ocr_par' dir='ltr' id='par_1_83' title="bbox 2058 3416 3662 3489">
     <span class='ocr_line' id='line_1_83' title="bbox 2058 3416 3662 3489; baseline 0.001 -17"><span class='ocrx_word' id='word_1_637' title='bbox 2058 3416 2219 3472; x_wconf 89' lang='lat' dir='ltr'>diana</span> <span class='ocrx_word' id='word_1_638' title='bbox 2263 3425 2446 3472; x_wconf 90' lang='lat' dir='ltr'>nostra</span> <span class='ocrx_word' id='word_1_639' title='bbox 2493 3418 2835 3489; x_wconf 70' lang='lat' dir='ltr'>poenitentia,</span> <span class='ocrx_word' id='word_1_640' title='bbox 2891 3418 3157 3473; x_wconf 90' lang='lat' dir='ltr'>habemus</span> <span class='ocrx_word' id='word_1_641' title='bbox 3215 3417 3557 3474; x_wconf 88' lang='lat' dir='ltr'>sacerdotem</span> <span class='ocrx_word' id='word_1_642' title='bbox 3607 3418 3662 3473; x_wconf 92' lang='lat' dir='ltr'>in</span> 
     </span>
    </p>
   </div>
   <div class='ocr_carea' id='block_1_84' title="bbox 2058 3505 3667 3579">
    <p class='ocr_par' dir='ltr' id='par_1_84' title="bbox 2058 3505 3667 3579">
     <span class='ocr_line' id='line_1_84' title="bbox 2058 3505 3667 3579; baseline 0 -16"><span class='ocrx_word' id='word_1_643' title='bbox 2058 3505 2214 3563; x_wconf 71' lang='lat' dir='ltr'>caelis</span> <span class='ocrx_word' id='word_1_644' title='bbox 2250 3507 2342 3578; x_wconf 93' lang='lat' dir='ltr'>qui</span> <span class='ocrx_word' id='word_1_645' title='bbox 2385 3506 2694 3579; x_wconf 88' lang='lat' dir='ltr'>interpellat</span> <span class='ocrx_word' id='word_1_646' title='bbox 2740 3523 2841 3578; x_wconf 90' lang='lat' dir='ltr'>pro</span> <span class='ocrx_word' id='word_1_647' title='bbox 2881 3507 3058 3574; x_wconf 90' lang='lat' dir='ltr'>nobis,</span> <span class='ocrx_word' id='word_1_648' title='bbox 3091 3507 3160 3562; x_wconf 91' lang='lat' dir='ltr'>de</span> <span class='ocrx_word' id='word_1_649' title='bbox 3209 3520 3317 3578; x_wconf 92' lang='lat' dir='ltr'>quo</span> <span class='ocrx_word' id='word_1_650' title='bbox 3363 3506 3526 3562; x_wconf 91' lang='lat' dir='ltr'>etiam</span> <span class='ocrx_word' id='word_1_651' title='bbox 3566 3523 3667 3578; x_wconf 89' lang='lat' dir='ltr'>per</span> 
     </span>
    </p>
   </div>
   <div class='ocr_carea' id='block_1_85' title="bbox 2057 3594 3666 3670">
    <p class='ocr_par' dir='ltr' id='par_1_85' title="bbox 2057 3594 3666 3670">
     <span class='ocr_line' id='line_1_85' title="bbox 2057 3594 3666 3670; baseline 0.001 -20"><span class='ocrx_word' id='word_1_652' title='bbox 2057 3595 2320 3652; x_wconf 87' lang='lat' dir='ltr'>Joannem</span> <span class='ocrx_word' id='word_1_653' title='bbox 2353 3594 2582 3652; x_wconf 89' lang='lat' dir='ltr'>dicitur:</span> <span class='ocrx_word' id='word_1_654' title='bbox 2605 3597 2808 3670; x_wconf 83' lang='lat' dir='ltr'>Siquis</span> <span class='ocrx_word' id='word_1_655' title='bbox 2835 3599 3174 3669; x_wconf 85' lang='lat' dir='ltr'>peccaverit,</span> <span class='ocrx_word' id='word_1_656' title='bbox 3207 3595 3539 3652; x_wconf 87' lang='lat' dir='ltr'>advocatum</span> <span class='ocrx_word' id='word_1_657' title='bbox 3573 3595 3666 3651; x_wconf 89' lang='lat' dir='ltr'>ha-</span> 
     </span>
    </p>
   </div>
   <div class='ocr_carea' id='block_1_86' title="bbox 2058 3685 3664 3759">
    <p class='ocr_par' dir='ltr' id='par_1_86' title="bbox 2058 3685 3664 3759">
     <span class='ocr_line' id='line_1_86' title="bbox 2058 3685 3664 3759; baseline -0.001 -18"><span class='ocrx_word' id='word_1_658' title='bbox 2058 3685 2249 3742; x_wconf 87' lang='lat' dir='ltr'>bemus</span> <span class='ocrx_word' id='word_1_659' title='bbox 2270 3687 2420 3758; x_wconf 89' lang='lat' dir='ltr'>apud</span> <span class='ocrx_word' id='word_1_660' title='bbox 2439 3689 2670 3742; x_wconf 83' lang='lat' dir='ltr'>Patrem</span> <span class='ocrx_word' id='word_1_661' title='bbox 2691 3687 2882 3742; x_wconf 77' lang='lat' dir='ltr'>Iesum</span> <span class='ocrx_word' id='word_1_662' title='bbox 2902 3686 3192 3743; x_wconf 82' lang='lat' dir='ltr'>Christum</span> <span class='ocrx_word' id='word_1_663' title='bbox 3205 3689 3451 3759; x_wconf 87' lang='lat' dir='ltr'>justum,</span> <span class='ocrx_word' id='word_1_664' title='bbox 3472 3691 3530 3741; x_wconf 91' lang='lat' dir='ltr'>et</span> <span class='ocrx_word' id='word_1_665' title='bbox 3546 3685 3664 3758; x_wconf 86' lang='lat' dir='ltr'>ipse</span> 
     </span>
    </p>
   </div>
   <div class='ocr_carea' id='block_1_87' title="bbox 2059 3774 3666 3848">
    <p class='ocr_par' dir='ltr' id='par_1_87' title="bbox 2059 3774 3666 3848">
     <span class='ocr_line' id='line_1_87' title="bbox 2059 3774 3666 3848; baseline -0.001 -16"><span class='ocrx_word' id='word_1_666' title='bbox 2059 3779 2143 3832; x_wconf 81' lang='lat' dir='ltr'>est</span> <span class='ocrx_word' id='word_1_667' title='bbox 2179 3776 2458 3848; x_wconf 88' lang='lat' dir='ltr'>propiatio</span> <span class='ocrx_word' id='word_1_668' title='bbox 2490 3791 2594 3848; x_wconf 90' lang='lat' dir='ltr'>pro</span> <span class='ocrx_word' id='word_1_669' title='bbox 2627 3778 2873 3848; x_wconf 85' lang='lat' dir='ltr'>peccatis</span> <span class='ocrx_word' id='word_1_670' title='bbox 2909 3777 3120 3832; x_wconf 81' lang='lat' dir='ltr'>nostris</span> <span class='ocrx_word' id='word_1_671' title='bbox 3143 3775 3193 3846; x_wconf 90' lang='lat' dir='ltr'>(I</span> <span class='ocrx_word' id='word_1_672' title='bbox 3217 3777 3378 3833; x_wconf 82' lang='lat' dir='ltr'>Joan.</span> <span class='ocrx_word' id='word_1_673' title='bbox 3404 3774 3486 3846; x_wconf 85' lang='grc' dir='ltr'>ιι).</span> <span class='ocrx_word' id='word_1_674' title='bbox 3518 3775 3666 3830; x_wconf 90' lang='lat' dir='ltr'>Ecce</span> 
     </span>
    </p>
   </div>
   <div class='ocr_carea' id='block_1_88' title="bbox 2059 3864 3669 3937">
    <p class='ocr_par' dir='ltr' id='par_1_88' title="bbox 2059 3864 3669 3937">
     <span class='ocr_line' id='line_1_88' title="bbox 2059 3864 3669 3937; baseline -0.002 -16"><span class='ocrx_word' id='word_1_675' title='bbox 2059 3865 2290 3921; x_wconf 89' lang='lat' dir='ltr'>exsultat</span> <span class='ocrx_word' id='word_1_676' title='bbox 2330 3864 2565 3932; x_wconf 89' lang='lat' dir='ltr'>animus,</span> <span class='ocrx_word' id='word_1_677' title='bbox 2600 3881 2723 3921; x_wconf 92' lang='lat' dir='ltr'>cum</span> <span class='ocrx_word' id='word_1_678' title='bbox 2773 3865 3022 3922; x_wconf 87' lang='lat' dir='ltr'>advocati</span> <span class='ocrx_word' id='word_1_679' title='bbox 3051 3865 3222 3921; x_wconf 91' lang='lat' dir='ltr'>nostri</span> <span class='ocrx_word' id='word_1_680' title='bbox 3249 3864 3543 3937; x_wconf 89' lang='lat' dir='ltr'>potentiam</span> <span class='ocrx_word' id='word_1_681' title='bbox 3573 3879 3669 3919; x_wconf 91' lang='lat' dir='ltr'>au-</span> 
     </span>
    </p>
   </div>
   <div class='ocr_carea' id='block_1_89' title="bbox 2058 3953 3665 4011">
    <p class='ocr_par' dir='ltr' id='par_1_89' title="bbox 2058 3953 3665 4011">
     <span class='ocr_line' id='line_1_89' title="bbox 2058 3953 3665 4011; baseline -0.001 -2"><span class='ocrx_word' id='word_1_682' title='bbox 2058 3954 2238 4010; x_wconf 91' lang='lat' dir='ltr'>dimus</span> <span class='ocrx_word' id='word_1_683' title='bbox 2271 3972 2283 4008; x_wconf 94' lang='lat'><strong>:</strong></span> <span class='ocrx_word' id='word_1_684' title='bbox 2319 3955 2415 4010; x_wconf 91' lang='lat' dir='ltr'>sed</span> <span class='ocrx_word' id='word_1_685' title='bbox 2446 3954 2857 4010; x_wconf 85' lang='lat' dir='ltr'>exsultationem</span> <span class='ocrx_word' id='word_1_686' title='bbox 2886 3962 3127 4011; x_wconf 89' lang='lat' dir='ltr'>nostram</span> <span class='ocrx_word' id='word_1_687' title='bbox 3157 3955 3353 4010; x_wconf 91' lang='lat' dir='ltr'>iterum</span> <span class='ocrx_word' id='word_1_688' title='bbox 3384 3953 3665 4010; x_wconf 89' lang='lat' dir='ltr'>remordet</span> 
     </span>
    </p>
   </div>
   <div class='ocr_carea' id='block_1_90' title="bbox 2057 4042 3664 4116">
    <p class='ocr_par' dir='ltr' id='par_1_90' title="bbox 2057 4042 3664 4116">
     <span class='ocr_line' id='line_1_90' title="bbox 2057 4042 3664 4116; baseline 0 -19"><span class='ocrx_word' id='word_1_689' title='bbox 2057 4043 2236 4110; x_wconf 88' lang='lat' dir='ltr'>timor,</span> <span class='ocrx_word' id='word_1_690' title='bbox 2270 4044 2396 4116; x_wconf 89' lang='lat' dir='ltr'>quia</span> <span class='ocrx_word' id='word_1_691' title='bbox 2422 4044 2539 4115; x_wconf 93' lang='lat' dir='ltr'>ipse</span> <span class='ocrx_word' id='word_1_692' title='bbox 2573 4045 2664 4114; x_wconf 91' lang='lat' dir='ltr'>qui</span> <span class='ocrx_word' id='word_1_693' title='bbox 2693 4043 2851 4098; x_wconf 91' lang='lat' dir='ltr'>nobis</span> <span class='ocrx_word' id='word_1_694' title='bbox 2882 4044 3176 4100; x_wconf 90' lang='lat' dir='ltr'>advocatus</span> <span class='ocrx_word' id='word_1_695' title='bbox 3220 4051 3303 4099; x_wconf 90' lang='lat' dir='ltr'>est</span> <span class='ocrx_word' id='word_1_696' title='bbox 3351 4042 3548 4098; x_wconf 90' lang='lat' dir='ltr'>dicitur</span> <span class='ocrx_word' id='word_1_697' title='bbox 3569 4043 3664 4112; x_wconf 92' lang='lat' dir='ltr'>ju-</span> 
     </span>
    </p>
   </div>
   <div class='ocr_carea' id='block_1_91' title="bbox 2059 4131 3664 4200">
    <p class='ocr_par' dir='ltr' id='par_1_91' title="bbox 2059 4131 3664 4200">
     <span class='ocr_line' id='line_1_91' title="bbox 2059 4131 3664 4200; baseline -0.001 -14"><span class='ocrx_word' id='word_1_698' title='bbox 2059 4140 2192 4187; x_wconf 91' lang='lat' dir='ltr'>stus.</span> <span class='ocrx_word' id='word_1_699' title='bbox 2239 4132 2354 4187; x_wconf 90' lang='lat' dir='ltr'>Nos</span> <span class='ocrx_word' id='word_1_700' title='bbox 2397 4133 2542 4186; x_wconf 91' lang='lat' dir='ltr'>enim</span> <span class='ocrx_word' id='word_1_701' title='bbox 2589 4147 2780 4187; x_wconf 87' lang='lat' dir='ltr'>causas</span> <span class='ocrx_word' id='word_1_702' title='bbox 2827 4132 3101 4200; x_wconf 60' lang='lat' dir='ltr'>injustitia</span> <span class='ocrx_word' id='word_1_703' title='bbox 3145 4131 3430 4186; x_wconf 89' lang='lat' dir='ltr'>habemus.</span> <span class='ocrx_word' id='word_1_704' title='bbox 3480 4132 3664 4185; x_wconf 86' lang='lat' dir='ltr'>Justus</span> 
     </span>
    </p>
   </div>
   <div class='ocr_carea' id='block_1_92' title="bbox 2056 4218 3660 4289">
    <p class='ocr_par' dir='ltr' id='par_1_92' title="bbox 2056 4218 3660 4289">
     <span class='ocr_line' id='line_1_92' title="bbox 2056 4218 3660 4289; baseline -0.003 -12"><span class='ocrx_word' id='word_1_705' title='bbox 2056 4235 2190 4277; x_wconf 90' lang='lat' dir='ltr'>vero</span> <span class='ocrx_word' id='word_1_706' title='bbox 2218 4221 2512 4276; x_wconf 84' lang='lat' dir='ltr'>advocatus</span> <span class='ocrx_word' id='word_1_707' title='bbox 2541 4221 2768 4289; x_wconf 91' lang='lat' dir='ltr'>injustas</span> <span class='ocrx_word' id='word_1_708' title='bbox 2799 4235 2995 4276; x_wconf 89' lang='lat' dir='ltr'>causas</span> <span class='ocrx_word' id='word_1_709' title='bbox 3024 4219 3170 4274; x_wconf 91' lang='lat' dir='ltr'>nullo</span> <span class='ocrx_word' id='word_1_710' title='bbox 3200 4220 3367 4274; x_wconf 90' lang='lat' dir='ltr'>modo</span> <span class='ocrx_word' id='word_1_711' title='bbox 3412 4218 3660 4288; x_wconf 89' lang='lat' dir='ltr'>suscipit,</span> 
     </span>
    </p>
   </div>
   <div class='ocr_carea' id='block_1_93' title="bbox 2057 4306 3663 4381">
    <p class='ocr_par' dir='ltr' id='par_1_93' title="bbox 2057 4306 3663 4381">
     <span class='ocr_line' id='line_1_93' title="bbox 2057 4306 3663 4381; baseline -0.002 -17"><span class='ocrx_word' id='word_1_712' title='bbox 2057 4326 2158 4365; x_wconf 90' lang='lat' dir='ltr'>nec</span> <span class='ocrx_word' id='word_1_713' title='bbox 2187 4309 2356 4366; x_wconf 89' lang='lat' dir='ltr'>verba</span> <span class='ocrx_word' id='word_1_714' title='bbox 2402 4311 2535 4364; x_wconf 88' lang='lat' dir='ltr'>dare</span> <span class='ocrx_word' id='word_1_715' title='bbox 2584 4325 2684 4381; x_wconf 90' lang='lat' dir='ltr'>pro</span> <span class='ocrx_word' id='word_1_716' title='bbox 2731 4309 2988 4379; x_wconf 90' lang='lat' dir='ltr'>injustitia</span> <span class='ocrx_word' id='word_1_717' title='bbox 3036 4308 3320 4364; x_wconf 91' lang='lat' dir='ltr'>consentit.</span> <span class='ocrx_word' id='word_1_718' title='bbox 3354 4306 3496 4377; x_wconf 91' lang='lat' dir='ltr'>Quid</span> <span class='ocrx_word' id='word_1_719' title='bbox 3528 4323 3663 4380; x_wconf 86' lang='lat' dir='ltr'>ergo</span> 
     </span>
    </p>
   </div>
   <div class='ocr_carea' id='block_1_94' title="bbox 344 4394 3662 4477">
    <p class='ocr_par' dir='ltr' id='par_1_94' title="bbox 344 4394 3662 4477">
     <span class='ocr_line' id='line_1_94' title="bbox 344 4394 3662 4477; baseline -0.002 -21"><span class='ocrx_word' id='word_1_720' title='bbox 344 4401 654 4474; x_wconf 89' lang='lat' dir='ltr'>plectantur</span> <span class='ocrx_word' id='word_1_721' title='bbox 682 4402 739 4456; x_wconf 91' lang='lat' dir='ltr'>in</span> <span class='ocrx_word' id='word_1_722' title='bbox 775 4403 1032 4474; x_wconf 64' lang='lat' dir='ltr'>prmsenti</span> <span class='ocrx_word' id='word_1_723' title='bbox 1075 4403 1186 4460; x_wconf 89' lang='lat' dir='ltr'>vita</span> <span class='ocrx_word' id='word_1_724' title='bbox 1229 4403 1642 4460; x_wconf 90' lang='lat' dir='ltr'>misericordem</span> <span class='ocrx_word' id='word_1_725' title='bbox 1674 4411 1727 4459; x_wconf 91' lang='lat' dir='ltr'>et</span> <span class='ocrx_word' id='word_1_726' title='bbox 1756 4404 1955 4477; x_wconf 88' lang='lat' dir='ltr'>longa-</span> <span class='ocrx_word' id='word_1_727' title='bbox 1983 4396 2037 4457; x_wconf 92' lang='lat' dir='ltr'>D</span> <span class='ocrx_word' id='word_1_728' title='bbox 2059 4399 2294 4473; x_wconf 92' lang='lat' dir='ltr'>agimus,</span> <span class='ocrx_word' id='word_1_729' title='bbox 2322 4397 2626 4454; x_wconf 89' lang='lat' dir='ltr'>charissimi</span> <span class='ocrx_word' id='word_1_730' title='bbox 2662 4398 2856 4454; x_wconf 85' lang='lat' dir='ltr'>fratres</span> <span class='ocrx_word' id='word_1_731' title='bbox 2898 4398 3052 4454; x_wconf 84' lang='lat' dir='ltr'>mei?</span> <span class='ocrx_word' id='word_1_732' title='bbox 3097 4398 3206 4454; x_wconf 91' lang='lat' dir='ltr'>Sed</span> <span class='ocrx_word' id='word_1_733' title='bbox 3251 4413 3378 4454; x_wconf 90' lang='lat' dir='ltr'>ecce</span> <span class='ocrx_word' id='word_1_734' title='bbox 3425 4394 3662 4454; x_wconf 90' lang='lat' dir='ltr'>occurrit</span> 
     </span>
    </p>
   </div>
   <div class='ocr_carea' id='block_1_95' title="bbox 343 4490 1956 4558">
    <p class='ocr_par' dir='ltr' id='par_1_95' title="bbox 343 4490 1956 4558">
     <span class='ocr_line' id='line_1_95' title="bbox 343 4490 1956 4558; baseline 0.003 -13"><span class='ocrx_word' id='word_1_735' title='bbox 343 4490 584 4558; x_wconf 90' lang='lat' dir='ltr'>nimem,</span> <span class='ocrx_word' id='word_1_736' title='bbox 635 4499 687 4546; x_wconf 91' lang='lat' dir='ltr'>et</span> <span class='ocrx_word' id='word_1_737' title='bbox 731 4491 954 4548; x_wconf 89' lang='lat' dir='ltr'>timeant</span> <span class='ocrx_word' id='word_1_738' title='bbox 999 4493 1056 4547; x_wconf 93' lang='lat' dir='ltr'>in</span> <span class='ocrx_word' id='word_1_739' title='bbox 1101 4493 1280 4549; x_wconf 89' lang='lat' dir='ltr'>futura</span> <span class='ocrx_word' id='word_1_740' title='bbox 1333 4509 1609 4550; x_wconf 88' lang='lat' dir='ltr'>veracem.</span> <span class='ocrx_word' id='word_1_741' title='bbox 1667 4493 1788 4550; x_wconf 92' lang='lat' dir='ltr'>Non</span> <span class='ocrx_word' id='word_1_742' title='bbox 1844 4493 1956 4550; x_wconf 91' lang='lat' dir='ltr'>vult</span> 
     </span>
    </p>
   </div>
   <div class='ocr_carea' id='block_1_96' title="bbox 345 4579 1949 4654">
    <p class='ocr_par' dir='ltr' id='par_1_96' title="bbox 345 4579 1949 4654">
     <span class='ocr_line' id='line_1_96' title="bbox 345 4579 1949 4654; baseline 0.001 -18"><span class='ocrx_word' id='word_1_743' title='bbox 345 4579 498 4636; x_wconf 88' lang='lat' dir='ltr'>enim</span> <span class='ocrx_word' id='word_1_744' title='bbox 527 4587 754 4636; x_wconf 91' lang='lat' dir='ltr'>mortem</span> <span class='ocrx_word' id='word_1_745' title='bbox 796 4581 968 4653; x_wconf 83' lang='lat' dir='ltr'>impii,</span> <span class='ocrx_word' id='word_1_746' title='bbox 1001 4591 1262 4654; x_wconf 90' lang='lat' dir='ltr'>quantum</span> <span class='ocrx_word' id='word_1_747' title='bbox 1288 4590 1348 4637; x_wconf 93' lang='lat' dir='ltr'>ut</span> <span class='ocrx_word' id='word_1_748' title='bbox 1377 4591 1681 4640; x_wconf 89' lang='lat' dir='ltr'>revertatur</span> <span class='ocrx_word' id='word_1_749' title='bbox 1707 4591 1759 4638; x_wconf 92' lang='lat' dir='ltr'>et</span> <span class='ocrx_word' id='word_1_750' title='bbox 1786 4583 1949 4651; x_wconf 88' lang='lat' dir='ltr'>vivat,</span> 
     </span>
    </p>
   </div>
   <div class='ocr_carea' id='block_1_97' title="bbox 346 4669 1951 4744">
    <p class='ocr_par' dir='ltr' id='par_1_97' title="bbox 346 4669 1951 4744">
     <span class='ocr_line' id='line_1_97' title="bbox 346 4669 1951 4744; baseline 0.004 -21"><span class='ocrx_word' id='word_1_751' title='bbox 346 4669 475 4742; x_wconf 87' lang='lat' dir='ltr'>quia</span> <span class='ocrx_word' id='word_1_752' title='bbox 505 4669 829 4726; x_wconf 90' lang='lat' dir='ltr'>sententiam</span> <span class='ocrx_word' id='word_1_753' title='bbox 857 4671 1080 4727; x_wconf 88' lang='lat' dir='ltr'>inﬂectit</span> <span class='ocrx_word' id='word_1_754' title='bbox 1107 4672 1370 4729; x_wconf 87' lang='lat' dir='ltr'>adversus</span> <span class='ocrx_word' id='word_1_755' title='bbox 1408 4673 1636 4742; x_wconf 91' lang='lat' dir='ltr'>injurias</span> <span class='ocrx_word' id='word_1_756' title='bbox 1664 4673 1951 4744; x_wconf 87' lang='lat' dir='ltr'>irrogatas.</span> 
     </span>
    </p>
   </div>
   <div class='ocr_carea' id='block_1_98' title="bbox 343 4759 1955 4833">
    <p class='ocr_par' dir='ltr' id='par_1_98' title="bbox 343 4759 1955 4833">
     <span class='ocr_line' id='line_1_98' title="bbox 343 4759 1955 4833; baseline 0.002 -19"><span class='ocrx_word' id='word_1_757' title='bbox 343 4759 478 4815; x_wconf 71' lang='lat' dir='ltr'>Haec</span> <span class='ocrx_word' id='word_1_758' title='bbox 508 4767 592 4814; x_wconf 90' lang='lat' dir='ltr'>est</span> <span class='ocrx_word' id='word_1_759' title='bbox 619 4767 809 4816; x_wconf 90' lang='lat' dir='ltr'>nostra</span> <span class='ocrx_word' id='word_1_760' title='bbox 840 4761 1162 4817; x_wconf 84' lang='lat' dir='ltr'>exhortatio.</span> <span class='ocrx_word' id='word_1_761' title='bbox 1197 4763 1428 4833; x_wconf 90' lang='lat' dir='ltr'>Pr0pter</span> <span class='ocrx_word' id='word_1_762' title='bbox 1447 4763 1553 4819; x_wconf 91' lang='lat' dir='ltr'>hoc</span> <span class='ocrx_word' id='word_1_763' title='bbox 1573 4779 1668 4818; x_wconf 90' lang='lat' dir='ltr'>eos</span> <span class='ocrx_word' id='word_1_764' title='bbox 1690 4763 1955 4818; x_wconf 89' lang='lat' dir='ltr'>habemus</span> 
     </span>
    </p>
   </div>
   <div class='ocr_carea' id='block_1_99' title="bbox 343 4847 1951 4922">
    <p class='ocr_par' dir='ltr' id='par_1_99' title="bbox 343 4847 1951 4922">
     <span class='ocr_line' id='line_1_99' title="bbox 343 4847 1951 4922; baseline 0.002 -19"><span class='ocrx_word' id='word_1_765' title='bbox 343 4847 620 4916; x_wconf 81' lang='lat' dir='ltr'>inimicos,</span> <span class='ocrx_word' id='word_1_766' title='bbox 654 4849 782 4922; x_wconf 92' lang='lat' dir='ltr'>quia</span> <span class='ocrx_word' id='word_1_767' title='bbox 813 4866 946 4906; x_wconf 88' lang='lat' dir='ltr'>vera</span> <span class='ocrx_word' id='word_1_768' title='bbox 977 4849 1227 4918; x_wconf 91' lang='lat' dir='ltr'>dicimus,</span> <span class='ocrx_word' id='word_1_769' title='bbox 1263 4851 1392 4922; x_wconf 89' lang='lat' dir='ltr'>quia</span> <span class='ocrx_word' id='word_1_770' title='bbox 1432 4859 1610 4908; x_wconf 89' lang='lat' dir='ltr'>tacere</span> <span class='ocrx_word' id='word_1_771' title='bbox 1639 4852 1951 4921; x_wconf 90' lang='lat' dir='ltr'>metuimus,</span> 
     </span>
    </p>
   </div>
   <div class='ocr_carea' id='block_1_100' title="bbox 346 4937 1954 5013">
    <p class='ocr_par' dir='ltr' id='par_1_100' title="bbox 346 4937 1954 5013">
     <span class='ocr_line' id='line_1_100' title="bbox 346 4937 1954 5013; baseline 0.002 -21"><span class='ocrx_word' id='word_1_772' title='bbox 346 4937 476 5010; x_wconf 91' lang='lat' dir='ltr'>quia</span> <span class='ocrx_word' id='word_1_773' title='bbox 506 4953 722 4994; x_wconf 88' lang='lat' dir='ltr'>cessare</span> <span class='ocrx_word' id='word_1_774' title='bbox 753 4939 821 4994; x_wconf 89' lang='lat' dir='ltr'>ab</span> <span class='ocrx_word' id='word_1_775' title='bbox 850 4939 1100 4995; x_wconf 91' lang='lat' dir='ltr'>instantia</span> <span class='ocrx_word' id='word_1_776' title='bbox 1131 4949 1326 5013; x_wconf 90' lang='lat' dir='ltr'>quanta</span> <span class='ocrx_word' id='word_1_777' title='bbox 1368 4957 1660 5013; x_wconf 91' lang='lat' dir='ltr'>possumus</span> <span class='ocrx_word' id='word_1_778' title='bbox 1691 4941 1954 4998; x_wconf 89' lang='lat' dir='ltr'>formida-</span> 
     </span>
    </p>
   </div>
   <div class='ocr_carea' id='block_1_101' title="bbox 344 5028 1954 5102">
    <p class='ocr_par' dir='ltr' id='par_1_101' title="bbox 344 5028 1954 5102">
     <span class='ocr_line' id='line_1_101' title="bbox 344 5028 1954 5102; baseline 0.003 -21"><span class='ocrx_word' id='word_1_779' title='bbox 344 5043 494 5094; x_wconf 88' lang='lat' dir='ltr'>mus,</span> <span class='ocrx_word' id='word_1_780' title='bbox 547 5028 668 5099; x_wconf 89' lang='lat' dir='ltr'>quia</span> <span class='ocrx_word' id='word_1_781' title='bbox 717 5029 1158 5100; x_wconf 89' lang='lat' dir='ltr'>obtemperamus</span> <span class='ocrx_word' id='word_1_782' title='bbox 1205 5031 1466 5102; x_wconf 82' lang='lat' dir='ltr'>Apostolo</span> <span class='ocrx_word' id='word_1_783' title='bbox 1516 5032 1760 5089; x_wconf 89' lang='lat' dir='ltr'>dicenti:</span> <span class='ocrx_word' id='word_1_784' title='bbox 1797 5035 1954 5088; x_wconf 73' lang='lat' dir='ltr'>Prce-</span> 
     </span>
    </p>
   </div>
   <div class='ocr_carea' id='block_1_102' title="bbox 343 5118 1957 5194">
    <p class='ocr_par' dir='ltr' id='par_1_102' title="bbox 343 5118 1957 5194">
     <span class='ocr_line' id='line_1_102' title="bbox 343 5118 1957 5194; baseline 0.001 -20"><span class='ocrx_word' id='word_1_785' title='bbox 343 5118 476 5174; x_wconf 82' lang='lat' dir='ltr'>dica</span> <span class='ocrx_word' id='word_1_786' title='bbox 488 5118 735 5184; x_wconf 85' lang='lat' dir='ltr'>verbum,</span> <span class='ocrx_word' id='word_1_787' title='bbox 752 5120 907 5174; x_wconf 86' lang='lat' dir='ltr'>insta</span> <span class='ocrx_word' id='word_1_788' title='bbox 923 5123 1253 5193; x_wconf 80' lang='lat' dir='ltr'>Opportune,</span> <span class='ocrx_word' id='word_1_789' title='bbox 1269 5121 1612 5193; x_wconf 84' lang='lat' dir='ltr'>importune,</span> <span class='ocrx_word' id='word_1_790' title='bbox 1629 5137 1818 5194; x_wconf 85' lang='lat' dir='ltr'>argue,</span> <span class='ocrx_word' id='word_1_791' title='bbox 1836 5121 1957 5178; x_wconf 86' lang='lat' dir='ltr'>hor-</span> 
     </span>
    </p>
   </div>
   <div class='ocr_carea' id='block_1_103' title="bbox 345 5208 1953 5283">
    <p class='ocr_par' dir='ltr' id='par_1_103' title="bbox 345 5208 1953 5283">
     <span class='ocr_line' id='line_1_103' title="bbox 345 5208 1953 5283; baseline 0.003 -22"><span class='ocrx_word' id='word_1_792' title='bbox 345 5210 473 5262; x_wconf 86' lang='lat' dir='ltr'>tare</span> <span class='ocrx_word' id='word_1_793' title='bbox 501 5208 734 5280; x_wconf 82' lang='lat' dir='ltr'>increpa</span> <span class='ocrx_word' id='word_1_794' title='bbox 765 5209 842 5280; x_wconf 86' lang='lat' dir='ltr'>(II</span> <span class='ocrx_word' id='word_1_795' title='bbox 873 5211 1009 5266; x_wconf 87' lang='lat' dir='ltr'>Tim.</span> <span class='ocrx_word' id='word_1_796' title='bbox 1045 5210 1146 5280; x_wconf 79' lang='lat' dir='ltr'>iv),</span> <span class='ocrx_word' id='word_1_797' title='bbox 1180 5209 1276 5264; x_wconf 91' lang='lat' dir='ltr'>sed</span> <span class='ocrx_word' id='word_1_798' title='bbox 1309 5209 1447 5266; x_wconf 91' lang='lat' dir='ltr'>sicut</span> <span class='ocrx_word' id='word_1_799' title='bbox 1478 5210 1834 5283; x_wconf 88' lang='lat' dir='ltr'>Evangelium</span> <span class='ocrx_word' id='word_1_800' title='bbox 1867 5211 1953 5266; x_wconf 89' lang='lat' dir='ltr'>lo-</span> 
     </span>
    </p>
   </div>
   <div class='ocr_carea' id='block_1_104' title="bbox 342 5295 1955 5370">
    <p class='ocr_par' dir='ltr' id='par_1_104' title="bbox 342 5295 1955 5370">
     <span class='ocr_line' id='line_1_104' title="bbox 342 5295 1955 5370; baseline 0.003 -21"><span class='ocrx_word' id='word_1_801' title='bbox 342 5295 530 5367; x_wconf 88' lang='lat' dir='ltr'>quitur</span> <span class='ocrx_word' id='word_1_802' title='bbox 553 5313 567 5350; x_wconf 91' lang='lat'>:</span> <span class='ocrx_word' id='word_1_803' title='bbox 599 5298 854 5370; x_wconf 84' lang='lat' dir='ltr'>Diligunt</span> <span class='ocrx_word' id='word_1_804' title='bbox 875 5297 1114 5370; x_wconf 82' lang='lat' dir='ltr'>gloriam</span> <span class='ocrx_word' id='word_1_805' title='bbox 1143 5299 1437 5355; x_wconf 83' lang='lat' dir='ltr'>hominum</span> <span class='ocrx_word' id='word_1_806' title='bbox 1457 5301 1638 5370; x_wconf 85' lang='lat' dir='ltr'>magis</span> <span class='ocrx_word' id='word_1_807' title='bbox 1665 5317 1834 5370; x_wconf 87' lang='lat' dir='ltr'>quam</span> <span class='ocrx_word' id='word_1_808' title='bbox 1856 5300 1955 5355; x_wconf 90' lang='lat' dir='ltr'>Dei</span> 
     </span>
    </p>
   </div>
   <div class='ocr_carea' id='block_1_105' title="bbox 340 5385 1953 5459">
    <p class='ocr_par' dir='ltr' id='par_1_105' title="bbox 340 5385 1953 5459">
     <span class='ocr_line' id='line_1_105' title="bbox 340 5385 1953 5459; baseline 0.001 -17"><span class='ocrx_word' id='word_1_809' title='bbox 340 5385 530 5456; x_wconf 86' lang='lat' dir='ltr'>(Joan.</span> <span class='ocrx_word' id='word_1_810' title='bbox 581 5386 707 5458; x_wconf 82' lang='lat' dir='ltr'>xu),</span> <span class='ocrx_word' id='word_1_811' title='bbox 739 5393 792 5442; x_wconf 91' lang='lat' dir='ltr'>et</span> <span class='ocrx_word' id='word_1_812' title='bbox 821 5387 1250 5458; x_wconf 58' lang='lat' dir='ltr'>reprehendi-ad</span> <span class='ocrx_word' id='word_1_813' title='bbox 1294 5395 1506 5459; x_wconf 90' lang='lat' dir='ltr'>tempus</span> <span class='ocrx_word' id='word_1_814' title='bbox 1548 5387 1760 5456; x_wconf 89' lang='lat' dir='ltr'>timent,</span> <span class='ocrx_word' id='word_1_815' title='bbox 1795 5389 1953 5443; x_wconf 90' lang='lat' dir='ltr'>dam-</span> 
     </span>
    </p>
   </div>
   <div class='ocr_carea' id='block_1_106' title="bbox 342 5485 1953 5562">
    <p class='ocr_par' dir='ltr' id='par_1_106' title="bbox 342 5485 1953 5562">
     <span class='ocr_line' id='line_1_106' title="bbox 342 5485 1953 5562; baseline 0.003 -22"><span class='ocrx_word' id='word_1_816' title='bbox 342 5485 463 5542; x_wconf 90' lang='lat' dir='ltr'>nari</span> <span class='ocrx_word' id='word_1_817' title='bbox 493 5486 549 5542; x_wconf 94' lang='lat' dir='ltr'>in</span> <span class='ocrx_word' id='word_1_818' title='bbox 580 5487 972 5560; x_wconf 88' lang='lat' dir='ltr'>sempiternum</span> <span class='ocrx_word' id='word_1_819' title='bbox 1015 5505 1124 5547; x_wconf 89' lang='lat' dir='ltr'>non</span> <span class='ocrx_word' id='word_1_820' title='bbox 1167 5491 1375 5546; x_wconf 91' lang='lat' dir='ltr'>timent.</span> <span class='ocrx_word' id='word_1_821' title='bbox 1411 5489 1606 5546; x_wconf 86' lang='lat' dir='ltr'>Vident</span> <span class='ocrx_word' id='word_1_822' title='bbox 1636 5488 1800 5545; x_wconf 88' lang='lat' dir='ltr'>etiam</span> <span class='ocrx_word' id='word_1_823' title='bbox 1848 5489 1953 5562; x_wconf 90' lang='lat' dir='ltr'>ipsi</span> 
     </span>
    </p>
   </div>
   <div class='ocr_carea' id='block_1_107' title="bbox 2055 4487 3662 4562">
    <p class='ocr_par' dir='ltr' id='par_1_107' title="bbox 2055 4487 3662 4562">
     <span class='ocr_line' id='line_1_107' title="bbox 2055 4487 3662 4562; baseline -0.002 -18"><span class='ocrx_word' id='word_1_824' title='bbox 2055 4489 2236 4545; x_wconf 90' lang='lat' dir='ltr'>animo</span> <span class='ocrx_word' id='word_1_825' title='bbox 2268 4489 2400 4562; x_wconf 92' lang='lat' dir='ltr'>quid</span> <span class='ocrx_word' id='word_1_826' title='bbox 2437 4504 2686 4560; x_wconf 87' lang='lat' dir='ltr'>agamus.</span> <span class='ocrx_word' id='word_1_827' title='bbox 2735 4489 2874 4544; x_wconf 86' lang='lat' dir='ltr'>Mala</span> <span class='ocrx_word' id='word_1_828' title='bbox 2919 4506 3040 4562; x_wconf 70' lang='lat' dir='ltr'>quae</span> <span class='ocrx_word' id='word_1_829' title='bbox 3077 4488 3323 4557; x_wconf 90' lang='lat' dir='ltr'>fecimus,</span> <span class='ocrx_word' id='word_1_830' title='bbox 3357 4496 3408 4544; x_wconf 89' lang='lat' dir='ltr'>et</span> <span class='ocrx_word' id='word_1_831' title='bbox 3439 4487 3662 4542; x_wconf 88' lang='lat' dir='ltr'>desera-</span> 
     </span>
    </p>
   </div>
   <div class='ocr_carea' id='block_1_108' title="bbox 2054 4576 3658 4650">
    <p class='ocr_par' dir='ltr' id='par_1_108' title="bbox 2054 4576 3658 4650">
     <span class='ocr_line' id='line_1_108' title="bbox 2054 4576 3658 4650; baseline -0.001 -16"><span class='ocrx_word' id='word_1_832' title='bbox 2054 4595 2178 4635; x_wconf 90' lang='lat' dir='ltr'>mus</span> <span class='ocrx_word' id='word_1_833' title='bbox 2208 4587 2260 4634; x_wconf 88' lang='lat' dir='ltr'>et</span> <span class='ocrx_word' id='word_1_834' title='bbox 2280 4594 2620 4635; x_wconf 90' lang='lat' dir='ltr'>accusemus.</span> <span class='ocrx_word' id='word_1_835' title='bbox 2646 4578 2914 4650; x_wconf 89' lang='lat' dir='ltr'>Scriptum</span> <span class='ocrx_word' id='word_1_836' title='bbox 2937 4587 3020 4634; x_wconf 88' lang='lat' dir='ltr'>est</span> <span class='ocrx_word' id='word_1_837' title='bbox 3043 4596 3058 4635; x_wconf 90' lang='lat'><strong>:</strong></span> <span class='ocrx_word' id='word_1_838' title='bbox 3079 4581 3273 4635; x_wconf 83' lang='lat' dir='ltr'>Justus</span> <span class='ocrx_word' id='word_1_839' title='bbox 3292 4580 3354 4633; x_wconf 81' lang='lat' dir='ltr'>in</span> <span class='ocrx_word' id='word_1_840' title='bbox 3373 4576 3658 4649; x_wconf 84' lang='lat' dir='ltr'>principio</span> 
     </span>
    </p>
   </div>
   <div class='ocr_carea' id='block_1_109' title="bbox 2056 4665 3662 4740">
    <p class='ocr_par' dir='ltr' id='par_1_109' title="bbox 2056 4665 3662 4740">
     <span class='ocr_line' id='line_1_109' title="bbox 2056 4665 3662 4740; baseline -0.004 -14"><span class='ocrx_word' id='word_1_841' title='bbox 2056 4673 2353 4726; x_wconf 87' lang='lat' dir='ltr'>accusator</span> <span class='ocrx_word' id='word_1_842' title='bbox 2373 4673 2458 4725; x_wconf 86' lang='lat' dir='ltr'>cst</span> <span class='ocrx_word' id='word_1_843' title='bbox 2478 4671 2569 4726; x_wconf 86' lang='lat' dir='ltr'>sui</span> <span class='ocrx_word' id='word_1_844' title='bbox 2591 4669 2773 4740; x_wconf 85' lang='lat' dir='ltr'>(Prov.</span> <span class='ocrx_word' id='word_1_845' title='bbox 2806 4670 2991 4739; x_wconf 86' lang='lat' dir='ltr'>xvm).</span> <span class='ocrx_word' id='word_1_846' title='bbox 3024 4666 3260 4736; x_wconf 90' lang='lat' dir='ltr'>Quilibet</span> <span class='ocrx_word' id='word_1_847' title='bbox 3292 4665 3433 4720; x_wconf 91' lang='lat' dir='ltr'>enim</span> <span class='ocrx_word' id='word_1_848' title='bbox 3463 4679 3662 4737; x_wconf 89' lang='lat' dir='ltr'>pecca-</span> 
     </span>
    </p>
   </div>
   <div class='ocr_carea' id='block_1_110' title="bbox 2055 4753 3659 4827">
    <p class='ocr_par' dir='ltr' id='par_1_110' title="bbox 2055 4753 3659 4827">
     <span class='ocr_line' id='line_1_110' title="bbox 2055 4753 3659 4827; baseline -0.002 -14"><span class='ocrx_word' id='word_1_849' title='bbox 2055 4767 2142 4815; x_wconf 90' lang='lat' dir='ltr'>tor</span> <span class='ocrx_word' id='word_1_850' title='bbox 2171 4773 2467 4815; x_wconf 87' lang='lat' dir='ltr'>conversus</span> <span class='ocrx_word' id='word_1_851' title='bbox 2489 4758 2544 4812; x_wconf 90' lang='lat' dir='ltr'>in</span> <span class='ocrx_word' id='word_1_852' title='bbox 2566 4756 2781 4813; x_wconf 90' lang='lat' dir='ltr'>ﬂetibus</span> <span class='ocrx_word' id='word_1_853' title='bbox 2804 4757 2918 4827; x_wconf 90' lang='lat' dir='ltr'>jam</span> <span class='ocrx_word' id='word_1_854' title='bbox 2939 4757 3119 4826; x_wconf 91' lang='lat' dir='ltr'>justus</span> <span class='ocrx_word' id='word_1_855' title='bbox 3150 4770 3272 4810; x_wconf 85' lang='lat' dir='ltr'>esse</span> <span class='ocrx_word' id='word_1_856' title='bbox 3301 4753 3520 4810; x_wconf 90' lang='lat' dir='ltr'>inchoat</span> <span class='ocrx_word' id='word_1_857' title='bbox 3535 4769 3659 4810; x_wconf 91' lang='lat' dir='ltr'>cum</span> 
     </span>
    </p>
   </div>
   <div class='ocr_carea' id='block_1_111' title="bbox 2056 4843 3662 4921">
    <p class='ocr_par' dir='ltr' id='par_1_111' title="bbox 2056 4843 3662 4921">
     <span class='ocr_line' id='line_1_111' title="bbox 2056 4843 3662 4921; baseline -0.004 -16"><span class='ocrx_word' id='word_1_858' title='bbox 2056 4848 2281 4921; x_wconf 77' lang='lat' dir='ltr'>cmperit</span> <span class='ocrx_word' id='word_1_859' title='bbox 2311 4862 2572 4904; x_wconf 88' lang='lat' dir='ltr'>accusare</span> <span class='ocrx_word' id='word_1_860' title='bbox 2603 4847 2749 4919; x_wconf 92' lang='lat' dir='ltr'>quod</span> <span class='ocrx_word' id='word_1_861' title='bbox 2779 4845 2921 4900; x_wconf 88' lang='lat' dir='ltr'>fecit.</span> <span class='ocrx_word' id='word_1_862' title='bbox 2958 4845 3068 4899; x_wconf 91' lang='lat' dir='ltr'>Cur</span> <span class='ocrx_word' id='word_1_863' title='bbox 3097 4843 3239 4898; x_wconf 91' lang='lat' dir='ltr'>enim</span> <span class='ocrx_word' id='word_1_864' title='bbox 3263 4843 3439 4912; x_wconf 90' lang='lat' dir='ltr'>justus</span> <span class='ocrx_word' id='word_1_865' title='bbox 3459 4860 3569 4899; x_wconf 91' lang='lat' dir='ltr'>non</span> <span class='ocrx_word' id='word_1_866' title='bbox 3591 4843 3662 4899; x_wconf 88' lang='lat' dir='ltr'>sit</span> 
     </span>
    </p>
   </div>
   <div class='ocr_carea' id='block_1_112' title="bbox 2056 4932 3660 5011">
    <p class='ocr_par' dir='ltr' id='par_1_112' title="bbox 2056 4932 3660 5011">
     <span class='ocr_line' id='line_1_112' title="bbox 2056 4932 3660 5011; baseline -0.003 -18"><span class='ocrx_word' id='word_1_867' title='bbox 2056 4939 2148 5011; x_wconf 89' lang='lat' dir='ltr'>qui</span> <span class='ocrx_word' id='word_1_868' title='bbox 2177 4946 2366 4995; x_wconf 89' lang='lat' dir='ltr'>contra</span> <span class='ocrx_word' id='word_1_869' title='bbox 2392 4954 2546 4992; x_wconf 90' lang='lat' dir='ltr'>suam</span> <span class='ocrx_word' id='word_1_870' title='bbox 2566 4934 2876 5006; x_wconf 87' lang='lat' dir='ltr'>injustitiam</span> <span class='ocrx_word' id='word_1_871' title='bbox 2903 4934 3015 5003; x_wconf 92' lang='lat' dir='ltr'>jam</span> <span class='ocrx_word' id='word_1_872' title='bbox 3045 4949 3142 5004; x_wconf 90' lang='lat' dir='ltr'>per</span> <span class='ocrx_word' id='word_1_873' title='bbox 3169 4932 3435 5006; x_wconf 87' lang='lat' dir='ltr'>lacrymas</span> <span class='ocrx_word' id='word_1_874' title='bbox 3461 4933 3660 4990; x_wconf 57' lang='lat' dir='ltr'>saevit?</span> 
     </span>
    </p>
   </div>
   <div class='ocr_carea' id='block_1_113' title="bbox 2053 5021 3658 5100">
    <p class='ocr_par' dir='ltr' id='par_1_113' title="bbox 2053 5021 3658 5100">
     <span class='ocr_line' id='line_1_113' title="bbox 2053 5021 3658 5100; baseline -0.003 -18"><span class='ocrx_word' id='word_1_875' title='bbox 2053 5028 2240 5082; x_wconf 83' lang='lat' dir='ltr'>Justus</span> <span class='ocrx_word' id='word_1_876' title='bbox 2272 5027 2434 5100; x_wconf 87' lang='lat' dir='ltr'>igitur</span> <span class='ocrx_word' id='word_1_877' title='bbox 2460 5027 2749 5082; x_wconf 88' lang='lat' dir='ltr'>advocatus</span> <span class='ocrx_word' id='word_1_878' title='bbox 2778 5030 2965 5078; x_wconf 88' lang='lat' dir='ltr'>noster</span> <span class='ocrx_word' id='word_1_879' title='bbox 2997 5023 3174 5092; x_wconf 90' lang='lat' dir='ltr'>justos</span> <span class='ocrx_word' id='word_1_880' title='bbox 3203 5039 3304 5079; x_wconf 90' lang='lat' dir='ltr'>nos</span> <span class='ocrx_word' id='word_1_881' title='bbox 3334 5021 3575 5079; x_wconf 88' lang='lat' dir='ltr'>defendit</span> <span class='ocrx_word' id='word_1_882' title='bbox 3604 5023 3658 5077; x_wconf 90' lang='lat' dir='ltr'>in</span> 
     </span>
    </p>
   </div>
   <div class='ocr_carea' id='block_1_114' title="bbox 2049 5112 3657 5189">
    <p class='ocr_par' dir='ltr' id='par_1_114' title="bbox 2049 5112 3657 5189">
     <span class='ocr_line' id='line_1_114' title="bbox 2049 5112 3657 5189; baseline -0.003 -17"><span class='ocrx_word' id='word_1_883' title='bbox 2049 5117 2275 5187; x_wconf 90' lang='lat' dir='ltr'>judicio,</span> <span class='ocrx_word' id='word_1_884' title='bbox 2323 5117 2446 5189; x_wconf 92' lang='lat' dir='ltr'>quia</span> <span class='ocrx_word' id='word_1_885' title='bbox 2476 5123 2528 5170; x_wconf 91' lang='lat' dir='ltr'>et</span> <span class='ocrx_word' id='word_1_886' title='bbox 2558 5112 2922 5183; x_wconf 90' lang='lat' dir='ltr'>nosmetipsos</span> <span class='ocrx_word' id='word_1_887' title='bbox 2967 5119 3020 5168; x_wconf 92' lang='lat' dir='ltr'>et</span> <span class='ocrx_word' id='word_1_888' title='bbox 3064 5112 3448 5185; x_wconf 86' lang='lat' dir='ltr'>cognoscimus</span> <span class='ocrx_word' id='word_1_889' title='bbox 3480 5119 3535 5168; x_wconf 85' lang='lat' dir='ltr'>et</span> <span class='ocrx_word' id='word_1_890' title='bbox 3565 5127 3657 5168; x_wconf 90' lang='lat' dir='ltr'>ac-</span> 
     </span>
    </p>
   </div>
   <div class='ocr_carea' id='block_1_115' title="bbox 2054 5201 3658 5274">
    <p class='ocr_par' dir='ltr' id='par_1_115' title="bbox 2054 5201 3658 5274">
     <span class='ocr_line' id='line_1_115' title="bbox 2054 5201 3658 5274; baseline -0.005 -11"><span class='ocrx_word' id='word_1_891' title='bbox 2054 5223 2310 5263; x_wconf 91' lang='lat' dir='ltr'>cusamus</span> <span class='ocrx_word' id='word_1_892' title='bbox 2359 5206 2606 5274; x_wconf 90' lang='lat' dir='ltr'>injustos.</span> <span class='ocrx_word' id='word_1_893' title='bbox 2639 5203 2760 5258; x_wconf 91' lang='lat' dir='ltr'>Non</span> <span class='ocrx_word' id='word_1_894' title='bbox 2794 5217 2925 5274; x_wconf 88' lang='lat' dir='ltr'>ergo</span> <span class='ocrx_word' id='word_1_895' title='bbox 2953 5201 3010 5257; x_wconf 91' lang='lat' dir='ltr'>in</span> <span class='ocrx_word' id='word_1_896' title='bbox 3038 5202 3275 5270; x_wconf 87' lang='lat' dir='ltr'>ﬂetibus,</span> <span class='ocrx_word' id='word_1_897' title='bbox 3307 5218 3415 5258; x_wconf 90' lang='lat' dir='ltr'>non</span> <span class='ocrx_word' id='word_1_898' title='bbox 3443 5201 3497 5256; x_wconf 92' lang='lat' dir='ltr'>in</span> <span class='ocrx_word' id='word_1_899' title='bbox 3529 5201 3658 5256; x_wconf 89' lang='lat' dir='ltr'>acti-</span> 
     </span>
    </p>
   </div>
   <div class='ocr_carea' id='block_1_116' title="bbox 2053 5291 3661 5365">
    <p class='ocr_par' dir='ltr' id='par_1_116' title="bbox 2053 5291 3661 5365">
     <span class='ocr_line' id='line_1_116' title="bbox 2053 5291 3661 5365; baseline -0.006 -13"><span class='ocrx_word' id='word_1_900' title='bbox 2053 5296 2154 5352; x_wconf 90' lang='lat' dir='ltr'>bus</span> <span class='ocrx_word' id='word_1_901' title='bbox 2182 5294 2405 5361; x_wconf 90' lang='lat' dir='ltr'>nostris,</span> <span class='ocrx_word' id='word_1_902' title='bbox 2439 5293 2536 5348; x_wconf 92' lang='lat' dir='ltr'>sed</span> <span class='ocrx_word' id='word_1_903' title='bbox 2563 5292 2617 5347; x_wconf 91' lang='lat' dir='ltr'>in</span> <span class='ocrx_word' id='word_1_904' title='bbox 2649 5291 2901 5348; x_wconf 89' lang='lat' dir='ltr'>advocati</span> <span class='ocrx_word' id='word_1_905' title='bbox 2942 5291 3113 5348; x_wconf 89' lang='lat' dir='ltr'>nostri</span> <span class='ocrx_word' id='word_1_906' title='bbox 3157 5291 3488 5365; x_wconf 88' lang='lat' dir='ltr'>allegatione</span> <span class='ocrx_word' id='word_1_907' title='bbox 3529 5305 3661 5346; x_wconf 89' lang='lat' dir='ltr'>con-</span> 
     </span>
    </p>
   </div>
   <div class='ocr_carea' id='block_1_117' title="bbox 2053 5380 3656 5455">
    <p class='ocr_par' dir='ltr' id='par_1_117' title="bbox 2053 5380 3656 5455">
     <span class='ocr_line' id='line_1_117' title="bbox 2053 5380 3656 5455; baseline -0.005 -14"><span class='ocrx_word' id='word_1_908' title='bbox 2053 5384 2300 5441; x_wconf 88' lang='lat' dir='ltr'>ﬁdamus.</span> <span class='ocrx_word' id='word_1_909' title='bbox 2336 5407 2357 5431; x_wconf 84' lang='lat'><strong>»</strong></span> <span class='ocrx_word' id='word_1_910' title='bbox 2391 5382 2700 5438; x_wconf 87' lang='lat' dir='ltr'>Timeamus</span> <span class='ocrx_word' id='word_1_911' title='bbox 2729 5382 2874 5455; x_wconf 91' lang='lat' dir='ltr'>quod</span> <span class='ocrx_word' id='word_1_912' title='bbox 2903 5382 3167 5455; x_wconf 87' lang='lat' dir='ltr'>scriptum</span> <span class='ocrx_word' id='word_1_913' title='bbox 3189 5390 3272 5438; x_wconf 89' lang='lat' dir='ltr'>est</span> <span class='ocrx_word' id='word_1_914' title='bbox 3295 5399 3308 5437; x_wconf 92' lang='lat'><strong>:</strong></span> <span class='ocrx_word' id='word_1_915' title='bbox 3333 5380 3501 5436; x_wconf 88' lang='lat' dir='ltr'>Filius</span> <span class='ocrx_word' id='word_1_916' title='bbox 3531 5394 3656 5434; x_wconf 88' lang='lat' dir='ltr'>ma-</span> 
     </span>
    </p>
   </div>
   <div class='ocr_carea' id='block_1_118' title="bbox 2053 5483 3661 5556">
    <p class='ocr_par' dir='ltr' id='par_1_118' title="bbox 2053 5483 3661 5556">
     <span class='ocr_line' id='line_1_118' title="bbox 2053 5483 3661 5556; baseline -0.004 -17"><span class='ocrx_word' id='word_1_917' title='bbox 2053 5485 2137 5541; x_wconf 91' lang='lat' dir='ltr'>lus</span> <span class='ocrx_word' id='word_1_918' title='bbox 2184 5485 2301 5556; x_wconf 90' lang='lat' dir='ltr'>ipse</span> <span class='ocrx_word' id='word_1_919' title='bbox 2331 5499 2390 5540; x_wconf 88' lang='lat' dir='ltr'>se</span> <span class='ocrx_word' id='word_1_920' title='bbox 2413 5483 2618 5552; x_wconf 89' lang='lat' dir='ltr'>justum</span> <span class='ocrx_word' id='word_1_921' title='bbox 2665 5483 2814 5554; x_wconf 87' lang='lat' dir='ltr'>dicit,</span> <span class='ocrx_word' id='word_1_922' title='bbox 2865 5483 3069 5541; x_wconf 88' lang='lat' dir='ltr'>exitum</span> <span class='ocrx_word' id='word_1_923' title='bbox 3118 5491 3298 5541; x_wconf 90' lang='lat' dir='ltr'>autem</span> <span class='ocrx_word' id='word_1_924' title='bbox 3343 5497 3501 5539; x_wconf 89' lang='lat' dir='ltr'>suum</span> <span class='ocrx_word' id='word_1_925' title='bbox 3547 5493 3661 5535; x_wconf 89' lang='lat' dir='ltr'>non</span> 
     </span>
    </p>
   </div>
  </div>
