4164 6326
967 0 1207 12 ’”--ε¹ν-Ἵ--
1228 4 1328 10 -ἠ-
1341 7 1514 12 .._._,___.

1056 13 1067 16 _
1204 13 1213 19 .
1280 13 1319 18 _
1354 13 1393 19 —-
1456 13 1525 22 -ο-
1552 13 1750 21 mhi
1776 17 1921 27 —_____
1992 23 2021 30 .-

513 148 618 206 ‘83

1542 139 1885 200 HINCMARI
1921 136 2321 198 RHEMENSIS
2355 138 2910 198 ARCHIEPISCOPI.

3705 141 3811 196 484

515 271 718 340 abluit,
748 273 853 329 hoc
880 277 982 341 est,
1015 277 1072 326 ut
1102 267 1438 342 Augustinus
1483 267 1644 337 dicit,
1695 283 1807 324 non
1851 273 2106 336 excusat,
2140 265 2196 328 A
2215 267 2346 324 vitia
2371 284 2493 341 quae
2520 283 2676 324 nunc
2706 270 2810 336 est,
2845 271 2905 323 et
2928 269 3144 338 futura:
3170 265 3222 338 (Ι
3253 266 3389 322 Tim.
3422 280 3500 332 IV,
3529 265 3607 337 '7).
3636 265 3816 322 Nemo

513 377 625 418 non
667 359 839 430 diluit,
885 375 997 416 non
1037 357 1296 428 defendit,
1325 357 1451 414 Noli
1481 373 1632 430 ergo,
1664 356 1852 427 frater,
1892 363 1947 413 te
1987 371 2118 414 con-

513 459 748 522 vertere,
779 457 904 522 post
947 448 1164 506 auditas
1195 456 1271 504 tot
1301 463 1489 505 sacras
1533 447 1902 514 auctoritates,
1935 452 1987 502 et
2017 445 2117 502 ad-

509 538 858 611 monitiones,
905 555 970 596 ac
1015 537 1258 594 salubria
1304 537 1402 594 tibi
1446 545 1699 610 porrecta
1751 535 1998 604 consilia,
2048 533 2116 592 ad

511 629 854 686 excusandas
875 626 1254 685 excusationes
1275 625 1332 682 in
1351 627 1613 700 peccatis,
1635 633 1796 698 atque
1825 625 1896 682 ad
1925 630 2115 682 contu-

511 734 724 775 macem
751 717 1153 786 defensionem,
1176 733 1302 773 cum
1320 731 1482 772 nemo
1505 723 1714 789 quaerat
1733 722 1879 770 tuam
1899 714 2116 770 damna-

509 807 734 876 tionem,
759 807 857 863 sed
879 814 1029 863 tuam
1063 805 1478 873 correctionem,
1505 812 1559 862 et
1577 820 1762 861 coram
1781 805 1899 860 Deo
1935 811 1988 859 et
2015 804 2116 859 ho-

507 897 746 953 minibus
774 893 1148 953 salvationem.
1172 896 1242 951 Et
1257 896 1374 951 haec
1394 895 1604 968 legens,
1628 910 1748 968 quae
1768 893 1864 948 tibi
1891 900 2116 966 paterna

509 985 800 1044 devotione
829 985 1012 1042 scribo
1031 1026 1047 1056 ,
1079 1001 1203 1042 cum
1232 984 1318 1040 his
1347 983 1508 1040 etiam
1537 983 1682 1040 beati
1721 981 1976 1054 Gregorii
2005 997 2115 1038 non

507 1075 776 1148 prolixam
818 1075 1112 1132 verborum
1159 1089 1407 1143 numero,
1445 1073 1542 1129 sed
1569 1072 1863 1128 maximam
1889 1087 1953 1126 ac
1979 1087 2113 1144 pre-

508 1165 704 1220 tiosam
724 1163 1100 1237 intelligentia,
1125 1163 1182 1218 in
1200 1161 1398 1220 mentis
1421 1177 1622 1220 arcano
1643 1161 1881 1218 reconde
1901 1169 2115 1217 senten-

505 1253 638 1310 tiam
682 1270 790 1327 qua
833 1253 1008 1310 dicit:
1047 1273 1067 1306 ι
1104 1253 1166 1308 In
1209 1252 1428 1320 verbis,
1479 1251 1758 1326 inquiens,
1811 1250 1956 1308 sacri
2001 1249 2113 1308 elo-

507 1341 621 1416 quii
649 1342 752 1398 iste
783 1341 946 1398 debet
967 1340 1129 1397 studii
1150 1341 1324 1397 nostri
1345 1340 1480 1398 ordo
1507 1340 1733 1409 servari,
1757 1347 1816 1396 ut
1842 1341 1959 1396 haec
1987 1338 2112 1395 ideo

503 1447 917 1506 cognoscamus,
969 1437 1235 1504 quatenus
1283 1430 1353 1486 de
1403 1429 1684 1504 iniquitate
1730 1437 1915 1485 nostra
1961 1443 2112 1485 com-

503 1521 709 1594 puncti,
743 1528 1143 1594 cognoscentes
1172 1519 1320 1576 mala
1349 1536 1470 1592 quae
1498 1518 1750 1589 fecimus,
1783 1518 2012 1575 vitemus
2042 1533 2112 1574 ne

501 1605 606 1663 alia
625 1604 909 1674 faciamus,
934 1613 986 1662 et
1006 1621 1132 1662 cum
1145 1605 1261 1676 jam
1283 1621 1349 1662 ex
1369 1620 1573 1678 magno
1592 1621 1696 1660 usu
1723 1604 2104 1676 lacrymarum,
2135 1632 2190 1695 Β

502 1696 572 1752 de
599 1703 948 1768 peccatorum
977 1694 1304 1752 remissione
1333 1693 1562 1767 coeperit
1590 1710 1714 1750 esse
1755 1691 1974 1762 fiducia,
2006 1708 2108 1765 per

501 1785 672 1843 verba
699 1785 802 1842 Dei
831 1801 955 1859 quae
982 1784 1354 1858 intelligimus,
1379 1783 1450 1840 ad
1468 1784 1632 1841 vitam
1663 1799 1878 1856 quoque
1899 1790 1951 1840 et
1971 1782 2108 1838 alios

503 1875 799 1931 trahemus.
832 1875 918 1932 Ad
947 1874 1052 1932 hoc
1079 1874 1226 1930 enim
1267 1873 1621 1946 intelligenda
1661 1879 1806 1941 sunt,
1839 1879 1898 1928 ut
1923 1880 1975 1928 et
2001 1887 2106 1928 no-

499 1962 586 2020 bis
603 1963 836 2044 prosint,
861 1970 913 2022 et
932 1962 1232 2020 intentione
1251 1961 1520 2035 spirituali
1540 1961 1662 2018 aliis
1681 1960 2049 2018 conferantur.
2081 1984 2102 2010 η

1077 2071 1305 2128 CAPUT
1333 2071 1532 2127 XLIX.

498 2161 848 2220 Admonetur
867 2163 933 2218 ut
961 2162 1247 2218 talentum
1271 2161 1622 2231 intellectus,
1657 2159 1802 2231 quod
1830 2160 2108 2217 Dominus

789 2233 896 2290 sibi
921 2233 1174 2306 gratuito
1200 2233 1374 2300 dedit,
1409 2249 1526 2288 non
1547 2233 1818 2305 negligat.

571 2321 871 2380 Audiamus
901 2329 954 2380 et
983 2320 1340 2380 obaudiamus
1387 2320 1605 2377 beatum
1654 2319 1974 2393 Apostolum
2020 2336 2108 2376 se-

497 2427 621 2470 cum
649 2427 752 2468 nos
780 2411 1165 2468 admonentem
1189 2427 1204 2466 :
1227 2412 1347 2468 Non
1369 2411 1684 2483 eﬂiciamur
1702 2411 1898 2467 inanis
1915 2410 2109 2483 glorite

494 2501 712 2575 cupidi,
763 2501 1007 2559 invicem
1054 2500 1398 2567 invidentes,
1449 2501 1695 2557 invicem
1742 2502 2108 2573 provocantes

495 2590 648 2664 (Gal.
671 2589 762 2664 v);
785 2597 837 2647 et
852 2591 1050 2648 iterum
1072 2589 1232 2646 nobis
1253 2589 1384 2646 dicit
1408 2605 1421 2645 :
1449 2589 1632 2646 Videte
1653 2589 1921 2663 quomodo
1941 2591 2107 2646 caute

497 2679 821 2748 ambuletis,
846 2697 962 2737 non
981 2683 1048 2737 ut
1067 2679 1424 2753 insipientes,
1443 2678 1538 2736 sed
1552 2682 1620 2736 ut
1630 2680 1914 2752 sapientes
1929 2698 1946 2733 :
1963 2677 2110 2734 redi-

494 2773 717 2827 mentes
743 2773 984 2843 tempus,
1009 2769 1277 2843 quoniam
1295 2769 1415 2825 dies
1435 2769 1578 2824 mali
1613 2771 1754 2825 sunt
1773 2767 1996 2841 (Ephes.
2023 2766 2105 2838 v),

499 2866 553 2915 et
576 2875 590 2914 :
615 2859 859 2932 Subiecti
878 2861 1054 2915 estote
1074 2858 1319 2915 invicem
1337 2859 1401 2914 in
1425 2859 1626 2914 timore
1651 2856 1864 2914 Christi
1886 2855 2023 2927 (ibid
2034 2855 2108 2928 .);

499 2955 552 3004 et
573 2963 591 3004 :
612 2947 775 3004 Alter
799 2947 1041 3004 alterius
1065 2963 1239 3005 onera
1268 2950 1511 3021 portate,
1535 2951 1592 3004 et
1621 2947 1702 3004 sic
1726 2945 2106 3019 adimplebitis

497 3037 674 3110 legem
713 3037 924 3094 Christi
956 3037 1103 3108 (Gal.
1127 3035 1238 3110 v1);
1263 3044 1318 3093 et
1341 3052 1356 3094 :
1380 3037 1596 3093 Honore
1615 3035 1858 3092 invicem
1893 3050 2104 3108 praeve-

489 3127 716 3184 niente:
742 3125 924 3200 (Rom.
948 3126 1075 3199 xn).
1099 3125 1201 3183 Dic
1234 3125 1402 3182 frater
1429 3141 1494 3182 ac
1528 3124 1624 3194 fili,
1651 3123 1781 3198 quid
1816 3124 1960 3180 aliud
1989 3139 2023 3180 a
2050 3130 2101 3181 te

489 3215 670 3290 exegi,
693 3223 984 3290 postquam
1003 3214 1296 3288 episcopus
1317 3214 1494 3273 factus
1515 3231 1596 3286 es,
1621 3222 1674 3270 et
1694 3212 1910 3270 divitias
1930 3221 2102 3271 terre-

493 3321 592 3361 nas
623 3305 854 3378 adeptus
885 3321 966 3373 es,
990 3303 1097 3361 nisi
1127 3312 1186 3362 ut
1215 3305 1389 3361 Deum
1417 3305 1652 3361 haberes
1679 3303 2024 3376 placabilem,
2047 3311 2101 3360 et

491 3393 880 3468 episcopaliter
934 3393 1144 3464 vivens,
1195 3401 1250 3451 et
1309 3393 1679 3466 episcopalem
1731 3392 2098 3449 habitudinem

487 3499 706 3556 gerens,
740 3491 792 3541 te
835 3482 1149 3539 hominibus
1195 3482 1405 3541 faceres
1450 3481 1862 3540 venerabilem?
1907 3488 1962 3538 et
1998 3498 2098 3554 pro

486 3572 684 3646 quibus
713 3589 803 3631 me
832 3581 1022 3630 contra
1042 3581 1094 3629 te
1117 3571 1408 3640 commovi,
1443 3572 1548 3628 nisi
1578 3571 1708 3646 quia
1731 3569 1895 3628 talem
1914 3587 2098 3628 coram

485 3663 604 3721 Deo
632 3661 700 3718 ad
735 3661 984 3732 salutem,
1019 3669 1072 3718 et
1099 3677 1286 3720 coram
1329 3663 1528 3719 saeculo
1574 3662 1644 3718 ad
1687 3661 1952 3718 honorem
1982 3660 2097 3734 epi—

486 3751 694 3824 scopali
741 3750 995 3824 gravitati
1025 3758 1079 3807 et
1108 3751 1289 3808 ordini
1336 3749 1578 3808 debitum
1627 3767 1752 3808 esse
1782 3751 2090 3823 cupiebam,

483 3847 539 3896 et
569 3856 694 3897 esse
722 3839 1184 3897 commonebam?
1224 3847 1280 3897 et
1307 3839 1405 3896 tibi
1432 3841 1537 3897 hoc
1572 3855 1696 3897 esse
1735 3855 1905 3913 grave
1933 3839 2092 3898 vide-

482 3929 612 3986 bam
636 3947 651 3986 :
675 3937 730 3986 et
757 3929 862 3987 hoc
892 3929 1115 4003 quidem
1141 3928 1236 3986 tibi
1269 3945 1438 4003 grave
1466 3931 1732 3987 hactenus
1752 3945 1875 3987 esse
1894 3929 2088 4002 potuit,

481 4027 535 4076 et
563 4026 787 4093 propter
815 4027 1047 4087 aetatem,
1079 4027 1134 4076 et
1162 4019 1292 4093 quia
1321 4019 1506 4076 saeculi
1556 4020 1718 4090 hujus
1769 4018 2092 4076 instabilita-

479 4117 610 4177 tem,
643 4123 711 4166 ac
739 4124 902 4184 quam
950 4107 1213 4166 mutabile
1245 4117 1298 4166 et
1326 4109 1522 4184 fragile
1569 4109 1657 4180 sit,
1687 4109 1934 4182 :eatenus
1979 4125 2088 4165 non

479 4197 806 4274 cognovisti.
837 4199 997 4258 Nunc
1025 4207 1203 4257 autem
1251 4199 1386 4257 hora
1415 4206 1498 4257 est
1521 4199 1635 4271 jam
1665 4215 1766 4257 nos
1795 4199 1864 4257 de
1894 4215 2088 4256 somno

476 4303 706 4364 surgere
735 4289 917 4362 (Rom.
948 4289 1098 4362 xm).
1130 4289 1200 4346 Et
1227 4305 1340 4346 non
1381 4289 1646 4346 debemus
1695 4305 1820 4346 esse
1867 4305 2088 4362 semper

2217 355 2638 413 adolescentiam
2680 364 2831 413 tuam
2871 363 3202 424 contemnat,
3234 355 3332 411 sed
3362 353 3668 428 exemplum
3698 362 3818 411 esto

2216 444 2456 502 ﬁdelium
2484 445 2540 501 in
2569 447 2764 513 verbo,
2797 445 2852 500 in
2881 445 3322 514 conversatione,
3354 445 3410 500 in
3439 444 3729 512 charitate,
3761 443 3819 499 in

2217 532 2347 604 fide,
2378 535 2434 590 in
2463 535 2728 592 castitate.
2760 535 2886 590 Noli
2933 535 3214 608 negligere
3260 534 3497 608 gratiam
3527 551 3648 607 quae
3677 533 3733 588 in
3762 541 3818 589 te

2216 631 2318 690 est,
2350 641 2472 698 quae
2499 624 2621 680 data
2649 631 2731 681 est
2760 623 2857 680 tibi
2903 640 3004 697 per
3045 624 3408 697 prOphetiam,
3439 631 3493 679 et
3518 621 3819 695 inlpositio—

2215 729 2343 768 nem
2363 729 2621 770 manuum
2638 713 2968 786 presbyterii
2992 732 3006 769 :
3029 713 3132 770 hoc
3159 713 3304 770 enim
3332 711 3558 780 faciens,
3584 712 3818 784 teipsum

2217 801 2429 860 salvum
2477 801 2665 870 facies,
2699 811 2752 858 et
2781 819 2876 860 eos
2920 802 3012 876 qui
3055 810 3107 858 te
3149 802 3393 859 audiunt.
3434 823 3456 852 ι
3497 800 3593 858 Sin
3635 810 3819 858 autem

2215 892 2364 961 time,
2410 892 2582 949 frater
2607 907 2672 950 ac
2703 892 2796 960 fili,
2831 893 2977 966 quod
3025 891 3336 948 terribiliter
3377 891 3642 947 Dominus
3689 891 3822 948 dicit

2213 981 2265 1038 ei
2292 981 2385 1055 qui
2413 999 2579 1038 unum
2626 981 2887 1038 talentum
2929 989 3229 1054 acceperat,
3263 989 3316 1038 et
3345 979 3536 1037 abiens
3579 979 3713 1036 fodit
3758 980 3816 1036 in

2215 1078 2445 1140 terram,
2487 1079 2541 1127 et
2589 1071 2871 1128 abscondit
2916 1071 3206 1144 pecuniam
3251 1069 3457 1126 domini
3502 1069 3624 1126 sui:
3652 1070 3816 1127 Serve

2214 1161 2365 1218 male
2404 1165 2461 1218 et
2493 1162 2675 1234 piger,
2717 1162 2930 1218 sciebas
2968 1163 3102 1235 quia
3130 1164 3279 1219 meto
3306 1160 3404 1218 ubi
3433 1176 3548 1218 non
3577 1161 3814 1228 semina,

2215 1255 2272 1307 et
2301 1267 2568 1324 congrege
2592 1252 2688 1307 ubi
2714 1268 2830 1308 non
2852 1268 3052 1325 spargo
3076 1251 3294 1323 (Matth.
3321 1250 3485 1321 xxv),
3506 1257 3559 1305 et
3581 1248 3813 1322 reliqua.

2213 1339 2498 1395 Talentum
2528 1339 2728 1412 quippe
2757 1339 2812 1395 in
2841 1347 2989 1396 terra
3028 1339 3386 1407 abscondere,
3418 1347 3501 1395 est
3531 1346 3818 1411 acceptum

2212 1428 2494 1502 ingenium
2524 1429 2580 1484 in
2608 1429 2842 1485 terrenis
2871 1429 3080 1486 actibus
3101 1429 3398 1502 implicare,
3423 1429 3633 1484 lucrum
3664 1427 3822 1500 spiri-

2214 1517 2319 1574 tale
2347 1535 2457 1575 non
2488 1535 2754 1592 quaerere,
2791 1535 2888 1576 cor
2908 1535 2941 1574 a
2960 1519 3190 1575 terrenis
3221 1517 3510 1575 desideriis
3542 1533 3818 1591 nunquam

2212 1607 2418 1665 levare.
2457 1629 2479 1661 ι
2516 1609 2650 1664 Sunt
2696 1625 2954 1682 namque,
3003 1616 3060 1664 ut
3103 1608 3293 1664 beatus
3339 1607 3468 1664 dicit
3513 1607 3820 1680 Gregorius

2209 1698 2423 1770 (Greg.,
2462 1698 2610 1756 hom.
2636 1699 2699 1754 in
2721 1697 2976 1771 Evang.),
3001 1697 3266 1767 nonnulli,
3295 1697 3386 1770 qui
3407 1698 3611 1754 donum
3631 1696 3824 1752 intelli-

2209 1787 2409 1861 gentiae
2436 1795 2816 1860 perceperunt,
2851 1787 2948 1845 sed
2980 1795 3158 1843 tamen
3190 1787 3307 1843 sola
3340 1804 3462 1860 qua
3488 1785 3664 1844 carnis
3693 1796 3822 1844 sunt

2209 1877 2448 1949 sapiunt,
2479 1877 2548 1932 de
2580 1877 2778 1950 quibus
2809 1893 2910 1949 per
2938 1877 3258 1950 prophetam
3287 1876 3487 1933 dicitur
3515 1877 3649 1950 (Jer.
3685 1877 3766 1948 Iv)
3801 1892 3815 1930 :

2210 1966 2494 2038 Sapientes
2523 1975 2648 2022 sunt
2678 1974 2736 2022 ut
2760 1965 2963 2024 faciant
2991 1967 3150 2035 mala,
3187 1967 3327 2023 bene
3357 1974 3537 2022 autem
3567 1965 3821 2022 nesciunt

2209 2055 2387 2113 facere
2422 2073 2436 2113 :
2469 2055 2568 2112 sed
2596 2055 2862 2113 Dominus
2893 2056 2984 2130 qui
3025 2056 3228 2112 talenta
3270 2056 3514 2124 contulit,
3548 2055 3820 2112 rationem

2207 2145 2482 2218 positurus
2509 2146 2670 2214 redit,
2703 2145 2828 2219 quia
2858 2145 2904 2201 is
2947 2145 3038 2219 qui
3067 2162 3210 2203 nunc
3259 2145 3524 2218 spiritalia
3553 2145 3696 2202 dona
3727 2145 3817 2202 di-

2208 2234 2440 2305 stribuit,
2493 2234 2739 2292 districte
2787 2234 2844 2290 in
2884 2235 3088 2305 judicio
3136 2235 3328 2291 merita
3374 2234 3636 2308 exquirit,
3685 2233 3819 2308 quid

2209 2323 2456 2397 quisquis
2485 2323 2694 2396 accepit
2727 2323 3054 2392 considerat,
3081 2331 3134 2380 et
3152 2323 3297 2398 quod
3325 2323 3537 2382 lucrum
3569 2322 3638 2380 de
3666 2339 3814 2382 acce-

2206 2413 2313 2486 ptis
2343 2421 2604 2486 reportet,
2637 2421 2851 2486 pensat.
2883 2437 2904 2464 »
2941 2413 3239 2470 Considera
3271 2430 3407 2488 ergo
3436 2431 3556 2487 quae
3584 2413 3701 2470 sine
3723 2421 3815 2470 tuo

2205 2502 2400 2559 merito
2429 2502 2485 2559 in
2512 2503 2716 2558 talento
2760 2502 3133 2577 intelligentia
3179 2503 3458 2575 accepisti,
3502 2511 3555 2560 et
3582 2503 3706 2559 vide
3743 2519 3814 2560 ne

2206 2591 2262 2648 in
2292 2600 2440 2648 terra
2467 2590 2600 2648 illud
2638 2592 2962 2662 abscondas,
2998 2600 3052 2649 et
3082 2593 3229 2665 quod
3267 2593 3416 2650 Deus
3453 2593 3616 2666 longe
3646 2591 3814 2650 faciat

2206 2698 2237 2738 a
2266 2689 2340 2751 te,
2380 2681 2508 2739 inde
2537 2681 2605 2739 ab
2637 2681 2730 2739 illo
2760 2681 3057 2740 damneris.

2849 2817 3076 2876 CAPUT
3105 2818 3166 2874 L.

2206 2907 2282 2964 De
2297 2922 2372 2982 eo
2401 2905 2544 2980 quod
2571 2907 2787 2982 dicitur
2821 2910 2985 2982 ferre
3021 2925 3137 2982 non
3181 2911 3474 2982 posse,“
3511 2909 3810 2982 quisquam

2276 2978 2510 3106 diclqtbur
2547 2980 2602 3036 ei
2645 2978 2852 3036 bonum
2907 2979 3134 3054 aliquod
3181 2978 3312 3036 sine
3368 2978 3547 3054 ipsius
3602 2978 3809 3038 merito

2278 3065 2351 3106 ex
2394 3068 2413 3106 ι
2449 3067 2618 3108 uisse.

2267 3137 2516 3213 Denique
2563 3139 2762 3198 dicitur
2787 3155 2822 3196 a
2851 3139 3196 3213 quibusdam,
3249 3139 3396 3214 quod
3444 3148 3667 3214 portare
3712 3157 3812 3214 pa-

2203 3227 2395 3285 tienter
2430 3245 2541 3285 non
2581 3229 2782 3302 possis,
2810 3238 2869 3286 ut
2898 3229 2994 3285 tibi
3023 3245 3055 3285 a
3084 3245 3355 3304 quoquam
3399 3230 3626 3298 dicatur,
3661 3230 3811 3303 quod

2201 3317 2490 3390 quisquam
2519 3317 2614 3374 tibi
2641 3319 2846 3376 bonum
2877 3319 3100 3392 aliquod
3143 3319 3262 3376 sine
3290 3327 3382 3376 tuo
3411 3318 3605 3376 merito
3649 3320 3808 3376 exhi-

2197 3407 2398 3464 buerit.
2447 3409 2578 3466 Haec
2623 3425 2862 3484 namque
2910 3409 3142 3482 qualitas
3183 3409 3352 3466 animi
3394 3425 3504 3466 non
3533 3409 3602 3466 de
3630 3409 3811 3466 humi-

2197 3495 2366 3566 litate,
2394 3497 2493 3554 sed
2523 3498 2590 3554 de
2622 3498 2884 3571 superbia
2908 3499 3196 3556 manifeste
3225 3499 3531 3556 descendit.
3555 3497 3641 3554 Ait
3662 3499 3810 3555 enim

2197 3585 2491 3659 Apostolus
2515 3604 2528 3642 :
2557 3587 2700 3656 Quid
2728 3590 2884 3646 enim
2913 3589 3079 3646 habes
3108 3588 3252 3663 quod
3282 3605 3397 3646 non
3429 3589 3810 3662 accepisti?si

2196 3679 2390 3732 autem
2411 3678 2702 3750 accepisti,
2726 3678 2858 3751 quid
2877 3679 3145 3750 gloriaris
3166 3679 3329 3753 quasi
3348 3695 3462 3736 non
3485 3679 3810 3752 acceperis?

2195 3764 2248 3838 (Ι
2275 3765 2393 3822 Cor.
2419 3766 2520 3838 IV).
2548 3767 2675 3823 Haec
2704 3766 2850 3822 enim
2882 3775 2934 3824 et
2964 3767 3182 3825 Domini
3211 3769 3572 3840 consuetudo,
3607 3776 3661 3824 et
3689 3784 3810 3824 san-

2194 3862 2406 3911 ctorum
2437 3855 2554 3926 ejus
2583 3855 2640 3912 in
2671 3855 2960 3928 Scripturis
3008 3857 3213 3930 legitur
3251 3874 3402 3928 esse,
3444 3865 3502 3913 ut
3541 3875 3666 3914 cum
3695 3873 3810 3914 non

2194 3945 2642 4019 recognoscimus
2671 3961 2703 4002 a
2733 3961 2842 4018 quo
2885 3946 3026 4002 bona
3057 3947 3390 4020 accepimus,
3425 3955 3478 4004 et
3507 3955 3597 4003 aut
3647 3947 3808 4003 bonis

2191 4033 2346 4091 factis
2375 4035 2530 4090 malis
2561 4035 2822 4108 operibus
2869 4037 3282 4109 respondemus,
3331 4045 3424 4094 aut
3461 4037 3662 4110 ingrati
3690 4037 3806 4094 exi-

2193 4123 2404 4192 stimus,
2437 4125 2798 4182 ostendantur
2825 4125 2968 4182 bona
2997 4143 3118 4199 quae
3166 4127 3326 4184 nobis
3371 4126 3620 4200 impensa
3651 4136 3796 4196 sunt,

2191 4221 2459 4286 quatenus
2487 4215 2577 4272 illa
2607 4223 3092 4288 recognoscentes,
3126 4217 3194 4273 de
3225 4216 3386 4273 malis
3413 4215 3618 4273 nostris
3651 4225 3705 4273 et
3734 4217 3803 4274 de

2189 4302 2458 4361 bonorum
2515 4304 2903 4380 ingratitudine
2953 4306 3362 4374 erubescamus,
3425 4314 3479 4363 et
3534 4306 3602 4362 ad
3659 4307 3802 4363 bona

466 4377 700 4448 juvenes
719 4419 734 4450 ,
768 4379 907 4436 sicut
934 4378 1036 4435 bos
1082 4379 1260 4435 malus
1289 4394 1507 4452 semper
1535 4385 1620 4436 est
1645 4378 1864 4436 vitulus.
1906 4379 2087 4436 Debe-

2202 4393 2517 4466 reparanda,
2559 4373 2614 4451 et
2657 4395 2722 4451 ad
2775 4395 2984 4468 gratias
3031 4373 3356 4453 referendas
3393 4403 3798 4454 convertamur.

473 4483 598 4558 mils
623 4475 770 4558 ίεηιθ
807 4466 995 4558 09³10³
1041 4467 1242 4558 ωθηείε
1287 4467 1544 4558 Πθείθθίέὶ
1595 4467 1876 4558 reduc???»
1923 4476 1975 4524 εί
2021 4468 2092 4526 de
2193 4483 2286 4541 Sic
2332 4483 2479 4542 enim
2526 4466 2800 4542 Dominus
2841 4501 3007 4558 agere
3051 4485 3108 4540 in
3156 4485 3450 4558 Scripturis
3497 4487 3801 4558 saepissime

471 4556 724 4648 Ριξίειίηίε
756 4557 1104 4648 θιξιψθεοφτθν
1151 4556 1289 4614 είθιιι
1329 4556 1590 4648 egregias
1633 4556 1958 4628 Praedicator
1988 4573 2090 4614 nos
2189 4571 2410 4646 legitur,
2430 4580 2488 4630 ut
2516 4572 2586 4630 de
2617 4573 2865 4646 pluribus
2885 4556 3070 4648 pauca
3097 4556 3326 4633 numero
3355 4574 3454 4632 sed
3473 4556 3591 4632 non
3603 4576 3800 4633 merito

471 4647 774 4738 admonens
789 4646 920 4704 dicit
939 4663 953 4702 :
981 4646 1154 4716 Quem
1171 4649 1430 4719 fructum
1447 4647 1724 4704 habuistis
1742 4650 1878 4702 tunc
1895 4648 1957 4703 in
1974 4648 2092 4720 qui-

2202 4662 2258 4718 ιὰ
2289 4661 2532 4719 medium
2561 4646 2912 4722 devocemus;
2945 4665 3034 4722 Ait
3059 4665 3205 4722 enim
3232 4665 3300 4722 ad
3330 4665 3661 4738 peculiarem
3691 4681 3798 4738 po-

479 4733 579 4793 b'“
623 4753 780 4794 ητιηο
817 4736 1147 4795 amabam“?
1193 4737 1372 4829 (Ποηξι
1404 4735 1527 4829 Yl)?
1553 4735 1625 4791 Εἴ
1661 4734 2086 4829 ᾁεδθηιιιελφθτ·
2186 4750 2371 4824 pulum
2403 4768 2563 4808 suum
2587 4771 2601 4808 :
2623 4755 2833 4828 Popule
2861 4771 3040 4823 meus,
3076 4755 3210 4829 quid
3235 4733 3508 4812 molestus
3537 4757 3629 4828 fui
3660 4733 3798 4812 tibi?

479 4829 618 4896 tare,
643 4829 711 4882 ut
737 4829 998 4899 fructum
1025 4829 1290 4884 nostrum
1327 4825 1632 4883 habeamus
1660 4825 1724 4880 in
1752 4825 2085 4896 sanctiﬁca-

2202 4841 2428 4899 Dstende
2448 4842 2612 4900 mihi.
2627 4825 2858 4902 Adduxi
2873 4861 2963 4902 vos
2980 4825 3096 4919 per-
3106 4846 3392 4902 desertum
3418 4825 3798 4920 quadraginta

475 4912 650 4981 tione,
671 4913 848 4984 finem
868 4931 997 4973 vero
1018 4916 1194 4974 vitam
1223 4919 1519 4972 aeternam.
1543 4915 1610 4970 Et
1631 4911 1698 4981 si,
1718 4911 1889 4971 frater
1907 4921 1962 4971 et
1983 4915 2080 4985 ﬁli,

467 5017 558 5059 me
589 5017 702 5058 non
734 5002 818 5059 vis
851 5012 945 5059 aut
977 5003 1294 5078 dedignaris
1327 5003 1519 5060 audire
1539 5046 1552 5072 ,
1575 5001 1703 5059 audi
1719 5010 1769 5060 et
1786 5003 2082 5078 obaudiip-

467 5106 590 5148 sum
605 5090 825 5148 beatum
855 5091 1077 5150 Paulum
1105 5091 1410 5166 apostolum
1425 5091 1768 5150 Timotheum
1779 5093 2081 5166 spiritalem

469 5179 644 5238 ﬁlium
671 5197 852 5253 suum,
885 5197 1050 5256 quem
1073 5182 1334 5252 juvenem
1365 5181 1683 5256 episcopum
1711 5183 2077 5258 ordinaverat,

467 5271 858 5329 admonentem
879 5289 892 5328 :
919 5273 1155 5344 Exerce,
1177 5271 1370 5346 inquit,
1396 5274 1642 5348 teipsum
1662 5273 1737 5331 ad
1763 5276 2038 5348 pietatem
2058 5293 2080 5334 :

461 5362 927 5436 namcorporalis
943 5363 1282 5422 exercitatio
1294 5363 1367 5421 ad
1380 5351 1666 5424 modicum
1677 5365 1843 5422 utilis
1854 5367 2078 5440 est,pie-

463 5462 552 5520 tas
567 5463 762 5522 autem
775 5461 849 5521 ad
867 5462 1060 5522 omnia
1081 5461 1248 5524 utilis
1269 5463 1374 5534 est,
1394 5465 1837 5540 promissionem
1863 5463 2075 5524 habens

2183 4933 2374 5003 annis,
2391 4949 2508 4989 non
2519 4937 2656 4990 sunt
2676 4935 2885 4991 attrita
2905 4936 3248 4993 vestimenta
3273 4939 3480 5004 vestra,
3497 4953 3715 4993 manna
3726 4934 3796 4992 de

2181 5022 2317 5079 coelo
2334 5022 2463 5096 plui
2493 5023 2658 5090 vobis,
2685 5027 2740 5080 et
2759 5023 2919 5081 obliti
2949 5027 3085 5082 estis
3113 5042 3204 5082 me
3227 5029 3251 5082 ἵ
3279 5025 3463 5096 (Mich.
3491 5025 3592 5098 vr).
3625 5025 3694 5081 Et
3724 5023 3796 5082 ad

2181 5111 2353 5168 David
2373 5110 2632 5168 dilectum
2651 5129 2872 5171 servum
2893 5131 3071 5182 suum,
3086 5114 3156 5171 de
3175 5129 3285 5187 quo
3301 5114 3461 5172 dicit:
3480 5115 3674 5172 Inveni
3688 5116 3796 5172 Da-

2179 5199 2274 5258 vid
2292 5217 2518 5259 servum
2537 5219 2750 5270 meum,
2773 5205 2871 5278 qui
2884 5206 3031 5277 facit
3050 5220 3244 5262 omnes
3265 5204 3589 5262 voluntates
3609 5219 3787 5261 meas.

2178 5291 2308 5364 Ego,
2347 5289 2540 5365 inquit,
2575 5296 2630 5350 te
2665 5293 2776 5349 tuli
2810 5293 2876 5350 de
2910 5293 3071 5352 domo
3099 5294 3286 5368 patris
3315 5296 3420 5362 tui,
3455 5298 3511 5351 et
3537 5295 3703 5368 posui
3733 5297 3788 5351 te

2176 5395 2406 5452 pascere
2431 5399 2654 5456 gregem
2668 5384 2862 5455 populi
2876 5384 3008 5453 mei,
3031 5388 3089 5441 et
3110 5385 3202 5456 fui
3231 5387 3419 5441 tecum
3437 5385 3502 5440 in
3521 5385 3782 5442 omnibus

2178 5471 2499 5546 ubicunque
2510 5471 2838 5542 ambulasti,
2855 5473 3097 5546 ﬁrmans
3111 5491 3352 5548 regnum
3371 5477 3536 5534 tuum
3549 5475 3612 5532 in
3630 5477 3791 5532 aeter-
