4164 6308
331 185 439 239 485
1046 179 1291 237 OPUSC.
1334 180 1425 236 ET
1481 178 1697 236 EPIST.
1747 177 1821 233 IN
1876 173 2105 234 CAUSA
2159 174 2504 232 HINCMARI
2560 175 2862 232 LAUDUN.
3532 174 3637 229 L86

338 325 484 363 num
513 309 589 378 (II
618 310 747 379 Reg.
782 306 905 377 vn).
936 306 1003 361 Et
1046 305 1153 362 alia
1198 304 1436 377 plurima
1477 321 1600 377 qum
1636 302 1714 360 illi
1742 303 1947 374 impro-
1977 300 2033 362 A
2057 300 2297 357 exterius
2319 302 2632 373 proficiunt,
2664 301 2791 356 inde
2821 300 2891 355 ab
2924 298 3127 355 intimis
3156 297 3378 354 cadunt.
3398 294 3645 353 Amultis

338 404 517 469 perat,
570 396 829 469 quoniam
874 403 996 466 post
1041 394 1364 466 multiplicia
1410 395 1556 451 dona
1599 392 1842 467 graviter
1887 391 1942 446 in
2048 390 2193 446 enim
2220 389 2437 457 dicitur,
2472 389 2619 462 quod
2641 389 2731 444 vix
2769 388 2948 461 pauci,
2981 395 3073 444 aut
3103 387 3286 460 potius
3315 385 3452 443 nulli
3500 385 3649 457 apud

340 502 465 540 eum
498 484 615 540 sine
645 492 900 556 respectu
930 492 1271 556 peccaverat.
1321 485 1467 556 Lege
1510 482 1769 555 epistolas
1796 480 1949 537 Pauli
2045 484 2098 532 te
2120 475 2381 548 quiddam
2410 473 2681 543 beneficii,
2715 474 2820 529 nisi
2845 473 3052 545 praemii
3083 472 3304 529 datione
3349 470 3645 544 praevalent

339 575 413 630 ad
444 573 755 630 Corinthios
785 581 837 629 et
864 573 935 629 ad
965 572 1208 641 Galatas,
1243 580 1296 628 et
1324 573 1451 629 hinc
1481 571 1813 629 sufﬁcienter
1858 569 1947 626 in-
2046 565 2291 622 obtinere
2324 582 2337 619 :
2369 564 2513 637 quod
2543 563 2676 619 satis
2706 579 2980 635 superque
3030 569 3343 618 sanctarum
3395 560 3642 632 Scriptu-

341 664 553 719 venies.
585 663 723 718 Nam
754 669 982 735 quatuor
1008 662 1246 734 legimus
1299 661 1512 734 species
1560 659 1945 733 arrogantium,
2045 670 2234 710 rarum
2265 652 2570 710 auctoritati
2599 650 2954 719 contrarium,
2990 658 3043 708 et
3098 666 3367 707 canonum
3419 656 3503 705 est
3550 664 3643 704 sa-

339 769 468 810 cum
499 761 590 808 aut
621 752 825 807 bonum
856 768 917 807 se
945 759 1134 823 putant
1164 767 1197 806 a
1226 768 1286 807 se
1317 752 1520 807 habere
1548 751 1693 823 quod
1721 750 1946 819 habent,
2047 759 2268 800 crorum
2338 742 2576 799 decretis
2629 742 2943 808 adversum,
3001 748 3059 796 ut
3111 755 3201 795 res
3259 748 3313 795 et
3365 737 3650 794 facultates

342 850 435 897 aut
466 858 569 913 pro
616 841 826 896 meritis
874 840 988 896 suis
1037 857 1096 897 se
1144 841 1347 897 habere
1392 840 1536 913 quod
1582 840 1801 907 habent,
1859 846 1951 894 aut
2047 832 2469 901 ecclesiasticas,
2520 847 2659 905 quas
2713 831 2770 886 in
2828 830 3168 887 ordinatione
3235 828 3532 901 episcopali
3577 828 3646 885 ad

342 921 692 995 singulariter
711 938 770 977 se
803 921 1004 976 habere
1034 922 1181 994 quod
1208 922 1430 988 habent,
1463 929 1556 976 aut
1585 937 1700 992 pra:
1736 919 1949 976 caeteris
2048 923 2351 996 regendum
2381 930 2435 978 et
2466 920 2792 995 regulariter
2830 918 3259 992 dispensandum
3319 917 3437 974 sine
3473 918 3647 989 pretio

342 1027 404 1066 se
434 1010 639 1066 habere
670 1010 814 1082 quod
846 1010 1063 1065 habent.
1088 1011 1169 1065 Ab
1186 1010 1273 1065 his
1289 1010 1543 1065 omnibus
1566 1025 1660 1066 cor
1680 1018 1831 1065 tuum
1849 1025 1949 1064 cu-
2050 1011 2359 1084 suscepisti,
2419 1012 2489 1067 ad
2548 1011 2725 1082 turpis
2781 1009 2917 1065 lucri
2997 1008 3286 1081 praemium
3338 1007 3396 1063 in
3442 1004 3649 1062 benefi-

340 1098 505 1167 stodi,
518 1100 665 1169 juxta
688 1100 835 1171 quod
864 1099 1126 1170 scriptum
1157 1107 1240 1155 est
1274 1116 1286 1155 :
1323 1100 1489 1156 Omni
1514 1100 1769 1157 custodia
1792 1115 1952 1156 serva
2050 1101 2196 1158 cium
2271 1101 2465 1169 dones,
2539 1115 2665 1157 cum
2733 1098 2933 1155 Paulus
3017 1096 3300 1171 apostolus
3371 1096 3492 1153 Tito
3546 1094 3651 1151 de-

355 1205 455 1246 cor
477 1193 660 1255 tuum,
696 1191 964 1262 quoniam
990 1205 1063 1245 ea:
1084 1189 1204 1262 ipso
1226 1190 1343 1246 vita
1365 1190 1619 1263 procedit
1648 1190 1832 1260 (Prov.
1849 1188 1949 1260 tv).

980 1341 1206 1398 CAPUT
1236 1341 1320 1397 LI.

345 1452 422 1507 De
435 1451 679 1517 exeniis,
704 1466 824 1523 quo:
844 1466 878 1506 a
898 1450 1122 1508 clericis
1143 1454 1199 1507 et
1222 1450 1388 1507 laicis
1401 1450 1625 1522 exigere
1640 1449 1949 1506 dicebatur.

418 1557 627 1614 Dicitur
656 1565 710 1612 et
737 1573 768 1612 a
798 1557 1003 1627 multis,
1038 1557 1184 1631 quod
1213 1564 1266 1613 et
1296 1556 1530 1614 clericos
1579 1565 1631 1613 et
1658 1556 1827 1613 laicos
1859 1555 1957 1613 tibi

352 1646 680 1703 commissos
708 1646 765 1701 in
793 1646 979 1702 multis
1009 1646 1217 1703 exeniis
1239 1663 1341 1718 per
1371 1646 1615 1703 diversas
1640 1646 1956 1702 occasiones

348 1752 567 1808 graves,
616 1737 763 1808 quod
794 1743 1014 1793 sanctus
1044 1736 1153 1792 Leo
1181 1752 1325 1808 papa
1353 1753 1465 1792 non
1512 1735 1822 1793 christiana;
1852 1736 1955 1791 de-

348 1824 579 1892 votioni,
610 1824 833 1881 minime
866 1833 1050 1881 autem
1063 1825 1361 1897 episcopali
1390 1824 1643 1898 religioni
1658 1824 1957 1893 convenire

349 1910 670 1976 ostendens,
703 1909 835 1967 dicit
866 1926 879 1966 :
917 1933 940 1957 α
973 1910 1139 1978 Sicut,
1164 1909 1334 1982 inquit
1365 1909 1552 1983 (epist.
1587 1912 1674 1977 84,
1699 1909 1772 1964 ad
1799 1910 1956 1965 Ana-

349 1999 541 2071 εισι),
598 1999 854 2071 ρι’ωΙειιυε
898 2015 1008 2055 non
1056 1998 1170 2055 vult
1215 1998 1405 2070 gravis
1450 1998 1635 2054 oneris
1684 1999 1958 2054 sarcinam

347 2087 516 2158 ferre,
550 2088 627 2143 ita
654 2104 765 2143 non
794 2088 990 2145 audeat
1019 2088 1140 2144 aliis
1200 2089 1549 2160 importabile
1596 2088 1811 2160 pondus
1856 2087 1959 2144 im-

348 2194 580 2251 ponere.
613 2178 877 2249 Discipuli
906 2178 1052 2233 enim
1082 2194 1269 2234 sumus
1300 2177 1522 2233 humilis
1550 2187 1601 2233 et
1636 2177 1783 2233 mitis
1839 2192 1958 2231 ma-

366 2267 526 2339 gistri
538 2267 799 2323 dicentis:
830 2269 1039 2324 Discite
1055 2285 1089 2323 a
1100 2284 1189 2323 me
1202 2269 1333 2340 quia
1344 2268 1503 2323 mitis
1516 2285 1642 2323 sum
1654 2272 1711 2324 et
1723 2267 1958 2323 humilis

354 2357 603 2424 corde,ct
621 2358 924 2413 invenietis
945 2359 1196 2430 requiem
1208 2358 1505 2414 animabus
1521 2358 1721 2414 vestris
1734 2357 1955 2427 (Matth.

350 2446 458 2518 xz).
491 2445 597 2515 Qui
626 2446 845 2501 humilis
867 2453 921 2501 et
950 2445 1096 2501 mitis
1124 2446 1390 2519 magister
1433 2446 1633 2502 iterum
1682 2446 1752 2503 de
1801 2444 1960 2519 gravi

355 2543 410 2591 et
469 2535 800 2608 importabili
846 2536 1076 2607 pralato
1106 2534 1236 2592 dicit
1269 2553 1281 2590 :
1315 2536 1374 2591 Si
1417 2536 1653 2605 dixerit,
1686 2534 1955 2608 inquiens,

357 2625 545 2681 malus
560 2626 660 2682 ille
679 2642 873 2682 servus
886 2627 948 2681 in
968 2624 1131 2683 corde
1142 2642 1263 2693 suo,
1279 2641 1500 2682 moram
1508 2628 1655 2698 facit
1685 2625 1961 2682 Dominus

355 2729 520 2771 meus
560 2716 772 2782 venire,
814 2718 872 2771 et
898 2717 1129 2786 coeperit
1152 2719 1448 2788 percutere
1478 2732 1773 2772 conservos
1809 2731 1956 2782 suos,

354 2805 665 2861 manducet
685 2808 879 2861 autem
900 2809 959 2861 et
970 2806 1261 2861 bibatcum
1273 2806 1469 2872 ebriis,
1487 2807 1675 2862 veniet
1687 2806 1962 2862 Dominus

357 2895 510 2950 servi
529 2895 691 2951 illius
712 2895 776 2950 in
791 2895 882 2951 die
897 2911 1006 2967 qua
1017 2911 1131 2951 non
1143 2898 1351 2968 sperat,
1370 2899 1427 2951 et
1440 2894 1577 2952 hora
1593 2912 1700 2969 qua
1711 2895 1958 2968 ignorat,

2052 1191 2299 1248 scribens
2370 1189 2548 1262 qualis
2615 1187 2815 1245 debeat
2888 1203 3012 1244 esse
3100 1187 3425 1259 episcopus,
3508 1184 3653 1242 inter

2053 1280 2163 1336 alia
2219 1280 2416 1336 dicat:
2453 1279 2699 1353 Oportet,
2789 1276 3068 1350 inquiens,
3136 1277 3458 1349 episcopum
3528 1277 3654 1331 sine

2052 1371 2294 1427 crimine
2307 1385 2425 1426 esse
2444 1371 2593 1425 sicut
2607 1368 2706 1425 Dei
2724 1368 2985 1440 dispenso
2993 1370 3312 1436 torem,non
3324 1365 3623 1439 superbum
3633 1406 3648 1432 ,

2053 1476 2169 1516 non
2189 1459 2551 1527 iracundum,
2575 1474 2691 1515 non
2703 1458 3077 1522 vinolentum,
3102 1472 3218 1512 non
3239 1470 3650 1527 percussorem,

2053 1561 2169 1602 non
2193 1544 2378 1617 turpis
2402 1544 2549 1601 lucri
2587 1541 2858 1615 cupidum
2906 1542 3041 1613 (Tit.
3090 1540 3153 1612 ι).
3201 1540 3272 1595 Et
3327 1539 3459 1595 item
3505 1538 3652 1595 idem

1985 1672 2036 1732 Β
2239 1642 2493 1732 Avaritia
2522 1658 2644 1715 qua:
2666 1644 2753 1732 est
2780 1640 3061 1732 idolorum
3073 1639 3319 1732 servitus
3348 1637 3573 1732 (Ephes:
3592 1651 3647 1703 ν,

2056 1727 2112 1799 5)
2137 1746 2152 1795 ;
2178 1727 2247 1783 Et
2275 1744 2288 1781 :
2315 1726 2500 1783 Radix
2522 1725 2781 1782 omnium
2799 1725 3083 1780 malorum
3103 1723 3383 1796 cupiditas
3405 1720 3460 1793 (Ι
3512 1721 3650 1777 Tim.

2055 1833 2131 1884 vr,
2161 1816 2268 1888 10).
2319 1816 2389 1871 Et
2427 1814 2570 1872 sacri
2590 1813 3051 1886 Carthaginenses
3087 1827 3328 1869 canones
3371 1812 3521 1884 (can.
3545 1810 3602 1881 5)
3635 1825 3649 1866 :

2061 1928 2084 1958 α
2117 1906 2374 1975 Omnino,
2407 1903 2674 1977 inquiunt,
2695 1903 2952 1975 cuiquam
2981 1902 3300 1958 clericorum
3329 1916 3439 1956 non
3493 1899 3653 1956 liceat

2056 1996 2125 2051 de
2148 1994 2385 2067 qualibet
2426 2010 2489 2050 re
2500 1994 2658 2050 fenus
2682 1993 2934 2065 accipere
2958 2011 2972 2061 ;
2997 2013 3020 2043 ν
3043 1998 3094 2047 et
3113 1989 3274 2064 paulo
3294 1996 3450 2062 post:
3474 2010 3496 2040 ι
3520 1990 3653 2046 Pro-

2056 2085 2187 2140 inde
2218 2084 2365 2157 quod
2396 2084 2454 2139 in
2482 2083 2635 2140 laicis
2664 2082 3101 2155 reprehenditur,
3151 2080 3209 2136 id
3255 2080 3424 2136 multo
3477 2078 3656 2152 magis

2057 2175 2220 2230 debet
2246 2173 2303 2230 in
2321 2173 2537 2230 clericis
2566 2172 2951 2245 praedamnari.
2984 2170 3308 2229 Universum
3365 2166 3658 2225 concilium

2058 2263 2199 2320 dixit
2230 2280 2243 2319 :
2273 2263 2449 2319 Nemo
2470 2271 2659 2320 contra
2687 2263 3001 2334 prophetas,
3031 2275 3194 2317 nemo
3234 2266 3428 2316 contra
3471 2258 3658 2315 Evan-

2059 2353 2205 2426 gelia
2227 2352 2350 2409 facit
2377 2353 2496 2409 sine
2524 2351 2788 2425 periculo.
2827 2372 2850 2401 ι
2884 2352 2954 2408 Et
3003 2349 3285 2405 Niczenum
3341 2347 3651 2417 concilium,

2060 2443 2206 2515 quod
2236 2459 2382 2514 saepe
2411 2449 2465 2499 et
2492 2442 2550 2498 in
2577 2440 2700 2497 aliis
2728 2439 3001 2497 invenitur
3028 2437 3345 2509 canonibus,
3368 2452 3524 2493 more
3554 2452 3655 2491 suo

2058 2532 2242 2603 plures
2285 2548 2481 2589 causas
2524 2546 2633 2587 uno
2687 2528 3159 2601 comprehendens
3214 2526 3473 2599 capitulo,
3529 2525 3659 2583 hinc

2060 2638 2184 2679 cum
2238 2621 2362 2678 aliis
2413 2619 2725 2678 conclusive
2781 2618 2912 2676 dicit
2968 2618 3119 2689 (can.
3153 2618 3243 2689 17)
3279 2634 3293 2672 :
3330 2638 3353 2667 α
3388 2615 3659 2685 Quoniam

2060 2719 2215 2776 multi
2245 2719 2347 2775 sub
2375 2719 2570 2793 regula
2598 2716 2876 2777 constituti
2927 2715 3211 2773 avaritiam
3251 2722 3305 2771 et
3335 2714 3510 2787 turpia
3564 2713 3648 2770 lu-

2062 2825 2156 2867 cra
2183 2817 2482 2877 sectantur,
2511 2808 2659 2878 juste
2685 2805 2897 2864 censuit
2923 2810 3118 2863 sancta
3143 2812 3197 2861 et
3229 2819 3433 2877 magna
3486 2818 3660 2876 syno-

2063 2909 2186 2977 dus,
2218 2917 2276 2965 ut
2306 2908 2352 2964 si
2392 2906 2623 2980 quisque
2665 2907 2918 2963 inventus
2957 2904 3119 2961 fuerit
3164 2921 3231 2961 ex
3272 2903 3659 2963 adinventione

356 2987 414 3040 et
434 2984 647 3039 dividet
664 3000 815 3052 eum,
838 2988 1169 3057 partemque
1181 2986 1306 3057 ejus
1311 2989 1485 3057 ponet
1505 3002 1637 3043 eum
1658 2984 1963 3058 hypocritis

2064 3000 2245 3071 aliqua
2275 2998 2363 3055 vel
2395 2997 2636 3070 quolibet
2662 2997 2829 3053 modo
2858 2995 3143 3069 negotium
3189 2993 3520 3065 transigens,
3572 2993 3661 3050 vel

356 3073 580 3142 (Matth.
604 3051 1002 3145 xxsv).r«-Hinc
1023 3051 1220 3129 beatus
1236 3051 1367 3130 dicit
1389 3051 1962 3148 Gregoriusl-Pastor.
2289 3051 2670 3158 ⁷ιξιῇεξίῇ-οιυειιε
2707 3051 3029 3157 έχοοςίιξηε
3071 3083 3246 3155 turpis
3286 3051 3425 3139 ιιιέίεί
3463 3051 3657 3157 εξειίε,

356 3177 417 3230 ιι,
453 3177 574 3235 cap.
608 3162 664 3234 6)
699 3179 714 3218 :
745 3184 767 3213 α
802 3161 949 3219 Inter
978 3163 1295 3235 hypocritas
1323 3163 1469 3219 enim
1485 3164 1607 3233 jure
1651 3164 1963 3235 deputatur,

2064 3177 2348 3248 dejiciatur
2374 3190 2410 3233 a
2436 3176 2606 3242 clero,
2647 3183 2701 3230 et
2736 3174 2946 3231 alienus
2989 3173 3184 3230 existat
3215 3188 3245 3228 a
3291 3172 3498 3244 regula.
3535 3193 3558 3223 ι
3591 3172 3664 3228 Et

357 3252 451 3324 qui
482 3268 550 3308 ex
578 3250 919 3308 simulatione
948 3252 1268 3324 disciplina,
1289 3253 1653 3309 ministerium
1677 3251 1965 3326 regiminis
2064 3267 2175 3323 Leo
2212 3266 2268 3322 in
2297 3265 2527 3338 epistola
2556 3264 2625 3321 ad
2642 3264 2929 3322 universos
2958 3262 3248 3334 episcopos
3262 3277 3363 3333 per
3382 3260 3665 3319 universas

355 3341 521 3399 vertit
550 3340 606 3395 in
635 3357 796 3397 usum
825 3341 1232 3398 dominationis.
1272 3363 1295 3393 ι
1327 3342 1396 3398 Et
1445 3343 1637 3399 beatus
1685 3341 1966 3415 apostolus
2064 3355 2375 3429 provincias
2434 3353 2757 3411 constitutos
2789 3371 2802 3410 ε
2840 3374 2863 3405 κ
2908 3352 3070 3420 ωυά,
3115 3351 3293 3425 inqui;
3334 3350 3522 3424 (φάει,
3584 3351 3661 3422 ί)ν

356 3440 561 3496 Paulus
577 3448 1269 3514 vetat,nonpercussorem
1285 3456 1403 3498 esse
1415 3443 1737 3515 episcopum
1753 3441 1805 3515 (I
1824 3442 1966 3497 Tim.
2067 3445 2317 3504 duximus
2344 3444 2816 3517 premonendum,
2848 3449 2906 3499 ut
2934 3441 3074 3499 sicut
3109 3456 3222 3498 non
3262 3456 3381 3507 suo,
3436 3440 3510 3496 ita
3554 3456 3666 3496 non

361 3545 462 3596 m;
504 3531 607 3587 Tit.
642 3531 702 3601 ι).
734 3531 859 3587 Νοιι
888 3530 1109 3604 quidem
1140 3531 1233 3602 qui
1287 3547 1398 3587 non
1442 3532 1711 3604 percutiat
1766 3530 1968 3603 pugnis

362 3619 631 3687 subditos,
659 3620 757 3676 sed
789 3620 882 3693 qui
912 3635 1025 3677 non
1052 3620 1321 3692 percutiat
1367 3620 1505 3678 actis
1553 3629 1607 3677 et
1654 3619 1815 3678 dictis
1854 3619 1968 3677 suis

361 3709 760 3767 conscientiam
824 3709 1214 3780 subjectorum,
1275 3726 1413 3783 quos
1472 3726 1572 3783 per
1642 3711 1969 3783 prophetam

364 3798 635 3855 Dominus
648 3798 922 3871 redarguit
941 3816 955 3854 :
978 3799 1086 3867 Qui
1098 3802 1436 3873 percutiunt
1446 3816 1631 3874 pugno
1647 3801 1820 3874 impie
1833 3800 1966 3871 (Isa.

360 3888 542 3962 Lvm).
578 3888 922 3945 Audiendum
952 3904 1088 3961 ergo
1117 3889 1276 3946 nobis
1306 3898 1389 3946 est
1418 3890 1655 3962 praelatis
1684 3890 1831 3962 quod
1873 3906 1971 3962 per

360 3978 655 4052 quemdam
682 3978 991 4050 sapientem
1020 3978 1218 4035 dicitur
1249 3993 1264 4037 :
1300 3981 1512 4036 Ducem
1543 3984 1598 4038 te
1648 3980 1968 4037 constitue-

362 4071 527 4135 runt,
553 4068 675 4126 noli
694 4069 916 4137 extolli,
942 4068 1039 4125 sed
1056 4072 1173 4127 esto
1193 4070 1259 4125 in
1274 4070 1395 4125 illis
1418 4070 1583 4143 quasi
1595 4086 1747 4126 unus
1760 4086 1834 4127 ea:
1848 4070 1969 4125 illis

2068 3536 2247 3592 alieno
2305 3533 2546 3601 nomine,
2578 3532 2779 3605 aliquis
2809 3531 3136 3589 clericorum
3181 3545 3449 3587 exercere
3504 3527 3665 3585 fenus

2069 3630 2311 3682 attentet.
2343 3624 2613 3681 Indecens
2640 3622 2787 3678 enim
2818 3629 2900 3678 est
2913 3621 3121 3678 crimen
3149 3636 3311 3675 suum
3356 3617 3663 3677 commodis

2068 3715 2261 3774 alienis
2292 3712 2633 3786 impendere.
2666 3712 2846 3769 Fenus
2876 3719 3057 3769 autem
3084 3711 3192 3767 hoc
3210 3709 3390 3766 solum
3415 3708 3665 3782 aSpicere

2069 3813 2123 3861 et
2150 3820 2411 3863 exercere
2448 3803 2734 3869 debemus,
2781 3810 2839 3858 ut
2893 3802 3041 3875 quod
3096 3800 3186 3857 hic
3235 3798 3668 3855 misericorditer

2068 3894 2376 3962 tribuimus,
2422 3893 2493 3950 ab
2541 3909 2607 3950 eo
2651 3889 2906 3963 Domino,
2949 3890 3043 3964 qui
3085 3889 3475 3963 multipliciter,
3529 3896 3583 3945 et
3611 3887 3668 3945 in

2068 3992 2393 4058 perpetuum
2432 3998 2694 4040 mansura
2735 3982 3010 4047 retribuet,
3060 3980 3310 4052 recipere
3365 3978 3664 4035 valeamus.

2070 4077 2187 4132 Hoc
2214 4075 2398 4148 itaque
2425 4073 2724 4131 admonitio
2753 4079 2937 4127 nostra
2965 4070 3261 4137 denuntiat,
3290 4068 3437 4141 quod
3467 4068 3514 4124 si
3544 4069 3668 4140 quis

368 4158 568 4228 (Eccli.
588 4158 779 4229 χχχιι)
805 4165 892 4225 ;et
922 4174 937 4213 :
970 4159 1194 4215 Divitias
1215 4159 1265 4215 si
1280 4159 1541 4232 afﬂuant,
1562 4159 1741 4216 nolite
1761 4175 1857 4215 cor
1877 4175 1972 4231 ap-
2070 4163 2302 4220 fratrum
2330 4170 2517 4218 contra
2544 4161 2663 4217 haec
2691 4161 2981 4218 constituta
3022 4159 3213 4216 venire
3270 4158 3579 4225 tentaverit,
3613 4165 3668 4213 et

360 4263 575 4321 ponere
607 4248 784 4319 (Psal.
809 4247 946 4319 LXI).
981 4247 1194 4304 Timere
1216 4248 1378 4304 etiam
1408 4247 1694 4314 debemus,
1725 4263 1793 4304 ne
1822 4264 1970 4321 prae-
2070 4251 2344 4326 prohibita
2370 4250 2534 4307 fuerit
2563 4265 2729 4306 ausus
2772 4249 3079 4317 admittere,
3127 4265 3157 4302 a
3203 4262 3303 4304 suo
3352 4262 3412 4303 se
3459 4246 3671 4303 noverit

368 4336 505 4392 latio
536 4344 590 4392 et
613 4337 874 4406 honores,
906 4353 1044 4410 quos
1072 4337 1128 4392 in
1172 4337 1275 4394 isto
1323 4337 1526 4395 saeculo
1579 4338 1864 4405 habemus,
1926 4335 1973 4393 si
2071 4341 2247 4399 oﬂicio
2277 4340 2732 4407 submovendum,
2760 4354 2865 4395 nec
2892 4355 3019 4394 eum
3046 4335 3442 4395 communionis
3469 4343 3671 4393 nostra;

365 4426 575 4499 aliquid
603 4426 731 4483 boni
759 4443 969 4495 sumus,
1001 4427 1284 4484 retributio
1312 4426 1473 4483 nobis
1503 4426 1617 4495 fiat,
1658 4434 1710 4483 et
1740 4441 1774 4482 a
1802 4426 1971 4484 retri-
1998 4422 2308 4488 Dfuturum
2338 4447 2462 4487 esse
2490 4436 2825 4501 consortem,
2857 4428 2949 4503 qui
2985 4428 3166 4485 socius
3202 4426 3376 4484 noluit
3420 4441 3543 4482 esse
3587 4424 3670 4481 di-

365 4516 592 4572 butione
616 4516 888 4586 justorum
921 4516 1132 4573 alienos
1164 4515 1381 4574 efﬁciat.
1407 4516 1564 4574 Unde
1585 4516 1818 4572 Abrahae
1838 4532 1975 4573 voce

365 4605 582 4663 ardenti
610 4606 763 4663 diviti
792 4606 989 4663 dicitur
1021 4625 1035 4663 :
1068 4608 1359 4676 Memento,
1383 4608 1489 4678 ﬁli,
1533 4608 1667 4681 quia
1710 4608 1977 4680 recepisti

368 4697 514 4754 bona
533 4697 599 4753 in
628 4699 747 4754 vita
770 4701 870 4754 tua
891 4699 1048 4770 (Luc.
1077 4697 1222 4766 xvr).
1274 4697 1485 4755 Idcirco
1519 4697 1667 4754 enim
1712 4697 1855 4754 bona
1886 4697 1977 4754 hic

367 4786 574 4858 recepit
604 4794 658 4844 et
702 4786 902 4857 malus,
950 4795 1010 4844 ut
1054 4786 1163 4843 illic
1220 4787 1435 4859 plenius
1478 4787 1622 4844 mala
1691 4786 1973 4860 reciperet,

370 4876 630 4950 quoniam
660 4876 748 4933 hic
787 4876 964 4933 fuerat
1003 4893 1105 4934 nec
1152 4892 1253 4949 per
1299 4877 1442 4934 bona
1471 4893 1771 4934 conversus
1805 4893 1817 4933 :
1851 4877 1979 4949 quia

370 4980 501 5022 cum
530 4965 855 5039 largientem
903 4966 1078 5023 Deum
1136 4966 1377 5024 humana
1412 4983 1570 5024 mens
1624 4966 1756 5025 boni
1793 4966 1978 5039 operis

367 5055 732 5127 responsione
760 5073 871 5113 non
893 5057 1157 5129 sequitur,
1189 5057 1335 5114 unde
1365 5057 1566 5114 nutrita
1592 5057 1682 5130 pie
1714 5056 1975 5126 creditur,

365 5145 569 5216 justius
599 5144 726 5202 inde
755 5146 1060 5203 damnatur.
1095 5146 1236 5204 Hinc
1293 5147 1439 5205 enim
1484 5162 1585 5220 per
1634 5146 1980 5203 Psalmistam

373 5234 574 5292 dicitur
604 5252 618 5290 :
646 5235 1016 5309 Dejecistieos
1027 5236 1161 5294 dum
1174 5237 1758 5307 allevarentur(Psal.
1774 5235 1977 5305 Lxxn).

373 5322 649 5394 Quoniam
673 5324 926 5383 videlicet
954 5327 1193 5400 reprobi,
1225 5342 1351 5384 cum
1384 5333 1533 5383 recta
1561 5339 1734 5398 Opera
1779 5324 1981 5383 divinis

366 5414 688 5472 muneribus
718 5430 833 5473 non
858 5416 1187 5489 rependunt,
1223 5431 1353 5475 cum
1375 5422 1518 5474 totos
1567 5431 1628 5472 se
1675 5414 1765 5473 hic
1813 5416 1981 5473 dese-

376 5520 521 5588 runt,
554 5520 610 5575 et
634 5513 976 5575 afﬂuentibus
1019 5515 1479 5593 prosperitatibus
1506 5514 1802 5587 dimittunt,
1833 5514 1982 5575 unde

2078 4520 2340 4595 sciplinm.
2375 4544 2396 4577 ι
2434 4521 2504 4577 Et
2532 4518 2798 4577 Dominus
2825 4519 2883 4575 in
2909 4517 3251 4593 Evangelio:
3282 4517 3527 4586 Esurivi,
3578 4514 3669 4570 in-

2079 4613 2211 4686 quit,
2245 4616 2301 4670 et
2320 4628 2437 4669 non
2456 4611 2692 4669 dedistis
2711 4611 2857 4667 mihi
2879 4609 3262 4677 manducare;
3281 4606 3455 4672 sitivi,
3481 4608 3538 4661 et
3557 4620 3673 4662 non

2079 4703 2310 4761 dedistis
2329 4702 2474 4761 mihi
2494 4702 2672 4758 bibere
2694 4721 2712 4769 ;
2738 4700 2931 4774 hospes
2951 4715 3109 4756 eram
3137 4701 3194 4755 et
3222 4713 3338 4753 non
3367 4693 3675 4768 collegistis

2079 4810 2189 4863 me,
2207 4792 2396 4850 nudus
2416 4795 2475 4849 et
2490 4807 2607 4849 non
2617 4790 2983 4865 cooperuistis
3001 4803 3109 4854 me,
3129 4786 3396 4857 inﬁmus
3406 4784 3539 4841 etin
3556 4800 3680 4843 car-

2079 4900 2222 4951 cere,
2247 4886 2304 4940 et
2323 4881 2726 4941 nonvisitastis
2752 4896 2841 4936 me
2859 4878 3080 4949 (Matth.
3102 4891 3244 4948 xxv,
3295 4874 3408 4949 42).
3464 4874 3676 4944 Quibus

2081 4972 2245 5030 etiam
2269 4970 2548 5045 praemittit
2576 4970 2766 5026 dicens
2799 4984 2811 5024 :
2842 4967 3122 5024 Discedite
3142 4984 3178 5022 a
3204 4982 3314 5034 me,
3357 4965 3673 5036 maledicti,

2080 5065 2145 5121 in
2177 5064 2367 5135 ignem
2404 5065 2703 5125 internum,
2746 5058 2846 5132 qui
2877 5059 3235 5131 preparatus
3256 5059 3344 5113 est
3391 5054 3606 5113 diabolo
3623 5058 3679 5111 et

2082 5154 2302 5227 angelis
2348 5153 2471 5225 ejus
2500 5149 2680 5221 (ibid,
2738 5146 2851 5219 41).
2908 5145 3056 5203 Ecce
3082 5160 3429 5219 nequaquam
3458 5143 3681 5201 sudium

2083 5243 2210 5317 quia
2237 5242 2456 5314 rapinas
2482 5237 2572 5298 vel
2586 5235 2840 5312 quaelibet
2865 5236 2973 5293 alia
2986 5236 3246 5294 violentia
3267 5236 3678 5302 commiserunt,

2083 5342 2138 5390 et
2179 5341 2362 5389 tamen
2417 5328 2635 5387 aeternis
2689 5327 2958 5402 gehenne
3013 5326 3235 5400 ignibus
3279 5325 3678 5398 mancipantur.

2082 5423 2222 5481 Hinc
2249 5435 2383 5495 ergo
2412 5417 2782 5494 colligendum
2811 5425 2913 5486 est,
2948 5424 3149 5492 quanta
3180 5414 3529 5474 damnatione
3555 5413 3681 5487 ple-

2084 5521 2269 5587 ctendi
2299 5528 2426 5580 sunt
2453 5517 2549 5596 qui
2575 5519 2757 5580 aliena
2783 5518 3024 5595 rapiunt,
3054 5517 3102 5577 si
3131 5524 3281 5577 tanta
3336 5512 3682 5575 animadver-
