4164 6334
587 207 691 262 459

1473 201 1816 260 HINCMARI
1841 196 2240 256 RHEMENSIS
2297 195 2848 254 ARCHIEPISCOPI.

3773 196 3880 250 L60

585 338 668 386 est
695 329 1095 402 delinquentem
1125 327 1418 400 corripere.
1451 330 1588 385 Cum
1609 328 1958 402 judicamur,
1978 325 2170 398 inquit,
2203 321 2257 382 A
2279 321 2424 391 disti,
2457 331 2515 378 ut
2532 323 2868 396 perniciosas
2888 320 3511 379 excommunicationum
3539 319 3877 376 maledictio-

585 437 620 476 a
640 421 872 476 Domino
888 420 1246 492 corripimur,
1267 422 1332 474 ut
1347 434 1459 474 non
1472 435 1602 474 cum
1616 418 1715 474 hoc
1728 417 1936 472 mundo
1949 415 2179 472 damne-

585 507 782 578 mur(l
799 508 919 564 Cor.
955 509 1136 578 x1);et
1169 525 1182 562 :
1223 509 1329 576 Qui
1356 507 1418 562 in
1441 507 1595 564 bonis
1621 507 1839 562 ducunt
1875 506 1993 561 dies
2027 521 2174 569 suos,

578 604 637 652 ut
657 595 921 668 scriptum
937 603 1039 662 est,
1062 596 1124 651 in
1134 599 1345 670 puncto
1357 596 1427 651 ad
1439 597 1671 668 inferna
1684 593 2034 651 descendunt
2060 593 2177 664 (Job

579 686 726 757 χχι).
752 685 891 742 Hinc
921 685 1066 741 enim
1094 684 1380 740 Psalmista
1411 685 1480 740 de
1498 685 1730 740 Domino
1751 683 1880 739 dicit
1905 701 1918 738 :
1949 683 2175 738 Immis-

579 776 766 832 siones
787 792 888 848 per
915 775 1140 846 angelos
1160 776 1358 839 malos,
1377 775 1677 846 viamfecit
1699 775 1916 829 semita:
1930 774 2030 828 ira:
2059 788 2176 828 sua:

580 865 756 935 (Psal.
776 866 1016 934 Lxxvu).
1051 863 1160 918 Cor
1190 863 1390 935 quippe
1421 863 1683 918 Dominus
1713 861 1986 933 prioribus
2016 861 2176 916 meri-

582 951 652 1007 tis
683 960 1047 1026 aggravatum
1073 951 1216 1021 jnste
1245 951 1504 1023 permittit
1533 951 1696 1006 etiam
1715 949 2175 1022 subsequentibus

580 1041 950 1115 malignorum
991 1041 1276 1113 spirituum
1316 1040 1760 1112 persuasionibus
1807 1038 1966 1094 falli:
2029 1039 2174 1110 quod

577 1147 703 1188 cum
732 1130 898 1204 digne
927 1129 984 1185 in
1013 1130 1230 1201 culpam
1259 1126 1503 1195 trahitur,
1537 1137 1721 1184 reatus
1753 1129 1868 1198 ejus
1913 1127 1969 1182 in
2012 1143 2175 1200 pinna

576 1219 902 1276 cumulatur.
941 1218 1095 1275 Unde
1135 1227 1188 1274 et
1217 1218 1314 1274 irae
1363 1235 1477 1274 suae
1507 1219 1741 1274 Domino
1792 1217 1937 1274 viam
1990 1218 2172 1274 facere

576 1317 675 1376 est,
709 1309 765 1364 in
794 1325 907 1374 eos,
941 1307 1033 1380 qui
1059 1307 1254 1379 punire
1283 1307 1341 1362 in
1373 1325 1432 1364 se
1463 1324 1660 1365 causas
1682 1316 1830 1364 recte
1857 1307 2168 1374 noluerunt,

573 1399 812 1454 districte
835 1397 1130 1467 judicando
1150 1396 1382 1453 dilatare
1410 1415 1423 1452 :
1461 1405 1518 1452 ut
1549 1397 1642 1469 qui
1685 1396 1975 1452 illuminati
2003 1412 2172 1468 agere

572 1495 722 1544 recta
747 1486 1055 1554 noluerunt,
1084 1486 1228 1556 juste
1259 1486 1450 1543 caecati
1471 1487 1649 1543 adhuc
1674 1485 1874 1542 faciant
1891 1485 2033 1542 unde
2056 1502 2173 1542 am-

570 1575 712 1648 plius
741 1575 919 1648 puniri
948 1584 1278 1642 mereantur,
1312 1577 1381 1632 de
1413 1575 1612 1648 quibus
1641 1575 1774 1632 dicit
1812 1575 2108 1647 Apostolus
2155 1595 2170 1632 :

2276 430 2376 468 nes
2404 413 2458 468 in
2489 430 2584 469 eos
2616 413 2776 468 etiam
2805 412 2898 485 qui
2947 429 3080 486 erga
3121 420 3174 468 te
3214 428 3322 468 non
3365 410 3492 466 inde
3510 415 3878 482 peccaverunt

2278 519 2577 558 exereres:
2611 503 2769 575 quasi
2796 518 2905 558 non
2935 501 2989 556 in
3019 510 3090 568 te,
3125 501 3224 557 sed
3282 501 3338 556 in
3376 500 3527 556 illum
3557 499 3678 570 ipsa
3718 496 3874 570 peri-

2277 592 2416 662 eula,
2450 609 2570 664 quae
2597 593 2665 648 de
2711 591 2920 647 eisdem
2966 590 3443 646 maledictionibus
3490 588 3870 654 imminebant,

2275 681 2660 738 redundarent.
2715 681 2820 750 Qui
2865 689 2916 737 te
2956 681 3025 736 ad
3071 681 3176 737 hoc
3223 678 3533 752 prevocavit
3579 685 3638 732 ut
3693 676 3876 732 taliter

2275 769 2508 826 innoxiis
2536 769 2912 841 malediceres,
2964 787 3087 826 cum
3133 770 3203 826 de
3243 769 3328 824 his
3373 768 3464 841 qui
3511 785 3623 823 non
3663 765 3874 838 judicio

2269 859 2510 928 justitize,
2587 860 2684 915 sed
2752 859 2924 915 livore
2979 858 3232 916 vindictae
3301 857 3647 926 maledicunt,
3724 855 3876 912 dicat

2275 949 2564 1020 Apostolus
2598 967 2611 1003 :
2639 950 2821 1022 Neque
2842 949 3108 1006 maledici
3128 965 3365 1022 regnum
3385 949 3484 1004 Dei
3506 945 3875 1020 possidebunt

2275 1039 2330 1109 (I
2349 1039 2466 1094 Cor.
2493 1039 2592 1110 1v).
2617 1039 2685 1094 Et
2727 1040 2834 1095 hoc
2888 1047 3174 1110 peccatum
3215 1036 3414 1093 exstitit
3457 1051 3618 1108 paena
3652 1050 3870 1107 prince-

2274 1126 2452 1182 dentis
2481 1127 2836 1184 contumacia:
2864 1127 3147 1184 insolentis
3177 1127 3404 1199 peccati,
3439 1134 3489 1182 et
3502 1141 3671 1182 causa
3693 1124 3872 1180 adhuc

2275 1217 2655 1290 subsequentis
2685 1217 2892 1289 peccati
2952 1219 3118 1290 :quia
3157 1233 3280 1273 cum
3325 1215 3544 1272 voluisti
3587 1223 3871 1272 ostentare

2273 1306 2406 1361 nihil
2437 1314 2488 1362 te
2519 1315 2706 1363 contra
2734 1307 2992 1362 rationem
3039 1307 3096 1362 in
3142 1306 3262 1379 ipsa
3305 1304 3868 1362 excommunicatione

2273 1396 2548 1468 parochiae
2578 1405 2682 1452 tua:
2714 1395 2932 1465 fecisse,
2980 1405 3033 1453 et
3060 1396 3446 1453 verecundiam
3479 1394 3873 1451 irrational-ilis

2273 1484 2400 1541 facti
2431 1494 2541 1541 ate
2572 1485 2864 1558 depellere,
2901 1493 2953 1542 et
3008 1502 3117 1542 non
3178 1502 3301 1542 esse
3351 1485 3426 1541 ita
3481 1493 3535 1541 te
3591 1484 3870 1540 subditum

2272 1575 2697 1646 Metropolitanzn
2741 1575 3067 1647 praelationi,
3116 1583 3176 1632 ut
3222 1592 3331 1631 non
3379 1575 3546 1631 licere
3601 1573 3871 1646 quidquid

575 1666 640 1723 Ut
661 1666 941 1738 impleant
957 1669 1190 1738 peccata
1207 1682 1312 1721 sua
1329 1681 1550 1739 semper
1571 1666 1620 1736 (Ι
1639 1667 1822 1722 Thess.
1849 1664 1930 1737 ιι).
1953 1665 2022 1720 Ει
2041 1664 2167 1722 hinc
2196 1689 2250 1750 B
2269 1664 2438 1720 velles
2466 1664 2520 1719 in
2573 1665 2838 1737 parochia
2891 1673 2984 1721 tua
3036 1665 3154 1721 sine
3209 1681 3334 1720 meo
3393 1663 3644 1720 consultu
3700 1679 3870 1737 agere

567 1769 702 1810 voce
730 1754 911 1828 angeli
941 1755 1011 1810 ad
1041 1755 1308 1810 Joannem
1337 1755 1538 1810 dicitur
1573 1775 1590 1810 :
1617 1756 1721 1824 Qui
1741 1758 1925 1820 nocet,
1966 1758 2168 1812 noceat

567 1843 772 1912 adhuc,
806 1847 863 1900 et
879 1845 977 1916 qui
993 1845 1056 1900 in
1067 1845 1320 1900 sordibus
1343 1847 1446 1914 est,
1467 1843 1752 1900 sordescat
1769 1845 1952 1900 adhuc
1971 1839 2164 1916 (Apoc.

568 1933 736 2005 χχιι).
764 1933 831 1987 Ει
849 1931 975 1989 hinc
992 1933 1168 1988 David
1183 1931 1314 1990 dicit
1338 1949 1350 1988 :
1369 1933 1592 2007 Appone
1615 1933 1980 2006 iniquitatem
1998 1950 2170 2007 super

568 2022 934 2095 iniquitatem
956 2039 1168 2089 eorum,
1189 2026 1246 2078 et
1263 2039 1379 2079 non
1396 2024 1693 2078 intrentin
1700 2023 1993 2095 justitiam
2008 2027 2168 2079 tuam

567 2111 743 2182 (Psal.
775 2110 994 2182 vam).
1028 2112 1096 2166 Et
1124 2111 1252 2168 hinc
1279 2127 1380 2183 per
1409 2111 1635 2182 Moysen
1648 2110 1845 2166 dicitur
1869 2128 1882 2166 :
1906 2111 2167 2168 Nondum

568 2201 846 2273 completa
858 2205 995 2257 sunt
1000 2205 1233 2274 peccata
1245 2201 1698 2258 Amorrhworum
1711 2200 1730 2272 (
1739 2202 1873 2258 Gen.
1889 2200 2012 2266 xv).
2028 2201 2168 2258 Hinc

567 2305 666 2362 per
685 2289 936 2346 eumdem
953 2289 1217 2346 Dominus
1237 2289 1366 2347 dicit
1385 2307 1398 2346 :
1425 2292 1618 2348 Nonne
1636 2291 1751 2347 haec
1769 2290 1997 2348 condita
2031 2295 2169 2348 sunt

566 2379 718 2454 apud
738 2395 846 2448 me,
867 2384 926 2436 et
937 2381 1163 2452 signata
1179 2382 1241 2436 in
1257 2381 1539 2437 thesauris
1552 2381 1691 2437 meis
1711 2383 1809 2437 ?In
1821 2381 1910 2437 die
1928 2381 2165 2437 ultionis

567 2469 797 2524 reddam
827 2469 1107 2541 eis(Deut.
1128 2470 1338 2539 xxxu).
1365 2471 1433 2525 Et
1461 2470 1588 2542 quia
1619 2487 1812 2525 eorum
1837 2469 1982 2525 mala
2029 2487 2164 2526 nar-

566 2557 726 2625 ravit,
756 2557 903 2614 illico
932 2558 1202 2627 adjunxit:
1225 2559 1291 2614 In
1327 2563 1572 2632 tempore
1603 2576 1708 2633 quo
1752 2561 1946 2633 lapsus
1983 2561 2164 2632 fuerit

563 2662 662 2720 pes
691 2663 904 2704 eorum.
926 2648 1068 2703 Ecce
1099 2647 1441 2704 atrocissima
1464 2657 1690 2719 peccata
1710 2647 1930 2704 illorum
1955 2648 2167 2706 descri-

561 2736 784 2804 buntur,
817 2744 872 2792 et
899 2744 1082 2792 tamen
1113 2737 1181 2792 ad
1213 2736 1592 2794 ultionisdiem
1617 2738 1798 2794 adhuc
1819 2738 2164 2810 subsequens

571 2825 760 2897 lapsus
785 2826 1066 2897 aspicitur,
1101 2842 1211 2898 quo
1242 2842 1430 2882 eorum
1455 2827 1630 2899 culpae
1661 2827 2026 2884 cumulentur.
2062 2828 2166 2882 Ha-

565 2915 695 2970 bent
718 2915 834 2985 jam
865 2915 1082 2988 quidem
1111 2916 1256 2972 unde
1288 2915 1437 2972 feriri
1467 2924 1796 2983 mereantur,
1855 2917 1954 2973 sed
2002 2917 2164 2972 susti-

2269 1770 2482 1826 posses,
2517 1771 2711 1827 meque
2741 1754 3214 1826 praevaricatorem
3243 1770 3511 1810 canonum
3551 1769 3698 1820 esse,
3741 1753 3870 1826 quia

2272 1843 2418 1914 quod
2446 1843 2625 1917 ligasti
2651 1844 2707 1899 in
2736 1844 2991 1916 parochia
3037 1853 3130 1900 tua
3177 1843 3504 1916 praesumpsi
3553 1843 3863 1912 absolvere,

2271 1941 2323 1987 et
2368 1949 2478 1989 non
2526 1950 2649 1989 esse
2697 1933 2869 1988 soluta
2916 1950 3036 2006 quae
3087 1933 3248 2000 solvi,
3299 1931 3430 2005 quin
3475 1933 3656 2004 potius
3704 1932 3870 1988 sedes

2269 2021 2588 2093 apostolica,
2623 2031 2675 2077 et
2704 2038 2894 2079 omnes
2924 2022 3002 2077 illi
3030 2039 3132 2094 per
3160 2038 3298 2095 quos
3329 2023 3476 2077 Deus
3493 2037 3683 2078 sacros
3703 2037 3870 2077 cano-

2267 2127 2367 2166 nes
2397 2127 2494 2167 suo
2525 2111 2729 2183 Spiritu
2758 2111 3018 2180 condidit,
3051 2128 3114 2168 ac
3141 2128 3244 2183 per
3271 2113 3376 2167 hoc
3425 2112 3541 2184 ipse
3589 2112 3757 2178 Deus,
3819 2110 3868 2166 si

2268 2208 2412 2256 recte
2441 2200 2822 2268 intellexisses,
2856 2201 3109 2271 absolvit,
3143 2199 3247 2256 nisi
3277 2209 3465 2257 contra
3495 2216 3562 2257 ea
3590 2219 3712 2274 qua:
3769 2199 3872 2256 tibi

2268 2298 2321 2346 et
2345 2291 2614 2362 parochiae
2644 2299 2748 2348 tua:
2778 2291 2988 2363 scripsi,
3035 2299 3210 2348 tecum
3254 2291 3540 2359 sentirent,
3592 2299 3758 2363 atque
3809 2291 3868 2347 in

2265 2379 2490 2451 prmfato
2519 2398 2683 2437 sensu
2711 2381 3136 2437 subscriberent.
3173 2382 3232 2436 In
3278 2381 3424 2437 hanc
3471 2381 3752 2437 vesaniam
3799 2397 3868 2437 cx

2265 2470 2619 2526 retributione
2642 2471 2863 2540 justitize
2890 2471 3166 2539 corruisti,
3199 2478 3258 2526 ut
3301 2471 3440 2528 sicut
3485 2471 3554 2526 de
3604 2487 3868 2527 aversore
3969 2465 3992 2482 '

2265 2558 2507 2632 principe
2538 2560 2800 2632 scriptum
2830 2568 2914 2616 est
2945 2576 2958 2616 :
2987 2561 3090 2630 Qui
3100 2563 3376 2634 peccavit,
3399 2565 3452 2617 et
3471 2577 3705 2634 peccare
3725 2561 3871 2632 fecit

2265 2649 2439 2705 Israel
2469 2649 2571 2722 (II!
2596 2653 2720 2723 Reg.
2746 2651 2889 2720 xw),
2923 2657 3114 2706 contra
3144 2649 3523 2724 evangelicam
3551 2649 3863 2718 veritatem,

2264 2745 2318 2793 et
2347 2738 2694 2810 apostolicam
2723 2739 3119 2806 auctoritatem,
3154 2747 3207 2796 et
3251 2755 3536 2797 sacrorum
3594 2755 3869 2796 canonum

2263 2827 2724 2900 constitutionem,
2745 2829 2812 2885 de
2825 2829 3022 2902 quibus
3036 2829 3382 2902 promulgata
3395 2838 3518 2885 sunt
3533 2829 3624 2885 illa
3638 2829 3866 2902 scripta,

2263 2933 2382 2990 quae
2410 2933 2508 2989 per
2533 2935 2621 2974 me
2650 2917 2706 2973 in
2726 2935 2889 2974 unum
2909 2919 3156 2987 collecta,
3191 2926 3242 2976 et
3266 2918 3360 2974 tibi
3381 2935 3444 2976 ac
3458 2919 3735 2991 parochias
3757 2927 3868 2977 tua)

560 3012 719 3060 netur
739 3012 922 3060 tamen
951 3005 1126 3062 adhuc
1154 3013 1440 3078 peccatum
1469 3021 1740 3076 crescere,
1773 3013 1831 3061 ut
1871 3014 2162 3078 peccantes
2193 3057 2238 3081 η
2263 3015 2514 3063 constant
2544 3025 2666 3064 esse
2695 3008 2925 3076 directa,
2957 3017 3010 3066 et
3039 3009 3158 3081 ipse
3205 3009 3600 3080 subscriberes,
3631 3018 3687 3066 et
3727 3009 3870 3066 alios

555 3093 726 3166 possit
755 3094 932 3151 acrior
959 3094 1118 3166 culpa
1149 3095 1417 3152 cruciare.
1441 3095 1562 3150 Jam
1574 3102 1814 3152 meretur
1835 3094 2162 3168 supplicium

552 3191 839 3256 peccatum
869 3191 923 3241 et
951 3200 1119 3240 causa
1146 3185 1373 3256 peccati,
1409 3185 1506 3241 sed
1557 3193 1904 3258 exspectatur
1956 3185 2157 3254 adhuc,

554 3280 613 3328 ut
641 3281 995 3347 augmentum
1024 3274 1276 3346 supplicii
1307 3275 1570 3348 subroget
1599 3283 1886 3346 peccatum
1913 3283 1964 3332 et
1995 3291 2161 3347 pmna

551 3362 782 3434 peccati.
809 3385 830 3414 α
859 3364 1168 3433 Peccatum,
1197 3363 1370 3436 inquit
1400 3363 1705 3436 Gregorius
1737 3365 1958 3437 (homil.
1999 3367 2056 3418 11
2094 3365 2159 3420 in

553 3451 798 3523 Ezech.),
833 3452 981 3525 quod
1013 3469 1114 3524 per
1139 3452 1512 3524 paenitentiam
1551 3453 1712 3509 citius
1762 3468 1872 3508 non
1915 3453 2156 3523 deletur,

551 3547 646 3596 aut
671 3549 958 3613 peccatum
991 3549 1074 3597 est
1104 3551 1158 3598 et
1185 3557 1354 3599 causa
1385 3543 1616 3614 peccati,
1652 3549 1743 3597 aut
1765 3550 2054 3613 peccatum
2076 3558 2137 3598 es

549 3638 602 3686 et
630 3647 790 3701 poena
819 3631 1050 3701 peccati,
1085 3639 1174 3687 aut
1205 3640 1486 3703 peccatum
1519 3631 1678 3686 simul
1712 3646 1881 3688 causa
1911 3638 1964 3687 et
1993 3647 2158 3702 poena

553 3719 783 3790 peccati.
816 3719 993 3775 Omne
1023 3719 1169 3776 enim
1200 3721 1346 3792 quod
1378 3721 1528 3793 prius
1557 3720 1964 3788 committimus,
2023 3737 2157 3792 pec-

547 3815 731 3862 catum
759 3815 886 3863 est:
932 3808 1029 3862 sed
1093 3809 1139 3863 si
1179 3809 1340 3865 citius
1387 3811 1704 3880 paenitendo
1776 3825 1887 3865 non
1903 3809 2152 3880 tergitur,

543 3896 700 3951 Justo
724 3894 929 3965 judicio
969 3897 1316 3968 omnipotens
1365 3899 1513 3954 Deus
1583 3899 1880 3970 obligatam
1921 3898 2158 3971 peccatis

552 3993 793 4041 mentem
825 3985 991 4040 etiam
1021 3985 1076 4040 in
1105 3985 1323 4058 culpam
1353 3987 1578 4042 alteram
1609 3987 1874 4060 permittit
1935 3989 2154 4053 cadere,

554 4081 610 4128 ut
643 4090 765 4146 quae
793 4074 977 4131 ﬂendo
1009 4083 1062 4131 et
1109 4075 1439 4148 corrigendo
1483 4077 1654 4134 noluit
1700 4078 1965 4134 mundare
2013 4077 2156 4150 quod

559 4163 706 4234 fecit,
736 4172 1022 4236 peccatum
1051 4164 1273 4236 incipiat
1294 4175 1518 4238 peccato
1539 4166 1840 4223 cumulare.
1865 4168 2158 4224 Peccatum

569 4269 726 4327 ergo,
761 4254 906 4327 quod
934 4254 1266 4326 poenitentiae
1291 4255 1530 4312 lamento
1559 4273 1670 4312 non
1699 4256 1940 4326 diluitur,
1955 4273 2155 4330 pecca-

555 4351 666 4398 tum
699 4343 862 4398 simul
893 4352 974 4399 est
1003 4352 1056 4400 et
1085 4360 1254 4400 causa
1284 4346 1517 4417 peccati,
1549 4347 1677 4418 quia
1721 4363 1788 4401 ex
1834 4347 1928 4403 illo
1984 4347 2155 4403 oritur

549 4432 694 4487 unde
725 4433 905 4489 adhuc
935 4434 1236 4504 peccatoris
1267 4435 1481 4490 animus
1511 4436 1672 4491 altius
1691 4436 1984 4509 obligetur.
2015 4439 2146 4492 Pec-

547 4533 726 4578 catum
758 4537 888 4578 vero
919 4523 1066 4594 quod
1095 4540 1161 4578 ex
1191 4532 1417 4596 peccato
1449 4525 1716 4597 sequitur,
1756 4535 2039 4596 peccatum
2071 4527 2150 4582 si-

549 4611 662 4667 mul
691 4619 774 4667 est
805 4619 1032 4683 etpcena
1087 4613 1318 4684 peccati,
1381 4614 1508 4686 quia
1541 4623 1890 4670 excrescente
1911 4616 2150 4672 caecitate

552 4717 618 4757 ex
648 4701 1002 4758 retributione
1033 4702 1232 4774 prioris
1262 4703 1436 4774 culpae
1453 4712 1768 4777 generatur,
1792 4712 1850 4759 ut
1871 4705 2026 4777 quasi
2039 4705 2149 4776 jam

553 4791 804 4862 quaedam
834 4791 940 4846 sint
969 4791 1026 4846 in
1053 4801 1342 4864 peccatore
1372 4793 1638 4865 supplicia
1667 4793 1787 4865 ipsa
1817 4793 2152 4852 incrementa

555 4879 828 4936 vitiorum.
867 4902 890 4932 ι
945 4882 1236 4938 Peccatum
1285 4882 1485 4955 quippe
1533 4882 1631 4936 tibi
1680 4879 1780 4938 fuit
1847 4883 2150 4941 insolentiae

555 4969 918 5036 contumacia,
951 4988 1076 5027 cum
1105 4971 1224 5028 sine
1254 4987 1440 5042 causa,
1475 4972 1521 5027 si
1569 4980 1753 5029 tamen
1798 4974 1916 5030 sine
1963 4991 2147 5044 causa,

557 5065 747 5114 contra
779 5057 1040 5114 domuum
1079 5078 1270 5134 regem
1303 5068 1358 5116 te
1386 5061 1827 5119 irrationabiliter
1860 5065 2082 5122 erexisti
2131 5083 2146 5121 :

557 5163 588 5202 a
618 5163 726 5219 quo
757 5156 984 5219 peccato
1015 5149 1142 5222 quia
1169 5167 1272 5222 per
1312 5151 1630 5208 humilitatis
1673 5153 1909 5209 debitam
1959 5163 2013 5211 et
2057 5170 2150 5211 ra-

557 5235 870 5293 tionabilem
898 5238 1318 5296 satisfactionem
1333 5241 1552 5298 noluisti
1578 5243 1871 5315 respicere,
1922 5245 2152 5320 exegisti

558 5333 618 5381 ut
645 5333 832 5398 ageret
855 5335 908 5382 et
936 5327 1026 5396 agi
1052 5329 1376 5401 praeciperet
1405 5331 1458 5386 in
1481 5339 1552 5401 te,
1587 5332 1730 5389 unde
1779 5333 2017 5406 amplius
2061 5333 2151 5390 fu-

558 5430 686 5471 rore
717 5415 1018 5490 exagitatus
1045 5424 1100 5474 te
1137 5426 1323 5475 contra
1363 5419 1515 5476 illum
1561 5437 1936 5480 commoveres
1969 5441 1984 5479 :
2043 5439 2152 5496 qua
2186 5451 2194 5460 -

553 5505 918 5565 commotione
944 5505 1207 5580 devictus,
1239 5507 1296 5566 in
1322 5518 1604 5584 peccatum
1632 5511 1974 5586 subsequens
2006 5512 2150 5571 inci-

2193 3057 2241 3120 C

2263 3095 2611 3154 subscribere
2670 3097 2899 3166 faceres,
2961 3098 3384 3156 reclamantibus
3443 3098 3738 3156 adversum
3815 3108 3872 3157 te

2263 3186 2432 3244 sacris
2463 3187 2689 3261 regulis,
2721 3195 2780 3244 ut
2825 3187 3134 3245 inconsulto
3176 3189 3360 3262 priore
3401 3197 3494 3245 tuo
3543 3189 3678 3244 nihil
3735 3189 3867 3246 novi

2260 3276 2444 3334 facere
2471 3293 2796 3350 prmsumas,
2829 3278 3092 3351 quoniam
3121 3295 3245 3352 qua:
3273 3280 3346 3336 ad
3388 3279 3707 3354 generalem
3757 3279 3866 3336 ob-

2261 3367 2589 3422 servantiam
2619 3367 2862 3424 omnium
2890 3368 3109 3424 Domini
3158 3368 3432 3440 pertinent
3489 3369 3860 3437 sacerdotum,

2259 3456 2392 3512 nihil
2440 3457 2557 3513 sine
2611 3457 2928 3528 primatibus
2987 3465 3202 3530 oportet
3255 3457 3491 3530 impleri.
3548 3459 3658 3516 Sed
3731 3460 3864 3532 quia

2259 3546 2412 3601 nervi
2441 3547 2810 3603 testiculorum
2867 3547 3166 3604 Behemotb
3193 3547 3437 3621 perplexi
3467 3556 3611 3613 sunt,
3637 3564 3763 3606 cum
3777 3548 3862 3604 bis

2259 3642 2312 3690 te
2342 3634 2620 3707 eXplicare
2650 3635 2868 3704 tinxisti,
2900 3643 2954 3692 te
2982 3637 3169 3693 durius
3199 3645 3253 3694 et
3281 3637 3632 3710 multiplicius
3661 3638 3862 3694 nexui-

2260 3723 2347 3789 sti,
2379 3731 2432 3780 et
2461 3741 2628 3796 super
2655 3725 2902 3782 dolorem
2931 3725 3217 3783 vulnerum
3248 3734 3464 3782 tuorum
3493 3726 3610 3800 ipse
3661 3744 3864 3800 super-

2259 3813 2486 3881 addens,
2520 3813 2656 3870 alios
2687 3813 2893 3872 solutos
2921 3823 3102 3873 tecum
3133 3816 3492 3884 connexuisti,
3543 3817 3770 3889 insuper
3811 3825 3865 3874 et

2259 3911 2450 3958 contra
2477 3919 2735 3973 canones,
2771 3913 2822 3960 et
2842 3905 3060 3962 decreta
3079 3907 3226 3962 sedis
3247 3907 3508 3963 Romanae
3537 3905 3860 3979 pontificum

2259 4001 2567 4050 commenta
2595 3993 2663 4049 ad
2692 3995 2796 4050 hoc
2825 3995 3116 4070 collegisti,
3149 4004 3417 4070 quatenus
3438 4005 3491 4053 te
3511 4005 3568 4052 ιιι
3587 4012 3858 4072 onagrum

2257 4081 2491 4138 liberum
2522 4099 2555 4138 a
2585 4085 2716 4140 sede
2745 4101 2832 4142 me
2845 4085 3170 4158 tropolitana
3198 4094 3557 4158 monstrares,
3593 4095 3647 4142 et
3673 4103 3764 4143 me
3794 4095 3852 4142 ut

2256 4173 2728 4244 praevaricatorem
2797 4191 3088 4244 canonum,
3137 4176 3346 4233 eisdem
3433 4177 3857 4234 commentatio-

2256 4279 2384 4317 num
2435 4270 2645 4318 tuarum
2693 4263 2924 4321 vinculis
2971 4265 3251 4323 astrictum
3298 4265 3723 4323 ininsolubiliter
3751 4267 3855 4324 de-

2258 4359 2617 4421 monstrares,
2651 4361 2702 4409 et
2729 4354 2905 4411 adhuc
2952 4355 3116 4412 etiam
3167 4355 3306 4413 sicut
3351 4355 3422 4412 de
3465 4355 3612 4412 malo
3660 4357 3715 4412 in
3753 4373 3856 4429 pe-

2176 4427 2233 4490 D
2249 4441 2359 4511 jus,
2427 4441 2498 4496 ita
2561 4442 2630 4498 de
2694 4444 2882 4515 pejore
2945 4444 3000 4500 in
3056 4445 3354 4518 pessimum
3409 4445 3710 4518 profecisti,
3754 4427 3860 4502 -ιιι

2252 4547 2360 4586 non
2390 4531 2567 4587 solum
2597 4532 2692 4587 tibi
2746 4533 3052 4590 commissis
3109 4535 3340 4607 clericis,
3403 4536 3503 4592 sed
3560 4544 3613 4592 et
3634 4535 3858 4609 episco-

2251 4620 2336 4691 pis
2365 4620 2458 4676 illa
2493 4619 2754 4694 figmenta
2801 4624 3107 4696 compilata,
3161 4633 3214 4682 et
3261 4625 3383 4700 regi
3429 4626 3613 4682 danda
3661 4635 3858 4684 osten-

2251 4709 2428 4781 deres,
2462 4719 2513 4766 et
2542 4711 2675 4768 mihi
2701 4713 2820 4768 dari
2878 4713 3108 4784 faceres,
3151 4723 3209 4770 ut
3263 4732 3364 4788 per
3419 4715 3510 4772 illa
3568 4733 3657 4773 me
3715 4733 3858 4775 oon-

2251 4801 2555 4872 crederem,
2591 4810 2641 4858 et
2671 4802 2809 4860 adeo
2857 4820 2946 4860 me
2993 4803 3090 4860 tibi
3147 4805 3520 4880 subjugarem,
3572 4815 3651 4874 ut,
3713 4807 3860 4865 sicut

2251 4891 2541 4960 mandasti,
2575 4892 2742 4948 verba
2770 4893 3086 4968 evangelica
3115 4903 3168 4951 et
3193 4895 3495 4968 apostolica
3538 4905 3704 4971 atque
3753 4912 3856 4954 ca-

2251 4980 2467 5052 nonica,
2530 4999 2651 5054 quae
2706 4982 2802 5038 tibi
2855 4992 2908 5040 et
2971 4984 3237 5042 Ecclesiae
3301 4986 3400 5042 tibi
3429 4987 3739 5044 commissae
3770 4987 3858 5044 di-

2251 5085 2525 5138 rexeram,
2585 5071 2711 5145 igne
2765 5088 3085 5146 cremarem,
3142 5083 3196 5130 et
3251 5091 3338 5132 me
3395 5092 3506 5132 non
3556 5077 3734 5132 solum
3819 5093 3857 5134 a

2251 5159 2446 5232 gradu,
2471 5176 2656 5216 verum
2684 5169 2738 5218 et
2765 5177 2800 5218 a
2827 5163 3222 5221 Christianitate
3253 5181 3530 5232 exuerem,
3563 5174 3617 5222 et
3657 5176 3854 5239 potum

2251 5249 2442 5304 mortis
2470 5249 2602 5304 mihi
2631 5267 2661 5305 a
2703 5259 2756 5308 te
2798 5252 3144 5326 propinatum
3193 5255 3406 5326 bibens,
3458 5256 3624 5312 etiam
3664 5256 3852 5313 homi-

2249 5337 2369 5394 cida
2409 5338 2517 5394 mei
2563 5339 2709 5396 velut
2751 5342 2920 5399 Iudas
2957 5344 3272 5416 paenitendo
3315 5345 3624 5415 existerem,
3675 5355 3731 5402 et
3791 5347 3854 5404 in

2251 5427 2356 5485 hoc
2397 5426 2558 5484 etiam
2601 5430 2824 5504 gravius
2873 5449 2906 5488 a
2949 5433 3091 5490 Juda
3137 5434 3432 5504 differrem,
3476 5444 3535 5492 ut
3575 5435 3644 5492 de
3699 5436 3848 5494 bono

2252 5515 2396 5576 facto
2422 5535 2512 5576 me
2565 5521 2872 5594 paeniteret.
2931 5523 3049 5582 Hoc
3089 5539 3326 5602 namque
3370 5525 3650 5600 poculum,
3700 5527 3851 5602 quod
