4164 6348
310 165 408 220 [61

1025 155 1270 213 OPUSC.
1321 153 1413 208 ET
1465 149 1683 206 EPIST.
1739 146 1814 203 IN
1873 143 2100 202 CAUSA
2141 146 2486 205 HINCMARI
2523 149 2828 208 LAUDUN.

3503 159 3607 216 462

310 283 596 344 confecisti
623 301 690 341 ex
718 281 1031 340 nominibus
1079 288 1386 338 sanctorum
1417 275 1732 350 apostolicae
1762 271 1910 328 sedis
1939 269 1994 332 A
2015 273 2189 329 Deum
2219 281 2270 330 et
2297 274 2548 331 homines
2591 275 3004 348 praevaricatum
3051 277 3199 332 Deus
3249 277 3508 350 queritur.
3541 283 3610 339 Et

311 374 649 450 pontiﬁcum,
671 372 828 446 quasi
855 372 926 428 ad
954 387 1050 428 ora
1071 371 1232 428 melle
1261 369 1506 433 oblitum,
1540 373 1594 422 et
1621 363 1914 420 indiscrete

313 465 684 531 commixtum,
719 463 786 518 de
817 477 925 536 quo
976 461 1072 516 tibi
1101 459 1426 516 commissos
1473 454 1707 512 clericos
1733 453 1914 526 potio-

310 555 472 623 nasti,
519 562 571 611 et
619 553 765 627 quod
811 550 1135 625 quibusdam
1202 546 1476 622 episcopis
1545 544 1804 614 obtulisti,
1864 550 1916 599 et

311 645 547 702 Satanas
593 642 782 716 primis
828 640 1148 713 parentibus
1195 637 1398 694 nostris
1441 635 1494 691 in
1524 633 1780 707 paradiso
1809 633 1915 689 ob-

311 729 452 796 tulit,
515 727 732 800 quando
786 741 1009 798 pomum
1064 725 1270 780 bonum
1319 722 1389 778 ad
1444 719 1801 787 vescendum,
1863 725 1916 774 et

311 819 603 892 pulchrum
649 815 843 884 oculis,
895 821 1226 886 aspectuque
1280 809 1600 866 delectabile
1657 807 1910 877 ostendit,

315 909 506 981 eisque
537 905 706 962 dixit:
735 905 1074 978 Quacunque
1105 903 1193 958 die
1221 899 1576 958 comederitis
1597 914 1670 955 ex
1691 914 1772 965 eo,
1795 913 1918 970 ape-

309 999 471 1055 'rient
479 1013 548 1052 ur
562 995 712 1053 oeuli
729 993 918 1060 vestri,
945 996 1001 1048 et
1017 993 1179 1048 eritis
1195 991 1346 1048 sicut
1357 990 1438 1046 dii
1452 989 1695 1045 scientes
1711 987 1918 1043 bonum

315 1092 372 1144 et
403 1087 626 1142 malum
657 1084 816 1157 (Gen.
841 1081 925 1155 ιιι)
951 1101 964 1150 ;
988 1089 1042 1138 et
1063 1081 1259 1154 quibus
1286 1077 1536 1152 promisit
1557 1076 1913 1142 divinitatem,

313 1176 432 1233 tulit
477 1173 954 1240 immortalitatem,
1002 1179 1056 1226 et
1099 1169 1366 1242 pollicens
1412 1167 1641 1224 liberam
1685 1173 1737 1222 et
1784 1165 1918 1221 nulli

315 1267 616 1334 subjectam
663 1261 880 1318 deitatis
923 1259 1304 1332 aequalitatem,
1353 1256 1679 1330 captivitatis
1719 1255 1798 1312 eis
1828 1254 1916 1309 in-

315 1356 436 1412 tulit
465 1355 727 1411 miseram
769 1350 1106 1418 servitutem,
1141 1365 1280 1422 quos
1309 1347 1412 1403 sibi
1443 1345 1737 1418 complices
1765 1344 1917 1400 fece-

315 1453 402 1503 rat
431 1445 504 1501 ad
531 1442 886 1516 iniquitatem.
923 1462 947 1492 «
980 1441 1050 1496 Et
1078 1445 1136 1495 tu
1167 1437 1381 1495 clericis
1409 1437 1535 1505 tuis,
1570 1435 1682 1509 qui,
1715 1434 1916 1508 inquis,

318 1535 450 1592 mihi
490 1533 684 1590 eodem
731 1532 847 1587 Deo
891 1537 1114 1586 auctore
1155 1525 1434 1584 commissi
1477 1533 1624 1594 sunt,
1668 1532 1720 1580 et
1749 1524 1804 1579 in
1833 1523 1918 1578 his

320 1624 572 1682 similiter
615 1620 872 1688 sentiunt,
919 1617 1133 1676 solliciti
1163 1633 1380 1673 servare
1408 1615 1666 1672 unitatem
1696 1613 1918 1686 Spiritus

321 1715 378 1772 in
421 1712 642 1772 vinculo
687 1709 854 1784 pacis,
900 1710 1005 1765 hac
1049 1723 1266 1764 mecum
1311 1722 1444 1778 pace
1473 1704 1764 1778 poliantur,
1803 1725 1825 1754 ν
1861 1719 1924 1759 ac

322 1805 368 1860 si
395 1809 648 1876 patenter
694 1798 946 1855 addendo
991 1797 1223 1866 diceres,
1269 1795 1399 1851 etin
1428 1793 1927 1868 transgressionem

323 1875 635 1950 sanctarum
689 1889 1004 1962 regularum
1047 1904 1148 1960 per
1197 1893 1446 1942 sanctum
1493 1901 1624 1942 vere
1671 1875 1930 1956 Spiritum

325 1983 662 2059 prolaturum
691 1979 1016 2056 gradiantur
1033 1995 1049 2056 _;
1081 1983 1134 2032 et
1162 1990 1288 2032 mox
1319 1973 1703 2048 subsequendo
1735 1991 1748 2029 :
1787 1995 1810 2025 α
1849 1971 1925 2040 Si,

324 2073 580 2146 inquiens
610 2115 624 2139 ,
681 2069 848 2142 aliqui
905 2083 1062 2124 secus
1111 2066 1358 2122 nolentes
1412 2063 1530 2120 ﬁeri
1585 2062 1719 2120 socii
1773 2062 1930 2132 hujus

326 2161 650 2234 disciplinis,
697 2175 799 2216 nec
843 2157 1144 2213 habeantur
1191 2155 1488 2228 participes
1534 2151 1930 2211 communionis

326 2261 548 2310 nostrae.
588 2272 610 2302 ι
649 2249 807 2320 Quod
844 2263 956 2304 non
999 2254 1082 2302 est
1123 2246 1271 2301 aliud
1317 2245 1524 2312 dicere,
1574 2243 1680 2299 nisi
1708 2259 1930 2316 perma-

325 2350 494 2400 neant
521 2341 576 2396 in
605 2337 890 2396 catholicae
919 2335 1183 2393 Ecclesiae
1211 2333 1613 2402 communione,
1647 2341 1700 2390 et
1728 2333 1774 2388 si
1793 2332 1931 2389 forte

326 2451 436 2491 non
484 2430 687 2499 verbis,
737 2429 904 2486 rebus
932 2435 1117 2483 tamen
1155 2425 1482 2499 quibusdam
1510 2423 1780 2497 episcopis
1799 2441 1930 2496 per-

327 2521 610 2579 suadendo
643 2539 662 2576 :
698 2540 720 2570 ς
745 2519 918 2588 Hanc,
950 2515 1222 2590 inquiens,
1257 2523 1436 2572 tenete
1466 2523 1517 2570 et
1547 2531 1761 2570 mecum
1790 2513 1935 2569 evin-

329 2613 508 2670 dicale
555 2607 1010 2681 compilationem,
1045 2615 1096 2663 et
1123 2605 1256 2662 nulli
1282 2605 1386 2661 nisi
1415 2606 1660 2661 Romano
1691 2601 1933 2676 pontiﬁci

329 2700 602 2759 debebitis
649 2697 1059 2769 subjectionem,
1113 2704 1166 2752 et
1210 2694 1547 2768 dissipabitis
1587 2710 1804 2750 mecum
1833 2692 1934 2748 Dei

329 2791 732 2850 ordinationem
780 2787 839 2842 in
884 2785 1190 2844 communis
1233 2783 1563 2857 episcopalis
1609 2783 1814 2840 ordinis
1843 2781 1932 2838 di-

329 2889 570 2940 scretam
599 2877 820 2934 sedibus
849 2875 1192 2950 dignitatem.
1224 2895 1247 2925 »
1283 2874 1392 2930 Sed
1421 2873 1786 2930 concedamus
1817 2873 1936 2928 haec

327 2971 514 3030 dicere
561 2977 616 3026 et
661 2984 830 3041 agere
870 2982 1034 3039 posse
1077 2965 1312 3038 aliquem
1369 2971 1718 3038 arrogantem
1769 2971 1930 3035 atque

324 3062 642 3134 jactantem,
691 3057 786 3113 illa
831 3072 964 3113 vero
1008 3055 1250 3112 divinare
1298 3069 1407 3111 non
1451 3053 1626 3120 valeo,
1661 3052 1932 3126 quomodo

329 3153 385 3208 in
410 3158 653 3208 mentem
695 3155 840 3204 tuam
885 3145 1072 3203 venire
1117 3145 1310 3218 potuit,
1360 3151 1420 3199 ut
1451 3144 1570 3215 regi
1599 3143 1746 3198 illam
1781 3158 1936 3200 com-

329 3241 652 3315 pilationem
681 3236 933 3294 versibus
963 3234 1216 3306 inversis,
1242 3233 1451 3291 scilicet
1471 3231 1789 3289 adulatoriis
1819 3248 1939 3288 sen-

331 3331 482 3388 sibus
531 3327 798 3402 praelitam
838 3325 1010 3383 velles
1059 3324 1367 3393 ostendere,
1419 3339 1580 3396 quem
1619 3321 1790 3378 latere
1828 3336 1940 3378 non

332 3437 498 3494 posse
547 3417 759 3475 sciebas
788 3416 858 3471 ad
887 3415 1020 3489 quid
1060 3414 1212 3470 illam
1240 3412 1461 3471 voluisti
1511 3411 1794 3485 colligere.
1830 3410 1939 3468 Sed

332 3520 385 3568 et
433 3509 570 3566 mihi
610 3505 883 3582 quomodo
925 3503 1150 3577 potuisti
1176 3503 1456 3574 mandare,
1500 3509 1559 3557 ut
1607 3517 1716 3557 non
1762 3501 1939 3557 solum

337 3617 404 3658 ea
435 3616 560 3674 quae
591 3594 855 3654 aediﬁcavi
897 3593 1258 3660 destruerem,
1293 3608 1485 3649 verum
1515 3591 1595 3648 sic
1621 3590 1938 3663 metropoli-

339 3699 484 3747 tana:
515 3685 662 3744 sedis
708 3683 1055 3758 privilegium
1085 3691 1140 3739 et
1167 3681 1437 3754 meipsum
1465 3681 1563 3736 tibi
1593 3680 1937 3751 subjicerem,

341 3789 394 3838 et
423 3775 746 3852 Evangelia,
793 3781 957 3848 atque
1003 3772 1298 3845 apostolos,
1333 3779 1385 3827 et
1415 3771 1730 3843 prOphetas,
1763 3777 1815 3826 et
1845 3786 1936 3825 ca-

333 3884 509 3928 nones
540 3863 884 3924 incendendo
913 3879 1196 3935 negarem,
1228 3869 1286 3916 ut
1314 3861 1454 3918 sicut
1482 3860 1729 3918 ethnicus
1759 3867 1812 3916 et
1840 3877 1940 3932 pu-

334 3961 584 4017 blicanus
631 3954 884 4012 omnibus
911 3952 1117 4019 ﬁerem,
1151 3968 1274 4008 cum
1302 3951 1429 4008 licet
1456 3948 1708 4006 inﬁrmus
1737 3957 1791 4006 et
1820 3949 1940 4005 fra-

333 4050 464 4126 gilis
480 4063 591 4105 una
610 4062 736 4104 cum
758 4050 944 4100 sancta
963 4041 1211 4100 Ecclesia
1239 4040 1681 4114 frequentissime
1701 4048 1938 4108 cantem,

339 4156 466 4197 esse
504 4137 679 4196 virum
723 4141 989 4200 sanctum,
1023 4131 1118 4204 qui
1162 4147 1264 4204 pro
1310 4130 1434 4206 lege
1481 4131 1582 4187 Dei
1630 4130 1712 4186 sui
1757 4138 1940 4187 certa-

336 4231 414 4288 vit
441 4245 618 4300 usque
649 4225 720 4282 ad
747 4232 1002 4281 mortem.
1031 4223 1100 4278 Et
1128 4221 1256 4278 hinc
1301 4222 1460 4277 anxie
1489 4220 1622 4276 mihi
1671 4217 1943 4276 haesitanti

337 4319 579 4379 occurrit
622 4315 821 4372 Paulus
849 4313 919 4369 de
949 4311 1260 4382 hujusmodi
1307 4311 1494 4368 dicens
1529 4329 1542 4366 :
1579 4312 1715 4367 Cum
1735 4323 1942 4383 cogno-

1964 3016 2013 3080 Ο

2014 379 2141 420 ecce
2170 372 2252 420 est
2279 380 2388 420 una
2435 364 2592 437 culpa
2639 365 2923 438 superbiae,
2965 365 3089 438 quia
3117 368 3454 438 praevaricati
3483 381 3609 428 sunt

2015 461 2251 525 pactum.
2296 455 2442 510 Ecce
2491 454 2660 510 altera
2707 455 3098 527 obstinationis,
3149 456 3273 528 quia
3318 475 3492 532 usque
3538 461 3609 516 ad

2013 543 2158 599 diem
2205 544 2366 599 hanc.
2415 545 2560 600 Ecce
2603 545 2760 616 culpa
2810 544 2998 618 gravis
3059 545 3425 618 impudentiae,
3483 549 3609 623 quia

2014 633 2148 688 dura
2189 633 2348 700 facie,
2408 633 2661 706 quoniam
2718 633 2860 689 mala
2915 651 3036 707 quae
3089 634 3288 691 faciunt
3335 637 3452 707 jam
3507 655 3611 697 nec

2015 723 2360 793 erubescunt,
2409 731 2463 779 et
2503 739 2777 796 nunquam
2829 724 2915 780 vel
2955 731 3080 795 post
3127 725 3316 797 culpas
3361 727 3431 782 ad
3483 745 3608 801 p03-

2014 811 2294 868 nitentiam
2348 812 2596 883 redeunt,
2673 812 2799 886 quia
2869 813 3184 869 indomabili
3243 815 3409 872 corde
3465 827 3609 876 sunt.

2017 900 2150 956 Cum
2204 918 2336 958 vero
2383 909 2542 958 tanta:
2599 901 2900 974 pravitatis,
2967 911 3236 976 tantaeque
3291 904 3612 964 obstinatio-

2015 991 2101 1045 nis
2157 991 2264 1046 sint
2321 991 2397 1064 hi,
2455 991 2524 1047 ad
2552 1007 2688 1064 quos
2733 993 3003 1064 propheta
3045 992 3286 1062 mittitur,
3338 995 3461 1068 quis
3497 997 3614 1067 jam

2016 1095 2127 1136 non
2173 1080 2353 1137 videat
2400 1080 2525 1153 quia
2561 1097 2801 1152 persona
2829 1082 3110 1154 prophetae
3138 1099 3171 1138 a
3216 1091 3325 1138 tam
3381 1101 3615 1157 perver-

2017 1168 2093 1224 sis
2150 1169 2461 1225 hominibus
2525 1170 2732 1242 despici
2797 1171 3020 1227 valeat?
3073 1171 3182 1228 Sed
3237 1189 3366 1230 ecce
3421 1183 3616 1233 aucto-

2017 1259 2147 1314 ritas
2172 1275 2425 1330 personae
2453 1259 2726 1327 tribuitur,
2779 1276 2904 1317 cum
2947 1260 3192 1316 subditur
3222 1279 3236 1317 :
3268 1263 3339 1318 Et
3368 1263 3518 1321 dices
3546 1266 3616 1322 ad

2019 1365 2114 1405 eos
2149 1367 2162 1404 :
2195 1349 2325 1406 Haec
2372 1348 2502 1406 dicit
2549 1349 2832 1421 Dominus,
2869 1349 2915 1405 si
2945 1349 3084 1407 forte
3113 1351 3200 1408 vel
3229 1351 3334 1424 ipsi
3375 1355 3614 1424 audiant,

2018 1447 2071 1495 et
2099 1438 2145 1494 si
2176 1438 2316 1494 forte
2364 1438 2664 1512 quiescant,
2716 1441 2849 1512 quia
2895 1440 3091 1498 domus
3133 1459 3482 1516 exasperans
3531 1449 3617 1504 est

2016 1523 2239 1599 (Ezech.
2269 1529 2392 1601 xu).
2426 1530 2493 1584 Et
2525 1537 2598 1595 tu,
2632 1527 2708 1583 ﬁli
2735 1527 2988 1598 hominis,
3047 1545 3118 1586 ne
3144 1530 3336 1587 timeas
3367 1549 3481 1600 eos,
3515 1549 3620 1590 ne-

1953 1643 2006 1704 B
2028 1633 2132 1690 que
2149 1633 2432 1674 sermones
2449 1633 2640 1674 eorum
2655 1625 2888 1687 metuas,
2912 1619 3044 1692 quia
3064 1620 3262 1677 domus
3273 1637 3624 1696 exasperans

2029 1710 2132 1764 est.
2165 1707 2348 1780 (Ibid.)
2395 1706 2626 1764 Stultum
2669 1707 2816 1764 enim
2857 1707 3017 1764 valde
3046 1717 3147 1776 est,
3181 1709 3229 1764 si
3257 1710 3362 1765 illis
3399 1710 3623 1784 placere

2027 1795 2342 1869 quaerimus,
2371 1813 2509 1870 quos
2537 1813 2650 1852 non
2677 1797 2896 1869 placere
2926 1797 3158 1854 Domino
3187 1798 3410 1856 scimus.
3443 1801 3624 1857 Debe-

2026 1903 2148 1942 mus
2179 1893 2358 1943 autem
2383 1887 2588 1942 habere
2616 1885 2674 1941 in
2699 1894 2848 1942 metu
2875 1894 2928 1942 et
2957 1887 3266 1944 reverentia
3287 1888 3492 1958 judicia
3515 1890 3624 1960 jus-

2029 1983 2226 2043 torum,
2275 1975 2402 2048 quia
2442 1975 2691 2032 membra
2727 1975 3110 2048 omnipotentis
3141 1977 3240 2034 Dei
3266 1985 3409 2046 sunt,
3443 1987 3494 2036 et
3521 1981 3628 2036 hoc

2028 2063 2132 2138 ipsi
2163 2065 2218 2120 in
2247 2073 2389 2121 terra
2416 2065 2843 2138 reprehendunt,
2879 2067 3024 2138 quod
3052 2065 3315 2123 Dominus
3353 2068 3637 2142 redarguit

2030 2170 2061 2212 e
2090 2155 2247 2212 coelo.
2297 2155 2436 2211 Nam
2483 2171 2866 2228 perversorum
2909 2155 3213 2230 derogatio,
3258 2156 3382 2214 vitae
3428 2166 3630 2216 nostra:

2030 2243 2346 2317 approbatio
2372 2252 2456 2300 est
2484 2245 2608 2316 quia
2631 2245 2744 2314 jam
2773 2245 3074 2302 ostenditur
3097 2261 3200 2302 nos
3241 2245 3444 2318 aliquid
3463 2247 3630 2318 justi-

2030 2334 2118 2391 tiae
2147 2334 2371 2400 habere,
2405 2333 2452 2389 si
2481 2333 2586 2388 illis
2617 2333 2908 2406 displicere
2945 2334 3230 2406 incipimus
3263 2335 3355 2408 qui
3381 2353 3491 2392 non
3517 2337 3636 2411 pla-

2034 2431 2158 2480 cent
2185 2424 2321 2479 Deo.
2347 2423 2476 2479 Ideo
2501 2423 2630 2479 boni
2660 2423 2885 2479 timendi
2914 2431 3038 2478 sunt
3067 2441 3136 2480 ne
3167 2423 3527 2494 offendantur,
3558 2443 3630 2484 ne

2033 2511 2266 2568 fortasse
2295 2527 2394 2583 per
2422 2527 2518 2568 eos
2547 2511 2636 2567 ille
2683 2519 3012 2584 provocetur
3045 2512 3117 2568 ad
3143 2512 3504 2583 iracundiam,
3537 2515 3632 2589 qui

2033 2617 2220 2658 eorum
2251 2601 2423 2658 corda
2453 2617 2672 2673 semper
2717 2601 3002 2658 inhabitat.
3035 2602 3264 2674 Propter
3292 2603 3437 2676 quod
3467 2603 3631 2660 etiam

2034 2691 2282 2748 subditur
2313 2707 2328 2747 :
2361 2692 2438 2746 Tu
2465 2699 2665 2758 autem,
2711 2689 2788 2746 ﬁli
2815 2690 3071 2760 hominis,
3121 2691 3250 2748 audi
3296 2707 3634 2766 quaecunque

2032 2780 2230 2854 loquor
2257 2781 2328 2836 ad
2356 2788 2428 2850 te,
2465 2788 2518 2836 et
2544 2781 2658 2836 noli
2699 2797 2822 2837 esse
2871 2797 3224 2854 exasperans,
3271 2781 3409 2840 sicut
3437 2783 3634 2840 domus

2035 2869 2407 2942 exasperatrix
2437 2877 2540 2926 est.
2563 2869 2683 2926 Nisi
2705 2871 2849 2926 enim
2868 2871 2937 2926 ad
2957 2871 3292 2944 loquendum
3311 2872 3479 2930 verba
3509 2889 3636 2931 cum

2033 2960 2351 3016 mittebatur
2384 2960 2652 3028 obediret,
2684 2961 3110 3032 omnipotentem
3154 2962 3468 3030 Dominum,
3501 2963 3641 3021 sicut

2035 3049 2312 3106 auditores
2359 3050 2428 3106 de
2468 3066 2732 3122 perverso
2778 3067 2966 3122 opere,
3017 3051 3096 3107 sic
3136 3051 3421 3124 propheta,
3453 3052 3511 3108 id
3553 3059 3638 3110 est

2035 3139 2367 3212 praedicator
2395 3139 2464 3196 de
2496 3155 2596 3196 suo
2626 3138 2839 3195 silentio
2871 3140 3046 3196 Deum
3077 3149 3474 3214 exasperasset.
3512 3163 3535 3194 ιο

2591 3281 2816 3340 CAPUT
2869 3281 3084 3340 XLVII.

2039 3370 2200 3442 Quod
2229 3373 2443 3449 vietum
2472 3387 2530 3428 se
2549 3389 2846 3449 nunquam
2871 3376 3260 3449 agnoscatrDe
3291 3377 3412 3449 ejus
3427 3376 3490 3433 in
3511 3390 3635 3434 (me-

2113 3445 2528 3519 tropolitanumr
2559 3445 2860 3519 rebellione
2895 3445 2920 3500 ε’
2941 3449 3014 3519 et_
3033 3447 3176 3519 quod
3209 3445 3376 3519 sacra
3421 3449 3641 3519 eloquia

2112 3517 2285 3591 essuri
2299 3517 2550 3591 petierit,
2579 3517 3334 3591 etschismasubseriptione
3368 3537 3474 3577 sua
3492 3517 3641 3591 fece-

2111 3588 2210 3642 rit.
2241 3587 2312 3642 Et
2343 3587 2409 3643 de
2440 3588 2677 3660 injustis
2707 3590 2830 3660 ejus
2861 3587 3275 3660 obligantentis.

2111 3693 2268 3750 Unde
2295 3692 2447 3762 mihi,
2480 3693 2549 3750 ad
2588 3694 2742 3765 cujus
2790 3695 3208 3754 sollicitudinem
3247 3697 3522 3771 pertinere
3550 3699 3641 3757 di-

2043 3783 2348 3858 gnosceris,
2382 3799 2494 3839 non
2531 3791 2615 3840 est
2645 3783 2756 3856 tibi,
2785 3785 3096 3843 tacendum.
3128 3788 3198 3843 Et
3228 3789 3355 3861 quia
3382 3806 3488 3864 ego
3517 3806 3642 3848 mo-

2041 3873 2223 3930 nendo
2254 3882 2307 3930 et
2331 3881 2391 3929 tu
2438 3873 2746 3931 resistendo
2791 3875 2986 3932 luctari
3028 3877 3313 3950 coepimus,
3344 3887 3398 3936 et
3427 3888 3558 3952 puto
3585 3881 3642 3936 in

2042 3964 2148 4020 hac
2189 3963 2446 4036 praesenti
2487 3963 2778 4021 luctatione
2823 3981 2934 4021 non
2979 3974 3104 4022 ante
3152 3977 3380 4036 sextam,
3427 3978 3519 4026 aut
3547 3987 3642 4027 se-

2042 4052 2288 4124 ptimam,
2323 4053 2410 4109 vel
2452 4069 2626 4125 usque
2655 4053 2723 4108 ad
2753 4053 3018 4110 decimam
3058 4056 3388 4114 volutionem
3416 4059 3642 4130 patieris

2045 4141 2401 4199 succumbere
2433 4159 2446 4195 :
2479 4159 2694 4212 nempe,
2724 4149 2782 4196 ut
2811 4142 2996 4210 timeo,
3047 4143 3207 4198 etiam
3255 4161 3380 4202 cum
3409 4149 3635 4216 ratione,

2045 4230 2290 4300 veritate,
2323 4238 2486 4302 atque
2530 4229 2868 4298 auctoritate,
2901 4247 2966 4288 ac
2993 4233 3139 4288 nube
3169 4234 3406 4302 testium,
3441 4237 3642 4292 acriori

2048 4319 2230 4376 duello
2260 4317 2472 4376 Daretis
2502 4326 2556 4374 et
2583 4319 2782 4376 Entelli
2795 4320 3094 4390 justissime
3114 4321 3307 4391 victus,
3331 4331 3385 4380 et
3397 4323 3641 4394 judicum

344 4412 566 4470 υἱδεϐηι
595 4409 789 4474 Deum,
821 4421 936 4461 ηοη
965 4403 1117 4460 Sicut
1143 4404 1321 4459 Deum
1338 4400 1818 4474 θίονὶίῖσαυθναηίν
1841 4402 1948 4456 aut
1969 4391 2305 4480 Djustorum
2349 4409 2678 4466 clamoribus
2721 4409 2980 4483 percitus,
3033 4411 3145 4482 jam
3202 4391 3636 4484 subtus-jacens,

337 4501 559 4575 gratias
589 4497 846 4570 egerunt,
881 4493 976 4549 sed
1023 4495 1381 4549 evanuerunt
1414 4493 1478 4548 in
1511 4489 1938 4563 cogitationibus

337 4593 482 4657 suis,
501 4593 557 4647 et
571 4587 930 4646 obscuratum
946 4585 1032 4639 est
1045 4584 1324 4656 insipiens
1339 4598 1434 4640 cor
1445 4597 1639 4638 eorum
1651 4599 1670 4636 :
1687 4580 1939 4636 dicentes

343 4683 503 4739 enim
518 4695 577 4736 se
593 4693 710 4735 esse
727 4675 1029 4749 sapientes,
1063 4673 1232 4730 stulti
1251 4673 1398 4746 facti
1415 4675 1552 4729 sunt
1573 4671 1750 4744 (Rom.
1774 4669 1835 4743 ι).
1859 4671 1940 4726 De

339 4770 542 4845 quibus
573 4775 628 4824 et
655 4763 920 4823 Dominus
949 4763 1019 4819 ad
1046 4761 1392 4820 Ezechielem
1421 4761 1741 4834 prophetam
1771 4759 1939 4816 dicit:

338 4864 563 4928 Patres,
603 4855 876 4930 inquiens,
924 4871 1118 4912 eorum
1149 4853 1516 4927 praevaricati
1544 4855 1683 4908 sunt
1707 4854 1943 4924 pactum

342 4967 538 5008 meum
567 4963 740 5021 usque
771 4945 844 5004 ad
871 4945 1017 5004 diem
1049 4945 1216 5011 hanc,
1247 4946 1304 4999 et
1331 4942 1443 5012 ﬁlii
1470 4942 1615 4999 dura
1643 4941 1855 4998 cervice
1887 4942 1943 4996 et

340 5039 676 5098 indomabili
705 5037 868 5096 corde
897 5039 1053 5102 sunt,
1083 5033 1157 5092 ad
1177 5049 1310 5108 quos
1327 5049 1423 5105 ego
1456 5033 1622 5090 mitto
1646 5035 1696 5088 te
1717 5029 1938 5103 (Esech.

340 5131 426 5202 ιι).
462 5127 574 5186 Sed
602 5126 750 5200 prius
794 5125 953 5183 nobis
981 5141 1049 5182 ex
1080 5121 1260 5182 verbis
1287 5121 1434 5178 beati
1464 5120 1722 5195 Gregorii
1749 5119 1942 5176 dicen-

342 5221 476 5276 dum
504 5225 589 5275 est
627 5215 758 5290 quid
794 5215 866 5272 sit
905 5223 1126 5288 pactum
1157 5231 1170 5268 :
1209 5233 1232 5265 ι
1267 5212 1329 5268 In
1354 5218 1532 5285 pacto,
1565 5209 1739 5282 inquit
1769 5210 1938 5282 (hom.

342 5313 376 5366 9
407 5309 472 5366 in
500 5306 749 5379 Ezech.),
799 5303 1226 5362 discordantium
1271 5301 1507 5374 partium
1552 5299 1800 5356 voluntas
1836 5299 1943 5354 im-

340 5398 542 5472 pletur,
573 5404 632 5454 ut
661 5396 729 5452 ad
757 5403 944 5454 votum
973 5411 1133 5452 suum
1163 5408 1388 5466 quaeque
1425 5387 1722 5463 perveniat,
1755 5397 1808 5444 et
1829 5389 1944 5460 jur-

340 5488 439 5563 gia
475 5486 787 5546 desiderato
833 5483 942 5543 ﬁne
985 5483 1293 5543 concludat.
1342 5480 1501 5552 Quod
1545 5485 1762 5552 pactum
1805 5478 1946 5538 inter

2041 4497 2244 4555 victum
2273 4506 2326 4554 te
2358 4499 2542 4556 dicere
2572 4516 2681 4555 non
2710 4499 3046 4575 dignaberis,
3081 4511 3273 4576 etquae
3303 4504 3372 4560 ad
3394 4512 3540 4560 tuam
3559 4504 3646 4560 in-

2041 4588 2396 4644 structionem
2423 4596 2478 4644 et
2515 4589 2913 4662 correptionem
2960 4591 3058 4646 tibi
3105 4592 3304 4664 scripta
3352 4600 3494 4659 sunt,
3527 4607 3640 4650 non

2039 4677 2109 4733 ad
2135 4676 2552 4736 aediﬁcationem
2579 4680 2865 4752 suscipies,
2889 4681 2987 4736 sed
3016 4681 3086 4736 ad
3115 4680 3517 4738 contentionem
3546 4699 3638 4739 ex-

2039 4783 2302 4842 aggerare
2329 4768 2590 4839 studebis,
2622 4777 2676 4826 et
2705 4786 2858 4826 more
2887 4777 2980 4824 tuo
3009 4776 3163 4825 sueto
3191 4776 3250 4824 ut
3269 4769 3502 4828 invictus
3534 4773 3631 4842 sis,

2041 4865 2262 4914 secutus
2275 4858 2432 4914 Heliu
2460 4875 2855 4930 praecursorem
2883 4859 3274 4931 arrogantium,
3309 4866 3363 4915 et
3391 4859 3449 4916 in
3477 4878 3635 4920 arro-

2041 4947 2229 5020 gantia
2256 4965 2350 5004 sua
2382 4947 2815 5015 invictissimum,
2836 4947 2926 5020 qui
2945 4947 3076 5002 dixit
3098 4964 3112 5003 :
3135 4949 3346 5008 Plenus
3367 4968 3494 5009 sum
3513 4971 3634 5012 ser-

2041 5035 2317 5108 monibus,
2341 5041 2398 5094 et
2411 5041 2662 5095 coarctat
2677 5053 2766 5093 me
2785 5037 3022 5109 spiritus
3038 5039 3193 5095 uteri
3206 5042 3350 5098 mei:
3365 5040 3562 5116 loquar
3575 5048 3632 5101 et

2039 5141 2129 5182 res
2131 5127 2324 5198 pirabo
2335 5127 2653 5200 paululum,
2677 5127 2932 5200 aperiam
2955 5127 3102 5186 labia
3120 5145 3246 5186 mea
3257 5133 3313 5187 et
3326 5134 3630 5206 responde-

2043 5215 2104 5272 bo
2125 5216 2241 5286 (Job
2261 5217 2468 5285 χχχιι),
2507 5223 2557 5270 te
2579 5215 2720 5270 intra
2748 5222 2801 5271 te
2825 5216 3082 5274 cohibere
3111 5235 3222 5276 non
3241 5220 3466 5292 poteris,
3495 5223 3627 5296 quin

2043 5305 2322 5361 scientiam
2367 5312 2516 5360 tuam
2564 5303 2682 5360 sine
2721 5305 2926 5362 ratione
2955 5315 3008 5362 et
3037 5309 3354 5368 auctoritate
3384 5310 3439 5366 in
3469 5327 3629 5368 auras

2044 5393 2316 5451 incondite
2344 5400 2402 5448 ut
2431 5391 2575 5448 soles
2605 5409 2716 5450 non
2745 5395 3012 5466 proferas,
3045 5407 3099 5455 et
3126 5407 3184 5454 ut
3213 5417 3300 5456 me
3329 5401 3400 5456 ad
3429 5401 3634 5458 rescri-

2043 5483 2281 5541 bendum
2309 5481 2635 5555 compellere
2681 5485 2881 5558 possis,
2916 5495 3180 5562 quatenus
3225 5490 3388 5547 horas
3436 5491 3636 5548 utilitat
