4164 6358
1307 34 1427 41 H‘
1448 38 1471 43 "
1514 40 1525 45 '
1574 42 1601 47 ·“
1708 45 1737 53 η
1768 48 1781 53 -
1806 50 1873 57 ___

517 243 620 298 L63

1409 235 1750 293 HINCMABI
1807 233 2208 330 RHEMENﬁIS
2245 233 2798 290 ARCHIEPISCOPI.

3710 236 3817 292 464

519 374 572 422 et
601 363 908 422 necessitati
955 363 1348 436 impendendas
1377 363 1649 419 inutilitati
1680 372 1733 419 et
1758 363 2115 436 superfluitati
2145 363 2202 423 Α
2222 361 2373 428 dum,
2411 377 2521 416 non
2571 360 2748 416 solum
2777 368 2836 416 ut
2865 361 3101 418 scienter
3147 359 3359 428 doceat,
3391 360 3489 416 sed
3521 359 3685 416 etiam
3713 377 3818 433 pa-

517 454 840 526 expendam,
873 452 1068 510 frivola
1101 462 1154 508 et
1182 453 1392 508 inutilia
1421 461 1584 526 atque
1615 453 1826 509 ratione
1875 452 2114 510 carentia

513 543 822 601 rescribere
851 542 1179 612 decertabis,
1204 551 1256 596 et
1273 541 1364 596 illa
1395 559 1516 614 quae
1541 543 1654 611 jam
1676 557 1708 597 a
1738 558 1826 597 me
1857 541 1954 596 tibi
1985 541 2116 598 scri-

512 639 606 704 pta
633 639 774 700 sunt,
807 631 905 687 sed
934 639 988 686 et
1012 639 1128 686 tuas
1159 630 1392 702 ineptias
1422 631 1494 686 ad
1524 632 1906 702 episcOporum
1935 639 1988 686 et
2017 646 2112 685 sa-

511 719 757 792 pientum
787 736 1016 774 examen
1049 735 1134 774 me
1160 719 1464 790 producere
1496 720 1564 774 ad
1589 735 1770 774 meum
1801 735 1902 790 pro
1932 727 1986 774 te
2015 719 2116 774 do-

509 809 688 866 lorem
717 817 770 864 et
801 808 870 864 ad
901 817 1046 864 tuam
1087 807 1387 879 perniciem
1418 809 1623 881 exiges,
1657 817 1710 862 et
1743 808 1921 863 veniet
1949 824 2114 879 super

509 907 583 968 te,
617 899 754 954 sicut
782 913 996 962 vereor,
1031 897 1120 952 illa
1151 897 1419 952 sententia
1461 913 1580 968 quae
1610 897 1811 968 scripta
1841 904 1921 952 est
1954 915 1967 951 :
2003 899 2112 953 Ne—

511 1004 662 1044 cesse
683 991 767 1044 est
787 991 852 1043 ut
872 987 1104 1044 veniant
1123 987 1413 1052 scandala,
1449 1002 1528 1040 vae
1557 991 1751 1042 autem
1773 987 1990 1042 homini
2022 987 2110 1042 illi

507 1091 613 1151 per
629 1094 792 1151 quem
811 1075 1145 1132 scandalum
1165 1077 1318 1130 venit
1332 1075 1552 1145 (Matth.
1572 1075 1758 1147 xvm).
1777 1076 1842 1130 Et
1865 1075 2002 1131 sicut
2024 1091 2113 1130 me

511 1174 566 1222 et
605 1182 699 1222 eos
741 1165 830 1238 qui
859 1181 1074 1221 mecum
1106 1172 1156 1218 te
1195 1165 1518 1238 nutrierunt,
1562 1164 1760 1219 deinde
1791 1165 1929 1220 alios
1949 1173 2112 1237 atque

509 1254 668 1322 alios,
700 1255 798 1310 sed
827 1263 880 1308 et
907 1253 1094 1324 plures
1123 1253 1191 1308 de
1211 1252 1297 1306 his
1319 1252 1410 1324 qui
1430 1251 1528 1306 tibi
1557 1253 1836 1308 commissi
1867 1253 2112 1323 fuerunt,

509 1359 702 1400 verum
731 1351 785 1398 et
813 1343 882 1397 de
913 1342 996 1396 his
1029 1340 1122 1412 qui
1151 1358 1181 1395 a
1212 1349 1263 1395 te
1292 1341 1348 1394 in
1377 1340 1556 1396 fmdus
1587 1340 2114 1414 familiaritatemque

515 1433 752 1503 suscepti
801 1431 1039 1497 fuerunt,
1100 1420 1300 1485 viritim
1355 1430 1716 1503 dereliquisti,
1769 1439 1821 1486 et
1872 1431 2113 1488 vicissim

513 1519 649 1577 alios
695 1529 858 1593 atque
905 1519 1043 1575 alios
1073 1519 1168 1574 tibi
1206 1518 1264 1574 in
1292 1518 1581 1576 amicitiam
1610 1527 1662 1574 et
1693 1519 2115 1578 familiaritatem

514 1609 788 1680 recepisti,
839 1624 965 1664 cum
1012 1607 1286 1681 delegeris
1331 1608 1514 1679 potius
1561 1624 1770 1676 eorum,
1802 1610 1895 1680 qui
1925 1627 1984 1665 se
2013 1625 2114 1682 per

512 1697 726 1756 diversa
767 1698 1037 1767 jactantes
1077 1697 1146 1752 ab
1174 1697 1379 1753 unitate
1429 1697 1708 1754 catholicae
1756 1697 2183 1784 fraternitatisB

513 1788 900 1860 praeciderunt,
949 1787 1038 1842 vel
1066 1796 1286 1858 propter
1313 1787 1727 1843 irrevocabilem
1757 1805 1908 1843 suam
1938 1789 2112 1860 perti-

513 1877 728 1933 naciam
755 1877 982 1948 praecidi
1012 1884 1328 1949 exegerunt,
1353 1883 1410 1931 ut
1429 1877 1630 1932 nostris
1653 1878 1990 1949 temporibus
2014 1879 2124 1934 Go-

513 1965 826 2022 thescalcus
854 1973 1018 2037 atque
1049 1965 1367 2033 Guntarius,
1403 1965 1734 2022 exitiabilem
1763 1967 2118 2038 pertinaciam

517 2053 690 2126 sequi,
722 2070 886 2126 quam
915 2046 1344 2116 ecclesiasticam
1391 2056 1862 2111 mansuetudinem
1893 2065 1946 2112 et
1973 2056 2116 2128 piam

518 2143 921 2216 paternitatem.
973 2143 1264 2216 Contingat
1307 2143 1422 2214 tibi,
1469 2145 1615 2215 quod
1661 2144 1818 2212 absit,
1869 2161 1993 2201 cum
2037 2145 2117 2201 eis

517 2231 726 2288 habere
756 2240 987 2304 partem,
1021 2247 1247 2304 quorum
1278 2233 1550 2288 studueris
1575 2233 1770 2288 imitari
1800 2251 2116 2306 perversam

511 2321 910 2378 intentionem:
935 2329 988 2377 et
1007 2321 1213 2378 idcirco
1243 2321 1309 2390 si,
1334 2323 1479 2394 quod
1509 2339 1620 2379 non
1647 2331 1774 2395 opto
1803 2324 1901 2380 sed
1926 2325 2112 2393 timeo,

517 2409 575 2465 in
601 2411 708 2466 hac
737 2409 1006 2466 dementia
1037 2411 1176 2467 sicut
1205 2411 1418 2482 coepisti
1465 2412 1704 2468 volueris
1734 2429 2112 2484 perseverare,

512 2515 583 2554 ne
613 2499 848 2571 amplius
897 2507 1088 2555 contra
1133 2500 1427 2555 verbosum
1481 2501 1727 2556 studeam
1783 2503 2115 2560 contendere

517 2588 723 2656 verbis,
759 2587 857 2643 sed
903 2588 1010 2644 ista
1037 2596 1129 2644 aut
1174 2589 1244 2644 ad
1283 2590 1696 2661 correctionem,
1729 2599 1822 2646 aut
1850 2608 1948 2663 per
1975 2592 2114 2648 alio-

513 2692 638 2732 rum
663 2675 924 2746 judicium
953 2677 1022 2732 ad
1049 2685 1192 2732 tuam
1222 2677 1573 2734 revictionem
1603 2678 1850 2736 sufficere
1878 2681 2110 2750 valeant,

516 2773 570 2822 et
597 2764 730 2820 mihi
759 2765 828 2820 de
859 2766 1142 2822 avulsione
1171 2767 1346 2822 dextri
1395 2767 1540 2824 oculi
1569 2769 1656 2824 vel
1683 2769 1890 2826 dextra:
1917 2787 2113 2826 manus

515 2854 852 2911 abscissione
883 2854 1038 2910 dolor
1068 2855 1352 2911 continuus
1381 2863 1434 2912 et
1461 2865 1756 2928 perpetuus
1784 2874 1990 2914 mceror
2016 2875 2112 2916 ac-

515 2943 681 3014 cidat,
714 2943 855 3000 sicut
884 2959 952 2998 ex
980 2943 1166 3000 verbis
1194 2944 1339 3000 beati
1372 2945 1626 3018 Gregorii
1655 2946 1755 3001 tria
1784 2947 1879 3002 tibi
1905 2963 2111 3020 propo-

511 3033 596 3090 sui
627 3051 640 3088 :
673 3041 961 3105 peccatum
1009 3033 1232 3101 scilicet,
1281 3042 1332 3090 et
1369 3049 1593 3090 causam
1639 3035 1866 3108 peccati,
1901 3052 1966 3092 ac
1993 3053 2111 3109 pce-

2213 449 2412 505 tienter
2456 449 2650 506 discat.
2699 450 2822 505 Non
2872 449 3058 506 dubito
3107 449 3254 524 quod
3281 449 3328 504 si
3358 449 3516 504 istam
3563 449 3818 522 quaestio-

2213 555 2338 593 nem
2367 539 2420 593 in
2451 538 2702 595 Ecclesia
2732 539 2825 594 diu
2853 539 3190 611 multumque
3210 547 3522 594 versantem
3541 555 3664 595 cum
3685 539 3822 595 viris

2215 627 2568 682 sanctissimis
2588 627 3026 700 doctissimisque
3050 636 3325 696 tractaret,
3351 645 3450 698 per
3469 644 3606 700 quos
3627 637 3820 699 postea

2215 715 2414 772 factum
2459 725 2562 782 est,
2595 725 2652 772 ut
2681 717 2904 790 antiqua
2933 717 3026 772 illa
3057 715 3396 774 consuetudo
3428 717 3590 772 etiam
3619 717 3819 788 plena-

2214 805 2297 860 rio
2327 805 2560 861 concilio
2592 803 2916 873 firmaretur,
2950 805 3068 860 sine
3106 806 3438 862 dubitatione
3467 806 3820 862 demonstra-

2214 902 2316 960 ret,
2351 910 2458 949 non
2507 894 2680 948 solum
2721 911 2885 966 quam
2927 895 3156 950 devotus
3185 903 3330 950 esset
3360 895 3414 949 in
3444 895 3529 950 his
3562 911 3682 968 quae
3713 893 3818 949 fir-

2211 982 2457 1037 missima
2487 985 2714 1038 veritate
2746 991 3085 1055 perceperat,
3117 1001 3308 1040 verum
3333 983 3494 1039 etiam
3525 1000 3685 1056 quam
3715 983 3818 1039 do-

2215 1070 2391 1126 cibilis
2421 1071 2477 1125 in
2507 1072 2592 1126 his
2619 1089 2741 1144 qua":
2787 1073 2967 1127 minus
3016 1072 3340 1128 adverterat.
3373 1074 3441 1128 Et
3468 1081 3654 1128 tamen
3691 1089 3818 1128 cum

2214 1159 2720 1216 manifestissimum
2752 1161 2820 1216 sit
2849 1161 3016 1216 multo
3040 1161 3264 1233 gravius
3292 1177 3522 1234 peccare
3553 1161 3820 1218 scientem

2216 1264 2381 1319 quam
2418 1249 2772 1317 nescientem,
2825 1250 3025 1306 vellem
3067 1250 3198 1305 milii
3245 1251 3441 1322 aliquis
3469 1251 3678 1307 diceret
3711 1268 3725 1305 :
3759 1251 3820 1308 Si

2217 1337 2336 1409 quis
2384 1337 2442 1392 in
2491 1338 2746 1394 haeresim
2794 1339 3056 1404 incurrat,
3107 1339 3360 1396 nesciens
3409 1347 3674 1412 quantum
3702 1356 3821 1394 ma-

2214 1426 2327 1481 lum
2376 1427 2462 1494 sit,
2515 1435 2568 1482 et
2614 1427 2753 1483 alius
2795 1429 2864 1483 ab
2912 1427 3139 1484 avaritia
3190 1445 3300 1485 non
3342 1429 3582 1498 recedat,
3635 1428 3822 1486 sciens

2217 1523 2475 1587 quantum
2502 1516 2706 1572 malum
2750 1517 2837 1587 sit,
2873 1517 2992 1590 quis
3033 1535 3226 1574 eorum
3259 1517 3328 1573 sit
3356 1518 3558 1590 pejor?
3586 1519 3822 1574 Possum

2215 1604 2379 1660 etiam
2418 1605 2488 1660 ita
2523 1622 2850 1678 proponere,
2891 1607 2938 1662 si
2985 1607 3123 1662 alius
3166 1607 3418 1664 nesciens
3465 1607 3518 1662 in
3561 1609 3819 1664 haeresim

2214 1693 2471 1762 incurrat,
2505 1703 2557 1750 et
2587 1695 2766 1752 sciens
2815 1696 2952 1752 alius
2980 1696 3050 1752 ad
3075 1697 3382 1753 idololatria
3428 1714 3540 1753 non
3568 1697 3816 1768 recedat,

2217 1783 2345 1855 quia
2373 1793 2425 1839 et
2453 1785 2747 1856 Apostolus
2777 1785 2906 1842 dicit
2935 1804 2948 1840 :
2984 1787 3240 1844 Avaritia
3270 1805 3392 1860 qua:
3419 1791 3506 1844 est
3533 1787 3818 1844 idolorum

2215 1873 2458 1929 servitus
2487 1873 2713 1945 (Coloss.
2735 1875 2838 1946 ιιι),
2873 1884 2926 1930 et
2953 1874 3071 1947 ipse
3093 1877 3396 1948 Cyprianus
3417 1877 3666 1932 eamdem
3696 1892 3824 1932 sen-

2217 1961 2437 2016 tentiam
2488 1978 2598 2018 non
2645 1963 2802 2018 aliter
2833 1963 3113 2035 intellexit,
3161 1964 3302 2022 sicut
3334 1966 3406 2020 ad
3447 1964 3815 2022 Antonianum

2217 2049 2460 2106 scribens
2489 2050 2562 2105 ait
2591 2053 2778 2124 (epist.
2812 2055 2901 2124 52)
2936 2071 2949 2108 :
2985 2077 3007 2102 α
3042 2055 3159 2110 Nec
3189 2053 3293 2108 sibi
3321 2053 3376 2109 in
3407 2055 3510 2110 hoc
3539 2055 3665 2111 novi
3693 2057 3815 2112 hm-

2215 2139 2372 2196 retici
2414 2140 2773 2209 blandiantur,
2817 2143 2964 2214 quod
3011 2159 3072 2198 se
3115 2143 3296 2200 dicant
3351 2143 3656 2200 idololatris
3701 2161 3818 2202 non

2215 2229 2638 2298 communicare,
2683 2231 2900 2302 quando
2948 2231 3055 2286 sint
3084 2239 3136 2286 et
3166 2231 3312 2304 apud
3338 2232 3460 2288 illos
3496 2233 3731 2290 adulteri
3761 2243 3822 2290 et

2213 2314 2554 2374 fraudatores
2601 2319 2694 2390 qui
2736 2327 3020 2376 teneantur
3061 2319 3379 2378 idololatriae
3427 2322 3671 2391 crimine,
3719 2339 3817 2380 se-

2215 2406 2449 2462 cundum
2483 2408 2803 2478 Apostolum
2830 2408 3106 2465 dicentem
3133 2410 3356 2484 (Ephes.
3381 2411 3440 2483 v)
3475 2429 3488 2466 :
3521 2411 3638 2469 Hoc
3667 2412 3816 2468 enim

2213 2493 2406 2552 scitote
2434 2496 2823 2570 intelligentes,
2875 2499 2997 2570 quia
3041 2498 3216 2555 omnis
3245 2499 3558 2567 fornicator,
3591 2509 3682 2557 aut
3710 2501 3816 2558 im-

2213 2585 2466 2652 mundus,
2535 2594 2626 2640 aut
2686 2585 2982 2656 fraudator,
3043 2589 3190 2662 quod
3239 2596 3322 2645 est
3375 2589 3644 2658 idolatria,
3701 2607 3819 2648 non

2211 2673 2378 2729 habet
2405 2674 2774 2731 bmreditatem
2789 2675 2844 2732 in
2861 2692 3036 2750 regno
3053 2677 3252 2734 Christi
3269 2685 3323 2732 et
3341 2679 3442 2734 Dei
3465 2697 3478 2746 ;
3499 2686 3553 2734 et
3571 2679 3772 2736 iterum
3795 2697 3814 2735 :

2212 2763 2538 2833 Mortiﬁcate
2554 2764 2734 2837 itaque
2758 2767 3006 2823 membra
3021 2771 3208 2824 vestra
3223 2784 3345 2841 qua:
3359 2771 3494 2824 sunt
3507 2785 3680 2842 super
3697 2773 3816 2826 ter-

2213 2868 2356 2919 ram,
2391 2862 2724 2924 exponentes
2753 2857 3216 2926 fornicationem,
3265 2857 3720 2925 immunditiam,
3756 2866 3814 2914 et

2210 2943 2728 3013 concupiscentiam
2747 2945 2982 3013 malam,
3001 2949 3059 3001 et
3073 2945 3380 3002 avaritiam
3395 2963 3516 3020 qua:
3532 2950 3616 3004 est
3633 2947 3812 3003 idolo-

2211 3045 2336 3084 rum
2363 3033 2604 3088 servitus
2635 3033 2888 3104 (Colloss.
2920 3035 3024 3106 ιιι).
3059 3033 3257 3104 Quaero
3305 3051 3442 3108 ergo
3471 3035 3590 3108 quis
3619 3045 3816 3109 peccet

507 3138 634 3178 nam
669 3123 881 3194 peccati
915 3140 928 3178 :
963 3139 1086 3195 quae
1121 3122 1284 3178 etiam
1310 3123 1358 3178 si
1385 3139 1592 3196 negare
1638 3125 1774 3180 velis
1819 3125 2106 3184 admisisse
2141 3091 2446 3190 Cgravius,
2479 3120 2570 3192 qui
2614 3121 2868 3178 nesciens
2897 3122 2954 3178 in
2983 3123 3236 3180 haeresim
3277 3123 3583 3192 incurrerit,
3617 3141 3687 3180 au
3719 3125 3818 3198 qui

506 3211 870 3279 convinceris,
901 3211 1000 3267 tibi
1041 3211 1151 3267 alia
1195 3212 1299 3268 tria
1326 3228 1394 3268 ex
1422 3213 1604 3269 verbis
1633 3213 1776 3270 beati
1816 3215 2106 3288 Augustini

506 3316 830 3373 proponam,
861 3307 920 3355 ut
949 3300 1090 3356 sicut
1119 3302 1382 3374 scriptum
1399 3309 1502 3369 est,
1533 3303 1740 3372 Videas,
1775 3307 1833 3361 et
1858 3307 2022 3374 scias,
2049 3309 2104 3362 et

505 3391 796 3462 recogites,
817 3393 876 3446 et
892 3391 1184 3462 intelligas
1193 3392 1416 3464 pariter
1435 3391 1566 3464 (lsa.
1581 3394 1720 3461 xu).
1744 3393 1981 3449 Primum
1993 3394 2108 3467 qui-

501 3479 628 3534 dem
655 3486 977 3550 provectum
1004 3479 1260 3549 avaritiae,
1283 3479 1428 3535 unde
1445 3481 1756 3551 Apostolus,
1781 3486 1838 3537 et
1858 3485 2104 3540 avaritia

499 3582 622 3639 qua:
641 3571 728 3624 est
749 3567 1032 3626 idolorum
1049 3570 1294 3625 servit-us
1311 3569 1542 3638 (Coloss.
1563 3568 1913 3640 m).Avaritia
1933 3571 2098 3640 enim,

497 3663 558 3711 ut
577 3655 914 3713 demonstrat
963 3656 1287 3730 Gregorius,
1341 3674 1452 3714 non
1498 3658 1676 3716 solum
1719 3659 1966 3731 pecuniae
1997 3668 2098 3730 est,

501 3743 602 3802 sed
631 3745 796 3800 etiam
837 3745 1158 3802 altitudinis.
1192 3747 1359 3804 Recte
1389 3747 1590 3819 quippe
1627 3748 1851 3804 avaritia
1881 3749 2097 3818 dicitur,

500 3847 628 3889 cum
657 3849 823 3904 super
867 3833 1088 3890 modum
1132 3835 1439 3890 sublimitas
1484 3836 1738 3892 ambitur.
1771 3837 1930 3906 Quod
1957 3837 2100 3895 inci-

497 3921 646 3978 disse
675 3922 896 3992 videris,
921 3922 1014 3996 qui
1045 3931 1235 3980 contra
1263 3925 1542 3981 decretum
1563 3941 1592 3980 a
1622 3927 1739 3982 Deo
1767 3926 2094 3998 ordinatum,

492 4025 563 4066 ne
592 4010 842 4066 subditus
863 4013 1159 4068 secundum
1180 4013 1405 4086 regulas
1427 4021 1518 4070 tuo
1534 4015 1952 4086 metropolitano
1973 4015 2096 4084 ﬁas,

490 4107 548 4156 ut
578 4115 743 4172 supra
769 4100 1006 4168 ostendi,
1037 4101 1306 4158 rebellare
1335 4103 1568 4160 conaris.
1597 4105 1658 4159 In
1689 4119 1796 4177 quo
1827 4105 1873 4161 si
1901 4121 2098 4177 perse-

491 4205 687 4246 verare
733 4189 1026 4264 delegeris,
1077 4199 1338 4264 quantum
1384 4191 1688 4266 delinquas,
1747 4209 1871 4250 cum
1935 4195 2096 4252 tantis

492 4279 901 4336 auctoritatibus
947 4279 1263 4348 revinceris,
1316 4296 1382 4336 ex
1429 4282 1674 4351 ejusdem
1716 4282 1862 4339 beati
1899 4285 2094 4358 Augu-

495 4367 624 4423 stini
651 4369 854 4435 verbis,
889 4385 1011 4440 qua:
1041 4369 1110 4424 de
1137 4369 1313 4425 sancti
1360 4370 1618 4441 Cypriani
1644 4371 1802 4427 dictis
1830 4373 2093 4445 deprom-

2204 3206 2384 3263 sciens
2413 3209 2484 3264 ab
2511 3209 2758 3278 avaritia,
2788 3211 2846 3267 id
2873 3219 2956 3267 est
2983 3211 3052 3268 ab
3082 3212 3387 3269 idololatria
3415 3229 3527 3270 non
3554 3229 3815 3272 recesse-

2203 3295 2318 3352 rit?
2349 3298 2660 3355 Secundum
2709 3300 2930 3374 quidem
2971 3301 3121 3357 illam
3149 3303 3421 3376 regulam,
3449 3319 3558 3377 qua
3585 3312 3814 3376 peccata

2203 3385 2490 3444 scientium
2537 3389 2778 3460 peccatis
2815 3389 3141 3464 ignorantiae
3169 3401 3582 3465 praeponuntur,
3612 3409 3812 3450 avarus

2201 3490 2327 3531 cum
2355 3476 2580 3533 scientia
2609 3477 2776 3536 vincit
2794 3478 2850 3534 in
2871 3479 3082 3537 scelere
3101 3481 3416 3539 haereticum
3445 3483 3806 3540 nescientem.

2201 3562 2312 3622 Sed
2341 3581 2410 3622 ne
2439 3565 2576 3622 forte
2623 3567 2728 3624 hoc
2756 3566 2866 3640 ﬁat,
2896 3567 3023 3626 facit
3051 3569 3108 3626 in
3134 3571 3330 3628 haeresi
3371 3572 3600 3629 sceleris
3630 3573 3807 3644 ipsius

2201 3653 2540 3726 magnitudo,
2573 3657 2720 3730 quod
2748 3656 2878 3714 facit
2907 3657 2964 3714 in
2995 3659 3218 3716 avaritia
3249 3660 3472 3718 scientis
3516 3661 3804 3732 admissio,

2199 3749 2260 3796 ut
2303 3743 2592 3801 haereticus
2638 3745 2890 3803 nesciens
2937 3763 3102 3806 avaro
3147 3749 3340 3806 scienti
3400 3760 3741 3824 coequetur.
3780 3773 3804 3804 ι

2197 3831 2554 3890 Exustionem
2601 3851 2819 3909 quoque
2867 3837 3174 3894 divinorum
3229 3839 3591 3913 eloquiorum,
3640 3857 3808 3914 quam

2197 3921 2330 3976 mihi
2346 3925 2698 3994 persuadere,
2722 3925 2768 3980 si
2783 3941 2998 3998 posses,
3019 3929 3247 3984 obtentu
3263 3929 3408 4002 apud
3425 3937 3478 3986 te
3493 3930 3809 3989 obtinendas

2196 4010 2348 4081 pacis
2389 4021 2614 4068 conatus
2659 4013 2826 4082 fuisti,
2893 4016 3030 4073 sicut
3082 4017 3315 4076 clericos
3361 4020 3640 4090 parochias.
3695 4029 3807 4078 tua:

2197 4099 2394 4154 eodem
2441 4101 2663 4158 obtentu
2691 4120 2792 4174 per
2820 4103 3188 4177 irregularem
3226 4107 3683 4180 subscriptionem
3715 4118 3804 4167 te-

2196 4203 2320 4244 cum
2366 4191 2727 4249 connexuisti.
2774 4193 3032 4268 Legimus
3079 4195 3279 4268 quippe
3329 4211 3452 4254 esse
3500 4214 3564 4255 os
3593 4200 3800 4268 cordis,

2197 4275 2338 4334 sicut
2369 4286 2425 4334 et
2453 4295 2516 4336 os
2545 4281 2817 4353 corporis.
2868 4284 2948 4339 De
2991 4299 3084 4340 ore
3112 4285 3259 4341 enim
3305 4287 3490 4344 cordis
3535 4289 3802 4362 scriptum

2197 4373 2281 4422 est
2302 4385 2315 4421 :
2337 4369 2510 4424 Labia
2529 4370 2718 4427 dolosa
2734 4373 2796 4426 in
2817 4373 3001 4441 corde,
3023 4377 3082 4430 et
3099 4375 3262 4432 corde
3282 4376 3457 4434 locuti
3470 4382 3610 4435 sunt
3623 4379 3800 4450 (Psal.

491 4457 620 4530 psit,
653 4457 750 4512 tibi
779 4457 1074 4513 ostendere
1102 4459 1477 4514 necessarium
1506 4459 1655 4516 duxi.
1679 4460 1768 4516 Ait
1796 4461 1941 4518 enim
1973 4479 2094 4518 san-
2123 4455 2177 4516 D
2197 4455 2320 4528 XI);
2353 4463 2408 4512 et
2429 4457 2578 4528 juxta
2619 4461 2995 4532 evangelicam
3040 4463 3320 4520 veritatem
3354 4482 3368 4520 :
3400 4467 3478 4522 De
3505 4469 3669 4525 corde
3699 4484 3804 4524 ea:-

491 4554 610 4604 ctus
650 4545 956 4619 Cyprianus
1001 4547 1194 4620 (epist.
1219 4551 1306 4614 65,
1331 4547 1403 4604 ad
1431 4550 1844 4622 Antonianum)
1869 4567 1882 4607 :
1909 4575 1932 4600 «
1967 4551 2098 4608 Post

488 4633 926 4708 inspirationem,
959 4636 1230 4710 inquiens,
1255 4645 1308 4693 et
1329 4637 1718 4694 revelationem
1747 4639 1964 4708 factam,
2001 4641 2093 4714 qui

492 4725 549 4781 in
577 4741 644 4782 eo
674 4727 822 4800 quod
869 4734 1150 4784 erraverat
1193 4735 1510 4799 perseverat
1535 4729 1778 4800 prudens
1807 4737 1860 4784 et
1891 4729 2090 4798 sciens,

494 4813 612 4870 sine
651 4817 815 4872 venia
853 4815 1176 4888 ignorantiae
1222 4825 1414 4889 peccat
1445 4835 1458 4872 :
1489 4817 1916 4890 praesumptione
1945 4820 2091 4875 enim

493 4908 655 4974 atque
681 4905 1042 4962 obstinatione
1087 4907 1316 4978 quadam
1361 4906 1566 4976 nititur,
1599 4923 1724 4963 cum
1752 4908 1964 4965 ratione
1991 4925 2090 4964 su-

492 4997 736 5062 peretur.
776 5016 798 5040 n
831 4994 966 5050 Hinc
995 4995 1331 5069 Augustinus
1361 4997 1479 5066 (lib.
1511 5012 1570 5051 Iv
1599 4997 1664 5053 de
1692 4998 1856 5070 Bapt.
1889 5002 2090 5056 contra

487 5080 836 5147 Donatistas,
869 5098 988 5154 cap.
1021 5085 1077 5154 5)
1108 5101 1122 5138 :
1158 5107 1180 5134 ι(
1219 5086 1334 5142 Hoc
1382 5085 1725 5142 verissimum
1771 5093 1873 5158 est,
1924 5087 2088 5161 longe

486 5167 712 5242 gravius
761 5186 884 5226 esse
930 5179 1210 5242 peccatum
1257 5175 1374 5244 ejus
1405 5174 1498 5247 qui
1545 5174 1747 5242 sciens,
1779 5191 1942 5247 quam
1971 5179 2086 5246 ejus

486 5256 580 5330 qui
607 5257 861 5315 nesciens
878 5261 1203 5331 peccaverit.
1231 5284 1254 5314 ιι
1279 5263 1346 5318 Et
1366 5263 1490 5319 ideo
1514 5263 1598 5320 vir
1619 5272 1838 5319 sanctus
1861 5266 2085 5336 Cypria-

487 5362 612 5414 nus,
663 5363 775 5403 non
821 5348 997 5404 solum
1043 5349 1255 5418 doctus,
1289 5351 1386 5406 sed
1416 5352 1577 5407 etiam
1608 5351 1822 5422 docilis,
1853 5354 2000 5426 quod
2029 5355 2085 5410 in

484 5434 644 5491 laude
676 5436 918 5508 episcopi
945 5453 1111 5509 puem
1137 5437 1388 5510 designat
1415 5440 1727 5511 Apostolus,
1760 5441 1840 5499 sic
1858 5443 1978 5514 ipse
2000 5444 2084 5498 in-

484 5523 708 5594 tellexit,
726 5534 784 5580 ut
803 5525 1009 5582 diceret
1029 5525 1194 5584 etiam
1213 5529 1320 5584 hoc
1347 5527 1405 5583 in
1428 5529 1686 5602 episcopo
1706 5547 1828 5588 esse
1849 5533 2084 5606 diligen-

2197 4547 2339 4600 eunt
2365 4548 2734 4618 cogitationes
2763 4551 2952 4619 malae,
2987 4550 3313 4622 homicidia,
3345 4557 3626 4628 perjuria,
3644 4557 3802 4630 falsa

2197 4634 2524 4715 testimonia
2546 4637 2766 4707 (Matth.
2786 4638 2892 4712 ιιι),
2917 4647 2971 4695 et
3001 4640 3212 4714 reliqua
3242 4659 3366 4715 quae
3391 4659 3458 4700 ex
3485 4660 3584 4702 ore
3615 4646 3800 4702 cordis

2191 4721 2262 4777 ad
2275 4710 2517 4778 'aliorum
2563 4710 2869 4797 procedunt
2907 4710 3154 4785 notitiam
3200 4710 3300 4804 per
3327 4748 3391 4788 os
3428 4734 3700 4806 corporis.
3731 4737 3802 4793 Et

2191 4809 2426 4883 legimus
2455 4813 2905 4873 deliberationem
2932 4817 3227 4876 voluntatis
3255 4837 3380 4878 esse
3403 4822 3798 4895 perfectionem

2191 4899 2394 4970 operis,
2441 4901 2658 4960 dicente
2705 4905 2940 4963 Domino
2971 4924 2986 4962 :
3018 4909 3124 4976 Qui
3151 4909 3358 4967 viderit
3393 4913 3697 4971 mulierem
3725 4914 3799 4971 ad

2189 4993 2703 5063 concupiscendum
2751 5011 2897 5067 eam,
2937 4998 3066 5070 jam
3103 4999 3417 5057 moechatus
3447 5006 3536 5058 est
3568 5018 3696 5060 eam
3733 5005 3800 5060 in

2189 5079 2353 5136 corde
2370 5097 2468 5137 suo
2485 5079 2706 5152 (Matth.
2731 5084 2811 5155 v),
2831 5093 2885 5140 et
2900 5085 2973 5141 ad
2990 5085 3288 5158 discipulos
3310 5105 3468 5146 suos:
3494 5093 3686 5159 Posui,
3709 5091 3794 5147 in-

2189 5167 2305 5238 quit
2332 5185 2444 5236 vos,
2482 5175 2550 5226 ut
2586 5173 2731 5229 eatis
2756 5177 2814 5230 et
2845 5177 3106 5246 fructum
3146 5179 3404 5250 a/feratis
3440 5180 3626 5251 (Joan.
3665 5184 3789 5253 xv).

2193 5277 2216 5307 α
2236 5257 2407 5326 Eatis,
2446 5257 2620 5332 inquit
2654 5261 2977 5336 Gregorius,
3020 5265 3276 5335 volendo,
3301 5267 3535 5325 fructtun
3553 5269 3792 5327 aﬂ‘eratis

2185 5347 2480 5433 operando.
2503 5349 2656 5405 Eatis
2686 5352 2832 5408 enim
2848 5354 3082 5411 volendo
3101 5356 3231 5424 dixi,
3269 5357 3398 5430 quia
3417 5358 3558 5416 velle
3586 5360 3790 5433 aliquid

2184 5432 2370 5492 facere
2405 5437 2520 5507 jam
2566 5448 2748 5497 mente
2777 5442 2856 5498 ire
2885 5451 2986 5498 est.
3036 5445 3106 5500 Et
3134 5453 3191 5500 tu
3220 5446 3360 5504 adeo
3402 5464 3470 5503 ex
3511 5432 3789 5506 delibera-

2183 5531 2333 5590 tione
2360 5535 2654 5596 voluntatis
2681 5540 2979 5612 pervenisti
3005 5543 3076 5598 ad
3105 5545 3478 5616 operationem
3497 5548 3789 5619 sermonis,
