4164 6302
313 360 420 416 465

1033 356 1274 416 OPUSC.
1333 358 1424 414 ET
1468 356 1688 414 EPIST.
1747 357 1822 413 IN
1877 355 2104 412 CAUSA.
2149 356 2494 416 HINCMARI
2556 359 2868 418 LAUDUN.

3519 365 3624 420 L66

319 493 380 542 ut
409 483 756 540 mortiferum
785 483 860 539 ad
883 481 1181 541 bibendum
1224 483 1358 540 mihi
1381 483 1722 556 propinares,
1770 483 1920 540 scili-
1950 481 2008 542 A
2029 483 2176 554 quod
2213 483 2492 554 probatur,
2549 485 2646 540 sed
2684 485 2754 540 ab
2807 485 2960 557 ipsis,
3011 487 3158 560 quod
3194 502 3306 543 non
3341 487 3623 561 probatur,

315 582 405 631 cet
433 581 492 630 ut
521 572 740 646 eloquia
768 588 927 629 sacra
953 573 1124 646 gratia
1151 573 1228 628 tui
1257 573 1626 640 incenderem,
1659 573 1765 628 nisi
1791 573 1926 630 mihi

315 663 410 720 ille
439 663 660 718 adesset
689 663 783 736 qui
810 663 866 717 in
887 678 948 718 se
978 662 1326 718 credentibus
1356 663 1664 735 repromisit
1694 662 1882 719 dicens
1906 679 1920 717 :

318 754 383 811 Si
409 754 774 824 mortiferum
795 752 928 825 quid
955 753 1216 822 biberint,
1240 769 1354 808 non
1375 769 1465 808 eos
1485 753 1705 809 nocebit
1725 753 1919 823 (Marc.

316 840 461 914 xvr).
495 842 637 898 Dum
667 839 974 913 pestiferas,
1015 841 1188 914 inquit
1216 841 1404 897 beatus
1436 841 1756 915 Gregorius,
1791 857 1923 896 sua-

317 931 503 987 siones
543 929 783 997 audiunt,
817 930 916 986 sed
958 938 1144 987 tamen
1172 931 1242 986 ad
1287 931 1653 1002 operationem
1696 945 1924 1003 pravam

318 1019 546 1075 minime
589 1019 1002 1090 pertrahuntur,
1043 1018 1384 1076 mortiferum
1414 1019 1636 1092 quidem
1665 1027 1748 1075 est
1777 1019 1924 1091 quod

319 1109 532 1175 bibunt,
565 1109 662 1163 sed
693 1124 802 1164 non
823 1109 902 1164 eis
930 1108 1168 1165 nocebit.
1207 1129 1230 1159 ι
1257 1110 1324 1165 Et
1348 1107 1477 1166 licet
1503 1124 1592 1164 me
1620 1110 1766 1164 Deus
1795 1108 1923 1164 hinc

317 1197 500 1272 gratia
547 1213 642 1252 sua
687 1197 1003 1262 servaverit,
1057 1205 1116 1252 tu
1172 1206 1375 1264 tamen,
1421 1197 1526 1252 nisi
1582 1196 1918 1269 pmnitueris,

315 1287 484 1342 studii
529 1285 606 1340 tui
653 1286 772 1341 lues
810 1286 1102 1356 judicium.
1142 1308 1164 1338 ι
1204 1286 1451 1353 Tardius,
1510 1285 1685 1358 inquit
1728 1286 1921 1341 beatus

313 1374 618 1449 Gregorius
690 1375 936 1446 (Pastor.
988 1391 1067 1442 Ill,
1131 1375 1353 1432 admon.
1442 1375 1576 1446 33),
1634 1383 1922 1447 peccatum

318 1464 569 1530 solvitur,
601 1463 748 1536 quod
777 1471 829 1520 et
857 1481 956 1536 per
983 1464 1270 1520 consilium
1301 1464 1606 1520 solidatur:
1639 1464 1744 1519 nisi
1777 1463 1922 1520 enim

320 1569 479 1609 mens
507 1551 824 1609 omnimodo
853 1561 1056 1609 aeterna
1093 1553 1422 1626 despiceret,
1462 1553 1518 1608 in
1547 1553 1710 1625 culpa
1739 1569 1803 1609 ex
1827 1553 1922 1623 ju-

321 1642 465 1699 dicio
497 1657 608 1698 non
637 1641 860 1714 periret.
892 1642 1029 1699 Hinc
1049 1649 1134 1698 est
1163 1643 1309 1716 quod
1341 1659 1442 1714 per
1467 1644 1789 1715 prophetam
1821 1643 1924 1698 Do-

322 1733 506 1790 minus
542 1745 652 1786 non
691 1739 800 1786 tam
839 1731 1327 1804 pracipitationum
1362 1747 1548 1803 prava,
1582 1748 1742 1805 quam
1780 1731 1922 1786 deli-

2023 571 2373 628 traditoribus
2421 574 2764 645 separastis?
2806 578 2909 643 An,
2963 584 3019 631 ut
3077 576 3264 632 dicere
3324 593 3620 650 ceperam,

2023 661 2276 732 graviora
2305 670 2429 717 sunt
2471 662 2698 718 crimina
2735 663 3077 734 traditorum,
3119 681 3280 737 quam
3309 667 3622 744 schismati-

2023 765 2214 806 corum
2234 750 2262 805 ?
2289 752 2412 807 Non
2430 750 2722 808 aﬁ'eramus
2745 760 2976 808 stateras
2997 753 3216 809 dolosas
3235 753 3328 810 ubi
3355 757 3624 826 appenda—

2021 855 2144 894 mus
2175 840 2320 912 quod
2351 840 2622 907 volumus,
2655 850 2709 897 et
2737 843 3014 914 quomodo
3043 843 3314 911 volumus,
3347 859 3446 916 pro
3477 845 3626 901 arbi-

2023 927 2122 983 trio
2151 937 2337 984 nostro
2385 930 2650 997 dicentes,
2682 932 2788 988 hoc
2835 947 3025 1004 grave,
3071 932 3175 988 hoc
3202 931 3323 989 leve
3366 940 3448 988 est
3479 951 3492 989 :
3524 934 3624 992 sed

2021 1015 2312 1073 aﬂ‘eramus
2356 1018 2596 1074 divinam
2638 1028 2892 1076 stateram
2933 1021 3002 1076 de
3053 1021 3352 1093 Scripturis
3397 1022 3620 1094 sanctis,

2022 1113 2282 1178 tanquam
2311 1107 2380 1163 de
2421 1108 2690 1163 thesauris
2727 1109 3048 1177 Dominicis,
3089 1118 3143 1165 et
3170 1110 3225 1166 in
3263 1109 3357 1166 illa
3394 1110 3525 1184 quid
3556 1111 3627 1168 sit

2021 1195 2247 1267 gravius
2277 1197 2671 1269 appendamus,
2715 1197 2824 1254 imo
2861 1214 2970 1254 non
3011 1200 3406 1271 appendamus,
3452 1201 3552 1256 sed
3589 1216 3626 1257 a

2021 1284 2258 1340 Domino
2287 1302 2530 1357 appensa
2561 1302 3036 1358 recognoscamus.
3077 1289 3342 1360 Tempore
3367 1288 3481 1352 illo,
3515 1304 3624 1362 quo

2022 1374 2285 1430 Dominus
2299 1375 2498 1445 (Exod.
2555 1376 2938 1448 xxxu)priora
2957 1377 3156 1433 delicta
3177 1378 3486 1434 recentibus
3505 1394 3624 1450 poe-

2022 1479 2218 1518 narum
2250 1463 2515 1536 exemplis
2545 1466 2786 1521 cavenda
2836 1466 3180 1534 monstravit,
3215 1473 3268 1522 et
3295 1467 3502 1524 idolum
3532 1467 3621 1523 fa-

2021 1552 2286 1608 bricatum
2308 1561 2471 1626 atque
2503 1554 2781 1610 adoratum
2801 1562 2902 1626 est,
2927 1563 2980 1611 et
3000 1555 3352 1628 propheticus
3379 1556 3519 1612 liber
3538 1557 3625 1614 ira

2024 1641 2172 1716 regis
2217 1643 2607 1714 contemptoris
2654 1643 2910 1699 incensus
2958 1645 3092 1713 (Jer.
3125 1634 3356 1716 xxivr),
3389 1652 3442 1701 et
3471 1645 3622 1702 schi-

2022 1746 2141 1786 sma
2168 1738 2506 1798 attentatum,
2527 1731 2827 1788 idololatria
2847 1733 3029 1807 gladio
3062 1733 3251 1805 punita
3279 1741 3381 1801 est,
3414 1734 3624 1790 exustio

317 1834 532 1882 ctorurn
572 1823 751 1880 studia
791 1821 1146 1892 reprehendit
1183 1821 1370 1877 dicens
1406 1838 1420 1874 :
1454 1822 1529 1877 Ne
1569 1824 1718 1894 forte
1762 1837 1920 1893 egre-
1952 1819 2146 1904 Blibri
2177 1819 2371 1876 bellica
2411 1821 2561 1876 caede
2591 1829 2645 1877 et
2674 1821 2966 1893 peregrina
3010 1821 3338 1893 captivitate,
3385 1823 3626 1880 schisma

321 1916 518 1972 diatur
529 1914 752 1986 utignis
765 1911 1086 1984 indignatio
1097 1926 1244 1982 mea,
1259 1913 1316 1967 et
1328 1911 1723 1978 succendatur,
1741 1914 1796 1966 et
1807 1927 1924 1966 non

322 2007 400 2061 sit
423 2006 521 2078 qui
542 2004 876 2074 exstinguat
903 2003 1135 2074 propter
1167 2000 1456 2056 malitiam
1494 2000 1811 2056 studiorum
1842 2015 1926 2056 ve-

321 2099 577 2152 strorum
605 2093 740 2164 (Jer.
772 2089 874 2163 ιν).
896 2088 1033 2146 Hinc
1061 2088 1256 2144 iterum
1277 2088 1446 2144 iratus
1475 2088 1606 2145 dicit
1637 2107 1650 2143 :
1690 2089 1924 2146 Visitabo

323 2200 494 2257 super
522 2198 614 2240 vos
626 2183 806 2255 juxta
833 2182 1090 2251 fructum
1107 2178 1428 2235 studiorum
1450 2182 1763 2236 vestrorum
1785 2177 1920 2250 (Jer.

321 2274 470 2343 xxx).
503 2270 772 2341 Quoniam
811 2267 981 2342 igitur
1010 2283 1044 2322 a
1073 2266 1316 2338 peccatis
1347 2267 1466 2322 aliis
1504 2265 1759 2322 differunt
1788 2282 1924 2339 pec-

325 2369 448 2418 cata
479 2377 602 2433 qua
630 2375 731 2432 per
747 2357 1034 2414 consilium
1065 2363 1460 2428 perpetrantur,
1483 2373 1594 2412 non
1623 2365 1732 2412 tam
1763 2372 1925 2428 prava

325 2450 466 2507 facta
513 2447 796 2514 Dominus,
841 2462 1006 2519 quam
1055 2445 1230 2500 studia
1275 2444 1556 2516 pravitatis
1601 2445 1921 2518 insequitur.

328 2541 388 2596 In
416 2538 576 2594 factis
605 2536 750 2594 enim
778 2551 922 2606 saepe
953 2531 1280 2603 inﬁrmitate,
1315 2549 1460 2605 saepe
1491 2534 1847 2607 negligentia,
1871 2534 1928 2589 in

325 2628 520 2683 studiis
553 2642 682 2682 vero
711 2623 984 2680 malitiosa
1015 2639 1232 2694 semper
1260 2623 1555 2678 intentione
1585 2631 1858 2694 peccatur.
1899 2645 1920 2673 ι»

327 2717 465 2774 Hinc
495 2731 629 2790 ergo
659 2713 919 2784 colligant
959 2713 1049 2784 qui
1079 2711 1135 2767 in
1164 2711 1326 2783 culpa
1357 2729 1416 2767 se
1445 2711 1605 2766 etiam
1646 2727 1747 2783 per
1788 2727 1925 2768 con-

327 2805 509 2861 silium
537 2803 726 2878 ligant,
776 2817 884 2874 qua
913 2802 1242 2874 quandoque
1272 2799 1476 2856 ultione
1519 2799 1749 2855 feriendi
1780 2809 1922 2868 sunt,

328 2894 420 2968 qui
447 2909 596 2950 nunc
639 2906 935 2964 pravorum
973 2906 1084 2946 non
1125 2889 1279 2960 socii,
1313 2889 1410 2944 sed
1454 2889 1730 2961 principes
1770 2888 1923 2944 fiunt.

327 2983 576 3042 Schisma
613 2980 984 3049 nihilominus,
1037 2995 1144 3051 quo
1184 2987 1236 3035 te
1267 2994 1300 3034 a
1331 2979 1427 3034 tibi
1475 2978 1783 3035 commissis
1833 2995 1925 3035 se-

323 3080 641 3146 paraturum
696 3068 1035 3136 monstrasti,
1080 3068 1185 3124 nisi
1239 3075 1440 3124 tectum
1495 3068 1924 3134 subscriberent,

327 3178 464 3237 quos
498 3169 681 3218 tecum
725 3157 1136 3215 subscribentes
1165 3171 1198 3212 a
1225 3157 1405 3224 nobis,
1437 3157 1531 3230 qui
1560 3173 1622 3212 ea
1662 3173 1784 3229 quae
1827 3156 1922 3212 tibi

314 3260 370 3309 et
385 3251 634 3309 ecclesiae
678 3249 775 3304 tibi
803 3247 1130 3313 commissae,
1154 3246 1223 3304 de
1249 3246 1564 3318 evangelica
1601 3246 1847 3316 veritate,
1867 3255 1921 3302 et

319 3339 624 3414 apostolica
681 3337 1018 3403 auctoritate,
1057 3343 1219 3408 atque
1273 3335 1538 3390 canonica
1587 3335 1921 3391 institutione

321 3429 516 3498 direxi,
567 3443 870 3492 servamus,
909 3426 1018 3482 imo
1059 3425 1128 3480 ab
1174 3424 1425 3480 Ecclesia
1462 3424 1748 3491 catholica,
1801 3441 1922 3496 quae

317 3518 410 3576 illa
449 3524 636 3574 servat
664 3525 716 3572 et
756 3514 1210 3588 irrefragabiliter
1243 3529 1435 3569 omnes
1473 3529 1693 3569 servare
1738 3514 1916 3570 docet.

318 3610 388 3666 Ut
417 3606 678 3681 quoniam
717 3621 806 3660 me
851 3621 917 3660 ex
956 3603 1148 3659 merito
1194 3619 1318 3658 meo
1367 3601 1624 3674 despicis,
1672 3619 1737 3658 ex
1777 3603 1919 3658 beati

315 3695 610 3770 Augustini
636 3693 820 3750 verbis
848 3694 916 3749 de
945 3693 1238 3764 Scriptum
1269 3707 1438 3748 sacrae
1468 3691 1782 3748 auctoritate
1813 3692 1917 3746 do-

319 3787 496 3844 centis
525 3799 798 3858 agnoscas
813 3798 978 3856 quam
1005 3798 1172 3854 grave
1193 3789 1479 3852 peccatum
1501 3781 1570 3836 sit
1589 3781 1914 3847 idololatria,

321 3875 471 3949 quod
501 3891 568 3931 ex
597 3873 800 3928 ambitu
828 3871 1126 3928 altitudinis
1147 3870 1432 3926 admisisse
1463 3870 1684 3939 videris,
1717 3877 1768 3924 et
1791 3869 1920 3941 quia

319 3965 548 4040 gravius
575 3971 660 4020 est
678 3962 920 4019 incensio
949 3961 1255 4016 divinorum
1285 3960 1642 4033 eloquiorum,
1673 3959 1740 4014 ad
1772 3959 1918 4030 quod

318 4071 407 4110 me
438 4059 697 4127 quantum
735 4067 801 4108 ex
831 4059 884 4106 te
922 4050 1017 4106 fuit
1060 4049 1362 4114 traduxisti,
1397 4057 1449 4104 et
1487 4049 1746 4120 quoniam
1785 4064 1917 4122 gra-

319 4143 608 4200 vissimum
647 4141 716 4196 sit
758 4148 1043 4212 peccatum
1081 4139 1334 4206 schisma,
1367 4155 1484 4210 squo
1531 4146 1584 4193 te
1613 4153 1646 4192 a
1676 4137 1919 4193 fraterna

318 4239 510 4289 nostra
557 4230 906 4287 unanimitate
954 4245 1056 4300 per
1083 4237 1227 4283 tuam
1257 4227 1621 4299 perniciosam
1670 4225 1917 4282 subscri-

321 4321 569 4394 ptionem
607 4319 894 4392 separasti,
929 4318 975 4374 si
1003 4318 1058 4373 in
1087 4333 1172 4383 eo,
1207 4316 1352 4389 quod
1396 4316 1557 4382 absit,
1595 4331 1918 4386 permanere

319 4410 599 4485 delegeris
631 4427 644 4466 :
677 4417 728 4465 et
761 4409 807 4464 si
836 4407 976 4464 forte
1004 4406 1090 4462 his
1137 4404 1528 4476 subscripsisti,
1579 4421 1700 4476 quae
1744 4419 1916 4459 evan-

320 4501 518 4576 gelicse
565 4498 774 4556 veritati
829 4505 881 4553 et
926 4495 1240 4568 apostolicae
1281 4493 1578 4550 auctoritati
1622 4494 1912 4561 contraria,

1954 3207 2003 3270 Ο

2027 1908 2178 1964 hiatu
2212 1915 2376 1964 terrm
2407 1909 2634 1980 sepultis
2664 1909 2976 1965 auctoribus
3006 1909 3164 1978 vivis,
3199 1918 3253 1966 et
3281 1911 3492 1968 caeteris
3522 1927 3630 1969 coe-

2025 1997 2147 2052 lesti
2175 1996 2302 2069 igne
2333 1997 2688 2069 consumptis.
2721 1997 2853 2068 Quis
2875 1999 2989 2068 jam
3019 1999 3341 2056 dubitaverit
3369 2001 3474 2057 hoc
3503 2017 3627 2057 esse

2027 2085 2341 2142 sceleratius
2391 2087 2760 2154 commissum,
2812 2088 2958 2160 quod
2989 2095 3072 2144 est
3110 2087 3330 2160 gravius
3376 2089 3628 2146 vindica-

2025 2175 2177 2230 tum?
2213 2197 2234 2225 »
2269 2176 2350 2231 De
2380 2191 2446 2232 eo
2475 2176 2633 2248 quod
2661 2176 2718 2230 in
2748 2183 2837 2232 tua
2883 2177 3278 2249 subscriptione
3325 2177 3539 2246 misisti,
3571 2186 3631 2234 ut

2026 2271 2205 2320 tecum
2236 2265 2644 2322 subscribentes
2663 2283 2677 2321 :
2699 2267 2943 2324 Solliciti
2959 2283 3184 2323 servare
3205 2269 3492 2324 unitatem
3508 2269 3631 2341 spi-

2026 2355 2176 2410 ritus
2207 2356 2269 2410 in
2299 2355 2524 2411 vinculo
2561 2355 2738 2428 pacis,
2773 2356 2876 2412 hac
2919 2360 3104 2412 tecum
3145 2373 3283 2428 pace
3327 2359 3628 2428 potiantur

2025 2444 2216 2514 (Num.
2272 2442 2416 2515 xvr),
2469 2443 2524 2498 in
2570 2444 2767 2499 eode'n
2813 2443 2954 2500 libro
3011 2443 3139 2500 dicit
3184 2445 3254 2499 ad
3315 2443 3626 2502 Donatistas

2027 2533 2144 2601 (lib.
2179 2547 2218 2586 II
2243 2533 2309 2588 de
2357 2534 2540 2606 Bapt.,
2575 2547 2697 2603 cap.
2732 2532 2785 2604 6)
2821 2550 2834 2587 :
2873 2555 2894 2582 α
2931 2532 3115 2602 Quare
3161 2549 3273 2589 non
3315 2533 3626 2590 communi-

2023 2621 2169 2677 catis
2194 2621 2462 2687 ecclesiis,
2509 2621 2704 2693 quibus
2753 2621 3009 2694 epistolas
3055 2621 3386 2692 apostolicas
3427 2623 3626 2678 missas

2025 2710 2220 2764 tenetis
2250 2718 2302 2764 et
2329 2709 2530 2782 legitis,
2564 2717 2617 2764 et
2648 2711 2947 2766 secundum
2976 2710 3125 2782 ipsas
3155 2727 3254 2766 vos
3283 2710 3468 2767 vivere
3498 2711 3630 2768 dici-

2027 2797 2095 2853 tis
2115 2799 2144 2854 ?
2169 2819 2190 2848 »
2215 2799 2282 2854 Et
2311 2807 2436 2870 post
2465 2815 2655 2870 pauca,
2688 2817 2809 2871 quae
2829 2799 3008 2855 studio
3033 2798 3311 2856 brevitatis
3341 2807 3626 2872 praetereo,

2027 2895 2079 2942 et
2129 2887 2302 2942 lector
2350 2887 2551 2942 ibidem
2593 2903 2659 2943 ex
2699 2888 2892 2943 ordine
2929 2888 3127 2960 poterit
3166 2888 3413 2944 invenire
3448 2906 3462 2944 :
3495 2890 3628 2957 Hos,

2026 2975 2218 3046 inquit,
2270 2991 2460 3032 omnes
2506 2976 2772 3032 catholica
2804 2976 2981 3032 unitas
3022 2985 3272 3033 materno
3321 2977 3441 3032 sinu
3471 2993 3627 3034 com-

2025 3064 2298 3136 plectitur,
2333 3065 2561 3120 invicem
2593 3081 2760 3122 onera
2788 3082 2884 3119 sua
2915 3073 3214 3136 portantes,
3263 3073 3315 3121 et
3343 3066 3627 3122 studentes

2027 3169 2251 3209 servare
2295 3153 2556 3208 unitatem
2600 3153 2821 3224 Spiritus
2870 3154 2924 3208 in
2963 3153 3179 3210 vinculo
3226 3153 3400 3226 pacis,
3452 3155 3628 3211 donec

2025 3242 2209 3298 alteris
2239 3258 2448 3308 eorum,
2482 3242 2527 3297 si
2557 3242 2686 3314 quid
2717 3242 2874 3298 aliter
2902 3243 3208 3314 sepiebant,
3245 3243 3508 3298 Dominus
3529 3261 3624 3300 re-

2025 3331 2248 3387 velaret.
2284 3332 2364 3386 De
2397 3332 2502 3386 hoc
2531 3339 2730 3397 autem,
2765 3331 2910 3404 quod
2941 3331 3096 3404 quasi
3119 3347 3184 3387 ex
3213 3332 3396 3388 verbis
3425 3332 3624 3388 Leonis

2024 3419 2354 3490 subjunxisti
2395 3421 2619 3493 (Ephes.
2653 3422 2734 3490 ιν)
2767 3437 2781 3475 :
2821 3442 2842 3470 α
2880 3420 2936 3476 Si
2967 3420 3131 3493 aliqui
3175 3437 3336 3477 secus
3375 3421 3626 3478 nolentes

2023 3508 2142 3564 fieri
2175 3509 2307 3565 socii
2337 3509 2499 3578 hujus
2520 3509 2842 3580 disciplinae,
2876 3525 2979 3566 nec
3009 3509 3312 3564 habeantur
3331 3509 3622 3581 participes

2021 3597 2418 3654 communionis
2459 3606 2675 3664 nostrae,
2713 3619 2736 3648 ι
2772 3597 3120 3654 conferantur
3159 3599 3322 3654 verba
3364 3607 3457 3654 tua
3504 3614 3628 3654 cum

2021 3687 2201 3742 verbis
2247 3686 2444 3742 Leonis
2481 3685 2537 3741 in
2586 3685 2820 3757 capitulo
2846 3685 2938 3742 ubi
2976 3687 3092 3742 haec
3135 3687 3283 3755 dicit,
3317 3696 3368 3744 et
3399 3687 3626 3757 junctim

2019 3776 2288 3847 legantur,
2325 3775 2462 3830 sicut
2489 3775 2564 3829 ibi
2601 3775 2871 3831 habentur
2897 3775 3094 3848 (epist.
3139 3780 3188 3844 1,
3223 3793 3273 3843 c,
3307 3779 3410 3847 5):
3449 3798 3470 3828 α
3505 3777 3623 3833 Hoc

2021 3863 2206 3936 itaque
2236 3865 2532 3920 admonitio
2564 3871 2746 3920 nostra
2776 3865 3056 3921 denuntiat
3103 3865 3250 3937 quod
3278 3865 3324 3920 si
3353 3865 3474 3938 quis
3502 3865 3620 3920 fra-

2021 3960 2157 4007 trum
2212 3961 2402 4009 contra
2453 3954 2570 4010 haec
2612 3954 2904 4009 constituta
2959 3954 3147 4010 venire
3207 3955 3518 4021 tentaverit,
3565 3962 3622 4010 et

2018 4041 2285 4112 prohibita
2330 4041 2491 4098 fuerit
2529 4058 2696 4096 ausus
2742 4043 3043 4112 admittere,
3085 4059 3118 4097 a
3165 4058 3266 4098 suo
3313 4060 3372 4098 se
3411 4042 3623 4100 noverit

2019 4128 2198 4186 ofﬁcio
2227 4130 2678 4196 submovendum,
2703 4146 2805 4185 nec
2835 4131 3232 4186 communionis
3251 4140 3450 4187 nostra:
3478 4131 3616 4186 futu-

2019 4235 2136 4273 rum
2182 4235 2304 4273 esse
2351 4225 2678 4285 consortem,
2729 4217 2823 4290 qui
2870 4218 3050 4274 socius
3095 4235 3218 4274 esse
3259 4219 3430 4274 noluit
3457 4219 3622 4274 disci-

2018 4307 2198 4378 plina).
2233 4307 2312 4362 Ne
2348 4306 2477 4378 quid
2507 4322 2639 4362 vero
2670 4306 2739 4361 sit
2778 4306 2924 4378 quod
2951 4307 3376 4378 praetermissum
3401 4323 3434 4362 a
3463 4305 3621 4363 nobis

2017 4396 2154 4452 forte
2202 4396 2502 4452 credatur:
2539 4395 2736 4452 Omnia
2780 4395 3074 4453 decretalia
3129 4397 3440 4466 constituta,
3507 4404 3624 4451 tam

2019 4486 2196 4541 beatae
2224 4486 2625 4542 recordationis
2675 4487 2993 4552 Innocentii,
3035 4503 3198 4560 quam
3243 4486 3480 4542 omnium
3520 4486 3624 4541 de-

320 4571 377 4646 ct
403 4589 644 4646 decretis
674 4595 986 4644 sanctorum
1017 4585 1393 4652 conciliorum,
1437 4600 1560 4656 quae
1597 4583 1924 4658 universalis
1952 4571 2004 4630 D
2027 4591 2309 4632 cessorum
2348 4584 2678 4642 nostrorum,
2715 4593 2835 4648 qua:
2878 4577 2946 4631 de
2991 4575 3374 4632 ecclesiasticis
3418 4573 3628 4630 ordini-

318 4678 586 4736 Ecclesiae
612 4677 866 4750 probavit
893 4691 1174 4740 assensus,
1209 4681 1262 4729 et
1283 4673 1596 4745 apostolicae
1625 4673 1772 4728 sedis
1803 4689 1928 4730 con-

318 4767 557 4824 ﬁrmavit
602 4766 912 4832 auctoritas,
960 4763 1310 4820 inveniuntur
1349 4763 1598 4818 adversa.
1643 4762 1730 4817 Ait
1779 4763 1926 4818 enim

315 4857 468 4914 idem
496 4858 690 4912 Beatus
721 4853 1058 4928 Augustinus
1089 4853 1317 4926 loquens
1348 4852 1416 4907 ad
1447 4851 1780 4915 Donatistas,
1815 4851 1926 4908 imo

322 4955 513 5003 contra
556 4943 868 5002 Donatistas
907 4942 1282 5000 schismaticos
1322 4957 1422 5013 per
1450 4941 1628 4998 carnis
1674 4958 1925 5012 praesen-

321 5035 477 5102 tiam,
521 5035 658 5090 sicut
695 5033 790 5089 tibi
819 5048 965 5089 nunc
1009 5031 1158 5104 loqui
1199 5031 1437 5087 creditur
1477 5047 1576 5102 per
1621 5029 1924 5085 litterarum

324 5141 547 5181 suarum
594 5123 919 5188 doctrinam,
971 5129 1023 5177 et
1067 5137 1189 5193 quae
1237 5119 1372 5176 mori
1424 5135 1700 5191 nunquam
1756 5119 1926 5191 potuit

324 5214 651 5272 charitatem
682 5230 696 5268 :
731 5212 875 5269 velut
901 5211 1022 5282 ipse
1069 5210 1138 5266 de
1180 5208 1448 5282 Cypriane
1495 5209 1624 5264 dicit
1660 5209 1779 5278 (lib.
1805 5209 1926 5264 vde

322 5305 513 5378 Bapt.,
547 5317 596 5359 ο.
631 5304 720 5372 17)
755 5319 768 5356 :
807 5323 828 5349 α
866 5301 1114 5356 Praesens
1143 5307 1244 5368 est,
1280 5297 1552 5369 inquiens,
1599 5313 1709 5352 non
1749 5298 1926 5353 solum

324 5408 426 5464 per
455 5392 666 5448 litteras
705 5405 853 5456 suas,
901 5389 999 5444 sed
1029 5389 1192 5444 etiam
1231 5403 1330 5459 per
1357 5385 1550 5458 ipsam,
1596 5403 1716 5457 quae
1746 5385 1802 5440 in
1833 5386 1926 5441 illo

327 5481 565 5550 maxime
595 5479 768 5554 viguit
783 5487 836 5535 et
864 5477 1006 5534 mori
1025 5493 1303 5550 nunquam
1322 5474 1512 5548 potuit,
1545 5475 1922 5530 charitatem.»

326 5570 544 5643 Quique
569 5577 621 5626 te
641 5585 763 5626 cum
779 5567 1022 5641 praefatis
1042 5567 1326 5639 alloquens
1360 5567 1479 5637 (lib.
1500 5579 1538 5619 ιι
1572 5564 1638 5620 de
1668 5564 1854 5638 Bapt.,
1873 5581 1922 5620 c.

327 5663 386 5732 6)
420 5679 435 5716 :
471 5681 494 5712 ι
517 5658 722 5729 Quare,
757 5658 950 5733 inquit,
982 5673 1103 5726 vos,
1136 5671 1246 5713 non
1274 5655 1398 5712 dico
1428 5655 1496 5711 ab
1526 5653 1924 5722 innocentibus,

2029 4666 2150 4732 bus,
2183 4673 2236 4720 et
2266 4681 2534 4720 canonum
2585 4667 2927 4737 promulgata
2973 4673 3096 4720 sunt
3141 4663 3462 4738 disciplinis,
3495 4663 3570 4718 ita
3599 4680 3631 4719 a

2028 4762 2208 4809 vestra
2236 4753 2528 4810 dilectione
2571 4755 2834 4810 custodiri
2873 4754 3075 4810 debere
3105 4753 3449 4818 mandamus,
3501 4759 3557 4808 ut
3583 4751 3632 4808 si

2029 4843 2150 4916 quis
2181 4843 2235 4897 in
2267 4843 2356 4898 illa
2387 4843 2737 4911 commiserit,
2785 4843 2997 4898 veniam
3029 4842 3132 4897 sibi
3163 4842 3428 4914 deinceps
3455 4859 3630 4899 nove-

2025 4933 2093 4986 rit
2142 4932 2422 5004 denegari.
2479 4953 2500 4983 ι
2554 4934 2682 4988 Haec
2730 4939 2812 4986 est
2858 4931 3144 5004 integritas
3206 4931 3423 5004 capituli
3486 4931 3630 4988 beati

2026 5021 2242 5076 Leonis.
2303 5023 2616 5077 lntueamur
2685 5037 2836 5093 ergo,
2901 5019 2948 5074 si
3003 5020 3288 5094 disciplina
3366 5021 3630 5078 discenda

2026 5110 2133 5165 tuis
2181 5125 2214 5165 a
2259 5117 2310 5164 te
2353 5108 3018 5184 propositahdisciplinaa,
3081 5127 3238 5184 quam
3295 5111 3628 5184 sequendam

2027 5199 2136 5254 Leo
2167 5198 2368 5264 docuit,
2394 5215 2548 5270 aequa
2570 5206 2717 5254 sorte
2739 5199 3045 5267 conveniat,
3069 5209 3163 5256 aut
3193 5201 3239 5254 si
3263 5209 3352 5256 tua
3382 5200 3629 5257 doctrina

2027 5289 2095 5344 ab
2141 5289 2286 5344 illius
2331 5286 2572 5343 doctrina
2634 5287 2929 5355 discordet,
2981 5297 3034 5344 et
3072 5289 3280 5358 judicet
3319 5291 3516 5347 coelum
3567 5305 3632 5345 ac

2028 5385 2169 5432 terra
2213 5393 2334 5449 quae
2380 5375 2560 5448 potius
2609 5376 2677 5431 sit
2717 5379 3016 5450 sequenda,
3072 5386 3160 5434 tua
3198 5379 3504 5450 disciplina,
3557 5394 3630 5434 an

2027 5465 2223 5522 Leonis
2252 5464 2518 5522 doctrina.
2552 5467 2762 5522 Etcum
2783 5466 2924 5522 idem
2950 5467 3060 5524 Leo
3084 5468 3225 5524 dicat
3249 5485 3262 5523 :
3291 5488 3313 5519 α
3338 5469 3452 5523 Nec
3481 5482 3629 5523 com-

2026 5555 2303 5612 munionis
2348 5562 2550 5611 nostra:
2599 5571 2724 5612 esse
2772 5565 3100 5625 consortem,
3147 5557 3240 5628 qui
3281 5555 3464 5612 socius
3507 5571 3632 5612 esse

2035 5653 2209 5711 noluit
2237 5653 2559 5730 disciplinae,
2590 5676 2612 5706 ι
2633 5655 3052 5713 discernendum
3072 5662 3175 5725 est,
3207 5654 3362 5725 cujus
3390 5669 3634 5712 commu-
