  <div class='ocr_page' id='page_1' title='image "/cluster/home/n/w/nwhite01/storage/ocr_20150623/126/umn.31951002477419r/281.png"; bbox 0 0 4164 6330; ppageno 0'>
   <div class='ocr_carea' id='block_1_1' title="bbox 521 431 628 487">
    <p class='ocr_par' dir='ltr' id='par_1_1' title="bbox 521 431 628 487">
     <span class='ocr_line' id='line_1_1' title="bbox 521 431 628 487; baseline 0 0"><span class='ocrx_word' id='word_1_1' title='bbox 521 431 628 487; x_wconf 75' lang='grc'>467</span> 
     </span>
    </p>
   </div>
   <div class='ocr_carea' id='block_1_2' title="bbox 1549 421 2922 484">
    <p class='ocr_par' dir='ltr' id='par_1_2' title="bbox 1549 421 2922 484">
     <span class='ocr_line' id='line_1_2' title="bbox 1549 421 2922 484; baseline -0.003 0"><span class='ocrx_word' id='word_1_2' title='bbox 1549 425 1893 484; x_wconf 85' lang='lat' dir='ltr'>HINCMARI</span> <span class='ocrx_word' id='word_1_3' title='bbox 1929 423 2335 482; x_wconf 80' lang='lat' dir='ltr'>RHEMENSIS</span> <span class='ocrx_word' id='word_1_4' title='bbox 2371 421 2922 482; x_wconf 84' lang='lat' dir='ltr'>ARCHIEPISCOPI.</span> 
     </span>
    </p>
   </div>
   <div class='ocr_carea' id='block_1_3' title="bbox 3727 426 3831 481">
    <p class='ocr_par' dir='ltr' id='par_1_3' title="bbox 3727 426 3831 481">
     <span class='ocr_line' id='line_1_3' title="bbox 3727 426 3831 481; baseline 0 -1"><span class='ocrx_word' id='word_1_5' title='bbox 3727 426 3831 481; x_wconf 77' lang='grc'>468</span> 
     </span>
    </p>
   </div>
   <div class='ocr_carea' id='block_1_4' title="bbox 523 547 3840 624">
    <p class='ocr_par' dir='ltr' id='par_1_4' title="bbox 523 547 3840 624">
     <span class='ocr_line' id='line_1_4' title="bbox 523 547 3840 624; baseline -0.002 -12"><span class='ocrx_word' id='word_1_6' title='bbox 523 555 763 624; x_wconf 91' lang='lat' dir='ltr'>nionem,</span> <span class='ocrx_word' id='word_1_7' title='bbox 793 554 938 612; x_wconf 92' lang='lat' dir='ltr'>illius</span> <span class='ocrx_word' id='word_1_8' title='bbox 969 570 1095 613; x_wconf 93' lang='lat' dir='ltr'>cum</span> <span class='ocrx_word' id='word_1_9' title='bbox 1122 553 1420 611; x_wconf 84' lang='lat' dir='ltr'>universali</span> <span class='ocrx_word' id='word_1_10' title='bbox 1447 553 1710 621; x_wconf 84' lang='lat' dir='ltr'>Ecclesia,</span> <span class='ocrx_word' id='word_1_11' title='bbox 1741 568 1812 608; x_wconf 92' lang='lat' dir='ltr'>an</span> <span class='ocrx_word' id='word_1_12' title='bbox 1841 559 1987 608; x_wconf 88' lang='lat' dir='ltr'>tuam</span> <span class='ocrx_word' id='word_1_13' title='bbox 2017 566 2122 623; x_wconf 92' lang='lat' dir='ltr'>op-</span> <span class='ocrx_word' id='word_1_14' title='bbox 2151 550 2360 620; x_wconf 89' lang='lat' dir='ltr'>Aejus.</span> <span class='ocrx_word' id='word_1_15' title='bbox 2402 571 2424 601; x_wconf 78' lang='grc'><strong>»</strong></span> <span class='ocrx_word' id='word_1_16' title='bbox 2458 551 2588 608; x_wconf 64' lang='lat' dir='ltr'>Haec</span> <span class='ocrx_word' id='word_1_17' title='bbox 2617 549 2824 608; x_wconf 90' lang='lat' dir='ltr'>idcirco</span> <span class='ocrx_word' id='word_1_18' title='bbox 2853 549 3024 606; x_wconf 91' lang='lat' dir='ltr'>tribus</span> <span class='ocrx_word' id='word_1_19' title='bbox 3064 547 3348 622; x_wconf 87' lang='lat' dir='ltr'>promissis</span> <span class='ocrx_word' id='word_1_20' title='bbox 3377 549 3446 606; x_wconf 92' lang='lat' dir='ltr'>de</span> <span class='ocrx_word' id='word_1_21' title='bbox 3475 549 3658 608; x_wconf 91' lang='lat' dir='ltr'>verbis</span> <span class='ocrx_word' id='word_1_22' title='bbox 3687 549 3840 607; x_wconf 81' lang='lat' dir='ltr'>beati</span> 
     </span>
    </p>
   </div>
   <div class='ocr_carea' id='block_1_5' title="bbox 526 642 2124 718">
    <p class='ocr_par' dir='ltr' id='par_1_5' title="bbox 526 642 2124 718">
     <span class='ocr_line' id='line_1_5' title="bbox 526 642 2124 718; baseline -0.003 -18"><span class='ocrx_word' id='word_1_23' title='bbox 526 645 717 718; x_wconf 90' lang='lat' dir='ltr'>pidani</span> <span class='ocrx_word' id='word_1_24' title='bbox 747 645 992 718; x_wconf 89' lang='lat' dir='ltr'>episcopi</span> <span class='ocrx_word' id='word_1_25' title='bbox 1019 661 1140 701; x_wconf 92' lang='lat' dir='ltr'>cum</span> <span class='ocrx_word' id='word_1_26' title='bbox 1176 644 1282 700; x_wconf 91' lang='lat' dir='ltr'>tuis</span> <span class='ocrx_word' id='word_1_27' title='bbox 1309 643 1666 718; x_wconf 86' lang='lat' dir='ltr'>complicibus</span> <span class='ocrx_word' id='word_1_28' title='bbox 1703 642 1899 698; x_wconf 82' lang='lat' dir='ltr'>debeat</span> <span class='ocrx_word' id='word_1_29' title='bbox 1929 643 2124 698; x_wconf 88' lang='lat' dir='ltr'>catho-</span> 
     </span>
    </p>
   </div>
   <div class='ocr_carea' id='block_1_6' title="bbox 523 731 2128 808">
    <p class='ocr_par' dir='ltr' id='par_1_6' title="bbox 523 731 2128 808">
     <span class='ocr_line' id='line_1_6' title="bbox 523 731 2128 808; baseline -0.004 -18"><span class='ocrx_word' id='word_1_30' title='bbox 523 733 662 790; x_wconf 91' lang='lat' dir='ltr'>licus</span> <span class='ocrx_word' id='word_1_31' title='bbox 719 735 948 808; x_wconf 90' lang='lat' dir='ltr'>quisque</span> <span class='ocrx_word' id='word_1_32' title='bbox 1012 734 1240 807; x_wconf 83' lang='lat' dir='ltr'>eligere,</span> <span class='ocrx_word' id='word_1_33' title='bbox 1301 733 1606 806; x_wconf 72' lang='lat' dir='ltr'>praesertim</span> <span class='ocrx_word' id='word_1_34' title='bbox 1649 747 1774 788; x_wconf 93' lang='lat' dir='ltr'>cum</span> <span class='ocrx_word' id='word_1_35' title='bbox 1829 731 1975 786; x_wconf 89' lang='lat' dir='ltr'>idem</span> <span class='ocrx_word' id='word_1_36' title='bbox 2019 731 2128 785; x_wconf 89' lang='lat' dir='ltr'>Leo</span> 
     </span>
    </p>
   </div>
   <div class='ocr_carea' id='block_1_7' title="bbox 528 821 2128 897">
    <p class='ocr_par' dir='ltr' id='par_1_7' title="bbox 528 821 2128 897">
     <span class='ocr_line' id='line_1_7' title="bbox 528 821 2128 897; baseline -0.003 -17"><span class='ocrx_word' id='word_1_37' title='bbox 528 823 672 880; x_wconf 89' lang='lat' dir='ltr'>dicat</span> <span class='ocrx_word' id='word_1_38' title='bbox 706 843 720 880; x_wconf 89' lang='lat'><strong>:</strong></span> <span class='ocrx_word' id='word_1_39' title='bbox 759 846 781 874; x_wconf 78' lang='grc' dir='ltr'><strong>α</strong></span> <span class='ocrx_word' id='word_1_40' title='bbox 817 823 874 880; x_wconf 92' lang='lat' dir='ltr'>Si</span> <span class='ocrx_word' id='word_1_41' title='bbox 905 823 1026 897; x_wconf 88' lang='lat' dir='ltr'>quis</span> <span class='ocrx_word' id='word_1_42' title='bbox 1055 823 1112 879; x_wconf 91' lang='lat' dir='ltr'>in</span> <span class='ocrx_word' id='word_1_43' title='bbox 1141 823 1437 880; x_wconf 89' lang='lat' dir='ltr'>decretalia</span> <span class='ocrx_word' id='word_1_44' title='bbox 1477 823 1768 879; x_wconf 89' lang='lat' dir='ltr'>constituta</span> <span class='ocrx_word' id='word_1_45' title='bbox 1806 828 1916 876; x_wconf 90' lang='lat' dir='ltr'>tam</span> <span class='ocrx_word' id='word_1_46' title='bbox 1957 821 2128 876; x_wconf 65' lang='lat' dir='ltr'>beatae</span> 
     </span>
    </p>
   </div>
   <div class='ocr_carea' id='block_1_8' title="bbox 527 910 2128 985">
    <p class='ocr_par' dir='ltr' id='par_1_8' title="bbox 527 910 2128 985">
     <span class='ocr_line' id='line_1_8' title="bbox 527 910 2128 985; baseline -0.004 -15"><span class='ocrx_word' id='word_1_47' title='bbox 527 912 928 970; x_wconf 84' lang='lat' dir='ltr'>recordationis</span> <span class='ocrx_word' id='word_1_48' title='bbox 955 912 1275 979; x_wconf 87' lang='lat' dir='ltr'>Innocentii,</span> <span class='ocrx_word' id='word_1_49' title='bbox 1309 928 1474 985; x_wconf 89' lang='lat' dir='ltr'>quam</span> <span class='ocrx_word' id='word_1_50' title='bbox 1502 911 1744 968; x_wconf 90' lang='lat' dir='ltr'>omnium</span> <span class='ocrx_word' id='word_1_51' title='bbox 1774 910 2128 966; x_wconf 90' lang='lat' dir='ltr'>decessorum</span> 
     </span>
    </p>
   </div>
   <div class='ocr_carea' id='block_1_9' title="bbox 532 1001 2128 1076">
    <p class='ocr_par' dir='ltr' id='par_1_9' title="bbox 532 1001 2128 1076">
     <span class='ocr_line' id='line_1_9' title="bbox 532 1001 2128 1076; baseline -0.003 -18"><span class='ocrx_word' id='word_1_52' title='bbox 532 1019 776 1072; x_wconf 92' lang='lat' dir='ltr'>suorum,</span> <span class='ocrx_word' id='word_1_53' title='bbox 811 1019 931 1076; x_wconf 67' lang='lat' dir='ltr'>quae</span> <span class='ocrx_word' id='word_1_54' title='bbox 960 1003 1028 1058; x_wconf 91' lang='lat' dir='ltr'>de</span> <span class='ocrx_word' id='word_1_55' title='bbox 1045 1001 1428 1059; x_wconf 87' lang='lat' dir='ltr'>ecclesiasticis</span> <span class='ocrx_word' id='word_1_56' title='bbox 1459 1001 1760 1067; x_wconf 80' lang='lat' dir='ltr'>ordinibus,</span> <span class='ocrx_word' id='word_1_57' title='bbox 1785 1007 1838 1055; x_wconf 91' lang='lat' dir='ltr'>et</span> <span class='ocrx_word' id='word_1_58' title='bbox 1859 1015 2128 1056; x_wconf 91' lang='lat' dir='ltr'>canonum</span> 
     </span>
    </p>
   </div>
   <div class='ocr_carea' id='block_1_10' title="bbox 529 1087 2130 1166">
    <p class='ocr_par' dir='ltr' id='par_1_10' title="bbox 529 1087 2130 1166">
     <span class='ocr_line' id='line_1_10' title="bbox 529 1087 2130 1166; baseline -0.003 -18"><span class='ocrx_word' id='word_1_59' title='bbox 529 1093 880 1166; x_wconf 89' lang='lat' dir='ltr'>promulgata</span> <span class='ocrx_word' id='word_1_60' title='bbox 908 1099 1032 1147; x_wconf 92' lang='lat' dir='ltr'>sunt</span> <span class='ocrx_word' id='word_1_61' title='bbox 1061 1091 1362 1163; x_wconf 88' lang='lat' dir='ltr'>disciplinis</span> <span class='ocrx_word' id='word_1_62' title='bbox 1401 1090 1750 1160; x_wconf 83' lang='lat' dir='ltr'>commiserit,</span> <span class='ocrx_word' id='word_1_63' title='bbox 1781 1089 1995 1146; x_wconf 85' lang='lat' dir='ltr'>veniam</span> <span class='ocrx_word' id='word_1_64' title='bbox 2025 1087 2130 1144; x_wconf 88' lang='lat' dir='ltr'>sibi</span> 
     </span>
    </p>
   </div>
   <div class='ocr_carea' id='block_1_11' title="bbox 529 1177 2130 1254">
    <p class='ocr_par' dir='ltr' id='par_1_11' title="bbox 529 1177 2130 1254">
     <span class='ocr_line' id='line_1_11' title="bbox 529 1177 2130 1254; baseline -0.003 -17"><span class='ocrx_word' id='word_1_65' title='bbox 529 1181 792 1254; x_wconf 89' lang='lat' dir='ltr'>deinceps</span> <span class='ocrx_word' id='word_1_66' title='bbox 822 1180 1031 1237; x_wconf 88' lang='lat' dir='ltr'>noverit</span> <span class='ocrx_word' id='word_1_67' title='bbox 1062 1179 1344 1253; x_wconf 90' lang='lat' dir='ltr'>denegari.</span> <span class='ocrx_word' id='word_1_68' title='bbox 1376 1203 1398 1228; x_wconf 73' lang='grc' dir='ltr'><em>η</em></span> <span class='ocrx_word' id='word_1_69' title='bbox 1432 1180 1493 1234; x_wconf 89' lang='lat' dir='ltr'>In</span> <span class='ocrx_word' id='word_1_70' title='bbox 1522 1196 1642 1252; x_wconf 73' lang='lat' dir='ltr'>qua:</span> <span class='ocrx_word' id='word_1_71' title='bbox 1672 1177 1964 1234; x_wconf 89' lang='lat' dir='ltr'>decretalia</span> <span class='ocrx_word' id='word_1_72' title='bbox 1992 1193 2130 1234; x_wconf 90' lang='lat' dir='ltr'>con-</span> 
     </span>
    </p>
   </div>
   <div class='ocr_carea' id='block_1_12' title="bbox 534 1267 2130 1336">
    <p class='ocr_par' dir='ltr' id='par_1_12' title="bbox 534 1267 2130 1336">
     <span class='ocr_line' id='line_1_12' title="bbox 534 1267 2130 1336; baseline -0.003 -10"><span class='ocrx_word' id='word_1_73' title='bbox 534 1270 714 1326; x_wconf 88' lang='lat' dir='ltr'>stituta</span> <span class='ocrx_word' id='word_1_74' title='bbox 757 1277 808 1326; x_wconf 91' lang='lat' dir='ltr'>te</span> <span class='ocrx_word' id='word_1_75' title='bbox 857 1269 1236 1326; x_wconf 88' lang='lat' dir='ltr'>manisfestum</span> <span class='ocrx_word' id='word_1_76' title='bbox 1283 1275 1366 1324; x_wconf 89' lang='lat' dir='ltr'>est</span> <span class='ocrx_word' id='word_1_77' title='bbox 1415 1268 1774 1336; x_wconf 90' lang='lat' dir='ltr'>commisisse,</span> <span class='ocrx_word' id='word_1_78' title='bbox 1825 1267 1964 1324; x_wconf 88' lang='lat' dir='ltr'>sicut</span> <span class='ocrx_word' id='word_1_79' title='bbox 1993 1274 2046 1322; x_wconf 90' lang='lat' dir='ltr'>et</span> <span class='ocrx_word' id='word_1_80' title='bbox 2075 1267 2130 1322; x_wconf 92' lang='lat' dir='ltr'>in</span> 
     </span>
    </p>
   </div>
   <div class='ocr_carea' id='block_1_13' title="bbox 535 1356 2131 1432">
    <p class='ocr_par' dir='ltr' id='par_1_13' title="bbox 535 1356 2131 1432">
     <span class='ocr_line' id='line_1_13' title="bbox 535 1356 2131 1432; baseline -0.004 -16"><span class='ocrx_word' id='word_1_81' title='bbox 535 1359 754 1432; x_wconf 86' lang='lat' dir='ltr'>scriptis</span> <span class='ocrx_word' id='word_1_82' title='bbox 784 1358 954 1415; x_wconf 90' lang='lat' dir='ltr'>semel</span> <span class='ocrx_word' id='word_1_83' title='bbox 982 1366 1034 1415; x_wconf 91' lang='lat' dir='ltr'>et</span> <span class='ocrx_word' id='word_1_84' title='bbox 1065 1359 1308 1414; x_wconf 90' lang='lat' dir='ltr'>secundo</span> <span class='ocrx_word' id='word_1_85' title='bbox 1338 1374 1369 1414; x_wconf 88' lang='lat' dir='ltr'>a</span> <span class='ocrx_word' id='word_1_86' title='bbox 1392 1374 1481 1414; x_wconf 90' lang='lat' dir='ltr'>me</span> <span class='ocrx_word' id='word_1_87' title='bbox 1511 1357 1607 1412; x_wconf 90' lang='lat' dir='ltr'>tibi</span> <span class='ocrx_word' id='word_1_88' title='bbox 1636 1357 1854 1413; x_wconf 87' lang='lat' dir='ltr'>directis</span> <span class='ocrx_word' id='word_1_89' title='bbox 1892 1356 2131 1412; x_wconf 90' lang='lat' dir='ltr'>ostendi-</span> 
     </span>
    </p>
   </div>
   <div class='ocr_carea' id='block_1_14' title="bbox 533 1446 2134 1518">
    <p class='ocr_par' dir='ltr' id='par_1_14' title="bbox 533 1446 2134 1518">
     <span class='ocr_line' id='line_1_14' title="bbox 533 1446 2134 1518; baseline -0.002 -15"><span class='ocrx_word' id='word_1_90' title='bbox 533 1456 642 1518; x_wconf 91' lang='lat' dir='ltr'>tur,</span> <span class='ocrx_word' id='word_1_91' title='bbox 675 1457 727 1504; x_wconf 90' lang='lat' dir='ltr'>et</span> <span class='ocrx_word' id='word_1_92' title='bbox 755 1463 884 1505; x_wconf 90' lang='lat' dir='ltr'>ecce</span> <span class='ocrx_word' id='word_1_93' title='bbox 908 1446 1022 1517; x_wconf 91' lang='lat' dir='ltr'>jam</span> <span class='ocrx_word' id='word_1_94' title='bbox 1050 1447 1208 1504; x_wconf 86' lang='lat' dir='ltr'>tertio</span> <span class='ocrx_word' id='word_1_95' title='bbox 1238 1447 1293 1502; x_wconf 90' lang='lat' dir='ltr'>in</span> <span class='ocrx_word' id='word_1_96' title='bbox 1312 1448 1418 1504; x_wconf 93' lang='lat' dir='ltr'>hoc</span> <span class='ocrx_word' id='word_1_97' title='bbox 1447 1446 1652 1518; x_wconf 92' lang='lat' dir='ltr'>scripto</span> <span class='ocrx_word' id='word_1_98' title='bbox 1672 1462 1838 1518; x_wconf 88' lang='lat' dir='ltr'>supra</span> <span class='ocrx_word' id='word_1_99' title='bbox 1868 1453 2134 1502; x_wconf 83' lang='lat' dir='ltr'>monstra-</span> 
     </span>
    </p>
   </div>
   <div class='ocr_carea' id='block_1_15' title="bbox 533 1534 2129 1610">
    <p class='ocr_par' dir='ltr' id='par_1_15' title="bbox 533 1534 2129 1610">
     <span class='ocr_line' id='line_1_15' title="bbox 533 1534 2129 1610; baseline -0.003 -16"><span class='ocrx_word' id='word_1_100' title='bbox 533 1546 622 1594; x_wconf 89' lang='lat' dir='ltr'>tur</span> <span class='ocrx_word' id='word_1_101' title='bbox 649 1554 662 1594; x_wconf 90' lang='lat'><strong>:</strong></span> <span class='ocrx_word' id='word_1_102' title='bbox 686 1553 720 1594; x_wconf 90' lang='lat' dir='ltr'>a</span> <span class='ocrx_word' id='word_1_103' title='bbox 749 1553 982 1610; x_wconf 86' lang='lat' dir='ltr'>quorum</span> <span class='ocrx_word' id='word_1_104' title='bbox 1016 1537 1323 1610; x_wconf 85' lang='lat' dir='ltr'>disciplina,</span> <span class='ocrx_word' id='word_1_105' title='bbox 1365 1536 1474 1594; x_wconf 93' lang='lat' dir='ltr'>imo</span> <span class='ocrx_word' id='word_1_106' title='bbox 1505 1552 1538 1592; x_wconf 93' lang='lat' dir='ltr'>a</span> <span class='ocrx_word' id='word_1_107' title='bbox 1567 1535 1834 1592; x_wconf 89' lang='lat' dir='ltr'>catholica</span> <span class='ocrx_word' id='word_1_108' title='bbox 1862 1534 2129 1602; x_wconf 89' lang='lat' dir='ltr'>Ecclesia,</span> 
     </span>
    </p>
   </div>
   <div class='ocr_carea' id='block_1_16' title="bbox 534 1625 2135 1697">
    <p class='ocr_par' dir='ltr' id='par_1_16' title="bbox 534 1625 2135 1697">
     <span class='ocr_line' id='line_1_16' title="bbox 534 1625 2135 1697; baseline -0.004 -13"><span class='ocrx_word' id='word_1_109' title='bbox 534 1627 688 1696; x_wconf 86' lang='lat' dir='ltr'>cujus</span> <span class='ocrx_word' id='word_1_110' title='bbox 738 1627 997 1684; x_wconf 86' lang='lat' dir='ltr'>exstitere</span> <span class='ocrx_word' id='word_1_111' title='bbox 1044 1635 1307 1694; x_wconf 92' lang='lat' dir='ltr'>rectores,</span> <span class='ocrx_word' id='word_1_112' title='bbox 1357 1626 1462 1682; x_wconf 92' lang='lat' dir='ltr'>hac</span> <span class='ocrx_word' id='word_1_113' title='bbox 1491 1625 1893 1697; x_wconf 88' lang='lat' dir='ltr'>subscriptione</span> <span class='ocrx_word' id='word_1_114' title='bbox 1942 1631 2036 1680; x_wconf 91' lang='lat' dir='ltr'>tua</span> <span class='ocrx_word' id='word_1_115' title='bbox 2081 1631 2135 1678; x_wconf 91' lang='lat' dir='ltr'>te</span> 
     </span>
    </p>
   </div>
   <div class='ocr_carea' id='block_1_17' title="bbox 537 1713 2136 1789">
    <p class='ocr_par' dir='ltr' id='par_1_17' title="bbox 537 1713 2136 1789">
     <span class='ocr_line' id='line_1_17' title="bbox 537 1713 2136 1789; baseline -0.003 -18"><span class='ocrx_word' id='word_1_116' title='bbox 537 1716 820 1789; x_wconf 88' lang='lat' dir='ltr'>separasti,</span> <span class='ocrx_word' id='word_1_117' title='bbox 853 1716 918 1784; x_wconf 91' lang='lat' dir='ltr'>si,</span> <span class='ocrx_word' id='word_1_118' title='bbox 953 1723 1010 1772; x_wconf 92' lang='lat' dir='ltr'>ut</span> <span class='ocrx_word' id='word_1_119' title='bbox 1039 1715 1352 1789; x_wconf 65' lang='lat' dir='ltr'>prmdictum</span> <span class='ocrx_word' id='word_1_120' title='bbox 1385 1723 1485 1783; x_wconf 93' lang='lat' dir='ltr'>est,</span> <span class='ocrx_word' id='word_1_121' title='bbox 1517 1723 1572 1771; x_wconf 92' lang='lat' dir='ltr'>et</span> <span class='ocrx_word' id='word_1_122' title='bbox 1597 1731 1815 1786; x_wconf 91' lang='lat' dir='ltr'>semper</span> <span class='ocrx_word' id='word_1_123' title='bbox 1843 1713 2136 1770; x_wconf 90' lang='lat' dir='ltr'>dicendum</span> 
     </span>
    </p>
   </div>
   <div class='ocr_carea' id='block_1_18' title="bbox 536 1803 2136 1878">
    <p class='ocr_par' dir='ltr' id='par_1_18' title="bbox 536 1803 2136 1878">
     <span class='ocr_line' id='line_1_18' title="bbox 536 1803 2136 1878; baseline -0.003 -16"><span class='ocrx_word' id='word_1_124' title='bbox 536 1813 638 1874; x_wconf 88' lang='lat' dir='ltr'>est,</span> <span class='ocrx_word' id='word_1_125' title='bbox 678 1813 801 1862; x_wconf 91' lang='lat' dir='ltr'>ate</span> <span class='ocrx_word' id='word_1_126' title='bbox 847 1805 1157 1878; x_wconf 89' lang='lat' dir='ltr'>subscripta</span> <span class='ocrx_word' id='word_1_127' title='bbox 1203 1805 1413 1861; x_wconf 90' lang='lat' dir='ltr'>eisdem</span> <span class='ocrx_word' id='word_1_128' title='bbox 1460 1805 1764 1862; x_wconf 88' lang='lat' dir='ltr'>constitutis</span> <span class='ocrx_word' id='word_1_129' title='bbox 1808 1820 1930 1860; x_wconf 91' lang='lat' dir='ltr'>esse</span> <span class='ocrx_word' id='word_1_130' title='bbox 1978 1803 2136 1860; x_wconf 92' lang='lat' dir='ltr'>inve-</span> 
     </span>
    </p>
   </div>
   <div class='ocr_carea' id='block_1_19' title="bbox 2229 639 3837 714">
    <p class='ocr_par' dir='ltr' id='par_1_19' title="bbox 2229 639 3837 714">
     <span class='ocr_line' id='line_1_19' title="bbox 2229 639 3837 714; baseline 0.001 -19"><span class='ocrx_word' id='word_1_131' title='bbox 2229 641 2522 714; x_wconf 85' lang='lat' dir='ltr'>Augustini</span> <span class='ocrx_word' id='word_1_132' title='bbox 2593 656 2626 695; x_wconf 89' lang='lat' dir='ltr'>a</span> <span class='ocrx_word' id='word_1_133' title='bbox 2680 656 2768 696; x_wconf 92' lang='lat' dir='ltr'>me</span> <span class='ocrx_word' id='word_1_134' title='bbox 2810 640 2904 695; x_wconf 90' lang='lat' dir='ltr'>tibi</span> <span class='ocrx_word' id='word_1_135' title='bbox 2951 639 3322 712; x_wconf 90' lang='lat' dir='ltr'>proponendis</span> <span class='ocrx_word' id='word_1_136' title='bbox 3359 640 3650 712; x_wconf 70' lang='lat' dir='ltr'>praeposui,</span> <span class='ocrx_word' id='word_1_137' title='bbox 3691 657 3837 714; x_wconf 91' lang='lat' dir='ltr'>quo-</span> 
     </span>
    </p>
   </div>
   <div class='ocr_carea' id='block_1_20' title="bbox 2229 728 3840 804">
    <p class='ocr_par' dir='ltr' id='par_1_20' title="bbox 2229 728 3840 804">
     <span class='ocr_line' id='line_1_20' title="bbox 2229 728 3840 804; baseline -0.001 -18"><span class='ocrx_word' id='word_1_138' title='bbox 2229 730 2372 786; x_wconf 87' lang='lat' dir='ltr'>niam</span> <span class='ocrx_word' id='word_1_139' title='bbox 2404 730 2522 786; x_wconf 92' lang='lat' dir='ltr'>zelo</span> <span class='ocrx_word' id='word_1_140' title='bbox 2539 737 2591 785; x_wconf 90' lang='lat' dir='ltr'>et</span> <span class='ocrx_word' id='word_1_141' title='bbox 2611 728 2795 786; x_wconf 90' lang='lat' dir='ltr'>furore</span> <span class='ocrx_word' id='word_1_142' title='bbox 2824 729 2917 784; x_wconf 88' lang='lat' dir='ltr'>illa</span> <span class='ocrx_word' id='word_1_143' title='bbox 2945 729 3258 802; x_wconf 89' lang='lat' dir='ltr'>perniciosa</span> <span class='ocrx_word' id='word_1_144' title='bbox 3277 729 3592 804; x_wconf 89' lang='lat' dir='ltr'>ligamenta,</span> <span class='ocrx_word' id='word_1_145' title='bbox 3622 730 3691 785; x_wconf 91' lang='lat' dir='ltr'>de</span> <span class='ocrx_word' id='word_1_146' title='bbox 3723 728 3840 802; x_wconf 78' lang='lat' dir='ltr'>qui-</span> 
     </span>
    </p>
   </div>
   <div class='ocr_carea' id='block_1_21' title="bbox 2229 818 3839 893">
    <p class='ocr_par' dir='ltr' id='par_1_21' title="bbox 2229 818 3839 893">
     <span class='ocr_line' id='line_1_21' title="bbox 2229 818 3839 893; baseline -0.001 -18"><span class='ocrx_word' id='word_1_147' title='bbox 2229 819 2330 875; x_wconf 88' lang='lat' dir='ltr'>bus</span> <span class='ocrx_word' id='word_1_148' title='bbox 2343 819 2544 893; x_wconf 89' lang='lat' dir='ltr'>agitur,</span> <span class='ocrx_word' id='word_1_149' title='bbox 2560 826 2612 874; x_wconf 86' lang='lat' dir='ltr'>te</span> <span class='ocrx_word' id='word_1_150' title='bbox 2631 819 2832 891; x_wconf 90' lang='lat' dir='ltr'>egisse,</span> <span class='ocrx_word' id='word_1_151' title='bbox 2853 826 2905 874; x_wconf 92' lang='lat' dir='ltr'>et</span> <span class='ocrx_word' id='word_1_152' title='bbox 2923 819 3064 874; x_wconf 90' lang='lat' dir='ltr'>hanc</span> <span class='ocrx_word' id='word_1_153' title='bbox 3078 826 3266 875; x_wconf 90' lang='lat' dir='ltr'>contra</span> <span class='ocrx_word' id='word_1_154' title='bbox 3278 835 3464 875; x_wconf 91' lang='lat' dir='ltr'>sacras</span> <span class='ocrx_word' id='word_1_155' title='bbox 3476 818 3696 892; x_wconf 87' lang='lat' dir='ltr'>regulas</span> <span class='ocrx_word' id='word_1_156' title='bbox 3709 819 3839 874; x_wconf 90' lang='lat' dir='ltr'>sub-</span> 
     </span>
    </p>
   </div>
   <div class='ocr_carea' id='block_1_22' title="bbox 2231 907 3839 981">
    <p class='ocr_par' dir='ltr' id='par_1_22' title="bbox 2231 907 3839 981">
     <span class='ocr_line' id='line_1_22' title="bbox 2231 907 3839 981; baseline -0.001 -16"><span class='ocrx_word' id='word_1_157' title='bbox 2231 908 2584 981; x_wconf 91' lang='lat' dir='ltr'>scriptionem</span> <span class='ocrx_word' id='word_1_158' title='bbox 2601 908 2944 965; x_wconf 91' lang='lat' dir='ltr'>adinvenisse</span> <span class='ocrx_word' id='word_1_159' title='bbox 2975 908 3245 964; x_wconf 83' lang='lat' dir='ltr'>veraciter</span> <span class='ocrx_word' id='word_1_160' title='bbox 3261 908 3552 965; x_wconf 89' lang='lat' dir='ltr'>credimus.</span> <span class='ocrx_word' id='word_1_161' title='bbox 3587 907 3839 980; x_wconf 84' lang='lat' dir='ltr'>Quapro-</span> 
     </span>
    </p>
   </div>
   <div class='ocr_carea' id='block_1_23' title="bbox 2230 997 3836 1071">
    <p class='ocr_par' dir='ltr' id='par_1_23' title="bbox 2230 997 3836 1071">
     <span class='ocr_line' id='line_1_23' title="bbox 2230 997 3836 1071; baseline -0.001 -17"><span class='ocrx_word' id='word_1_162' title='bbox 2230 1007 2352 1070; x_wconf 89' lang='lat' dir='ltr'>pter</span> <span class='ocrx_word' id='word_1_163' title='bbox 2369 997 2744 1054; x_wconf 91' lang='lat' dir='ltr'>necessarium</span> <span class='ocrx_word' id='word_1_164' title='bbox 2766 997 2892 1053; x_wconf 86' lang='lat' dir='ltr'>duxi</span> <span class='ocrx_word' id='word_1_165' title='bbox 2911 997 3148 1070; x_wconf 90' lang='lat' dir='ltr'>primum</span> <span class='ocrx_word' id='word_1_166' title='bbox 3171 997 3390 1071; x_wconf 87' lang='lat' dir='ltr'>quidem</span> <span class='ocrx_word' id='word_1_167' title='bbox 3408 997 3504 1053; x_wconf 91' lang='lat' dir='ltr'>tibi</span> <span class='ocrx_word' id='word_1_168' title='bbox 3525 998 3836 1070; x_wconf 87' lang='lat' dir='ltr'>ostendere,</span> 
     </span>
    </p>
   </div>
   <div class='ocr_carea' id='block_1_24' title="bbox 2232 1087 3842 1161">
    <p class='ocr_par' dir='ltr' id='par_1_24' title="bbox 2232 1087 3842 1161">
     <span class='ocr_line' id='line_1_24' title="bbox 2232 1087 3842 1161; baseline 0.001 -19"><span class='ocrx_word' id='word_1_169' title='bbox 2232 1088 2360 1161; x_wconf 87' lang='lat' dir='ltr'>quia</span> <span class='ocrx_word' id='word_1_170' title='bbox 2376 1087 2551 1144; x_wconf 92' lang='lat' dir='ltr'>insola</span> <span class='ocrx_word' id='word_1_171' title='bbox 2567 1087 2851 1155; x_wconf 90' lang='lat' dir='ltr'>catholica,</span> <span class='ocrx_word' id='word_1_172' title='bbox 2869 1087 3074 1143; x_wconf 85' lang='lat' dir='ltr'>unitate</span> <span class='ocrx_word' id='word_1_173' title='bbox 3085 1103 3186 1160; x_wconf 89' lang='lat' dir='ltr'>per</span> <span class='ocrx_word' id='word_1_174' title='bbox 3195 1089 3436 1144; x_wconf 82' lang='lat' dir='ltr'>haereses</span> <span class='ocrx_word' id='word_1_175' title='bbox 3452 1087 3538 1144; x_wconf 89' lang='lat' dir='ltr'>vel</span> <span class='ocrx_word' id='word_1_176' title='bbox 3550 1087 3842 1144; x_wconf 84' lang='lat' dir='ltr'>schismata</span> 
     </span>
    </p>
   </div>
   <div class='ocr_carea' id='block_1_25' title="bbox 2233 1175 3840 1251">
    <p class='ocr_par' dir='ltr' id='par_1_25' title="bbox 2233 1175 3840 1251">
     <span class='ocr_line' id='line_1_25' title="bbox 2233 1175 3840 1251; baseline 0 -19"><span class='ocrx_word' id='word_1_177' title='bbox 2233 1192 2344 1233; x_wconf 91' lang='lat' dir='ltr'>non</span> <span class='ocrx_word' id='word_1_178' title='bbox 2371 1177 2564 1244; x_wconf 91' lang='lat' dir='ltr'>divisa,</span> <span class='ocrx_word' id='word_1_179' title='bbox 2589 1193 2724 1232; x_wconf 91' lang='lat' dir='ltr'>vera</span> <span class='ocrx_word' id='word_1_180' title='bbox 2753 1185 2878 1232; x_wconf 89' lang='lat' dir='ltr'>sunt</span> <span class='ocrx_word' id='word_1_181' title='bbox 2898 1175 3218 1251; x_wconf 88' lang='lat' dir='ltr'>ligamenta,</span> <span class='ocrx_word' id='word_1_182' title='bbox 3251 1186 3308 1233; x_wconf 90' lang='lat' dir='ltr'>ut</span> <span class='ocrx_word' id='word_1_183' title='bbox 3334 1192 3468 1232; x_wconf 90' lang='lat' dir='ltr'>vera</span> <span class='ocrx_word' id='word_1_184' title='bbox 3497 1185 3620 1232; x_wconf 92' lang='lat' dir='ltr'>sunt</span> <span class='ocrx_word' id='word_1_185' title='bbox 3657 1193 3840 1234; x_wconf 88' lang='lat' dir='ltr'>sacra-</span> 
     </span>
    </p>
   </div>
   <div class='ocr_carea' id='block_1_26' title="bbox 2233 1265 3842 1339">
    <p class='ocr_par' dir='ltr' id='par_1_26' title="bbox 2233 1265 3842 1339">
     <span class='ocr_line' id='line_1_26' title="bbox 2233 1265 3842 1339; baseline -0.001 -16"><span class='ocrx_word' id='word_1_186' title='bbox 2233 1273 2436 1323; x_wconf 89' lang='lat' dir='ltr'>menta.</span> <span class='ocrx_word' id='word_1_187' title='bbox 2461 1288 2484 1318; x_wconf 80' lang='grc'>‹‹</span> <span class='ocrx_word' id='word_1_188' title='bbox 2509 1267 2645 1322; x_wconf 90' lang='lat' dir='ltr'>Puto</span> <span class='ocrx_word' id='word_1_189' title='bbox 2673 1283 2782 1335; x_wconf 92' lang='lat' dir='ltr'>me,</span> <span class='ocrx_word' id='word_1_190' title='bbox 2817 1266 2990 1339; x_wconf 89' lang='lat' dir='ltr'>inquit</span> <span class='ocrx_word' id='word_1_191' title='bbox 3019 1266 3208 1322; x_wconf 90' lang='lat' dir='ltr'>beatus</span> <span class='ocrx_word' id='word_1_192' title='bbox 3236 1266 3574 1339; x_wconf 83' lang='lat' dir='ltr'>Augustinus</span> <span class='ocrx_word' id='word_1_193' title='bbox 3608 1265 3726 1338; x_wconf 83' lang='lat' dir='ltr'>(lib.</span> <span class='ocrx_word' id='word_1_194' title='bbox 3761 1283 3842 1322; x_wconf 86' lang='lat' dir='ltr'>vn</span> 
     </span>
    </p>
   </div>
   <div class='ocr_carea' id='block_1_27' title="bbox 2233 1355 3844 1430">
    <p class='ocr_par' dir='ltr' id='par_1_27' title="bbox 2233 1355 3844 1430">
     <span class='ocr_line' id='line_1_27' title="bbox 2233 1355 3844 1430; baseline 0 -20"><span class='ocrx_word' id='word_1_195' title='bbox 2233 1355 2300 1411; x_wconf 82' lang='lat' dir='ltr'>de</span> <span class='ocrx_word' id='word_1_196' title='bbox 2332 1358 2516 1430; x_wconf 84' lang='lat' dir='ltr'>Bapt.,</span> <span class='ocrx_word' id='word_1_197' title='bbox 2541 1372 2590 1412; x_wconf 96' lang='lat' dir='ltr'>c.</span> <span class='ocrx_word' id='word_1_198' title='bbox 2617 1358 2728 1428; x_wconf 78' lang='grc'>51),</span> <span class='ocrx_word' id='word_1_199' title='bbox 2761 1371 2872 1410; x_wconf 90' lang='lat' dir='ltr'>non</span> <span class='ocrx_word' id='word_1_200' title='bbox 2900 1363 3108 1412; x_wconf 91' lang='lat' dir='ltr'>temere</span> <span class='ocrx_word' id='word_1_201' title='bbox 3140 1355 3347 1424; x_wconf 89' lang='lat' dir='ltr'>dicere,</span> <span class='ocrx_word' id='word_1_202' title='bbox 3373 1355 3510 1412; x_wconf 90' lang='lat' dir='ltr'>alios</span> <span class='ocrx_word' id='word_1_203' title='bbox 3540 1355 3614 1411; x_wconf 93' lang='lat' dir='ltr'>ita</span> <span class='ocrx_word' id='word_1_204' title='bbox 3643 1371 3766 1412; x_wconf 92' lang='lat' dir='ltr'>esse</span> <span class='ocrx_word' id='word_1_205' title='bbox 3785 1355 3844 1410; x_wconf 89' lang='lat' dir='ltr'>in</span> 
     </span>
    </p>
   </div>
   <div class='ocr_carea' id='block_1_28' title="bbox 2235 1444 3842 1518">
    <p class='ocr_par' dir='ltr' id='par_1_28' title="bbox 2235 1444 3842 1518">
     <span class='ocr_line' id='line_1_28' title="bbox 2235 1444 3842 1518; baseline 0.001 -18"><span class='ocrx_word' id='word_1_206' title='bbox 2235 1444 2401 1501; x_wconf 92' lang='lat' dir='ltr'>domo</span> <span class='ocrx_word' id='word_1_207' title='bbox 2430 1445 2552 1512; x_wconf 91' lang='lat' dir='ltr'>Dei,</span> <span class='ocrx_word' id='word_1_208' title='bbox 2583 1453 2640 1500; x_wconf 92' lang='lat' dir='ltr'>ut</span> <span class='ocrx_word' id='word_1_209' title='bbox 2666 1444 2772 1517; x_wconf 93' lang='lat' dir='ltr'>ipsi</span> <span class='ocrx_word' id='word_1_210' title='bbox 2797 1445 2960 1500; x_wconf 90' lang='lat' dir='ltr'>etiam</span> <span class='ocrx_word' id='word_1_211' title='bbox 2987 1445 3095 1500; x_wconf 89' lang='lat' dir='ltr'>sint</span> <span class='ocrx_word' id='word_1_212' title='bbox 3123 1444 3312 1502; x_wconf 90' lang='lat' dir='ltr'>eadem</span> <span class='ocrx_word' id='word_1_213' title='bbox 3342 1445 3536 1502; x_wconf 91' lang='lat' dir='ltr'>domus</span> <span class='ocrx_word' id='word_1_214' title='bbox 3567 1445 3686 1513; x_wconf 90' lang='lat' dir='ltr'>Dei,</span> <span class='ocrx_word' id='word_1_215' title='bbox 3718 1461 3842 1518; x_wconf 81' lang='lat' dir='ltr'>quae</span> 
     </span>
    </p>
   </div>
   <div class='ocr_carea' id='block_1_29' title="bbox 2237 1533 3845 1608">
    <p class='ocr_par' dir='ltr' id='par_1_29' title="bbox 2237 1533 3845 1608">
     <span class='ocr_line' id='line_1_29' title="bbox 2237 1533 3845 1608; baseline 0.001 -19"><span class='ocrx_word' id='word_1_216' title='bbox 2237 1534 2433 1590; x_wconf 93' lang='lat' dir='ltr'>dicitur</span> <span class='ocrx_word' id='word_1_217' title='bbox 2459 1533 2721 1590; x_wconf 85' lang='lat' dir='ltr'>aediﬁcari</span> <span class='ocrx_word' id='word_1_218' title='bbox 2751 1552 2918 1608; x_wconf 90' lang='lat' dir='ltr'>super</span> <span class='ocrx_word' id='word_1_219' title='bbox 2952 1543 3181 1608; x_wconf 87' lang='lat' dir='ltr'>petram,</span> <span class='ocrx_word' id='word_1_220' title='bbox 3227 1552 3350 1608; x_wconf 63' lang='lat' dir='ltr'>quae</span> <span class='ocrx_word' id='word_1_221' title='bbox 3389 1535 3551 1596; x_wconf 82' lang='lat' dir='ltr'>unica.</span> <span class='ocrx_word' id='word_1_222' title='bbox 3588 1534 3845 1592; x_wconf 88' lang='lat' dir='ltr'>columba</span> 
     </span>
    </p>
   </div>
   <div class='ocr_carea' id='block_1_30' title="bbox 2239 1623 3841 1699">
    <p class='ocr_par' dir='ltr' id='par_1_30' title="bbox 2239 1623 3841 1699">
     <span class='ocr_line' id='line_1_30' title="bbox 2239 1623 3841 1699; baseline 0.001 -21"><span class='ocrx_word' id='word_1_223' title='bbox 2239 1623 2555 1696; x_wconf 86' lang='lat' dir='ltr'>appellatur,</span> <span class='ocrx_word' id='word_1_224' title='bbox 2591 1641 2710 1696; x_wconf 71' lang='lat' dir='ltr'>quae</span> <span class='ocrx_word' id='word_1_225' title='bbox 2740 1641 2938 1697; x_wconf 88' lang='lat' dir='ltr'>sponsa</span> <span class='ocrx_word' id='word_1_226' title='bbox 2966 1625 3195 1697; x_wconf 88' lang='lat' dir='ltr'>pulchra</span> <span class='ocrx_word' id='word_1_227' title='bbox 3223 1624 3340 1681; x_wconf 88' lang='lat' dir='ltr'>sine</span> <span class='ocrx_word' id='word_1_228' title='bbox 3361 1623 3578 1682; x_wconf 88' lang='lat' dir='ltr'>macula</span> <span class='ocrx_word' id='word_1_229' title='bbox 3603 1634 3656 1682; x_wconf 90' lang='lat' dir='ltr'>et</span> <span class='ocrx_word' id='word_1_230' title='bbox 3685 1641 3841 1699; x_wconf 87' lang='lat' dir='ltr'>ruga,</span> 
     </span>
    </p>
   </div>
   <div class='ocr_carea' id='block_1_31' title="bbox 2239 1713 3840 1789">
    <p class='ocr_par' dir='ltr' id='par_1_31' title="bbox 2239 1713 3840 1789">
     <span class='ocr_line' id='line_1_31' title="bbox 2239 1713 3840 1789; baseline 0.001 -20"><span class='ocrx_word' id='word_1_231' title='bbox 2239 1720 2293 1769; x_wconf 90' lang='lat' dir='ltr'>et</span> <span class='ocrx_word' id='word_1_232' title='bbox 2319 1715 2510 1770; x_wconf 85' lang='lat' dir='ltr'>hortus</span> <span class='ocrx_word' id='word_1_233' title='bbox 2531 1714 2840 1784; x_wconf 82' lang='lat' dir='ltr'>conclusus,</span> <span class='ocrx_word' id='word_1_234' title='bbox 2861 1713 2983 1771; x_wconf 87' lang='lat' dir='ltr'>fons</span> <span class='ocrx_word' id='word_1_235' title='bbox 3000 1714 3262 1789; x_wconf 87' lang='lat' dir='ltr'>signatus,</span> <span class='ocrx_word' id='word_1_236' title='bbox 3287 1722 3484 1788; x_wconf 88' lang='lat' dir='ltr'>puteus</span> <span class='ocrx_word' id='word_1_237' title='bbox 3504 1731 3662 1787; x_wconf 61' lang='lat' dir='ltr'>aqua}</span> <span class='ocrx_word' id='word_1_238' title='bbox 3681 1714 3840 1783; x_wconf 67' lang='lat' dir='ltr'>vivae,</span> 
     </span>
    </p>
   </div>
   <div class='ocr_carea' id='block_1_32' title="bbox 2242 1802 3846 1878">
    <p class='ocr_par' dir='ltr' id='par_1_32' title="bbox 2242 1802 3846 1878">
     <span class='ocr_line' id='line_1_32' title="bbox 2242 1802 3846 1878; baseline 0 -20"><span class='ocrx_word' id='word_1_239' title='bbox 2242 1803 2529 1874; x_wconf 89' lang='lat' dir='ltr'>paradisus</span> <span class='ocrx_word' id='word_1_240' title='bbox 2562 1819 2686 1860; x_wconf 89' lang='lat' dir='ltr'>cum</span> <span class='ocrx_word' id='word_1_241' title='bbox 2717 1802 2896 1862; x_wconf 87' lang='lat' dir='ltr'>fructu</span> <span class='ocrx_word' id='word_1_242' title='bbox 2927 1820 3215 1877; x_wconf 90' lang='lat' dir='ltr'>pomorum</span> <span class='ocrx_word' id='word_1_243' title='bbox 3249 1822 3264 1860; x_wconf 92' lang='lat'><strong>:</strong></span> <span class='ocrx_word' id='word_1_244' title='bbox 3298 1821 3420 1878; x_wconf 65' lang='lat' dir='ltr'>quae</span> <span class='ocrx_word' id='word_1_245' title='bbox 3461 1803 3656 1860; x_wconf 89' lang='lat' dir='ltr'>domus</span> <span class='ocrx_word' id='word_1_246' title='bbox 3680 1803 3846 1860; x_wconf 90' lang='lat' dir='ltr'>etiam</span> 
     </span>
    </p>
   </div>
   <div class='ocr_carea' id='block_1_33' title="bbox 533 1891 3844 1988">
    <p class='ocr_par' dir='ltr' id='par_1_33' title="bbox 533 1891 3844 1988">
     <span class='ocr_line' id='line_1_33' title="bbox 533 1891 3844 1988; baseline -0 -38"><span class='ocrx_word' id='word_1_247' title='bbox 533 1895 758 1951; x_wconf 90' lang='lat' dir='ltr'>niuntur</span> <span class='ocrx_word' id='word_1_248' title='bbox 823 1895 1070 1951; x_wconf 88' lang='lat' dir='ltr'>adversa.</span> <span class='ocrx_word' id='word_1_249' title='bbox 1117 1893 1461 1968; x_wconf 88' lang='lat' dir='ltr'>Quapropter</span> <span class='ocrx_word' id='word_1_250' title='bbox 1505 1895 1681 1950; x_wconf 91' lang='lat' dir='ltr'>adhuc</span> <span class='ocrx_word' id='word_1_251' title='bbox 1720 1893 1881 1949; x_wconf 89' lang='lat' dir='ltr'>etiam</span> <span class='ocrx_word' id='word_1_252' title='bbox 1909 1891 2012 1949; x_wconf 89' lang='lat' dir='ltr'>tria</span> <span class='ocrx_word' id='word_1_253' title='bbox 2039 1891 2137 1948; x_wconf 92' lang='lat' dir='ltr'>tibi</span> <span class='ocrx_word' id='word_1_254' title='bbox 2167 1891 2424 1988; x_wconf 80' lang='lat' dir='ltr'>Bclaves</span> <span class='ocrx_word' id='word_1_255' title='bbox 2473 1893 2704 1966; x_wconf 83' lang='lat' dir='ltr'>accepit,</span> <span class='ocrx_word' id='word_1_256' title='bbox 2738 1909 2804 1951; x_wconf 90' lang='lat' dir='ltr'>ac</span> <span class='ocrx_word' id='word_1_257' title='bbox 2847 1901 3172 1966; x_wconf 88' lang='lat' dir='ltr'>potestatem</span> <span class='ocrx_word' id='word_1_258' title='bbox 3226 1892 3475 1950; x_wconf 89' lang='lat' dir='ltr'>solvendi</span> <span class='ocrx_word' id='word_1_259' title='bbox 3519 1901 3573 1950; x_wconf 90' lang='lat' dir='ltr'>et</span> <span class='ocrx_word' id='word_1_260' title='bbox 3617 1893 3844 1966; x_wconf 78' lang='lat' dir='ltr'>ligandi.</span> 
     </span>
    </p>
   </div>
   <div class='ocr_carea' id='block_1_34' title="bbox 534 1981 3845 2058">
    <p class='ocr_par' dir='ltr' id='par_1_34' title="bbox 534 1981 3845 2058">
     <span class='ocr_line' id='line_1_34' title="bbox 534 1981 3845 2058; baseline -0.001 -16"><span class='ocrx_word' id='word_1_261' title='bbox 534 2001 602 2042; x_wconf 88' lang='lat' dir='ltr'>ex</span> <span class='ocrx_word' id='word_1_262' title='bbox 631 1984 820 2056; x_wconf 77' lang='lat' dir='ltr'>verbis</span> <span class='ocrx_word' id='word_1_263' title='bbox 831 1984 978 2042; x_wconf 90' lang='lat' dir='ltr'>beati</span> <span class='ocrx_word' id='word_1_264' title='bbox 997 1985 1287 2058; x_wconf 77' lang='lat' dir='ltr'>Augustini</span> <span class='ocrx_word' id='word_1_265' title='bbox 1309 1983 1589 2040; x_wconf 67' lang='lat' dir='ltr'>catholicae</span> <span class='ocrx_word' id='word_1_266' title='bbox 1616 1982 1878 2040; x_wconf 68' lang='lat' dir='ltr'>Ecclesiae</span> <span class='ocrx_word' id='word_1_267' title='bbox 1899 1981 2140 2038; x_wconf 90' lang='lat' dir='ltr'>doctoris</span> <span class='ocrx_word' id='word_1_268' title='bbox 2171 1981 2216 1988; x_wconf 73' lang='grc'><strong>’⁷</strong></span> <span class='ocrx_word' id='word_1_269' title='bbox 2246 1983 2396 2038; x_wconf 87' lang='lat' dir='ltr'>Hanc</span> <span class='ocrx_word' id='word_1_270' title='bbox 2439 1982 2661 2038; x_wconf 91' lang='lat' dir='ltr'>domum</span> <span class='ocrx_word' id='word_1_271' title='bbox 2701 1983 2747 2038; x_wconf 90' lang='lat' dir='ltr'>si</span> <span class='ocrx_word' id='word_1_272' title='bbox 2777 1983 2900 2056; x_wconf 91' lang='lat' dir='ltr'>quis</span> <span class='ocrx_word' id='word_1_273' title='bbox 2939 1984 3322 2056; x_wconf 90' lang='lat' dir='ltr'>corripientem</span> <span class='ocrx_word' id='word_1_274' title='bbox 3367 1983 3845 2058; x_wconf 87' lang='lat' dir='ltr'>corrigentemque</span> 
     </span>
    </p>
   </div>
   <div class='ocr_carea' id='block_1_35' title="bbox 538 2071 3848 2146">
    <p class='ocr_par' dir='ltr' id='par_1_35' title="bbox 538 2071 3848 2146">
     <span class='ocr_line' id='line_1_35' title="bbox 538 2071 3848 2146; baseline -0.001 -16"><span class='ocrx_word' id='word_1_275' title='bbox 538 2074 724 2130; x_wconf 87' lang='lat' dir='ltr'>eximii</span> <span class='ocrx_word' id='word_1_276' title='bbox 752 2074 1107 2146; x_wconf 89' lang='lat' dir='ltr'>proponenda</span> <span class='ocrx_word' id='word_1_277' title='bbox 1135 2073 1416 2146; x_wconf 90' lang='lat' dir='ltr'>proposui,</span> <span class='ocrx_word' id='word_1_278' title='bbox 1459 2089 1789 2145; x_wconf 72' lang='lat' dir='ltr'>praeponens</span> <span class='ocrx_word' id='word_1_279' title='bbox 1837 2071 1922 2128; x_wconf 91' lang='lat' dir='ltr'>his</span> <span class='ocrx_word' id='word_1_280' title='bbox 1970 2072 2144 2126; x_wconf 92' lang='lat' dir='ltr'>tribus</span> <span class='ocrx_word' id='word_1_281' title='bbox 2243 2071 2650 2144; x_wconf 89' lang='lat' dir='ltr'>contempserit,</span> <span class='ocrx_word' id='word_1_282' title='bbox 2703 2072 2771 2127; x_wconf 90' lang='lat' dir='ltr'>sit</span> <span class='ocrx_word' id='word_1_283' title='bbox 2816 2072 2932 2144; x_wconf 91' lang='lat' dir='ltr'>tibi,</span> <span class='ocrx_word' id='word_1_284' title='bbox 2982 2073 3172 2146; x_wconf 89' lang='lat' dir='ltr'>inquit,</span> <span class='ocrx_word' id='word_1_285' title='bbox 3217 2082 3474 2146; x_wconf 89' lang='lat' dir='ltr'>tanquam</span> <span class='ocrx_word' id='word_1_286' title='bbox 3516 2073 3764 2130; x_wconf 89' lang='lat' dir='ltr'>ethnicus</span> <span class='ocrx_word' id='word_1_287' title='bbox 3793 2080 3848 2128; x_wconf 92' lang='lat' dir='ltr'>et</span> 
     </span>
    </p>
   </div>
   <div class='ocr_carea' id='block_1_36' title="bbox 542 2161 3850 2236">
    <p class='ocr_par' dir='ltr' id='par_1_36' title="bbox 542 2161 3850 2236">
     <span class='ocr_line' id='line_1_36' title="bbox 542 2161 3850 2236; baseline 0 -18"><span class='ocrx_word' id='word_1_288' title='bbox 542 2163 691 2218; x_wconf 90' lang='lat' dir='ltr'>beati</span> <span class='ocrx_word' id='word_1_289' title='bbox 718 2161 977 2235; x_wconf 87' lang='lat' dir='ltr'>Cypriani</span> <span class='ocrx_word' id='word_1_290' title='bbox 1007 2162 1352 2231; x_wconf 90' lang='lat' dir='ltr'>sententiam,</span> <span class='ocrx_word' id='word_1_291' title='bbox 1386 2179 1418 2218; x_wconf 92' lang='lat' dir='ltr'>a</span> <span class='ocrx_word' id='word_1_292' title='bbox 1457 2163 1618 2218; x_wconf 89' lang='lat' dir='ltr'>beato</span> <span class='ocrx_word' id='word_1_293' title='bbox 1647 2161 1954 2235; x_wconf 84' lang='lat' dir='ltr'>Augustino</span> <span class='ocrx_word' id='word_1_294' title='bbox 1984 2161 2142 2217; x_wconf 82' lang='lat' dir='ltr'>iavo-</span> <span class='ocrx_word' id='word_1_295' title='bbox 2243 2161 2586 2234; x_wconf 89' lang='lat' dir='ltr'>publicanus.</span> <span class='ocrx_word' id='word_1_296' title='bbox 2613 2182 2636 2212; x_wconf 66' lang='grc' dir='ltr'>υ</span> <span class='ocrx_word' id='word_1_297' title='bbox 2659 2163 2729 2216; x_wconf 85' lang='grc' dir='ltr'>Ει</span> <span class='ocrx_word' id='word_1_298' title='bbox 2759 2161 3042 2218; x_wconf 89' lang='lat' dir='ltr'>sciendum</span> <span class='ocrx_word' id='word_1_299' title='bbox 3073 2163 3232 2218; x_wconf 90' lang='lat' dir='ltr'>nobis</span> <span class='ocrx_word' id='word_1_300' title='bbox 3263 2170 3363 2230; x_wconf 88' lang='lat' dir='ltr'>est,</span> <span class='ocrx_word' id='word_1_301' title='bbox 3401 2162 3524 2236; x_wconf 88' lang='lat' dir='ltr'>quia</span> <span class='ocrx_word' id='word_1_302' title='bbox 3553 2162 3850 2234; x_wconf 65' lang='lat' dir='ltr'>prmposita</span> 
     </span>
    </p>
   </div>
   <div class='ocr_carea' id='block_1_37' title="bbox 543 2249 3850 2326">
    <p class='ocr_par' dir='ltr' id='par_1_37' title="bbox 543 2249 3850 2326">
     <span class='ocr_line' id='line_1_37' title="bbox 543 2249 3850 2326; baseline -0.001 -18"><span class='ocrx_word' id='word_1_303' title='bbox 543 2251 786 2308; x_wconf 85' lang='lat' dir='ltr'>rabiliter</span> <span class='ocrx_word' id='word_1_304' title='bbox 829 2251 1190 2308; x_wconf 89' lang='lat' dir='ltr'>collaudatam</span> <span class='ocrx_word' id='word_1_305' title='bbox 1241 2253 1429 2326; x_wconf 78' lang='lat' dir='ltr'>(epist.</span> <span class='ocrx_word' id='word_1_306' title='bbox 1471 2255 1560 2323; x_wconf 89' lang='lat'>&#39;73,</span> <span class='ocrx_word' id='word_1_307' title='bbox 1591 2251 1662 2308; x_wconf 83' lang='lat' dir='ltr'>ad</span> <span class='ocrx_word' id='word_1_308' title='bbox 1703 2252 2043 2322; x_wconf 75' lang='lat' dir='ltr'>Jubaianum</span> <span class='ocrx_word' id='word_1_309' title='bbox 2087 2249 2146 2306; x_wconf 91' lang='lat' dir='ltr'>in</span> <span class='ocrx_word' id='word_1_310' title='bbox 2247 2249 2436 2324; x_wconf 88' lang='lat' dir='ltr'>regula</span> <span class='ocrx_word' id='word_1_311' title='bbox 2482 2251 2811 2322; x_wconf 90' lang='lat' dir='ltr'>corripiendi</span> <span class='ocrx_word' id='word_1_312' title='bbox 2858 2252 2981 2307; x_wconf 88' lang='lat' dir='ltr'>data</span> <span class='ocrx_word' id='word_1_313' title='bbox 3027 2251 3153 2308; x_wconf 93' lang='lat' dir='ltr'>huic</span> <span class='ocrx_word' id='word_1_314' title='bbox 3195 2252 3380 2308; x_wconf 90' lang='lat' dir='ltr'>domui</span> <span class='ocrx_word' id='word_1_315' title='bbox 3427 2251 3548 2320; x_wconf 91' lang='lat' dir='ltr'>Dei,</span> <span class='ocrx_word' id='word_1_316' title='bbox 3597 2251 3850 2310; x_wconf 79' lang='lat' dir='ltr'>videlicet</span> 
     </span>
    </p>
   </div>
   <div class='ocr_carea' id='block_1_38' title="bbox 544 2338 3852 2414">
    <p class='ocr_par' dir='ltr' id='par_1_38' title="bbox 544 2338 3852 2414">
     <span class='ocr_line' id='line_1_38' title="bbox 544 2338 3852 2414; baseline 0.001 -20"><span class='ocrx_word' id='word_1_317' title='bbox 544 2338 695 2412; x_wconf 87' lang='lat' dir='ltr'>ﬁne),</span> <span class='ocrx_word' id='word_1_318' title='bbox 747 2347 800 2396; x_wconf 91' lang='lat' dir='ltr'>et</span> <span class='ocrx_word' id='word_1_319' title='bbox 846 2340 917 2396; x_wconf 89' lang='lat' dir='ltr'>ab</span> <span class='ocrx_word' id='word_1_320' title='bbox 959 2340 1210 2396; x_wconf 88' lang='lat' dir='ltr'>omnibus</span> <span class='ocrx_word' id='word_1_321' title='bbox 1255 2340 1537 2398; x_wconf 87' lang='lat' dir='ltr'>catholicis</span> <span class='ocrx_word' id='word_1_322' title='bbox 1595 2356 1660 2397; x_wconf 88' lang='lat' dir='ltr'>ac</span> <span class='ocrx_word' id='word_1_323' title='bbox 1699 2339 1788 2412; x_wconf 92' lang='lat' dir='ltr'>pie</span> <span class='ocrx_word' id='word_1_324' title='bbox 1837 2339 2144 2396; x_wconf 88' lang='lat' dir='ltr'>viventibus</span> <span class='ocrx_word' id='word_1_325' title='bbox 2248 2339 2530 2397; x_wconf 64' lang='lat' dir='ltr'>catholicae</span> <span class='ocrx_word' id='word_1_326' title='bbox 2561 2341 2842 2410; x_wconf 73' lang='lat' dir='ltr'>Ecclesiae,</span> <span class='ocrx_word' id='word_1_327' title='bbox 2873 2341 2992 2398; x_wconf 70' lang='lat' dir='ltr'>haec</span> <span class='ocrx_word' id='word_1_328' title='bbox 3022 2341 3287 2398; x_wconf 89' lang='lat' dir='ltr'>sententia</span> <span class='ocrx_word' id='word_1_329' title='bbox 3317 2342 3364 2397; x_wconf 91' lang='lat' dir='ltr'>si</span> <span class='ocrx_word' id='word_1_330' title='bbox 3393 2349 3704 2414; x_wconf 88' lang='lat' dir='ltr'>contempta</span> <span class='ocrx_word' id='word_1_331' title='bbox 3734 2341 3852 2398; x_wconf 89' lang='lat' dir='ltr'>fue-</span> 
     </span>
    </p>
   </div>
   <div class='ocr_carea' id='block_1_39' title="bbox 542 2429 3851 2506">
    <p class='ocr_par' dir='ltr' id='par_1_39' title="bbox 542 2429 3851 2506">
     <span class='ocr_line' id='line_1_39' title="bbox 542 2429 3851 2506; baseline 0.001 -20"><span class='ocrx_word' id='word_1_332' title='bbox 542 2429 960 2502; x_wconf 89' lang='lat' dir='ltr'>acceptandam.</span> <span class='ocrx_word' id='word_1_333' title='bbox 1006 2451 1030 2481; x_wconf 85' lang='grc'><strong>«</strong></span> <span class='ocrx_word' id='word_1_334' title='bbox 1064 2431 1338 2502; x_wconf 87' lang='lat' dir='ltr'>Servatur,</span> <span class='ocrx_word' id='word_1_335' title='bbox 1383 2430 1558 2504; x_wconf 91' lang='lat' dir='ltr'>inquit</span> <span class='ocrx_word' id='word_1_336' title='bbox 1586 2431 1778 2486; x_wconf 89' lang='lat' dir='ltr'>beatus</span> <span class='ocrx_word' id='word_1_337' title='bbox 1845 2429 2148 2502; x_wconf 87' lang='lat' dir='ltr'>Cyprianus</span> <span class='ocrx_word' id='word_1_338' title='bbox 2248 2429 2337 2497; x_wconf 90' lang='lat' dir='ltr'>rit,</span> <span class='ocrx_word' id='word_1_339' title='bbox 2373 2430 2651 2486; x_wconf 88' lang='lat' dir='ltr'>subditur:</span> <span class='ocrx_word' id='word_1_340' title='bbox 2675 2431 2761 2488; x_wconf 81' lang='lat' dir='ltr'>Sit</span> <span class='ocrx_word' id='word_1_341' title='bbox 2791 2432 2911 2500; x_wconf 79' lang='lat' dir='ltr'>tibi,</span> <span class='ocrx_word' id='word_1_342' title='bbox 2942 2431 3134 2505; x_wconf 90' lang='lat' dir='ltr'>inquit,</span> <span class='ocrx_word' id='word_1_343' title='bbox 3188 2436 3459 2506; x_wconf 85' lang='lat' dir='ltr'>tanquam</span> <span class='ocrx_word' id='word_1_344' title='bbox 3490 2433 3753 2488; x_wconf 82' lang='lat' dir='ltr'>ethnicus</span> <span class='ocrx_word' id='word_1_345' title='bbox 3793 2436 3851 2488; x_wconf 82' lang='lat' dir='ltr'>et</span> 
     </span>
    </p>
   </div>
   <div class='ocr_carea' id='block_1_40' title="bbox 543 2518 2151 2595">
    <p class='ocr_par' dir='ltr' id='par_1_40' title="bbox 543 2518 2151 2595">
     <span class='ocr_line' id='line_1_40' title="bbox 543 2518 2151 2595; baseline -0.002 -19"><span class='ocrx_word' id='word_1_346' title='bbox 543 2519 664 2592; x_wconf 78' lang='lat' dir='ltr'>(lib.</span> <span class='ocrx_word' id='word_1_347' title='bbox 684 2535 742 2574; x_wconf 81' lang='lat' dir='ltr'><strong>IV</strong></span> <span class='ocrx_word' id='word_1_348' title='bbox 771 2519 836 2576; x_wconf 86' lang='lat' dir='ltr'>de</span> <span class='ocrx_word' id='word_1_349' title='bbox 866 2522 1052 2595; x_wconf 87' lang='lat' dir='ltr'>Bapt.,</span> <span class='ocrx_word' id='word_1_350' title='bbox 1086 2536 1207 2593; x_wconf 90' lang='lat' dir='ltr'>cap.</span> <span class='ocrx_word' id='word_1_351' title='bbox 1241 2523 1318 2592; x_wconf 86' lang='lat'>&#39;7),</span> <span class='ocrx_word' id='word_1_352' title='bbox 1339 2537 1370 2576; x_wconf 92' lang='lat' dir='ltr'>a</span> <span class='ocrx_word' id='word_1_353' title='bbox 1392 2520 1552 2576; x_wconf 90' lang='lat' dir='ltr'>nobis</span> <span class='ocrx_word' id='word_1_354' title='bbox 1576 2519 1847 2592; x_wconf 87' lang='lat' dir='ltr'>patienter</span> <span class='ocrx_word' id='word_1_355' title='bbox 1877 2527 1928 2575; x_wconf 89' lang='lat' dir='ltr'>et</span> <span class='ocrx_word' id='word_1_356' title='bbox 1957 2518 2151 2576; x_wconf 91' lang='lat' dir='ltr'>leniter</span> 
     </span>
    </p>
   </div>
   <div class='ocr_carea' id='block_1_41' title="bbox 545 2607 2150 2684">
    <p class='ocr_par' dir='ltr' id='par_1_41' title="bbox 545 2607 2150 2684">
     <span class='ocr_line' id='line_1_41' title="bbox 545 2607 2150 2684; baseline -0.001 -18"><span class='ocrx_word' id='word_1_357' title='bbox 545 2607 776 2666; x_wconf 81' lang='lat' dir='ltr'>Charitas</span> <span class='ocrx_word' id='word_1_358' title='bbox 802 2609 988 2679; x_wconf 89' lang='lat' dir='ltr'>animi,</span> <span class='ocrx_word' id='word_1_359' title='bbox 1031 2611 1208 2666; x_wconf 91' lang='lat' dir='ltr'>honor</span> <span class='ocrx_word' id='word_1_360' title='bbox 1252 2610 1492 2684; x_wconf 86' lang='lat' dir='ltr'>collegii,</span> <span class='ocrx_word' id='word_1_361' title='bbox 1533 2609 1805 2667; x_wconf 87' lang='lat' dir='ltr'>vinculum</span> <span class='ocrx_word' id='word_1_362' title='bbox 1834 2607 1980 2678; x_wconf 89' lang='lat' dir='ltr'>ﬁdei,</span> <span class='ocrx_word' id='word_1_363' title='bbox 2013 2625 2150 2666; x_wconf 90' lang='lat' dir='ltr'>con-</span> 
     </span>
    </p>
   </div>
   <div class='ocr_carea' id='block_1_42' title="bbox 546 2698 2153 2773">
    <p class='ocr_par' dir='ltr' id='par_1_42' title="bbox 546 2698 2153 2773">
     <span class='ocr_line' id='line_1_42' title="bbox 546 2698 2153 2773; baseline -0.002 -17"><span class='ocrx_word' id='word_1_364' title='bbox 546 2699 736 2757; x_wconf 87' lang='lat' dir='ltr'>cordia</span> <span class='ocrx_word' id='word_1_365' title='bbox 765 2698 1072 2756; x_wconf 91' lang='lat' dir='ltr'>sacerdotii.</span> <span class='ocrx_word' id='word_1_366' title='bbox 1111 2719 1133 2750; x_wconf 76' lang='lat'><strong>»</strong></span> <span class='ocrx_word' id='word_1_367' title='bbox 1163 2701 1311 2766; x_wconf 60' lang='lat' dir='ltr'>Hac,</span> <span class='ocrx_word' id='word_1_368' title='bbox 1359 2699 1532 2773; x_wconf 90' lang='lat' dir='ltr'>inquit</span> <span class='ocrx_word' id='word_1_369' title='bbox 1576 2699 1937 2772; x_wconf 85' lang='lat' dir='ltr'>Augustinus,</span> <span class='ocrx_word' id='word_1_370' title='bbox 1981 2699 2153 2756; x_wconf 89' lang='lat' dir='ltr'>verba</span> 
     </span>
    </p>
   </div>
   <div class='ocr_carea' id='block_1_43' title="bbox 548 2787 2153 2862">
    <p class='ocr_par' dir='ltr' id='par_1_43' title="bbox 548 2787 2153 2862">
     <span class='ocr_line' id='line_1_43' title="bbox 548 2787 2153 2862; baseline -0.001 -16"><span class='ocrx_word' id='word_1_371' title='bbox 548 2789 806 2862; x_wconf 87' lang='lat' dir='ltr'>Cypriani</span> <span class='ocrx_word' id='word_1_372' title='bbox 835 2796 979 2845; x_wconf 91' lang='lat' dir='ltr'>sunt.</span> <span class='ocrx_word' id='word_1_373' title='bbox 1011 2791 1096 2845; x_wconf 92' lang='lat' dir='ltr'>An</span> <span class='ocrx_word' id='word_1_374' title='bbox 1116 2789 1254 2846; x_wconf 90' lang='lat' dir='ltr'>forte</span> <span class='ocrx_word' id='word_1_375' title='bbox 1285 2790 1484 2847; x_wconf 88' lang='lat' dir='ltr'>invidia</span> <span class='ocrx_word' id='word_1_376' title='bbox 1513 2798 1565 2848; x_wconf 90' lang='lat' dir='ltr'>et</span> <span class='ocrx_word' id='word_1_377' title='bbox 1583 2789 1853 2846; x_wconf 88' lang='lat' dir='ltr'>malevola</span> <span class='ocrx_word' id='word_1_378' title='bbox 1882 2787 2153 2845; x_wconf 90' lang='lat' dir='ltr'>dissensio</span> 
     </span>
    </p>
   </div>
   <div class='ocr_carea' id='block_1_44' title="bbox 541 2877 2153 2953">
    <p class='ocr_par' dir='ltr' id='par_1_44' title="bbox 541 2877 2153 2953">
     <span class='ocr_line' id='line_1_44' title="bbox 541 2877 2153 2953; baseline -0.001 -19"><span class='ocrx_word' id='word_1_379' title='bbox 541 2895 776 2952; x_wconf 90' lang='lat' dir='ltr'>parvum</span> <span class='ocrx_word' id='word_1_380' title='bbox 794 2878 998 2934; x_wconf 90' lang='lat' dir='ltr'>malum</span> <span class='ocrx_word' id='word_1_381' title='bbox 1015 2881 1144 2936; x_wconf 83' lang='lat' dir='ltr'>est?</span> <span class='ocrx_word' id='word_1_382' title='bbox 1165 2877 1451 2948; x_wconf 85' lang='lat' dir='ltr'>Quomodo</span> <span class='ocrx_word' id='word_1_383' title='bbox 1491 2895 1627 2953; x_wconf 88' lang='lat' dir='ltr'>ergo</span> <span class='ocrx_word' id='word_1_384' title='bbox 1656 2879 1743 2935; x_wconf 92' lang='lat' dir='ltr'>isti</span> <span class='ocrx_word' id='word_1_385' title='bbox 1775 2887 1927 2936; x_wconf 90' lang='lat' dir='ltr'>erant</span> <span class='ocrx_word' id='word_1_386' title='bbox 1955 2878 2011 2933; x_wconf 92' lang='lat' dir='ltr'>in</span> <span class='ocrx_word' id='word_1_387' title='bbox 2027 2877 2153 2933; x_wconf 93' lang='lat' dir='ltr'>uni-</span> 
     </span>
    </p>
   </div>
   <div class='ocr_carea' id='block_1_45' title="bbox 549 2969 2156 3042">
    <p class='ocr_par' dir='ltr' id='par_1_45' title="bbox 549 2969 2156 3042">
     <span class='ocr_line' id='line_1_45' title="bbox 549 2969 2156 3042; baseline -0.001 -19"><span class='ocrx_word' id='word_1_388' title='bbox 549 2975 680 3036; x_wconf 88' lang='lat' dir='ltr'>tate,</span> <span class='ocrx_word' id='word_1_389' title='bbox 717 2969 809 3042; x_wconf 90' lang='lat' dir='ltr'>qui</span> <span class='ocrx_word' id='word_1_390' title='bbox 838 2985 949 3025; x_wconf 90' lang='lat' dir='ltr'>non</span> <span class='ocrx_word' id='word_1_391' title='bbox 979 2976 1134 3025; x_wconf 88' lang='lat' dir='ltr'>erant</span> <span class='ocrx_word' id='word_1_392' title='bbox 1152 2969 1206 3024; x_wconf 91' lang='lat' dir='ltr'>in</span> <span class='ocrx_word' id='word_1_393' title='bbox 1233 2985 1370 3042; x_wconf 87' lang='lat' dir='ltr'>pace</span> <span class='ocrx_word' id='word_1_394' title='bbox 1393 2970 1420 3024; x_wconf 71' lang='grc' dir='ltr'>εν</span> <span class='ocrx_word' id='word_1_395' title='bbox 1438 2969 1555 3025; x_wconf 88' lang='lat' dir='ltr'>Vox</span> <span class='ocrx_word' id='word_1_396' title='bbox 1585 2969 1731 3024; x_wconf 90' lang='lat' dir='ltr'>enim</span> <span class='ocrx_word' id='word_1_397' title='bbox 1761 2983 1872 3025; x_wconf 89' lang='lat' dir='ltr'>non</span> <span class='ocrx_word' id='word_1_398' title='bbox 1899 2983 2042 3034; x_wconf 89' lang='lat' dir='ltr'>mea,</span> <span class='ocrx_word' id='word_1_399' title='bbox 2067 2974 2156 3022; x_wconf 86' lang='lat' dir='ltr'>aut</span> 
     </span>
    </p>
   </div>
   <div class='ocr_carea' id='block_1_46' title="bbox 547 3056 2156 3131">
    <p class='ocr_par' dir='ltr' id='par_1_46' title="bbox 547 3056 2156 3131">
     <span class='ocr_line' id='line_1_46' title="bbox 547 3056 2156 3131; baseline -0.002 -16"><span class='ocrx_word' id='word_1_400' title='bbox 547 3059 774 3129; x_wconf 86' lang='lat' dir='ltr'>alicujus</span> <span class='ocrx_word' id='word_1_401' title='bbox 801 3058 1058 3129; x_wconf 89' lang='lat' dir='ltr'>hominis,</span> <span class='ocrx_word' id='word_1_402' title='bbox 1091 3059 1190 3116; x_wconf 92' lang='lat' dir='ltr'>sed</span> <span class='ocrx_word' id='word_1_403' title='bbox 1217 3058 1389 3131; x_wconf 90' lang='lat' dir='ltr'>ipsius</span> <span class='ocrx_word' id='word_1_404' title='bbox 1426 3057 1664 3130; x_wconf 90' lang='lat' dir='ltr'>Domini,</span> <span class='ocrx_word' id='word_1_405' title='bbox 1696 3075 1798 3115; x_wconf 89' lang='lat' dir='ltr'>nec</span> <span class='ocrx_word' id='word_1_406' title='bbox 1839 3075 1940 3130; x_wconf 92' lang='lat' dir='ltr'>per</span> <span class='ocrx_word' id='word_1_407' title='bbox 1973 3056 2156 3114; x_wconf 89' lang='lat' dir='ltr'>homi-</span> 
     </span>
    </p>
   </div>
   <div class='ocr_carea' id='block_1_47' title="bbox 549 3147 2157 3223">
    <p class='ocr_par' dir='ltr' id='par_1_47' title="bbox 549 3147 2157 3223">
     <span class='ocr_line' id='line_1_47' title="bbox 549 3147 2157 3223; baseline -0.002 -18"><span class='ocrx_word' id='word_1_408' title='bbox 549 3165 670 3220; x_wconf 89' lang='lat' dir='ltr'>nes,</span> <span class='ocrx_word' id='word_1_409' title='bbox 703 3147 803 3204; x_wconf 90' lang='lat' dir='ltr'>sed</span> <span class='ocrx_word' id='word_1_410' title='bbox 833 3165 935 3221; x_wconf 91' lang='lat' dir='ltr'>per</span> <span class='ocrx_word' id='word_1_411' title='bbox 966 3149 1192 3223; x_wconf 84' lang='lat' dir='ltr'>angelos</span> <span class='ocrx_word' id='word_1_412' title='bbox 1231 3148 1411 3204; x_wconf 91' lang='lat' dir='ltr'>sonuit</span> <span class='ocrx_word' id='word_1_413' title='bbox 1450 3147 1664 3204; x_wconf 87' lang='lat' dir='ltr'>Christo</span> <span class='ocrx_word' id='word_1_414' title='bbox 1693 3155 1822 3204; x_wconf 88' lang='lat' dir='ltr'>nato</span> <span class='ocrx_word' id='word_1_415' title='bbox 1856 3148 2066 3205; x_wconf 79' lang='lat' dir='ltr'>:Glorta</span> <span class='ocrx_word' id='word_1_416' title='bbox 2094 3147 2157 3202; x_wconf 84' lang='lat' dir='ltr'>in</span> 
     </span>
    </p>
   </div>
   <div class='ocr_carea' id='block_1_48' title="bbox 551 3237 2154 3312">
    <p class='ocr_par' dir='ltr' id='par_1_48' title="bbox 551 3237 2154 3312">
     <span class='ocr_line' id='line_1_48' title="bbox 551 3237 2154 3312; baseline -0.002 -18"><span class='ocrx_word' id='word_1_417' title='bbox 551 3239 796 3296; x_wconf 73' lang='lat' dir='ltr'>excelsis</span> <span class='ocrx_word' id='word_1_418' title='bbox 816 3240 946 3306; x_wconf 84' lang='lat' dir='ltr'>Deo,</span> <span class='ocrx_word' id='word_1_419' title='bbox 971 3239 1106 3295; x_wconf 81' lang='lat' dir='ltr'>etin</span> <span class='ocrx_word' id='word_1_420' title='bbox 1129 3241 1284 3294; x_wconf 82' lang='lat' dir='ltr'>terra</span> <span class='ocrx_word' id='word_1_421' title='bbox 1297 3256 1418 3312; x_wconf 77' lang='lat' dir='ltr'>pax</span> <span class='ocrx_word' id='word_1_422' title='bbox 1439 3238 1760 3295; x_wconf 78' lang='lat' dir='ltr'>hominibus</span> <span class='ocrx_word' id='word_1_423' title='bbox 1781 3239 1934 3295; x_wconf 71' lang='lat' dir='ltr'>bona:</span> <span class='ocrx_word' id='word_1_424' title='bbox 1951 3237 2154 3294; x_wconf 83' lang='lat' dir='ltr'>volun-</span> 
     </span>
    </p>
   </div>
   <div class='ocr_carea' id='block_1_49' title="bbox 2245 2519 3853 2594">
    <p class='ocr_par' dir='ltr' id='par_1_49' title="bbox 2245 2519 3853 2594">
     <span class='ocr_line' id='line_1_49' title="bbox 2245 2519 3853 2594; baseline 0 -18"><span class='ocrx_word' id='word_1_425' title='bbox 2245 2519 2586 2594; x_wconf 76' lang='lat' dir='ltr'>publicamts</span> <span class='ocrx_word' id='word_1_426' title='bbox 2615 2519 2844 2593; x_wconf 82' lang='lat' dir='ltr'>(Matth.</span> <span class='ocrx_word' id='word_1_427' title='bbox 2878 2521 3063 2593; x_wconf 83' lang='lat' dir='ltr'>xvm).</span> <span class='ocrx_word' id='word_1_428' title='bbox 3098 2521 3406 2578; x_wconf 90' lang='lat' dir='ltr'>Secundum</span> <span class='ocrx_word' id='word_1_429' title='bbox 3435 2529 3614 2578; x_wconf 87' lang='lat' dir='ltr'>autem</span> <span class='ocrx_word' id='word_1_430' title='bbox 3642 2521 3853 2594; x_wconf 85' lang='lat' dir='ltr'>capitu-</span> 
     </span>
    </p>
   </div>
   <div class='ocr_carea' id='block_1_50' title="bbox 2251 2608 3854 2685">
    <p class='ocr_par' dir='ltr' id='par_1_50' title="bbox 2251 2608 3854 2685">
     <span class='ocr_line' id='line_1_50' title="bbox 2251 2608 3854 2685; baseline 0.002 -21"><span class='ocrx_word' id='word_1_431' title='bbox 2251 2608 2385 2677; x_wconf 89' lang='lat' dir='ltr'>lum,</span> <span class='ocrx_word' id='word_1_432' title='bbox 2417 2617 2607 2665; x_wconf 90' lang='lat' dir='ltr'>contra</span> <span class='ocrx_word' id='word_1_433' title='bbox 2647 2610 2903 2680; x_wconf 85' lang='lat' dir='ltr'>injustam</span> <span class='ocrx_word' id='word_1_434' title='bbox 2945 2610 3332 2685; x_wconf 88' lang='lat' dir='ltr'>obligationem</span> <span class='ocrx_word' id='word_1_435' title='bbox 3369 2611 3711 2668; x_wconf 81' lang='lat' dir='ltr'>innoxiorum</span> <span class='ocrx_word' id='word_1_436' title='bbox 3739 2629 3771 2667; x_wconf 89' lang='lat' dir='ltr'>a</span> <span class='ocrx_word' id='word_1_437' title='bbox 3801 2619 3854 2668; x_wconf 92' lang='lat' dir='ltr'>te</span> 
     </span>
    </p>
   </div>
   <div class='ocr_carea' id='block_1_51' title="bbox 2251 2700 3856 2774">
    <p class='ocr_par' dir='ltr' id='par_1_51' title="bbox 2251 2700 3856 2774">
     <span class='ocr_line' id='line_1_51' title="bbox 2251 2700 3856 2774; baseline 0.002 -20"><span class='ocrx_word' id='word_1_438' title='bbox 2251 2706 2540 2772; x_wconf 90' lang='lat' dir='ltr'>patratam,</span> <span class='ocrx_word' id='word_1_439' title='bbox 2575 2700 2729 2772; x_wconf 92' lang='lat' dir='ltr'>quasi</span> <span class='ocrx_word' id='word_1_440' title='bbox 2757 2700 3062 2772; x_wconf 87' lang='lat' dir='ltr'>specialiter</span> <span class='ocrx_word' id='word_1_441' title='bbox 3089 2701 3157 2758; x_wconf 91' lang='lat' dir='ltr'>de</span> <span class='ocrx_word' id='word_1_442' title='bbox 3185 2703 3290 2759; x_wconf 89' lang='lat' dir='ltr'>hoc</span> <span class='ocrx_word' id='word_1_443' title='bbox 3316 2700 3456 2759; x_wconf 86' lang='lat' dir='ltr'>facto</span> <span class='ocrx_word' id='word_1_444' title='bbox 3486 2701 3777 2774; x_wconf 88' lang='lat' dir='ltr'>loquentis,</span> <span class='ocrx_word' id='word_1_445' title='bbox 3801 2708 3856 2758; x_wconf 87' lang='lat' dir='ltr'>et</span> 
     </span>
    </p>
   </div>
   <div class='ocr_carea' id='block_1_52' title="bbox 2255 2789 3856 2864">
    <p class='ocr_par' dir='ltr' id='par_1_52' title="bbox 2255 2789 3856 2864">
     <span class='ocr_line' id='line_1_52' title="bbox 2255 2789 3856 2864; baseline 0.002 -20"><span class='ocrx_word' id='word_1_446' title='bbox 2255 2797 2307 2844; x_wconf 93' lang='lat' dir='ltr'>te</span> <span class='ocrx_word' id='word_1_447' title='bbox 2335 2805 2440 2844; x_wconf 91' lang='lat' dir='ltr'>una</span> <span class='ocrx_word' id='word_1_448' title='bbox 2482 2805 2604 2846; x_wconf 92' lang='lat' dir='ltr'>cum</span> <span class='ocrx_word' id='word_1_449' title='bbox 2648 2789 2728 2845; x_wconf 92' lang='lat' dir='ltr'>eis</span> <span class='ocrx_word' id='word_1_450' title='bbox 2759 2807 2896 2864; x_wconf 90' lang='lat' dir='ltr'>quos</span> <span class='ocrx_word' id='word_1_451' title='bbox 2943 2791 3322 2864; x_wconf 89' lang='lat' dir='ltr'>alloquebatur</span> <span class='ocrx_word' id='word_1_452' title='bbox 3367 2791 3749 2864; x_wconf 88' lang='lat' dir='ltr'>computantis,</span> <span class='ocrx_word' id='word_1_453' title='bbox 3787 2808 3856 2848; x_wconf 87' lang='lat' dir='ltr'>ex</span> 
     </span>
    </p>
   </div>
   <div class='ocr_carea' id='block_1_53' title="bbox 2256 2879 3856 2954">
    <p class='ocr_par' dir='ltr' id='par_1_53' title="bbox 2256 2879 3856 2954">
     <span class='ocr_line' id='line_1_53' title="bbox 2256 2879 3856 2954; baseline 0.001 -20"><span class='ocrx_word' id='word_1_454' title='bbox 2256 2879 2436 2934; x_wconf 90' lang='lat' dir='ltr'>verbis</span> <span class='ocrx_word' id='word_1_455' title='bbox 2464 2879 2710 2948; x_wconf 88' lang='lat' dir='ltr'>ejusdem</span> <span class='ocrx_word' id='word_1_456' title='bbox 2753 2879 2991 2937; x_wconf 90' lang='lat' dir='ltr'>doctoris</span> <span class='ocrx_word' id='word_1_457' title='bbox 3018 2879 3296 2953; x_wconf 89' lang='lat' dir='ltr'>magniﬁci</span> <span class='ocrx_word' id='word_1_458' title='bbox 3326 2881 3424 2936; x_wconf 92' lang='lat' dir='ltr'>tibi</span> <span class='ocrx_word' id='word_1_459' title='bbox 3464 2896 3730 2954; x_wconf 90' lang='lat' dir='ltr'>propono,</span> <span class='ocrx_word' id='word_1_460' title='bbox 3765 2881 3856 2937; x_wconf 87' lang='lat' dir='ltr'>di-</span> 
     </span>
    </p>
   </div>
   <div class='ocr_carea' id='block_1_54' title="bbox 2258 2967 3860 3044">
    <p class='ocr_par' dir='ltr' id='par_1_54' title="bbox 2258 2967 3860 3044">
     <span class='ocr_line' id='line_1_54' title="bbox 2258 2967 3860 3044; baseline 0 -18"><span class='ocrx_word' id='word_1_461' title='bbox 2258 2967 2430 3026; x_wconf 90' lang='lat' dir='ltr'>centis</span> <span class='ocrx_word' id='word_1_462' title='bbox 2479 2969 2568 3038; x_wconf 91' lang='lat' dir='ltr'>(D.</span> <span class='ocrx_word' id='word_1_463' title='bbox 2621 2971 2763 3041; x_wconf 87' lang='lat' dir='ltr'>Aug.</span> <span class='ocrx_word' id='word_1_464' title='bbox 2795 2970 2838 3024; x_wconf 92' lang='lat' dir='ltr'>I.</span> <span class='ocrx_word' id='word_1_465' title='bbox 2873 2985 2912 3026; x_wconf 83' lang='grc' dir='ltr'>ιι</span> <span class='ocrx_word' id='word_1_466' title='bbox 2949 2970 3014 3026; x_wconf 83' lang='lat' dir='ltr'>de</span> <span class='ocrx_word' id='word_1_467' title='bbox 3044 2973 3228 3044; x_wconf 88' lang='lat' dir='ltr'>Bapt.,</span> <span class='ocrx_word' id='word_1_468' title='bbox 3261 2987 3311 3028; x_wconf 94' lang='lat' dir='ltr'>c.</span> <span class='ocrx_word' id='word_1_469' title='bbox 3347 2970 3401 3044; x_wconf 89' lang='lat'>6)</span> <span class='ocrx_word' id='word_1_470' title='bbox 3433 2987 3446 3025; x_wconf 89' lang='lat'>:</span> <span class='ocrx_word' id='word_1_471' title='bbox 3481 2992 3504 3022; x_wconf 82' lang='grc' dir='ltr'>ι</span> <span class='ocrx_word' id='word_1_472' title='bbox 3538 2970 3596 3026; x_wconf 91' lang='lat' dir='ltr'>Si</span> <span class='ocrx_word' id='word_1_473' title='bbox 3624 2978 3752 3027; x_wconf 92' lang='lat' dir='ltr'>tunc</span> <span class='ocrx_word' id='word_1_474' title='bbox 3802 2971 3860 3028; x_wconf 90' lang='lat' dir='ltr'>in</span> 
     </span>
    </p>
   </div>
   <div class='ocr_carea' id='block_1_55' title="bbox 2257 3057 3862 3132">
    <p class='ocr_par' dir='ltr' id='par_1_55' title="bbox 2257 3057 3862 3132">
     <span class='ocr_line' id='line_1_55' title="bbox 2257 3057 3862 3132; baseline 0.002 -20"><span class='ocrx_word' id='word_1_475' title='bbox 2257 3057 2380 3114; x_wconf 92' lang='lat' dir='ltr'>illos</span> <span class='ocrx_word' id='word_1_476' title='bbox 2409 3074 2546 3130; x_wconf 90' lang='lat' dir='ltr'>quos</span> <span class='ocrx_word' id='word_1_477' title='bbox 2577 3059 2892 3132; x_wconf 87' lang='lat' dir='ltr'>arguebatis</span> <span class='ocrx_word' id='word_1_478' title='bbox 2919 3077 3046 3117; x_wconf 91' lang='lat' dir='ltr'>vera</span> <span class='ocrx_word' id='word_1_479' title='bbox 3065 3059 3340 3129; x_wconf 90' lang='lat' dir='ltr'>diceretis,</span> <span class='ocrx_word' id='word_1_480' title='bbox 3373 3077 3592 3117; x_wconf 85' lang='lat' dir='ltr'>causam</span> <span class='ocrx_word' id='word_1_481' title='bbox 3621 3069 3862 3117; x_wconf 87' lang='lat' dir='ltr'>vestram</span> 
     </span>
    </p>
   </div>
   <div class='ocr_carea' id='block_1_56' title="bbox 2259 3147 3865 3222">
    <p class='ocr_par' dir='ltr' id='par_1_56' title="bbox 2259 3147 3865 3222">
     <span class='ocr_line' id='line_1_56' title="bbox 2259 3147 3865 3222; baseline 0.003 -20"><span class='ocrx_word' id='word_1_482' title='bbox 2259 3147 2450 3202; x_wconf 88' lang='lat' dir='ltr'>unitati</span> <span class='ocrx_word' id='word_1_483' title='bbox 2479 3148 2628 3204; x_wconf 90' lang='lat' dir='ltr'>orbis</span> <span class='ocrx_word' id='word_1_484' title='bbox 2658 3156 2924 3206; x_wconf 89' lang='lat' dir='ltr'>terrarum</span> <span class='ocrx_word' id='word_1_485' title='bbox 2951 3150 3385 3222; x_wconf 88' lang='lat' dir='ltr'>persuasissetis,</span> <span class='ocrx_word' id='word_1_486' title='bbox 3409 3160 3466 3206; x_wconf 92' lang='lat' dir='ltr'>ut</span> <span class='ocrx_word' id='word_1_487' title='bbox 3495 3151 3648 3208; x_wconf 89' lang='lat' dir='ltr'>vobis</span> <span class='ocrx_word' id='word_1_488' title='bbox 3680 3160 3865 3207; x_wconf 89' lang='lat' dir='ltr'>reten-</span> 
     </span>
    </p>
   </div>
   <div class='ocr_carea' id='block_1_57' title="bbox 2261 3237 3864 3310">
    <p class='ocr_par' dir='ltr' id='par_1_57' title="bbox 2261 3237 3864 3310">
     <span class='ocr_line' id='line_1_57' title="bbox 2261 3237 3864 3310; baseline 0.002 -17"><span class='ocrx_word' id='word_1_489' title='bbox 2261 3237 2330 3293; x_wconf 93' lang='lat' dir='ltr'>tis</span> <span class='ocrx_word' id='word_1_490' title='bbox 2361 3237 2438 3294; x_wconf 93' lang='lat' dir='ltr'>illi</span> <span class='ocrx_word' id='word_1_491' title='bbox 2467 3238 2909 3296; x_wconf 89' lang='lat' dir='ltr'>excluderentur.</span> <span class='ocrx_word' id='word_1_492' title='bbox 2943 3239 3100 3310; x_wconf 88' lang='lat' dir='ltr'>Quod</span> <span class='ocrx_word' id='word_1_493' title='bbox 3130 3241 3176 3296; x_wconf 91' lang='lat' dir='ltr'>si</span> <span class='ocrx_word' id='word_1_494' title='bbox 3196 3240 3371 3297; x_wconf 89' lang='lat' dir='ltr'>conati</span> <span class='ocrx_word' id='word_1_495' title='bbox 3409 3241 3540 3298; x_wconf 89' lang='lat' dir='ltr'>estis</span> <span class='ocrx_word' id='word_1_496' title='bbox 3569 3241 3774 3309; x_wconf 87' lang='lat' dir='ltr'>facere,</span> <span class='ocrx_word' id='word_1_497' title='bbox 3809 3249 3864 3298; x_wconf 93' lang='lat' dir='ltr'>et</span> 
     </span>
    </p>
   </div>
   <div class='ocr_carea' id='block_1_58' title="bbox 553 3299 3860 3404">
    <p class='ocr_par' dir='ltr' id='par_1_58' title="bbox 553 3299 3860 3404">
     <span class='ocr_line' id='line_1_58' title="bbox 553 3299 3860 3404; baseline 0.001 -20"><span class='ocrx_word' id='word_1_498' title='bbox 553 3329 693 3384; x_wconf 79' lang='lat' dir='ltr'>tatis</span> <span class='ocrx_word' id='word_1_499' title='bbox 737 3328 892 3398; x_wconf 82' lang='lat' dir='ltr'>(Luc.</span> <span class='ocrx_word' id='word_1_500' title='bbox 926 3299 1011 3397; x_wconf 77' lang='lat' dir='ltr'>ii).</span> <span class='ocrx_word' id='word_1_501' title='bbox 1063 3319 1221 3398; x_wconf 84' lang='lat' dir='ltr'>Quod</span> <span class='ocrx_word' id='word_1_502' title='bbox 1264 3299 1448 3400; x_wconf 72' lang='lat' dir='ltr'>utique</span> <span class='ocrx_word' id='word_1_503' title='bbox 1479 3335 1606 3384; x_wconf 90' lang='lat' dir='ltr'>nato</span> <span class='ocrx_word' id='word_1_504' title='bbox 1626 3327 1682 3382; x_wconf 90' lang='lat' dir='ltr'>in</span> <span class='ocrx_word' id='word_1_505' title='bbox 1711 3327 1874 3383; x_wconf 90' lang='lat' dir='ltr'>terris</span> <span class='ocrx_word' id='word_1_506' title='bbox 1932 3325 2150 3382; x_wconf 91' lang='lat' dir='ltr'>Christo</span> <span class='ocrx_word' id='word_1_507' title='bbox 2183 3299 2230 3362; x_wconf 68' lang='grc' dir='ltr'>Ο</span> <span class='ocrx_word' id='word_1_508' title='bbox 2253 3343 2360 3384; x_wconf 93' lang='lat' dir='ltr'>non</span> <span class='ocrx_word' id='word_1_509' title='bbox 2391 3328 2720 3397; x_wconf 91' lang='lat' dir='ltr'>obtinuistis,</span> <span class='ocrx_word' id='word_1_510' title='bbox 2751 3299 3013 3386; x_wconf 63' lang='lat' dir='ltr'>innocens</span> <span class='ocrx_word' id='word_1_511' title='bbox 3068 3329 3212 3386; x_wconf 90' lang='lat' dir='ltr'>orbis</span> <span class='ocrx_word' id='word_1_512' title='bbox 3241 3339 3511 3386; x_wconf 89' lang='lat' dir='ltr'>terrarum</span> <span class='ocrx_word' id='word_1_513' title='bbox 3539 3331 3632 3404; x_wconf 93' lang='lat' dir='ltr'>qui</span> <span class='ocrx_word' id='word_1_514' title='bbox 3653 3299 3860 3401; x_wconf 87' lang='lat' dir='ltr'>judici-</span> 
     </span>
    </p>
   </div>
   <div class='ocr_carea' id='block_1_59' title="bbox 549 3415 2151 3492">
    <p class='ocr_par' dir='ltr' id='par_1_59' title="bbox 549 3415 2151 3492">
     <span class='ocr_line' id='line_1_59' title="bbox 549 3415 2151 3492; baseline -0.003 -18"><span class='ocrx_word' id='word_1_515' title='bbox 549 3433 662 3474; x_wconf 91' lang='lat' dir='ltr'>non</span> <span class='ocrx_word' id='word_1_516' title='bbox 693 3425 907 3474; x_wconf 90' lang='lat' dir='ltr'>sonaret</span> <span class='ocrx_word' id='word_1_517' title='bbox 938 3432 1036 3474; x_wconf 90' lang='lat' dir='ltr'>ore</span> <span class='ocrx_word' id='word_1_518' title='bbox 1064 3417 1334 3492; x_wconf 89' lang='lat' dir='ltr'>angelico,</span> <span class='ocrx_word' id='word_1_519' title='bbox 1359 3417 1465 3473; x_wconf 90' lang='lat' dir='ltr'>nisi</span> <span class='ocrx_word' id='word_1_520' title='bbox 1494 3418 1642 3473; x_wconf 92' lang='lat' dir='ltr'>Deus</span> <span class='ocrx_word' id='word_1_521' title='bbox 1671 3417 1776 3473; x_wconf 87' lang='lat' dir='ltr'>hoc</span> <span class='ocrx_word' id='word_1_522' title='bbox 1797 3416 1960 3474; x_wconf 89' lang='lat' dir='ltr'>vellet</span> <span class='ocrx_word' id='word_1_523' title='bbox 1989 3415 2151 3470; x_wconf 89' lang='lat' dir='ltr'>intel-</span> 
     </span>
    </p>
   </div>
   <div class='ocr_carea' id='block_1_60' title="bbox 548 3505 2154 3582">
    <p class='ocr_par' dir='ltr' id='par_1_60' title="bbox 548 3505 2154 3582">
     <span class='ocr_line' id='line_1_60' title="bbox 548 3505 2154 3582; baseline -0.004 -18"><span class='ocrx_word' id='word_1_524' title='bbox 548 3507 668 3582; x_wconf 90' lang='lat' dir='ltr'>ligi,</span> <span class='ocrx_word' id='word_1_525' title='bbox 703 3523 798 3564; x_wconf 92' lang='lat' dir='ltr'>eos</span> <span class='ocrx_word' id='word_1_526' title='bbox 845 3523 969 3564; x_wconf 87' lang='lat' dir='ltr'>esse</span> <span class='ocrx_word' id='word_1_527' title='bbox 1001 3507 1055 3562; x_wconf 90' lang='lat' dir='ltr'>in</span> <span class='ocrx_word' id='word_1_528' title='bbox 1087 3508 1291 3564; x_wconf 88' lang='lat' dir='ltr'>unitate</span> <span class='ocrx_word' id='word_1_529' title='bbox 1337 3506 1584 3580; x_wconf 89' lang='lat' dir='ltr'>corporis</span> <span class='ocrx_word' id='word_1_530' title='bbox 1633 3506 1848 3576; x_wconf 90' lang='lat' dir='ltr'>Christi,</span> <span class='ocrx_word' id='word_1_531' title='bbox 1901 3505 1994 3578; x_wconf 89' lang='lat' dir='ltr'>qui</span> <span class='ocrx_word' id='word_1_532' title='bbox 2030 3511 2154 3560; x_wconf 90' lang='lat' dir='ltr'>sunt</span> 
     </span>
    </p>
   </div>
   <div class='ocr_carea' id='block_1_61' title="bbox 545 3593 2150 3670">
    <p class='ocr_par' dir='ltr' id='par_1_61' title="bbox 545 3593 2150 3670">
     <span class='ocr_line' id='line_1_61' title="bbox 545 3593 2150 3670; baseline -0.002 -17"><span class='ocrx_word' id='word_1_533' title='bbox 545 3596 602 3654; x_wconf 92' lang='lat' dir='ltr'>in</span> <span class='ocrx_word' id='word_1_534' title='bbox 645 3613 780 3670; x_wconf 89' lang='lat' dir='ltr'>pace</span> <span class='ocrx_word' id='word_1_535' title='bbox 831 3597 1049 3666; x_wconf 88' lang='lat' dir='ltr'>Christi,</span> <span class='ocrx_word' id='word_1_536' title='bbox 1101 3613 1197 3655; x_wconf 91' lang='lat' dir='ltr'>eos</span> <span class='ocrx_word' id='word_1_537' title='bbox 1253 3606 1433 3654; x_wconf 90' lang='lat' dir='ltr'>autem</span> <span class='ocrx_word' id='word_1_538' title='bbox 1483 3613 1608 3654; x_wconf 91' lang='lat' dir='ltr'>esse</span> <span class='ocrx_word' id='word_1_539' title='bbox 1653 3595 1710 3652; x_wconf 91' lang='lat' dir='ltr'>in</span> <span class='ocrx_word' id='word_1_540' title='bbox 1751 3611 1888 3668; x_wconf 88' lang='lat' dir='ltr'>pace</span> <span class='ocrx_word' id='word_1_541' title='bbox 1932 3593 2150 3661; x_wconf 89' lang='lat' dir='ltr'>Christi,</span> 
     </span>
    </p>
   </div>
   <div class='ocr_carea' id='block_1_62' title="bbox 545 3683 2153 3760">
    <p class='ocr_par' dir='ltr' id='par_1_62' title="bbox 545 3683 2153 3760">
     <span class='ocr_line' id='line_1_62' title="bbox 545 3683 2153 3760; baseline -0.002 -18"><span class='ocrx_word' id='word_1_542' title='bbox 545 3686 640 3760; x_wconf 91' lang='lat' dir='ltr'>qui</span> <span class='ocrx_word' id='word_1_543' title='bbox 689 3694 813 3742; x_wconf 88' lang='lat' dir='ltr'>sunt</span> <span class='ocrx_word' id='word_1_544' title='bbox 858 3687 1019 3743; x_wconf 68' lang='lat' dir='ltr'>bonae</span> <span class='ocrx_word' id='word_1_545' title='bbox 1083 3687 1396 3745; x_wconf 88' lang='lat' dir='ltr'>voluntatis.</span> <span class='ocrx_word' id='word_1_546' title='bbox 1458 3687 1632 3743; x_wconf 83' lang='lat' dir='ltr'>Porro</span> <span class='ocrx_word' id='word_1_547' title='bbox 1692 3685 1830 3741; x_wconf 89' lang='lat' dir='ltr'>sicut</span> <span class='ocrx_word' id='word_1_548' title='bbox 1876 3684 1933 3740; x_wconf 90' lang='lat' dir='ltr'>in</span> <span class='ocrx_word' id='word_1_549' title='bbox 1980 3683 2153 3739; x_wconf 90' lang='lat' dir='ltr'>bene-</span> 
     </span>
    </p>
   </div>
   <div class='ocr_carea' id='block_1_63' title="bbox 550 3771 2156 3847">
    <p class='ocr_par' dir='ltr' id='par_1_63' title="bbox 550 3771 2156 3847">
     <span class='ocr_line' id='line_1_63' title="bbox 550 3771 2156 3847; baseline -0.004 -15"><span class='ocrx_word' id='word_1_550' title='bbox 550 3774 790 3832; x_wconf 88' lang='lat' dir='ltr'>volentia</span> <span class='ocrx_word' id='word_1_551' title='bbox 836 3775 983 3831; x_wconf 91' lang='lat' dir='ltr'>bona</span> <span class='ocrx_word' id='word_1_552' title='bbox 1030 3775 1302 3847; x_wconf 89' lang='lat' dir='ltr'>voluntas,</span> <span class='ocrx_word' id='word_1_553' title='bbox 1353 3775 1434 3832; x_wconf 90' lang='lat' dir='ltr'>sic</span> <span class='ocrx_word' id='word_1_554' title='bbox 1475 3776 1534 3832; x_wconf 91' lang='lat' dir='ltr'>in</span> <span class='ocrx_word' id='word_1_555' title='bbox 1573 3774 1954 3831; x_wconf 89' lang='lat' dir='ltr'>malevolentia</span> <span class='ocrx_word' id='word_1_556' title='bbox 2011 3771 2156 3827; x_wconf 90' lang='lat' dir='ltr'>mala</span> 
     </span>
    </p>
   </div>
   <div class='ocr_carea' id='block_1_64' title="bbox 550 3864 2156 3938">
    <p class='ocr_par' dir='ltr' id='par_1_64' title="bbox 550 3864 2156 3938">
     <span class='ocr_line' id='line_1_64' title="bbox 550 3864 2156 3938; baseline -0.004 -16"><span class='ocrx_word' id='word_1_557' title='bbox 550 3864 802 3922; x_wconf 88' lang='lat' dir='ltr'>voluntas</span> <span class='ocrx_word' id='word_1_558' title='bbox 856 3873 960 3920; x_wconf 92' lang='lat' dir='ltr'>est.</span> <span class='ocrx_word' id='word_1_559' title='bbox 1020 3866 1143 3920; x_wconf 86' lang='lat' dir='ltr'>Jam</span> <span class='ocrx_word' id='word_1_560' title='bbox 1198 3881 1331 3923; x_wconf 87' lang='lat' dir='ltr'>vero</span> <span class='ocrx_word' id='word_1_561' title='bbox 1400 3865 1521 3938; x_wconf 90' lang='lat' dir='ltr'>ipsa</span> <span class='ocrx_word' id='word_1_562' title='bbox 1588 3864 1812 3932; x_wconf 90' lang='lat' dir='ltr'>invidia,</span> <span class='ocrx_word' id='word_1_563' title='bbox 1873 3880 1993 3936; x_wconf 70' lang='lat' dir='ltr'>quae</span> <span class='ocrx_word' id='word_1_564' title='bbox 2047 3877 2156 3918; x_wconf 91' lang='lat' dir='ltr'>non</span> 
     </span>
    </p>
   </div>
   <div class='ocr_carea' id='block_1_65' title="bbox 552 3952 2158 4028">
    <p class='ocr_par' dir='ltr' id='par_1_65' title="bbox 552 3952 2158 4028">
     <span class='ocr_line' id='line_1_65' title="bbox 552 3952 2158 4028; baseline -0.002 -17"><span class='ocrx_word' id='word_1_565' title='bbox 552 3961 734 4028; x_wconf 88' lang='lat' dir='ltr'>potest</span> <span class='ocrx_word' id='word_1_566' title='bbox 783 3971 906 4012; x_wconf 89' lang='lat' dir='ltr'>esse</span> <span class='ocrx_word' id='word_1_567' title='bbox 957 3953 1063 4010; x_wconf 89' lang='lat' dir='ltr'>nisi</span> <span class='ocrx_word' id='word_1_568' title='bbox 1119 3955 1406 4023; x_wconf 88' lang='lat' dir='ltr'>malevola,</span> <span class='ocrx_word' id='word_1_569' title='bbox 1461 3961 1720 4028; x_wconf 86' lang='lat' dir='ltr'>quantum</span> <span class='ocrx_word' id='word_1_570' title='bbox 1774 3952 1974 4009; x_wconf 91' lang='lat' dir='ltr'>malum</span> <span class='ocrx_word' id='word_1_571' title='bbox 2029 3952 2158 4008; x_wconf 86' lang='lat' dir='ltr'>est?</span> 
     </span>
    </p>
   </div>
   <div class='ocr_carea' id='block_1_66' title="bbox 553 4041 2159 4118">
    <p class='ocr_par' dir='ltr' id='par_1_66' title="bbox 553 4041 2159 4118">
     <span class='ocr_line' id='line_1_66' title="bbox 553 4041 2159 4118; baseline -0.003 -16"><span class='ocrx_word' id='word_1_572' title='bbox 553 4045 678 4102; x_wconf 91' lang='lat' dir='ltr'>Non</span> <span class='ocrx_word' id='word_1_573' title='bbox 744 4059 1052 4118; x_wconf 81' lang='lat' dir='ltr'>quaeramus</span> <span class='ocrx_word' id='word_1_574' title='bbox 1115 4044 1250 4100; x_wconf 89' lang='lat' dir='ltr'>alios</span> <span class='ocrx_word' id='word_1_575' title='bbox 1311 4053 1498 4113; x_wconf 83' lang='lat' dir='ltr'>testes,</span> <span class='ocrx_word' id='word_1_576' title='bbox 1556 4043 1750 4100; x_wconf 82' lang='lat' dir='ltr'>suﬂicit</span> <span class='ocrx_word' id='word_1_577' title='bbox 1817 4043 1976 4100; x_wconf 92' lang='lat' dir='ltr'>nobis</span> <span class='ocrx_word' id='word_1_578' title='bbox 2039 4041 2159 4114; x_wconf 89' lang='lat' dir='ltr'>ipse</span> 
     </span>
    </p>
   </div>
   <div class='ocr_carea' id='block_1_67' title="bbox 557 4131 2158 4208">
    <p class='ocr_par' dir='ltr' id='par_1_67' title="bbox 557 4131 2158 4208">
     <span class='ocr_line' id='line_1_67' title="bbox 557 4131 2158 4208; baseline -0.002 -17"><span class='ocrx_word' id='word_1_579' title='bbox 557 4133 882 4207; x_wconf 88' lang='lat' dir='ltr'>Cyprianus,</span> <span class='ocrx_word' id='word_1_580' title='bbox 916 4150 1016 4206; x_wconf 89' lang='lat' dir='ltr'>per</span> <span class='ocrx_word' id='word_1_581' title='bbox 1059 4151 1224 4208; x_wconf 90' lang='lat' dir='ltr'>quem</span> <span class='ocrx_word' id='word_1_582' title='bbox 1271 4142 1376 4190; x_wconf 90' lang='lat' dir='ltr'>tam</span> <span class='ocrx_word' id='word_1_583' title='bbox 1420 4134 1590 4192; x_wconf 89' lang='lat' dir='ltr'>multa</span> <span class='ocrx_word' id='word_1_584' title='bbox 1615 4135 1685 4191; x_wconf 90' lang='lat' dir='ltr'>de</span> <span class='ocrx_word' id='word_1_585' title='bbox 1732 4133 1848 4191; x_wconf 91' lang='lat' dir='ltr'>zelo</span> <span class='ocrx_word' id='word_1_586' title='bbox 1891 4141 1944 4190; x_wconf 90' lang='lat' dir='ltr'>et</span> <span class='ocrx_word' id='word_1_587' title='bbox 1989 4131 2158 4188; x_wconf 87' lang='lat' dir='ltr'>livore</span> 
     </span>
    </p>
   </div>
   <div class='ocr_carea' id='block_1_68' title="bbox 553 4221 2160 4297">
    <p class='ocr_par' dir='ltr' id='par_1_68' title="bbox 553 4221 2160 4297">
     <span class='ocr_line' id='line_1_68' title="bbox 553 4221 2160 4297; baseline -0.002 -15"><span class='ocrx_word' id='word_1_588' title='bbox 553 4223 821 4282; x_wconf 90' lang='lat' dir='ltr'>Dominus</span> <span class='ocrx_word' id='word_1_589' title='bbox 858 4224 1211 4282; x_wconf 88' lang='lat' dir='ltr'>veracissima</span> <span class='ocrx_word' id='word_1_590' title='bbox 1235 4225 1484 4296; x_wconf 87' lang='lat' dir='ltr'>intonuit,</span> <span class='ocrx_word' id='word_1_591' title='bbox 1520 4233 1575 4281; x_wconf 91' lang='lat' dir='ltr'>et</span> <span class='ocrx_word' id='word_1_592' title='bbox 1602 4225 1842 4282; x_wconf 86' lang='lat' dir='ltr'>salubria</span> <span class='ocrx_word' id='word_1_593' title='bbox 1897 4221 2160 4297; x_wconf 64' lang='lat' dir='ltr'>praecepit</span> 
     </span>
    </p>
   </div>
   <div class='ocr_carea' id='block_1_69' title="bbox 559 4314 2154 4389">
    <p class='ocr_par' dir='ltr' id='par_1_69' title="bbox 559 4314 2154 4389">
     <span class='ocr_line' id='line_1_69' title="bbox 559 4314 2154 4389; baseline 0.001 -19"><span class='ocrx_word' id='word_1_594' title='bbox 559 4315 832 4389; x_wconf 87' lang='lat' dir='ltr'>Legamus</span> <span class='ocrx_word' id='word_1_595' title='bbox 857 4331 994 4388; x_wconf 87' lang='lat' dir='ltr'>ergo</span> <span class='ocrx_word' id='word_1_596' title='bbox 1022 4314 1321 4388; x_wconf 90' lang='lat' dir='ltr'>Epistolam</span> <span class='ocrx_word' id='word_1_597' title='bbox 1351 4315 1607 4388; x_wconf 89' lang='lat' dir='ltr'>Cypriani</span> <span class='ocrx_word' id='word_1_598' title='bbox 1635 4315 1704 4371; x_wconf 93' lang='lat' dir='ltr'>de</span> <span class='ocrx_word' id='word_1_599' title='bbox 1734 4315 1850 4372; x_wconf 91' lang='lat' dir='ltr'>zelo</span> <span class='ocrx_word' id='word_1_600' title='bbox 1881 4323 1934 4372; x_wconf 88' lang='lat' dir='ltr'>et</span> <span class='ocrx_word' id='word_1_601' title='bbox 1961 4315 2154 4384; x_wconf 90' lang='lat' dir='ltr'>livore,</span> 
     </span>
    </p>
   </div>
   <div class='ocr_carea' id='block_1_70' title="bbox 556 4404 2154 4476">
    <p class='ocr_par' dir='ltr' id='par_1_70' title="bbox 556 4404 2154 4476">
     <span class='ocr_line' id='line_1_70' title="bbox 556 4404 2154 4476; baseline -0.001 -14"><span class='ocrx_word' id='word_1_602' title='bbox 556 4413 609 4462; x_wconf 90' lang='lat' dir='ltr'>et</span> <span class='ocrx_word' id='word_1_603' title='bbox 639 4405 922 4462; x_wconf 88' lang='lat' dir='ltr'>videamus</span> <span class='ocrx_word' id='word_1_604' title='bbox 943 4412 1201 4476; x_wconf 90' lang='lat' dir='ltr'>quantum</span> <span class='ocrx_word' id='word_1_605' title='bbox 1229 4404 1430 4462; x_wconf 89' lang='lat' dir='ltr'>malum</span> <span class='ocrx_word' id='word_1_606' title='bbox 1453 4405 1522 4460; x_wconf 92' lang='lat' dir='ltr'>sit</span> <span class='ocrx_word' id='word_1_607' title='bbox 1547 4405 1786 4462; x_wconf 88' lang='lat' dir='ltr'>invidere</span> <span class='ocrx_word' id='word_1_608' title='bbox 1816 4405 2154 4472; x_wconf 91' lang='lat' dir='ltr'>melioribus,</span> 
     </span>
    </p>
   </div>
   <div class='ocr_carea' id='block_1_71' title="bbox 559 4493 2156 4568">
    <p class='ocr_par' dir='ltr' id='par_1_71' title="bbox 559 4493 2156 4568">
     <span class='ocr_line' id='line_1_71' title="bbox 559 4493 2156 4568; baseline -0.001 -15"><span class='ocrx_word' id='word_1_609' title='bbox 559 4495 716 4566; x_wconf 91' lang='lat' dir='ltr'>cujus</span> <span class='ocrx_word' id='word_1_610' title='bbox 744 4493 873 4550; x_wconf 91' lang='lat' dir='ltr'>mali</span> <span class='ocrx_word' id='word_1_611' title='bbox 914 4494 1188 4567; x_wconf 87' lang='lat' dir='ltr'>originem</span> <span class='ocrx_word' id='word_1_612' title='bbox 1217 4495 1284 4550; x_wconf 91' lang='lat' dir='ltr'>ab</span> <span class='ocrx_word' id='word_1_613' title='bbox 1308 4494 1429 4568; x_wconf 92' lang='lat' dir='ltr'>ipso</span> <span class='ocrx_word' id='word_1_614' title='bbox 1460 4495 1678 4552; x_wconf 89' lang='lat' dir='ltr'>diabolo</span> <span class='ocrx_word' id='word_1_615' title='bbox 1721 4495 1993 4552; x_wconf 87' lang='lat' dir='ltr'>exstitisse</span> <span class='ocrx_word' id='word_1_616' title='bbox 2035 4511 2156 4552; x_wconf 90' lang='lat' dir='ltr'>me-</span> 
     </span>
    </p>
   </div>
   <div class='ocr_carea' id='block_1_72' title="bbox 557 4583 2157 4658">
    <p class='ocr_par' dir='ltr' id='par_1_72' title="bbox 557 4583 2157 4658">
     <span class='ocr_line' id='line_1_72' title="bbox 557 4583 2157 4658; baseline 0 -18"><span class='ocrx_word' id='word_1_617' title='bbox 557 4583 894 4642; x_wconf 87' lang='lat' dir='ltr'>morabiliter</span> <span class='ocrx_word' id='word_1_618' title='bbox 939 4583 1116 4640; x_wconf 93' lang='lat' dir='ltr'>docet.</span> <span class='ocrx_word' id='word_1_619' title='bbox 1173 4606 1195 4636; x_wconf 74' lang='grc' dir='ltr'><strong><em>α</em></strong></span> <span class='ocrx_word' id='word_1_620' title='bbox 1237 4584 1448 4652; x_wconf 91' lang='lat' dir='ltr'>Zelare,</span> <span class='ocrx_word' id='word_1_621' title='bbox 1502 4583 1694 4658; x_wconf 86' lang='lat' dir='ltr'>inquit,</span> <span class='ocrx_word' id='word_1_622' title='bbox 1756 4585 1902 4656; x_wconf 90' lang='lat' dir='ltr'>quod</span> <span class='ocrx_word' id='word_1_623' title='bbox 1957 4585 2157 4641; x_wconf 89' lang='lat' dir='ltr'>bonum</span> 
     </span>
    </p>
   </div>
   <div class='ocr_carea' id='block_1_73' title="bbox 2252 3417 3863 3495">
    <p class='ocr_par' dir='ltr' id='par_1_73' title="bbox 2252 3417 3863 3495">
     <span class='ocr_line' id='line_1_73' title="bbox 2252 3417 3863 3495; baseline 0.004 -24"><span class='ocrx_word' id='word_1_624' title='bbox 2252 3417 2355 3472; x_wconf 89' lang='lat' dir='ltr'>bus</span> <span class='ocrx_word' id='word_1_625' title='bbox 2385 3418 2768 3475; x_wconf 85' lang='lat' dir='ltr'>ecclesiasticis</span> <span class='ocrx_word' id='word_1_626' title='bbox 2796 3419 2974 3491; x_wconf 90' lang='lat' dir='ltr'>potius</span> <span class='ocrx_word' id='word_1_627' title='bbox 2996 3436 3157 3493; x_wconf 92' lang='lat' dir='ltr'>quam</span> <span class='ocrx_word' id='word_1_628' title='bbox 3179 3419 3335 3478; x_wconf 88' lang='lat' dir='ltr'>victis</span> <span class='ocrx_word' id='word_1_629' title='bbox 3349 3420 3713 3495; x_wconf 88' lang='lat' dir='ltr'>litigatoribus</span> <span class='ocrx_word' id='word_1_630' title='bbox 3739 3438 3863 3478; x_wconf 87' lang='lat' dir='ltr'>cre-</span> 
     </span>
    </p>
   </div>
   <div class='ocr_carea' id='block_1_74' title="bbox 2255 3506 3859 3584">
    <p class='ocr_par' dir='ltr' id='par_1_74' title="bbox 2255 3506 3859 3584">
     <span class='ocr_line' id='line_1_74' title="bbox 2255 3506 3859 3584; baseline 0.002 -22"><span class='ocrx_word' id='word_1_631' title='bbox 2255 3506 2409 3562; x_wconf 90' lang='lat' dir='ltr'>didit.</span> <span class='ocrx_word' id='word_1_632' title='bbox 2444 3507 2502 3564; x_wconf 91' lang='lat' dir='ltr'>Si</span> <span class='ocrx_word' id='word_1_633' title='bbox 2531 3517 2712 3564; x_wconf 91' lang='lat' dir='ltr'>autem</span> <span class='ocrx_word' id='word_1_634' title='bbox 2741 3509 2992 3565; x_wconf 89' lang='lat' dir='ltr'>noluistis</span> <span class='ocrx_word' id='word_1_635' title='bbox 3031 3525 3200 3584; x_wconf 90' lang='lat' dir='ltr'>agere</span> <span class='ocrx_word' id='word_1_636' title='bbox 3230 3525 3450 3568; x_wconf 88' lang='lat' dir='ltr'>causam</span> <span class='ocrx_word' id='word_1_637' title='bbox 3479 3518 3740 3580; x_wconf 89' lang='lat' dir='ltr'>vestram,</span> <span class='ocrx_word' id='word_1_638' title='bbox 3768 3511 3859 3566; x_wconf 79' lang='lat' dir='ltr'>in-</span> 
     </span>
    </p>
   </div>
   <div class='ocr_carea' id='block_1_75' title="bbox 2255 3598 3860 3674">
    <p class='ocr_par' dir='ltr' id='par_1_75' title="bbox 2255 3598 3860 3674">
     <span class='ocr_line' id='line_1_75' title="bbox 2255 3598 3860 3674; baseline 0.004 -23"><span class='ocrx_word' id='word_1_639' title='bbox 2255 3611 2461 3652; x_wconf 88' lang='lat' dir='ltr'>nocens</span> <span class='ocrx_word' id='word_1_640' title='bbox 2507 3604 2590 3654; x_wconf 85' lang='lat' dir='ltr'>est</span> <span class='ocrx_word' id='word_1_641' title='bbox 2619 3598 2768 3654; x_wconf 88' lang='lat' dir='ltr'>orbis</span> <span class='ocrx_word' id='word_1_642' title='bbox 2815 3607 3084 3656; x_wconf 87' lang='lat' dir='ltr'>terrarum</span> <span class='ocrx_word' id='word_1_643' title='bbox 3115 3601 3206 3674; x_wconf 91' lang='lat' dir='ltr'>qui</span> <span class='ocrx_word' id='word_1_644' title='bbox 3243 3601 3504 3657; x_wconf 88' lang='lat' dir='ltr'>damnare</span> <span class='ocrx_word' id='word_1_645' title='bbox 3538 3617 3648 3657; x_wconf 89' lang='lat' dir='ltr'>non</span> <span class='ocrx_word' id='word_1_646' title='bbox 3685 3601 3860 3674; x_wconf 87' lang='lat' dir='ltr'>potuit</span> 
     </span>
    </p>
   </div>
   <div class='ocr_carea' id='block_1_76' title="bbox 2255 3685 3858 3764">
    <p class='ocr_par' dir='ltr' id='par_1_76' title="bbox 2255 3685 3858 3764">
     <span class='ocr_line' id='line_1_76' title="bbox 2255 3685 3858 3764; baseline 0.004 -25"><span class='ocrx_word' id='word_1_647' title='bbox 2255 3685 2544 3742; x_wconf 89' lang='lat' dir='ltr'>inauditos.</span> <span class='ocrx_word' id='word_1_648' title='bbox 2579 3686 2762 3756; x_wconf 90' lang='lat' dir='ltr'>Quare</span> <span class='ocrx_word' id='word_1_649' title='bbox 2807 3705 2944 3764; x_wconf 91' lang='lat' dir='ltr'>ergo</span> <span class='ocrx_word' id='word_1_650' title='bbox 2970 3705 3071 3746; x_wconf 88' lang='lat' dir='ltr'>vos</span> <span class='ocrx_word' id='word_1_651' title='bbox 3099 3690 3166 3745; x_wconf 90' lang='lat' dir='ltr'>ab</span> <span class='ocrx_word' id='word_1_652' title='bbox 3205 3690 3584 3747; x_wconf 88' lang='lat' dir='ltr'>innocentibus</span> <span class='ocrx_word' id='word_1_653' title='bbox 3623 3706 3858 3763; x_wconf 82' lang='lat' dir='ltr'>separa-</span> 
     </span>
    </p>
   </div>
   <div class='ocr_carea' id='block_1_77' title="bbox 2257 3774 3862 3850">
    <p class='ocr_par' dir='ltr' id='par_1_77' title="bbox 2257 3774 3862 3850">
     <span class='ocr_line' id='line_1_77' title="bbox 2257 3774 3862 3850; baseline 0.004 -20"><span class='ocrx_word' id='word_1_654' title='bbox 2257 3774 2397 3830; x_wconf 80' lang='lat' dir='ltr'>stis?</span> <span class='ocrx_word' id='word_1_655' title='bbox 2441 3775 2798 3850; x_wconf 88' lang='lat' dir='ltr'>Sacrilegium</span> <span class='ocrx_word' id='word_1_656' title='bbox 2845 3779 3156 3836; x_wconf 89' lang='lat' dir='ltr'>schismatis</span> <span class='ocrx_word' id='word_1_657' title='bbox 3201 3781 3368 3836; x_wconf 85' lang='lat' dir='ltr'>vestri</span> <span class='ocrx_word' id='word_1_658' title='bbox 3411 3780 3705 3837; x_wconf 89' lang='lat' dir='ltr'>defendere</span> <span class='ocrx_word' id='word_1_659' title='bbox 3749 3797 3862 3838; x_wconf 90' lang='lat' dir='ltr'>non</span> 
     </span>
    </p>
   </div>
   <div class='ocr_carea' id='block_1_78' title="bbox 2255 3863 3862 3944">
    <p class='ocr_par' dir='ltr' id='par_1_78' title="bbox 2255 3863 3862 3944">
     <span class='ocr_line' id='line_1_78' title="bbox 2255 3863 3862 3944; baseline 0.004 -24"><span class='ocrx_word' id='word_1_660' title='bbox 2255 3863 2468 3921; x_wconf 90' lang='lat' dir='ltr'>valetis.</span> <span class='ocrx_word' id='word_1_661' title='bbox 2499 3887 2520 3916; x_wconf 80' lang='lat'>»</span> <span class='ocrx_word' id='word_1_662' title='bbox 2566 3867 2845 3938; x_wconf 89' lang='lat' dir='ltr'>Spiritales</span> <span class='ocrx_word' id='word_1_663' title='bbox 2892 3877 3093 3938; x_wconf 89' lang='lat' dir='ltr'>autem,</span> <span class='ocrx_word' id='word_1_664' title='bbox 3135 3869 3250 3928; x_wconf 89' lang='lat' dir='ltr'>sive</span> <span class='ocrx_word' id='word_1_665' title='bbox 3289 3870 3359 3926; x_wconf 91' lang='lat' dir='ltr'>ad</span> <span class='ocrx_word' id='word_1_666' title='bbox 3399 3871 3506 3928; x_wconf 92' lang='lat' dir='ltr'>hoc</span> <span class='ocrx_word' id='word_1_667' title='bbox 3546 3871 3725 3944; x_wconf 90' lang='lat' dir='ltr'>ipsum</span> <span class='ocrx_word' id='word_1_668' title='bbox 3768 3871 3862 3942; x_wconf 93' lang='lat' dir='ltr'>pio</span> 
     </span>
    </p>
   </div>
   <div class='ocr_carea' id='block_1_79' title="bbox 2255 3954 3860 4034">
    <p class='ocr_par' dir='ltr' id='par_1_79' title="bbox 2255 3954 3860 4034">
     <span class='ocr_line' id='line_1_79' title="bbox 2255 3954 3860 4034; baseline 0.006 -26"><span class='ocrx_word' id='word_1_669' title='bbox 2255 3954 2434 4010; x_wconf 90' lang='lat' dir='ltr'>studio</span> <span class='ocrx_word' id='word_1_670' title='bbox 2461 3955 2828 4028; x_wconf 88' lang='lat' dir='ltr'>proﬁcientes,</span> <span class='ocrx_word' id='word_1_671' title='bbox 2863 3976 2973 4015; x_wconf 91' lang='lat' dir='ltr'>non</span> <span class='ocrx_word' id='word_1_672' title='bbox 3003 3968 3131 4016; x_wconf 91' lang='lat' dir='ltr'>eunt</span> <span class='ocrx_word' id='word_1_673' title='bbox 3159 3959 3326 4030; x_wconf 89' lang='lat' dir='ltr'>foras,</span> <span class='ocrx_word' id='word_1_674' title='bbox 3357 3961 3486 4034; x_wconf 90' lang='lat' dir='ltr'>quia</span> <span class='ocrx_word' id='word_1_675' title='bbox 3516 3969 3568 4017; x_wconf 91' lang='lat' dir='ltr'>et</span> <span class='ocrx_word' id='word_1_676' title='bbox 3597 3977 3720 4017; x_wconf 92' lang='lat' dir='ltr'>cum</span> <span class='ocrx_word' id='word_1_677' title='bbox 3753 3960 3860 4017; x_wconf 86' lang='lat' dir='ltr'>ali-</span> 
     </span>
    </p>
   </div>
   <div class='ocr_carea' id='block_1_80' title="bbox 2261 4045 3864 4117">
    <p class='ocr_par' dir='ltr' id='par_1_80' title="bbox 2261 4045 3864 4117">
     <span class='ocr_line' id='line_1_80' title="bbox 2261 4045 3864 4117; baseline 0.006 -18"><span class='ocrx_word' id='word_1_678' title='bbox 2261 4059 2369 4116; x_wconf 88' lang='lat' dir='ltr'>qua</span> <span class='ocrx_word' id='word_1_679' title='bbox 2396 4045 2481 4101; x_wconf 91' lang='lat' dir='ltr'>vel</span> <span class='ocrx_word' id='word_1_680' title='bbox 2505 4047 2864 4117; x_wconf 89' lang='lat' dir='ltr'>perversitate</span> <span class='ocrx_word' id='word_1_681' title='bbox 2893 4049 2980 4107; x_wconf 91' lang='lat' dir='ltr'>vel</span> <span class='ocrx_word' id='word_1_682' title='bbox 3006 4049 3336 4108; x_wconf 90' lang='lat' dir='ltr'>necessitate</span> <span class='ocrx_word' id='word_1_683' title='bbox 3363 4051 3647 4107; x_wconf 89' lang='lat' dir='ltr'>hominum</span> <span class='ocrx_word' id='word_1_684' title='bbox 3669 4050 3864 4108; x_wconf 88' lang='lat' dir='ltr'>viden-</span> 
     </span>
    </p>
   </div>
   <div class='ocr_carea' id='block_1_81' title="bbox 2257 4131 3861 4215">
    <p class='ocr_par' dir='ltr' id='par_1_81' title="bbox 2257 4131 3861 4215">
     <span class='ocr_line' id='line_1_81' title="bbox 2257 4131 3861 4215; baseline 0.006 -26"><span class='ocrx_word' id='word_1_685' title='bbox 2257 4141 2342 4190; x_wconf 92' lang='lat' dir='ltr'>tur</span> <span class='ocrx_word' id='word_1_686' title='bbox 2368 4136 2584 4208; x_wconf 89' lang='lat' dir='ltr'>expelli,</span> <span class='ocrx_word' id='word_1_687' title='bbox 2616 4137 2692 4192; x_wconf 91' lang='lat' dir='ltr'>ibi</span> <span class='ocrx_word' id='word_1_688' title='bbox 2719 4139 2899 4213; x_wconf 90' lang='lat' dir='ltr'>magis</span> <span class='ocrx_word' id='word_1_689' title='bbox 2955 4141 3189 4212; x_wconf 89' lang='lat' dir='ltr'>probant</span> <span class='ocrx_word' id='word_1_690' title='bbox 3214 4131 3398 4214; x_wconf 79' lang='lat' dir='ltr'>quam</span> <span class='ocrx_word' id='word_1_691' title='bbox 3442 4141 3588 4198; x_wconf 87' lang='lat' dir='ltr'>intus</span> <span class='ocrx_word' id='word_1_692' title='bbox 3631 4157 3861 4215; x_wconf 87' lang='lat' dir='ltr'>perma-</span> 
     </span>
    </p>
   </div>
   <div class='ocr_carea' id='block_1_82' title="bbox 2259 4227 3858 4306">
    <p class='ocr_par' dir='ltr' id='par_1_82' title="bbox 2259 4227 3858 4306">
     <span class='ocr_line' id='line_1_82' title="bbox 2259 4227 3858 4306; baseline 0.005 -28"><span class='ocrx_word' id='word_1_693' title='bbox 2259 4232 2441 4294; x_wconf 89' lang='lat' dir='ltr'>neant,</span> <span class='ocrx_word' id='word_1_694' title='bbox 2468 4241 2591 4282; x_wconf 93' lang='lat' dir='ltr'>cum</span> <span class='ocrx_word' id='word_1_695' title='bbox 2608 4227 2872 4285; x_wconf 91' lang='lat' dir='ltr'>adversus</span> <span class='ocrx_word' id='word_1_696' title='bbox 2890 4229 3198 4287; x_wconf 90' lang='lat' dir='ltr'>Ecclesiam</span> <span class='ocrx_word' id='word_1_697' title='bbox 3218 4231 3524 4288; x_wconf 89' lang='lat' dir='ltr'>nullatenus</span> <span class='ocrx_word' id='word_1_698' title='bbox 3553 4231 3858 4306; x_wconf 85' lang='lat' dir='ltr'>eriguntur,</span> 
     </span>
    </p>
   </div>
   <div class='ocr_carea' id='block_1_83' title="bbox 2257 4314 3856 4392">
    <p class='ocr_par' dir='ltr' id='par_1_83' title="bbox 2257 4314 3856 4392">
     <span class='ocr_line' id='line_1_83' title="bbox 2257 4314 3856 4392; baseline 0.006 -23"><span class='ocrx_word' id='word_1_699' title='bbox 2257 4314 2355 4370; x_wconf 91' lang='lat' dir='ltr'>sed</span> <span class='ocrx_word' id='word_1_700' title='bbox 2384 4315 2440 4370; x_wconf 91' lang='lat' dir='ltr'>in</span> <span class='ocrx_word' id='word_1_701' title='bbox 2469 4316 2644 4373; x_wconf 87' lang='lat' dir='ltr'>solida</span> <span class='ocrx_word' id='word_1_702' title='bbox 2673 4317 2888 4374; x_wconf 75' lang='lat' dir='ltr'>unitatis</span> <span class='ocrx_word' id='word_1_703' title='bbox 2917 4328 3071 4392; x_wconf 92' lang='lat' dir='ltr'>petra</span> <span class='ocrx_word' id='word_1_704' title='bbox 3101 4319 3395 4378; x_wconf 89' lang='lat' dir='ltr'>fortissimo</span> <span class='ocrx_word' id='word_1_705' title='bbox 3449 4321 3731 4378; x_wconf 88' lang='lat' dir='ltr'>charitatis</span> <span class='ocrx_word' id='word_1_706' title='bbox 3762 4338 3856 4378; x_wconf 85' lang='lat' dir='ltr'>ro-</span> 
     </span>
    </p>
   </div>
   <div class='ocr_carea' id='block_1_84' title="bbox 2256 4403 3861 4485">
    <p class='ocr_par' dir='ltr' id='par_1_84' title="bbox 2256 4403 3861 4485">
     <span class='ocr_line' id='line_1_84' title="bbox 2256 4403 3861 4485; baseline 0.004 -25"><span class='ocrx_word' id='word_1_707' title='bbox 2256 4403 2390 4461; x_wconf 90' lang='lat' dir='ltr'>bore</span> <span class='ocrx_word' id='word_1_708' title='bbox 2419 4405 2750 4464; x_wconf 90' lang='lat' dir='ltr'>radicantur.</span> <span class='ocrx_word' id='word_1_709' title='bbox 2784 4409 2868 4465; x_wconf 87' lang='lat' dir='ltr'>Ad</span> <span class='ocrx_word' id='word_1_710' title='bbox 2898 4410 3002 4466; x_wconf 92' lang='lat' dir='ltr'>hoc</span> <span class='ocrx_word' id='word_1_711' title='bbox 3047 4409 3193 4467; x_wconf 90' lang='lat' dir='ltr'>enim</span> <span class='ocrx_word' id='word_1_712' title='bbox 3223 4411 3460 4484; x_wconf 88' lang='lat' dir='ltr'>pertinet</span> <span class='ocrx_word' id='word_1_713' title='bbox 3508 4412 3653 4485; x_wconf 90' lang='lat' dir='ltr'>quod</span> <span class='ocrx_word' id='word_1_714' title='bbox 3681 4411 3735 4468; x_wconf 91' lang='lat' dir='ltr'>in</span> <span class='ocrx_word' id='word_1_715' title='bbox 3765 4411 3861 4467; x_wconf 91' lang='lat' dir='ltr'>illo</span> 
     </span>
    </p>
   </div>
   <div class='ocr_carea' id='block_1_85' title="bbox 2255 4495 3862 4560">
    <p class='ocr_par' dir='ltr' id='par_1_85' title="bbox 2255 4495 3862 4560">
     <span class='ocr_line' id='line_1_85' title="bbox 2255 4495 3862 4560; baseline 0.005 -10"><span class='ocrx_word' id='word_1_716' title='bbox 2255 4495 2490 4552; x_wconf 73' lang='lat' dir='ltr'>Abrahae</span> <span class='ocrx_word' id='word_1_717' title='bbox 2520 4496 2790 4556; x_wconf 90' lang='lat' dir='ltr'>sacriﬁcio</span> <span class='ocrx_word' id='word_1_718' title='bbox 2817 4499 3052 4556; x_wconf 89' lang='lat' dir='ltr'>dicitur:</span> <span class='ocrx_word' id='word_1_719' title='bbox 3088 4502 3226 4558; x_wconf 76' lang='lat' dir='ltr'>Aves</span> <span class='ocrx_word' id='word_1_720' title='bbox 3269 4505 3464 4558; x_wconf 80' lang='lat' dir='ltr'>autem</span> <span class='ocrx_word' id='word_1_721' title='bbox 3505 4519 3620 4560; x_wconf 83' lang='lat' dir='ltr'>non</span> <span class='ocrx_word' id='word_1_722' title='bbox 3665 4501 3862 4560; x_wconf 69' lang='lat' dir='ltr'>divisit</span> 
     </span>
    </p>
   </div>
   <div class='ocr_carea' id='block_1_86' title="bbox 2255 4584 3861 4664">
    <p class='ocr_par' dir='ltr' id='par_1_86' title="bbox 2255 4584 3861 4664">
     <span class='ocr_line' id='line_1_86' title="bbox 2255 4584 3861 4664; baseline 0.004 -22"><span class='ocrx_word' id='word_1_723' title='bbox 2255 4584 2418 4655; x_wconf 78' lang='lat' dir='ltr'>(Gen.</span> <span class='ocrx_word' id='word_1_724' title='bbox 2451 4587 2573 4660; x_wconf 83' lang='lat' dir='ltr'>xv),</span> <span class='ocrx_word' id='word_1_725' title='bbox 2609 4588 2861 4646; x_wconf 90' lang='lat' dir='ltr'>videlicet</span> <span class='ocrx_word' id='word_1_726' title='bbox 2881 4589 3010 4664; x_wconf 91' lang='lat' dir='ltr'>quia</span> <span class='ocrx_word' id='word_1_727' title='bbox 3038 4607 3098 4648; x_wconf 93' lang='lat' dir='ltr'>se</span> <span class='ocrx_word' id='word_1_728' title='bbox 3117 4591 3186 4647; x_wconf 91' lang='lat' dir='ltr'>ab</span> <span class='ocrx_word' id='word_1_729' title='bbox 3213 4591 3419 4649; x_wconf 89' lang='lat' dir='ltr'>unitate</span> <span class='ocrx_word' id='word_1_730' title='bbox 3450 4592 3718 4664; x_wconf 91' lang='lat' dir='ltr'>spiritales</span> <span class='ocrx_word' id='word_1_731' title='bbox 3748 4609 3861 4649; x_wconf 89' lang='lat' dir='ltr'>non</span> 
     </span>
    </p>
   </div>
   <div class='ocr_carea' id='block_1_87' title="bbox 554 4672 3860 4748">
    <p class='ocr_par' dir='ltr' id='par_1_87' title="bbox 554 4672 3860 4748">
     <span class='ocr_line' id='line_1_87' title="bbox 554 4672 3860 4748; baseline 0.002 -17"><span class='ocrx_word' id='word_1_732' title='bbox 554 4675 762 4745; x_wconf 90' lang='lat' dir='ltr'>videas,</span> <span class='ocrx_word' id='word_1_733' title='bbox 799 4680 852 4730; x_wconf 91' lang='lat' dir='ltr'>et</span> <span class='ocrx_word' id='word_1_734' title='bbox 879 4672 1124 4731; x_wconf 88' lang='lat' dir='ltr'>invidere</span> <span class='ocrx_word' id='word_1_735' title='bbox 1171 4674 1508 4742; x_wconf 90' lang='lat' dir='ltr'>melioribus,</span> <span class='ocrx_word' id='word_1_736' title='bbox 1554 4674 1675 4731; x_wconf 90' lang='lat' dir='ltr'>leve</span> <span class='ocrx_word' id='word_1_737' title='bbox 1723 4675 1866 4746; x_wconf 91' lang='lat' dir='ltr'>apud</span> <span class='ocrx_word' id='word_1_738' title='bbox 1895 4675 2158 4746; x_wconf 88' lang='lat' dir='ltr'>quosdam</span> <span class='ocrx_word' id='word_1_739' title='bbox 2181 4679 2234 4740; x_wconf 91' lang='lat' dir='ltr'>D</span> <span class='ocrx_word' id='word_1_740' title='bbox 2253 4675 2578 4746; x_wconf 71' lang='lat' dir='ltr'>praecidunt.</span> <span class='ocrx_word' id='word_1_741' title='bbox 2628 4677 2749 4748; x_wconf 90' lang='lat' dir='ltr'>Quo</span> <span class='ocrx_word' id='word_1_742' title='bbox 2797 4688 2988 4737; x_wconf 84' lang='lat' dir='ltr'>contra</span> <span class='ocrx_word' id='word_1_743' title='bbox 3024 4681 3423 4738; x_wconf 91' lang='lat' dir='ltr'>Antiochenum</span> <span class='ocrx_word' id='word_1_744' title='bbox 3463 4682 3754 4739; x_wconf 90' lang='lat' dir='ltr'>concilium</span> <span class='ocrx_word' id='word_1_745' title='bbox 3789 4682 3860 4738; x_wconf 89' lang='lat' dir='ltr'>de</span> 
     </span>
    </p>
   </div>
   <div class='ocr_carea' id='block_1_88' title="bbox 557 4763 2150 4833">
    <p class='ocr_par' dir='ltr' id='par_1_88' title="bbox 557 4763 2150 4833">
     <span class='ocr_line' id='line_1_88' title="bbox 557 4763 2150 4833; baseline -0.001 -15"><span class='ocrx_word' id='word_1_746' title='bbox 557 4771 610 4818; x_wconf 94' lang='lat' dir='ltr'>et</span> <span class='ocrx_word' id='word_1_747' title='bbox 638 4764 914 4822; x_wconf 90' lang='lat' dir='ltr'>modicum</span> <span class='ocrx_word' id='word_1_748' title='bbox 953 4763 1162 4820; x_wconf 92' lang='lat' dir='ltr'>crimen</span> <span class='ocrx_word' id='word_1_749' title='bbox 1210 4763 1441 4833; x_wconf 92' lang='lat' dir='ltr'>videtur,</span> <span class='ocrx_word' id='word_1_750' title='bbox 1490 4763 1686 4820; x_wconf 88' lang='lat' dir='ltr'>fratres</span> <span class='ocrx_word' id='word_1_751' title='bbox 1733 4763 2088 4820; x_wconf 90' lang='lat' dir='ltr'>dilectissimi.</span> <span class='ocrx_word' id='word_1_752' title='bbox 2128 4786 2150 4816; x_wconf 66' lang='grc' dir='ltr'><strong>ι</strong></span> 
     </span>
    </p>
   </div>
   <div class='ocr_carea' id='block_1_89' title="bbox 560 4851 2158 4928">
    <p class='ocr_par' dir='ltr' id='par_1_89' title="bbox 560 4851 2158 4928">
     <span class='ocr_line' id='line_1_89' title="bbox 560 4851 2158 4928; baseline 0.001 -22"><span class='ocrx_word' id='word_1_753' title='bbox 560 4851 771 4908; x_wconf 92' lang='lat' dir='ltr'>Deinde</span> <span class='ocrx_word' id='word_1_754' title='bbox 797 4854 960 4926; x_wconf 89' lang='lat' dir='ltr'>paulo</span> <span class='ocrx_word' id='word_1_755' title='bbox 990 4861 1134 4926; x_wconf 90' lang='lat' dir='ltr'>post,</span> <span class='ocrx_word' id='word_1_756' title='bbox 1170 4869 1292 4910; x_wconf 92' lang='lat' dir='ltr'>cum</span> <span class='ocrx_word' id='word_1_757' title='bbox 1314 4854 1431 4924; x_wconf 90' lang='lat' dir='ltr'>ejus</span> <span class='ocrx_word' id='word_1_758' title='bbox 1459 4852 1587 4908; x_wconf 89' lang='lat' dir='ltr'>mali</span> <span class='ocrx_word' id='word_1_759' title='bbox 1615 4861 1777 4926; x_wconf 89' lang='lat' dir='ltr'>caput</span> <span class='ocrx_word' id='word_1_760' title='bbox 1805 4861 1964 4926; x_wconf 89' lang='lat' dir='ltr'>atque</span> <span class='ocrx_word' id='word_1_761' title='bbox 1988 4853 2158 4928; x_wconf 87' lang='lat' dir='ltr'>origi-</span> 
     </span>
    </p>
   </div>
   <div class='ocr_carea' id='block_1_90' title="bbox 558 4941 2158 5015">
    <p class='ocr_par' dir='ltr' id='par_1_90' title="bbox 558 4941 2158 5015">
     <span class='ocr_line' id='line_1_90' title="bbox 558 4941 2158 5015; baseline 0.003 -19"><span class='ocrx_word' id='word_1_762' title='bbox 558 4956 688 4996; x_wconf 91' lang='lat' dir='ltr'>nem</span> <span class='ocrx_word' id='word_1_763' title='bbox 717 4952 986 5015; x_wconf 80' lang='lat' dir='ltr'>quaereret</span> <span class='ocrx_word' id='word_1_764' title='bbox 1019 4961 1032 4999; x_wconf 90' lang='lat'><strong>:</strong></span> <span class='ocrx_word' id='word_1_765' title='bbox 1073 4967 1093 4994; x_wconf 78' lang='grc' dir='ltr'>α</span> <span class='ocrx_word' id='word_1_766' title='bbox 1129 4943 1268 5001; x_wconf 86' lang='lat' dir='ltr'>Hinc</span> <span class='ocrx_word' id='word_1_767' title='bbox 1296 4943 1567 5011; x_wconf 90' lang='lat' dir='ltr'>diabolus,</span> <span class='ocrx_word' id='word_1_768' title='bbox 1615 4941 1808 5014; x_wconf 90' lang='lat' dir='ltr'>inquit,</span> <span class='ocrx_word' id='word_1_769' title='bbox 1838 4941 1978 5000; x_wconf 89' lang='lat' dir='ltr'>inter</span> <span class='ocrx_word' id='word_1_770' title='bbox 2005 4943 2158 5000; x_wconf 90' lang='lat' dir='ltr'>initia</span> 
     </span>
    </p>
   </div>
   <div class='ocr_carea' id='block_1_91' title="bbox 558 5031 2156 5106">
    <p class='ocr_par' dir='ltr' id='par_1_91' title="bbox 558 5031 2156 5106">
     <span class='ocr_line' id='line_1_91' title="bbox 558 5031 2156 5106; baseline 0.002 -19"><span class='ocrx_word' id='word_1_771' title='bbox 558 5031 742 5087; x_wconf 90' lang='lat' dir='ltr'>statim</span> <span class='ocrx_word' id='word_1_772' title='bbox 771 5033 980 5100; x_wconf 88' lang='lat' dir='ltr'>mundi,</span> <span class='ocrx_word' id='word_1_773' title='bbox 1015 5041 1067 5090; x_wconf 90' lang='lat' dir='ltr'>et</span> <span class='ocrx_word' id='word_1_774' title='bbox 1081 5033 1238 5105; x_wconf 91' lang='lat' dir='ltr'>periit</span> <span class='ocrx_word' id='word_1_775' title='bbox 1257 5033 1469 5106; x_wconf 91' lang='lat' dir='ltr'>primus</span> <span class='ocrx_word' id='word_1_776' title='bbox 1489 5039 1542 5088; x_wconf 88' lang='lat' dir='ltr'>et</span> <span class='ocrx_word' id='word_1_777' title='bbox 1570 5032 1828 5104; x_wconf 91' lang='lat' dir='ltr'>perdidit.</span> <span class='ocrx_word' id='word_1_778' title='bbox 1854 5054 1875 5083; x_wconf 60' lang='grc' dir='ltr'><strong>θ</strong></span> <span class='ocrx_word' id='word_1_779' title='bbox 1902 5035 1968 5088; x_wconf 85' lang='grc' dir='ltr'>Ει</span> <span class='ocrx_word' id='word_1_780' title='bbox 1995 5034 2156 5106; x_wconf 89' lang='lat' dir='ltr'>paulo</span> 
     </span>
    </p>
   </div>
   <div class='ocr_carea' id='block_1_92' title="bbox 557 5120 2157 5197">
    <p class='ocr_par' dir='ltr' id='par_1_92' title="bbox 557 5120 2157 5197">
     <span class='ocr_line' id='line_1_92' title="bbox 557 5120 2157 5197; baseline 0.001 -19"><span class='ocrx_word' id='word_1_781' title='bbox 557 5129 713 5193; x_wconf 89' lang='lat' dir='ltr'>post:</span> <span class='ocrx_word' id='word_1_782' title='bbox 744 5143 766 5172; x_wconf 75' lang='grc' dir='ltr'><strong><em>α</em></strong></span> <span class='ocrx_word' id='word_1_783' title='bbox 793 5120 966 5191; x_wconf 90' lang='lat' dir='ltr'>Quale</span> <span class='ocrx_word' id='word_1_784' title='bbox 993 5123 1196 5178; x_wconf 91' lang='lat' dir='ltr'>malum</span> <span class='ocrx_word' id='word_1_785' title='bbox 1225 5132 1324 5191; x_wconf 89' lang='lat' dir='ltr'>est,</span> <span class='ocrx_word' id='word_1_786' title='bbox 1377 5121 1566 5194; x_wconf 91' lang='lat' dir='ltr'>inquit,</span> <span class='ocrx_word' id='word_1_787' title='bbox 1599 5121 1811 5192; x_wconf 86' lang='lat' dir='ltr'>fratres,</span> <span class='ocrx_word' id='word_1_788' title='bbox 1847 5139 1954 5196; x_wconf 91' lang='lat' dir='ltr'>quo</span> <span class='ocrx_word' id='word_1_789' title='bbox 1981 5141 2157 5197; x_wconf 89' lang='lat' dir='ltr'>ange-</span> 
     </span>
    </p>
   </div>
   <div class='ocr_carea' id='block_1_93' title="bbox 551 5211 2159 5285">
    <p class='ocr_par' dir='ltr' id='par_1_93' title="bbox 551 5211 2159 5285">
     <span class='ocr_line' id='line_1_93' title="bbox 551 5211 2159 5285; baseline 0.001 -19"><span class='ocrx_word' id='word_1_790' title='bbox 551 5211 638 5267; x_wconf 93' lang='lat' dir='ltr'>lus</span> <span class='ocrx_word' id='word_1_791' title='bbox 662 5211 876 5280; x_wconf 91' lang='lat' dir='ltr'>cecidit,</span> <span class='ocrx_word' id='word_1_792' title='bbox 910 5228 1016 5285; x_wconf 92' lang='lat' dir='ltr'>quo</span> <span class='ocrx_word' id='word_1_793' title='bbox 1045 5211 1427 5269; x_wconf 89' lang='lat' dir='ltr'>circumveniri</span> <span class='ocrx_word' id='word_1_794' title='bbox 1455 5219 1508 5267; x_wconf 89' lang='lat' dir='ltr'>et</span> <span class='ocrx_word' id='word_1_795' title='bbox 1535 5212 1797 5282; x_wconf 89' lang='lat' dir='ltr'>subverti,</span> <span class='ocrx_word' id='word_1_796' title='bbox 1849 5213 1960 5270; x_wconf 87' lang='lat' dir='ltr'>alta</span> <span class='ocrx_word' id='word_1_797' title='bbox 1987 5214 2077 5270; x_wconf 89' lang='lat' dir='ltr'>illa</span> <span class='ocrx_word' id='word_1_798' title='bbox 2107 5221 2159 5269; x_wconf 91' lang='lat' dir='ltr'>et</span> 
     </span>
    </p>
   </div>
   <div class='ocr_carea' id='block_1_94' title="bbox 559 5301 2158 5376">
    <p class='ocr_par' dir='ltr' id='par_1_94' title="bbox 559 5301 2158 5376">
     <span class='ocr_line' id='line_1_94' title="bbox 559 5301 2158 5376; baseline 0.001 -18"><span class='ocrx_word' id='word_1_799' title='bbox 559 5301 827 5374; x_wconf 73' lang='lat' dir='ltr'>praeclara</span> <span class='ocrx_word' id='word_1_800' title='bbox 873 5301 1177 5357; x_wconf 89' lang='lat' dir='ltr'>sublimitas</span> <span class='ocrx_word' id='word_1_801' title='bbox 1225 5302 1416 5374; x_wconf 91' lang='lat' dir='ltr'>potuit,</span> <span class='ocrx_word' id='word_1_802' title='bbox 1469 5318 1576 5374; x_wconf 90' lang='lat' dir='ltr'>quo</span> <span class='ocrx_word' id='word_1_803' title='bbox 1623 5303 1883 5376; x_wconf 90' lang='lat' dir='ltr'>deceptus</span> <span class='ocrx_word' id='word_1_804' title='bbox 1929 5311 2014 5359; x_wconf 91' lang='lat' dir='ltr'>est</span> <span class='ocrx_word' id='word_1_805' title='bbox 2041 5304 2158 5375; x_wconf 90' lang='lat' dir='ltr'>ipse</span> 
     </span>
    </p>
   </div>
   <div class='ocr_carea' id='block_1_95' title="bbox 559 5391 2159 5466">
    <p class='ocr_par' dir='ltr' id='par_1_95' title="bbox 559 5391 2159 5466">
     <span class='ocr_line' id='line_1_95' title="bbox 559 5391 2159 5466; baseline 0 -18"><span class='ocrx_word' id='word_1_806' title='bbox 559 5391 652 5465; x_wconf 91' lang='lat' dir='ltr'>qui</span> <span class='ocrx_word' id='word_1_807' title='bbox 679 5391 941 5464; x_wconf 85' lang='lat' dir='ltr'>decepit?</span> <span class='ocrx_word' id='word_1_808' title='bbox 967 5391 1177 5448; x_wconf 83' lang='lat' dir='ltr'>Exinde</span> <span class='ocrx_word' id='word_1_809' title='bbox 1206 5391 1406 5448; x_wconf 89' lang='lat' dir='ltr'>invidia</span> <span class='ocrx_word' id='word_1_810' title='bbox 1434 5401 1722 5466; x_wconf 85' lang='lat' dir='ltr'>grassatur</span> <span class='ocrx_word' id='word_1_811' title='bbox 1743 5393 1796 5448; x_wconf 90' lang='lat' dir='ltr'>in</span> <span class='ocrx_word' id='word_1_812' title='bbox 1829 5393 2008 5463; x_wconf 89' lang='lat' dir='ltr'>terris,</span> <span class='ocrx_word' id='word_1_813' title='bbox 2033 5394 2159 5449; x_wconf 91' lang='lat' dir='ltr'>dum</span> 
     </span>
    </p>
   </div>
   <div class='ocr_carea' id='block_1_96' title="bbox 555 5481 2160 5556">
    <p class='ocr_par' dir='ltr' id='par_1_96' title="bbox 555 5481 2160 5556">
     <span class='ocr_line' id='line_1_96' title="bbox 555 5481 2160 5556; baseline 0 -18"><span class='ocrx_word' id='word_1_814' title='bbox 555 5481 728 5538; x_wconf 88' lang='lat' dir='ltr'>livore</span> <span class='ocrx_word' id='word_1_815' title='bbox 746 5481 1016 5554; x_wconf 89' lang='lat' dir='ltr'>periturus</span> <span class='ocrx_word' id='word_1_816' title='bbox 1038 5482 1298 5554; x_wconf 87' lang='lat' dir='ltr'>magistro</span> <span class='ocrx_word' id='word_1_817' title='bbox 1313 5482 1636 5554; x_wconf 88' lang='lat' dir='ltr'>perditionis</span> <span class='ocrx_word' id='word_1_818' title='bbox 1658 5483 1997 5556; x_wconf 89' lang='lat' dir='ltr'>obsequitur,</span> <span class='ocrx_word' id='word_1_819' title='bbox 2028 5485 2160 5538; x_wconf 84' lang='lat' dir='ltr'>dum</span> 
     </span>
    </p>
   </div>
   <div class='ocr_carea' id='block_1_97' title="bbox 557 5571 2159 5646">
    <p class='ocr_par' dir='ltr' id='par_1_97' title="bbox 557 5571 2159 5646">
     <span class='ocr_line' id='line_1_97' title="bbox 557 5571 2159 5646; baseline -0.001 -18"><span class='ocrx_word' id='word_1_820' title='bbox 557 5571 838 5629; x_wconf 87' lang='lat' dir='ltr'>diabolum</span> <span class='ocrx_word' id='word_1_821' title='bbox 882 5571 975 5646; x_wconf 92' lang='lat' dir='ltr'>qui</span> <span class='ocrx_word' id='word_1_822' title='bbox 1027 5571 1163 5628; x_wconf 88' lang='lat' dir='ltr'>zelat</span> <span class='ocrx_word' id='word_1_823' title='bbox 1208 5571 1465 5641; x_wconf 90' lang='lat' dir='ltr'>imitatur,</span> <span class='ocrx_word' id='word_1_824' title='bbox 1517 5573 1658 5630; x_wconf 90' lang='lat' dir='ltr'>sicut</span> <span class='ocrx_word' id='word_1_825' title='bbox 1705 5573 1968 5644; x_wconf 91' lang='lat' dir='ltr'>scriptum</span> <span class='ocrx_word' id='word_1_826' title='bbox 2017 5581 2100 5628; x_wconf 93' lang='lat' dir='ltr'>est</span> <span class='ocrx_word' id='word_1_827' title='bbox 2145 5589 2159 5627; x_wconf 90' lang='lat'><strong>:</strong></span> 
     </span>
    </p>
   </div>
   <div class='ocr_carea' id='block_1_98' title="bbox 559 5662 2162 5720">
    <p class='ocr_par' dir='ltr' id='par_1_98' title="bbox 559 5662 2162 5720">
     <span class='ocr_line' id='line_1_98' title="bbox 559 5662 2162 5720; baseline 0.002 -3"><span class='ocrx_word' id='word_1_828' title='bbox 559 5662 781 5720; x_wconf 80' lang='lat' dir='ltr'>Invidia</span> <span class='ocrx_word' id='word_1_829' title='bbox 818 5667 1011 5719; x_wconf 85' lang='lat' dir='ltr'>autem</span> <span class='ocrx_word' id='word_1_830' title='bbox 1034 5662 1238 5718; x_wconf 82' lang='lat' dir='ltr'>diaboli</span> <span class='ocrx_word' id='word_1_831' title='bbox 1253 5679 1399 5719; x_wconf 77' lang='lat' dir='ltr'>mor:</span> <span class='ocrx_word' id='word_1_832' title='bbox 1420 5665 1663 5720; x_wconf 79' lang='lat' dir='ltr'>intravit</span> <span class='ocrx_word' id='word_1_833' title='bbox 1676 5663 1738 5718; x_wconf 83' lang='lat' dir='ltr'>in</span> <span class='ocrx_word' id='word_1_834' title='bbox 1776 5664 1961 5720; x_wconf 87' lang='lat' dir='ltr'>orbem</span> <span class='ocrx_word' id='word_1_835' title='bbox 1975 5667 2162 5720; x_wconf 84' lang='lat' dir='ltr'>terra-</span> 
     </span>
    </p>
   </div>
   <div class='ocr_carea' id='block_1_99' title="bbox 559 5759 2163 5838">
    <p class='ocr_par' dir='ltr' id='par_1_99' title="bbox 559 5759 2163 5838">
     <span class='ocr_line' id='line_1_99' title="bbox 559 5759 2163 5838; baseline -0.001 -18"><span class='ocrx_word' id='word_1_836' title='bbox 559 5777 687 5820; x_wconf 85' lang='lat' dir='ltr'>rum</span> <span class='ocrx_word' id='word_1_837' title='bbox 718 5763 869 5838; x_wconf 88' lang='lat' dir='ltr'>(Sap.</span> <span class='ocrx_word' id='word_1_838' title='bbox 903 5761 986 5836; x_wconf 85' lang='lat' dir='ltr'>tl).</span> <span class='ocrx_word' id='word_1_839' title='bbox 1006 5761 1287 5818; x_wconf 85' lang='lat' dir='ltr'>Imitantur</span> <span class='ocrx_word' id='word_1_840' title='bbox 1313 5778 1447 5836; x_wconf 88' lang='lat' dir='ltr'>ergo</span> <span class='ocrx_word' id='word_1_841' title='bbox 1477 5762 1626 5818; x_wconf 91' lang='lat' dir='ltr'>illum</span> <span class='ocrx_word' id='word_1_842' title='bbox 1657 5759 1749 5835; x_wconf 91' lang='lat' dir='ltr'>qui</span> <span class='ocrx_word' id='word_1_843' title='bbox 1777 5769 1899 5818; x_wconf 93' lang='lat' dir='ltr'>sunt</span> <span class='ocrx_word' id='word_1_844' title='bbox 1927 5778 1992 5818; x_wconf 87' lang='lat' dir='ltr'>ex</span> <span class='ocrx_word' id='word_1_845' title='bbox 2008 5770 2163 5836; x_wconf 87' lang='lat' dir='ltr'>parte</span> 
     </span>
    </p>
   </div>
   <div class='ocr_carea' id='block_1_100' title="bbox 2255 4764 3864 4839">
    <p class='ocr_par' dir='ltr' id='par_1_100' title="bbox 2255 4764 3864 4839">
     <span class='ocr_line' id='line_1_100' title="bbox 2255 4764 3864 4839; baseline 0.005 -21"><span class='ocrx_word' id='word_1_846' title='bbox 2255 4764 2362 4832; x_wconf 91' lang='lat' dir='ltr'>his,</span> <span class='ocrx_word' id='word_1_847' title='bbox 2393 4765 2487 4838; x_wconf 92' lang='lat' dir='ltr'>qui</span> <span class='ocrx_word' id='word_1_848' title='bbox 2515 4782 2575 4821; x_wconf 91' lang='lat' dir='ltr'>se</span> <span class='ocrx_word' id='word_1_849' title='bbox 2605 4783 2638 4822; x_wconf 89' lang='lat' dir='ltr'>a</span> <span class='ocrx_word' id='word_1_850' title='bbox 2667 4769 2968 4826; x_wconf 89' lang='lat' dir='ltr'>ministerio</span> <span class='ocrx_word' id='word_1_851' title='bbox 3008 4771 3380 4829; x_wconf 89' lang='lat' dir='ltr'>ecclesiastico</span> <span class='ocrx_word' id='word_1_852' title='bbox 3412 4771 3754 4839; x_wconf 87' lang='lat' dir='ltr'>subtrahunt,</span> <span class='ocrx_word' id='word_1_853' title='bbox 3807 4779 3864 4828; x_wconf 93' lang='lat' dir='ltr'>et</span> 
     </span>
    </p>
   </div>
   <div class='ocr_carea' id='block_1_101' title="bbox 2258 4857 3862 4933">
    <p class='ocr_par' dir='ltr' id='par_1_101' title="bbox 2258 4857 3862 4933">
     <span class='ocr_line' id='line_1_101' title="bbox 2258 4857 3862 4933; baseline 0.004 -23"><span class='ocrx_word' id='word_1_854' title='bbox 2258 4870 2507 4911; x_wconf 90' lang='lat' dir='ltr'>seorsum</span> <span class='ocrx_word' id='word_1_855' title='bbox 2533 4857 2816 4932; x_wconf 88' lang='lat' dir='ltr'>colligunt,</span> <span class='ocrx_word' id='word_1_856' title='bbox 2865 4877 3031 4933; x_wconf 91' lang='lat' dir='ltr'>seque</span> <span class='ocrx_word' id='word_1_857' title='bbox 3070 4861 3138 4916; x_wconf 92' lang='lat' dir='ltr'>ab</span> <span class='ocrx_word' id='word_1_858' title='bbox 3168 4862 3370 4917; x_wconf 89' lang='lat' dir='ltr'>unitate</span> <span class='ocrx_word' id='word_1_859' title='bbox 3413 4861 3678 4931; x_wconf 91' lang='lat' dir='ltr'>dividunt,</span> <span class='ocrx_word' id='word_1_860' title='bbox 3727 4860 3862 4918; x_wconf 91' lang='lat' dir='ltr'>dicit</span> 
     </span>
    </p>
   </div>
   <div class='ocr_carea' id='block_1_102' title="bbox 2257 4944 3862 5024">
    <p class='ocr_par' dir='ltr' id='par_1_102' title="bbox 2257 4944 3862 5024">
     <span class='ocr_line' id='line_1_102' title="bbox 2257 4944 3862 5024; baseline 0.003 -23"><span class='ocrx_word' id='word_1_861' title='bbox 2257 4944 2436 5016; x_wconf 83' lang='lat' dir='ltr'>(conc.</span> <span class='ocrx_word' id='word_1_862' title='bbox 2468 4946 2750 5015; x_wconf 80' lang='lat' dir='ltr'>Antioch.,</span> <span class='ocrx_word' id='word_1_863' title='bbox 2775 4964 2896 5006; x_wconf 86' lang='lat' dir='ltr'>can.</span> <span class='ocrx_word' id='word_1_864' title='bbox 2923 4953 2978 5021; x_wconf 78' lang='grc'>5)</span> <span class='ocrx_word' id='word_1_865' title='bbox 3005 4966 3019 5008; x_wconf 91' lang='lat'><strong>:</strong></span> <span class='ocrx_word' id='word_1_866' title='bbox 3047 4975 3068 4998; x_wconf 80' lang='grc' dir='ltr'>α</span> <span class='ocrx_word' id='word_1_867' title='bbox 3095 4951 3152 5007; x_wconf 92' lang='lat' dir='ltr'>Si</span> <span class='ocrx_word' id='word_1_868' title='bbox 3173 4951 3296 5024; x_wconf 90' lang='lat' dir='ltr'>quis</span> <span class='ocrx_word' id='word_1_869' title='bbox 3323 4950 3610 5024; x_wconf 88' lang='lat' dir='ltr'>presbyter</span> <span class='ocrx_word' id='word_1_870' title='bbox 3637 4959 3725 5007; x_wconf 88' lang='lat' dir='ltr'>aut</span> <span class='ocrx_word' id='word_1_871' title='bbox 3745 4951 3862 5006; x_wconf 83' lang='lat' dir='ltr'>dia-</span> 
     </span>
    </p>
   </div>
   <div class='ocr_carea' id='block_1_103' title="bbox 2257 5034 3864 5111">
    <p class='ocr_par' dir='ltr' id='par_1_103' title="bbox 2257 5034 3864 5111">
     <span class='ocr_line' id='line_1_103' title="bbox 2257 5034 3864 5111; baseline 0.004 -21"><span class='ocrx_word' id='word_1_872' title='bbox 2257 5049 2448 5102; x_wconf 89' lang='lat' dir='ltr'>conus,</span> <span class='ocrx_word' id='word_1_873' title='bbox 2483 5034 2799 5108; x_wconf 82' lang='lat' dir='ltr'>episcopum</span> <span class='ocrx_word' id='word_1_874' title='bbox 2828 5039 3108 5111; x_wconf 86' lang='lat' dir='ltr'>proprium</span> <span class='ocrx_word' id='word_1_875' title='bbox 3151 5048 3526 5108; x_wconf 91' lang='lat' dir='ltr'>contemnens,</span> <span class='ocrx_word' id='word_1_876' title='bbox 3560 5057 3621 5096; x_wconf 90' lang='lat' dir='ltr'>se</span> <span class='ocrx_word' id='word_1_877' title='bbox 3649 5041 3718 5096; x_wconf 90' lang='lat' dir='ltr'>ab</span> <span class='ocrx_word' id='word_1_878' title='bbox 3749 5041 3864 5097; x_wconf 86' lang='lat' dir='ltr'>Ec-</span> 
     </span>
    </p>
   </div>
   <div class='ocr_carea' id='block_1_104' title="bbox 2259 5125 3864 5204">
    <p class='ocr_par' dir='ltr' id='par_1_104' title="bbox 2259 5125 3864 5204">
     <span class='ocr_line' id='line_1_104' title="bbox 2259 5125 3864 5204; baseline 0.004 -24"><span class='ocrx_word' id='word_1_879' title='bbox 2259 5125 2425 5181; x_wconf 68' lang='lat' dir='ltr'>clesia</span> <span class='ocrx_word' id='word_1_880' title='bbox 2470 5128 2920 5201; x_wconf 89' lang='lat' dir='ltr'>sequestraverit,</span> <span class='ocrx_word' id='word_1_881' title='bbox 2970 5137 3023 5186; x_wconf 89' lang='lat' dir='ltr'>et</span> <span class='ocrx_word' id='word_1_882' title='bbox 3071 5145 3315 5186; x_wconf 90' lang='lat' dir='ltr'>seorsum</span> <span class='ocrx_word' id='word_1_883' title='bbox 3362 5129 3630 5204; x_wconf 88' lang='lat' dir='ltr'>colligens</span> <span class='ocrx_word' id='word_1_884' title='bbox 3688 5130 3864 5187; x_wconf 88' lang='lat' dir='ltr'>altare</span> 
     </span>
    </p>
   </div>
   <div class='ocr_carea' id='block_1_105' title="bbox 2259 5219 3861 5292">
    <p class='ocr_par' dir='ltr' id='par_1_105' title="bbox 2259 5219 3861 5292">
     <span class='ocr_line' id='line_1_105' title="bbox 2259 5219 3861 5292; baseline 0 -16"><span class='ocrx_word' id='word_1_885' title='bbox 2259 5219 2615 5287; x_wconf 89' lang='lat' dir='ltr'>constituerit,</span> <span class='ocrx_word' id='word_1_886' title='bbox 2652 5227 2703 5276; x_wconf 92' lang='lat' dir='ltr'>et</span> <span class='ocrx_word' id='word_1_887' title='bbox 2731 5219 3096 5275; x_wconf 89' lang='lat' dir='ltr'>commonenti</span> <span class='ocrx_word' id='word_1_888' title='bbox 3133 5219 3392 5292; x_wconf 89' lang='lat' dir='ltr'>episcopo</span> <span class='ocrx_word' id='word_1_889' title='bbox 3422 5235 3534 5276; x_wconf 92' lang='lat' dir='ltr'>non</span> <span class='ocrx_word' id='word_1_890' title='bbox 3561 5219 3861 5292; x_wconf 87' lang='lat' dir='ltr'>acquieve-</span> 
     </span>
    </p>
   </div>
   <div class='ocr_carea' id='block_1_106' title="bbox 2259 5309 3863 5377">
    <p class='ocr_par' dir='ltr' id='par_1_106' title="bbox 2259 5309 3863 5377">
     <span class='ocr_line' id='line_1_106' title="bbox 2259 5309 3863 5377; baseline 0.001 -13"><span class='ocrx_word' id='word_1_891' title='bbox 2259 5311 2342 5377; x_wconf 90' lang='lat' dir='ltr'>rit,</span> <span class='ocrx_word' id='word_1_892' title='bbox 2377 5326 2480 5368; x_wconf 90' lang='lat' dir='ltr'>nec</span> <span class='ocrx_word' id='word_1_893' title='bbox 2510 5309 2817 5367; x_wconf 85' lang='lat' dir='ltr'>consentire</span> <span class='ocrx_word' id='word_1_894' title='bbox 2849 5309 2938 5365; x_wconf 88' lang='lat' dir='ltr'>vel</span> <span class='ocrx_word' id='word_1_895' title='bbox 2965 5309 3191 5366; x_wconf 89' lang='lat' dir='ltr'>obedire</span> <span class='ocrx_word' id='word_1_896' title='bbox 3229 5309 3460 5366; x_wconf 89' lang='lat' dir='ltr'>voluerit</span> <span class='ocrx_word' id='word_1_897' title='bbox 3491 5309 3660 5365; x_wconf 90' lang='lat' dir='ltr'>semel</span> <span class='ocrx_word' id='word_1_898' title='bbox 3688 5317 3740 5364; x_wconf 90' lang='lat' dir='ltr'>et</span> <span class='ocrx_word' id='word_1_899' title='bbox 3763 5310 3863 5366; x_wconf 87' lang='lat' dir='ltr'>ite-</span> 
     </span>
    </p>
   </div>
   <div class='ocr_carea' id='block_1_107' title="bbox 2261 5398 3862 5467">
    <p class='ocr_par' dir='ltr' id='par_1_107' title="bbox 2261 5398 3862 5467">
     <span class='ocr_line' id='line_1_107' title="bbox 2261 5398 3862 5467; baseline 0.001 -14"><span class='ocrx_word' id='word_1_900' title='bbox 2261 5415 2378 5454; x_wconf 90' lang='lat' dir='ltr'>rum</span> <span class='ocrx_word' id='word_1_901' title='bbox 2407 5399 2746 5467; x_wconf 81' lang='lat' dir='ltr'>con&#39;vocanti,</span> <span class='ocrx_word' id='word_1_902' title='bbox 2780 5399 2871 5455; x_wconf 88' lang='lat' dir='ltr'>hic</span> <span class='ocrx_word' id='word_1_903' title='bbox 2911 5398 3198 5455; x_wconf 88' lang='lat' dir='ltr'>damnatus</span> <span class='ocrx_word' id='word_1_904' title='bbox 3240 5398 3553 5455; x_wconf 87' lang='lat' dir='ltr'>omnimodo</span> <span class='ocrx_word' id='word_1_905' title='bbox 3584 5414 3687 5456; x_wconf 89' lang='lat' dir='ltr'>nec</span> <span class='ocrx_word' id='word_1_906' title='bbox 3717 5399 3862 5455; x_wconf 86' lang='lat' dir='ltr'>ultra</span> 
     </span>
    </p>
   </div>
   <div class='ocr_carea' id='block_1_108' title="bbox 2263 5488 3864 5562">
    <p class='ocr_par' dir='ltr' id='par_1_108' title="bbox 2263 5488 3864 5562">
     <span class='ocr_line' id='line_1_108' title="bbox 2263 5488 3864 5562; baseline 0.001 -19"><span class='ocrx_word' id='word_1_907' title='bbox 2263 5489 2561 5544; x_wconf 87' lang='lat' dir='ltr'>remedium</span> <span class='ocrx_word' id='word_1_908' title='bbox 2604 5495 2972 5562; x_wconf 88' lang='lat' dir='ltr'>consequatur</span> <span class='ocrx_word' id='word_1_909' title='bbox 3014 5488 3188 5561; x_wconf 89' lang='lat' dir='ltr'>:quia</span> <span class='ocrx_word' id='word_1_910' title='bbox 3241 5503 3396 5545; x_wconf 91' lang='lat' dir='ltr'>suam</span> <span class='ocrx_word' id='word_1_911' title='bbox 3447 5488 3697 5560; x_wconf 87' lang='lat' dir='ltr'>recipere</span> <span class='ocrx_word' id='word_1_912' title='bbox 3751 5505 3864 5546; x_wconf 90' lang='lat' dir='ltr'>non</span> 
     </span>
    </p>
   </div>
   <div class='ocr_carea' id='block_1_109' title="bbox 2260 5578 3866 5650">
    <p class='ocr_par' dir='ltr' id='par_1_109' title="bbox 2260 5578 3866 5650">
     <span class='ocr_line' id='line_1_109' title="bbox 2260 5578 3866 5650; baseline 0.001 -16"><span class='ocrx_word' id='word_1_913' title='bbox 2260 5579 2457 5650; x_wconf 89' lang='lat' dir='ltr'>poterit</span> <span class='ocrx_word' id='word_1_914' title='bbox 2485 5579 2824 5650; x_wconf 88' lang='lat' dir='ltr'>dignitatem.</span> <span class='ocrx_word' id='word_1_915' title='bbox 2859 5579 3018 5648; x_wconf 89' lang='lat' dir='ltr'>Quod</span> <span class='ocrx_word' id='word_1_916' title='bbox 3047 5579 3095 5634; x_wconf 91' lang='lat' dir='ltr'>si</span> <span class='ocrx_word' id='word_1_917' title='bbox 3121 5579 3423 5636; x_wconf 90' lang='lat' dir='ltr'>Ecclesiam</span> <span class='ocrx_word' id='word_1_918' title='bbox 3454 5578 3785 5636; x_wconf 87' lang='lat' dir='ltr'>conturbare</span> <span class='ocrx_word' id='word_1_919' title='bbox 3810 5589 3866 5636; x_wconf 90' lang='lat' dir='ltr'>et</span> 
     </span>
    </p>
   </div>
   <div class='ocr_carea' id='block_1_110' title="bbox 2264 5667 3866 5742">
    <p class='ocr_par' dir='ltr' id='par_1_110' title="bbox 2264 5667 3866 5742">
     <span class='ocr_line' id='line_1_110' title="bbox 2264 5667 3866 5742; baseline -0.001 -18"><span class='ocrx_word' id='word_1_920' title='bbox 2264 5668 2554 5726; x_wconf 89' lang='lat' dir='ltr'>sollicitare</span> <span class='ocrx_word' id='word_1_921' title='bbox 2605 5667 2920 5740; x_wconf 89' lang='lat' dir='ltr'>perstiterit,</span> <span class='ocrx_word' id='word_1_922' title='bbox 2952 5676 3208 5742; x_wconf 88' lang='lat' dir='ltr'>tanquam</span> <span class='ocrx_word' id='word_1_923' title='bbox 3255 5668 3546 5727; x_wconf 90' lang='lat' dir='ltr'>seditiosus</span> <span class='ocrx_word' id='word_1_924' title='bbox 3582 5684 3682 5740; x_wconf 91' lang='lat' dir='ltr'>per</span> <span class='ocrx_word' id='word_1_925' title='bbox 3709 5675 3866 5740; x_wconf 87' lang='lat' dir='ltr'>pote-</span> 
     </span>
    </p>
   </div>
   <div class='ocr_carea' id='block_1_111' title="bbox 2263 5757 3862 5832">
    <p class='ocr_par' dir='ltr' id='par_1_111' title="bbox 2263 5757 3862 5832">
     <span class='ocr_line' id='line_1_111' title="bbox 2263 5757 3862 5832; baseline -0.001 -17"><span class='ocrx_word' id='word_1_926' title='bbox 2263 5767 2431 5816; x_wconf 91' lang='lat' dir='ltr'>states</span> <span class='ocrx_word' id='word_1_927' title='bbox 2460 5765 2670 5814; x_wconf 87' lang='lat' dir='ltr'>exteras</span> <span class='ocrx_word' id='word_1_928' title='bbox 2713 5757 3058 5832; x_wconf 90' lang='lat' dir='ltr'>opprimatur.</span> <span class='ocrx_word' id='word_1_929' title='bbox 3096 5779 3119 5810; x_wconf 73' lang='grc' dir='ltr'><strong>ι</strong></span> <span class='ocrx_word' id='word_1_930' title='bbox 3152 5759 3221 5816; x_wconf 90' lang='lat' dir='ltr'>Et</span> <span class='ocrx_word' id='word_1_931' title='bbox 3249 5757 3680 5832; x_wconf 87' lang='lat' dir='ltr'>Carthaginense</span> <span class='ocrx_word' id='word_1_932' title='bbox 3722 5773 3862 5815; x_wconf 86' lang='lat' dir='ltr'>con-</span> 
     </span>
    </p>
   </div>
  </div>
