4164 6324
338 362 442 417 L69

1051 360 1295 422 OPUSC.
1353 363 1445 422 ET
1488 363 1706 422 EPIST.
1765 363 1841 420 IN
1897 361 2126 420 CAUSA
2171 364 2514 424 HINCMARI
2559 367 2864 426 LAUDU'N.

3541 373 3644 428 470

345 485 533 542 cilium
573 486 725 557 (can.
749 488 836 558 11)
867 503 881 542 :
911 509 935 537 ct
983 487 1040 544 Si
1081 487 1204 562 quis
1249 489 1538 561 presbyter
1579 507 1610 544 a
1650 488 1944 562 praeposito
1976 487 2297 549 Asalutem
2327 492 2505 565 (Rom.
2537 491 2620 563 κ),
2653 493 2710 548 in
2755 492 2848 548 illo
2885 493 3093 552 latrone
3147 496 3476 556 declaratum
3535 509 3638 564 est,

348 592 450 632 suo
480 584 764 648 correptus
794 575 976 645 fuerit,
1008 578 1169 634 debet
1191 578 1374 652 utique
1412 579 1554 652 apud
1585 579 1792 636 vicinos
1839 579 1955 650 epi-

349 681 548 738 scopos
579 666 860 740 conqueri,
889 675 947 722 ut
969 667 1039 723 ab
1062 667 1194 739 ipsis
1217 669 1335 739 ejus
1363 682 1530 724 causa
1551 667 1727 741 possit
1755 667 1948 738 audiri,

345 771 410 810 ac
437 771 541 826 per
569 755 719 826 ipsos
749 771 848 811 suo
877 757 1138 830 episcopo
1168 757 1491 814 reconcilari
1525 773 1538 812 :
1575 757 1722 830 quod
1753 757 1858 812 nisi
1873 755 1954 813 fe-

349 844 516 912 cerit,
549 844 647 901 sed
677 845 954 916 superbia,
987 846 1131 919 quod
1177 847 1337 916 absit,
1389 846 1606 902 inﬂatus
1655 862 1951 903 secernen-

348 929 483 984 dum
511 945 571 984 se
599 930 668 984 ab
708 930 952 1002 episcopi
1006 931 1090 986 sui
1149 931 1532 988 communione
1581 931 1811 1000 duxerit,
1867 940 1953 986 aut

349 1021 648 1090 separatim
667 1036 790 1076 cum
821 1019 1094 1093 aliquibus
1125 1021 1364 1076 schisma
1393 1019 1597 1076 faciens
1627 1019 1952 1077 sacrificium

347 1109 467 1164 Deo
496 1109 774 1176 obtulerit,
811 1110 1104 1166 anathema
1129 1109 1339 1177 habent,
1372 1117 1425 1165 et
1482 1109 1666 1166 locum
1705 1110 1949 1165 amittat:

349 1197 395 1252 si
417 1199 816 1272 querimoniam
841 1201 1042 1270 justam
1071 1199 1331 1255 adversus
1375 1199 1694 1271 episcopum
1723 1215 1832 1255 non
1859 1200 1954 1254 ha-

347 1287 547 1359 buerit,
571 1288 954 1362 inquirendum
984 1289 1103 1345 erit.
1133 1311 1154 1338 κ
1193 1289 1500 1346 Secundum
1520 1290 1623 1345 hoc
1637 1289 1949 1360 capitulum,

349 1377 512 1432 simul
545 1394 669 1434 cum
709 1393 854 1435 nono
883 1378 1115 1450 capitulo
1145 1377 1468 1434 Antiocheni
1509 1379 1744 1444 concilii,
1797 1394 1952 1434 com-

347 1465 586 1522 ministri
611 1466 874 1524 Ecclesia:
904 1467 1282 1525 Laudunensis
1319 1469 1524 1540 absque
1582 1467 1874 1524 schismate
1903 1477 1955 1522 et

349 1555 672 1624 rebellione,
701 1557 854 1627 juxta
903 1557 1162 1629 temporis
1209 1559 1520 1630 angustiam
1580 1565 1632 1614 et
1663 1556 1954 1613 imminens

345 1645 672 1716 periculum,
732 1645 1052 1702 innocenter
1107 1645 1360 1718 injuriam
1421 1646 1575 1718 passi
1631 1646 1952 1719 episcopum

348 1735 823 1808 metr0politanum
855 1735 1121 1804 adierunt,
1175 1743 1228 1792 et
1267 1736 1410 1804 ideo,
1459 1735 1598 1793 sicut
1642 1753 1808 1808 supra
1857 1751 1953 1792 os-

2053 578 2162 634 Sed
2199 587 2328 637 tunc
2381 581 2640 653 impletur
2694 581 3048 654 invisibiliter,
3107 601 3232 643 cum
3285 587 3648 648 ministerium

2055 667 2306 740 baptismi
2345 686 2453 726 non
2493 679 2836 742 contemptus
2884 672 3198 746 religionis,
3239 676 3337 732 sed
3393 678 3648 736 articulus

2051 759 2392 814 necessitatis
2417 760 2668 816 excludit.
2713 761 2856 816 Nam
2901 763 3070 820 multo
3100 765 3276 836 magis
3307 765 3363 820 in
3397 767 3650 826 Cornelio

2053 855 2106 902 et
2135 846 2191 901 in
2223 849 2413 904 amicis
2445 849 2562 918 ejus
2591 849 2742 921 (Act.
2775 850 2858 922 Χ),
2891 867 3054 923 quam
3071 853 3126 907 in
3156 852 3251 908 illo
3279 854 3491 911 latrone
3518 873 3647 928 pos-

2053 943 2138 991 set
2168 935 2342 992 videri
2373 937 2723 1009 superﬂuum,
2773 946 2832 994 ut
2877 955 3018 1012 aqua
3061 941 3223 996 etiam
3253 941 3648 1015 tinguerentur,

2053 1024 2107 1079 in
2137 1025 2336 1098 quibus
2389 1026 2500 1096 jam
2550 1027 2760 1082 donum
2819 1028 3052 1100 Spiritus
3111 1031 3302 1100 sancti,
3346 1033 3493 1104 quod
3547 1032 3652 1090 nisi

2053 1113 2348 1186 baptizatos
2379 1115 2517 1170 alios
2545 1116 2826 1188 accepisse
2871 1127 3057 1174 sancta
3091 1119 3367 1192 Scriptura
3405 1128 3650 1190 testatur,

2053 1211 2204 1258 certo
2235 1220 2453 1276 quoque
2500 1204 2720 1275 indicio,
2773 1207 2920 1278 quod
2977 1207 3084 1262 illis
3132 1209 3470 1281 temporibus
3517 1227 3653 1268 con-

2053 1293 2304 1364 gruebat,
2338 1309 2460 1349 cum
2489 1293 2690 1366 linguis
2720 1294 3068 1367 loquentibus
3099 1298 3400 1355 eminuerat
3433 1315 3446 1355 :
3481 1300 3654 1372 bapti-

2053 1381 2157 1436 zati
2186 1390 2310 1436 sunt
2341 1390 2542 1453 tamen,
2577 1391 2629 1438 et
2675 1383 2730 1438 in
2794 1385 2900 1440 hoc
2945 1384 3090 1441 facto
3137 1387 3436 1458 apostolica
3478 1399 3656 1446 exstat

2054 1471 2369 1527 auctoritas.
2403 1473 2586 1544 Usque
2617 1472 2757 1528 adeo
2774 1489 2935 1529 nemo
2955 1474 3134 1542 debet,
3169 1475 3222 1530 in
3255 1477 3498 1549 quolibet
3526 1495 3656 1550 pro-

2051 1567 2210 1616 vectu
2257 1560 2534 1616 interioris
2569 1561 2830 1632 hominis,
2883 1563 2930 1618 si
2961 1563 3098 1621 forte
3139 1574 3266 1623 ante
3323 1566 3653 1638 baptismum

2052 1665 2226 1722 usque
2264 1649 2332 1704 ad
2363 1650 2666 1722 spiritalem
2703 1651 3038 1708 intellectum
3083 1653 3176 1726 pio
3207 1655 3374 1711 corde
3401 1655 3653 1728 profece-

2053 1738 2138 1804 rit,
2194 1746 2545 1794 contemnere
2602 1749 3027 1809 sacramentum,
3087 1743 3236 1814 quod
3280 1744 3655 1802 ministrorum

348 1825 517 1891 tendi,
568 1824 624 1879 in
669 1825 1050 1882 communione
1101 1825 1473 1882 ecclesiastica
1509 1825 1717 1882 restitui
1745 1834 1795 1882 et
1827 1842 1952 1896 per—
1977 1857 2030 1916 B
2053 1843 2222 1899 opere
2249 1828 2608 1900 corporaliter
2629 1829 2938 1898 adhibetur,
2972 1832 3070 1887 sed
3099 1849 3202 1904 per
3228 1834 3332 1889 hoc
3373 1835 3522 1890 Deus
3551 1836 3650 1892 ho-

347 1930 568 1970 manere
606 1913 928 1970 debuerunt.
967 1915 1123 1972 Unde
1171 1915 1600 1987 Carthaginense
1657 1915 1950 1972 concilium

346 2004 416 2060 de
446 2003 818 2077 irregulariter
850 2004 1240 2075 judicantibus,
1277 2013 1328 2060 et
1369 2005 1567 2074 injuste
1591 2004 1864 2075 judicatis,
1899 2013 1952 2060 et

346 2093 414 2149 de
450 2093 673 2164 majoris
718 2093 1052 2160 auctoritatis
1099 2093 1372 2163 judicibus
1406 2110 1419 2150 :
1459 2115 1480 2146 α
1515 2094 1744 2160 Placuit,
1778 2093 1950 2166 inquit

345 2183 498 2254 (can.
535 2183 644 2254 15),
677 2191 786 2238 uta
812 2182 1222 2256 quibuscunque
1243 2183 1517 2254 judicibus
1562 2183 1950 2239 ecclesiasticis

347 2273 414 2328 ad
435 2272 576 2328 alios
603 2271 816 2342 judices
845 2271 1249 2329 ecclesiasticos
1278 2272 1372 2328 ubi
1421 2281 1504 2328 est
1543 2273 1720 2342 major
1766 2279 1949 2329 aucto-

347 2361 482 2418 ritas
511 2360 674 2418 fuerit
700 2369 1074 2434 provocatum,
1107 2378 1218 2417 non
1248 2361 1328 2417 eis
1351 2363 1496 2418 obsit
1535 2377 1761 2434 quorum
1793 2361 1952 2418 fuerit

348 2450 524 2508 soluta
555 2451 843 2519 sententia,
877 2451 925 2506 si
946 2451 1196 2508 convinci
1245 2469 1355 2507 non
1394 2450 1689 2524 potuerint,
1714 2451 1802 2508 vel
1848 2451 1950 2506 ini-

342 2540 488 2598 mico
518 2539 1020 2610 animojudicasse,
1053 2541 1140 2596 vel
1169 2541 1351 2614 aliqua
1385 2540 1673 2613 cupiditate
1705 2548 1795 2595 aut
1824 2557 1950 2612 gra-

344 2629 417 2684 tia
445 2629 745 2702 depravati.
776 2655 798 2679 η
832 2631 913 2686 De
941 2630 1198 2702 episcOpo
1229 2639 1430 2695 autem,
1466 2630 1513 2685 si
1545 2629 1682 2686 forte
1713 2630 1949 2687 schisma

344 2735 375 2774 a
404 2721 580 2775 sacris
627 2718 924 2776 canonibus
967 2719 1024 2774 in
1081 2719 1328 2776 Ecclesia
1380 2718 1591 2787 fecerit,
1632 2718 1948 2776 Africanum

345 2809 636 2866 concilium
656 2807 784 2864 dicit
803 2807 956 2882 (can.
979 2811 1070 2880 20)
1097 2827 1110 2864 :
1141 2808 1336 2865 «Circa
1365 2825 1461 2865 eos
1483 2824 1634 2876 sane,
1673 2807 1944 2882 inquiens,

346 2899 439 2971 qui
468 2896 668 2954 fuerint
697 2898 1014 2963 concordes,
1049 2914 1158 2954 non
1203 2898 1378 2954 solum
1435 2898 1584 2954 circa
1636 2897 1944 2954 Ecclesiam

344 2987 855 3060 Carthaginensem,
905 2987 1110 3043 scilicet
1157 2987 1526 3060 metropolim,
1558 2987 1656 3042 sed
1693 2996 1746 3042 et
1801 2987 1948 3044 circa

345 3093 508 3134 omne
564 3077 905 3132 sacerdotale
963 3076 1316 3133 consortium.
1381 3101 1404 3126 ι»
1435 3077 1505 3132 Et
1556 3084 1678 3148 post
1725 3093 1942 3148 pauca:

349 3190 371 3218 ι
407 3166 640 3238 Oportet
667 3173 725 3222 ut
745 3165 867 3239 quis
894 3165 1164 3223 universis
1197 3165 1453 3222 fratribus
1473 3182 1538 3223 ac
1565 3173 1679 3222 toto
1714 3165 1945 3222 concilio

343 3256 642 3323 inbui-serit,
667 3272 778 3313 non
810 3255 988 3312 solum
1017 3273 1113 3311 sua
1137 3255 1260 3325 jure
1289 3256 1526 3329 integro,
1565 3255 1662 3311 sed
1721 3263 1772 3311 et
1801 3255 1944 3310 dia:-

345 3362 500 3404 ceses
528 3345 824 3418 possideat.
869 3347 938 3400 At
968 3361 1099 3401 vero
1131 3345 1222 3418 qui
1270 3345 1486 3401 sibimet
1533 3353 1720 3417 putant
1753 3345 1944 3416 plebes

343 3453 470 3492 suas
518 3434 766 3492 sufﬁcere
825 3433 1060 3491 fraterna
1109 3435 1400 3491 dilectione
1440 3442 1768 3506 contempta,
1834 3451 1944 3490 non

342 3534 550 3582 tantum
580 3525 850 3581 dimceses
865 3525 1129 3594 amittant,
1172 3524 1270 3580 sed
1300 3533 1358 3580 ut
1381 3523 1495 3580 dixi
1524 3523 1687 3579 etiam
1709 3523 1944 3596 propriis

342 3615 562 3688 publica
615 3622 838 3670 careant
895 3613 1232 3680 auctoritate,
1266 3621 1325 3668 ut
1380 3613 1636 3670 rebelles.
1675 3634 1697 3663 ι
1727 3613 1808 3668 De
1831 3629 1864 3668 a
1894 3620 1944 3667 te

343 3712 522 3761 autem
553 3703 824 3776 separatis
877 3720 912 3759 a
969 3703 1349 3760 communione
1379 3702 1660 3770 catholica,
1695 3701 1833 3758 sicut
1889 3701 1944 3756 in

341 3794 604 3867 petitione
659 3793 790 3848 mihi
819 3810 850 3849 a
878 3793 1226 3850 Laudunensi
1253 3793 1498 3850 Ecclesia
1543 3793 1662 3848 data
1695 3791 1944 3848 contine-

345 3893 450 3953 tur,
485 3883 698 3940 scilicet
723 3883 967 3955 parvulis
1013 3883 1070 3938 in
1117 3890 1204 3938 tua
1233 3882 1495 3956 parochia
1523 3897 1688 3938 causa
1717 3881 1944 3952 injuria-

341 3990 465 4030 rum
513 3981 734 4028 tuarum
762 3988 873 4028 non
917 3971 1275 4044 baptizandis,
1309 3979 1362 4027 et
1401 3971 1728 4028 abeuntibus
1767 3969 1946 4026 viatici

339 4062 588 4119 muneris
635 4061 1016 4118 communione
1056 4077 1165 4118 non
1198 4060 1630 4130 reconciliandis,
1663 4059 1790 4116 audi
1819 4059 1948 4132 quid

343 4153 542 4210 exinde
571 4152 640 4208 ad
670 4151 968 4208 remedium
1010 4151 1288 4223 pertinens
1317 4151 1462 4206 idem
1491 4151 1684 4206 doctor
1714 4149 1944 4205 catholi-

343 4242 600 4301 cissimus
628 4248 683 4298 et
725 4241 1200 4297 subtilissimarum
1255 4257 1439 4296 rerum
1485 4238 1866 4311 investigator,
1893 4246 1946 4293 et

343 4331 636 4407 gratiaDei
663 4330 917 4388 inventor
950 4329 1343 4405 sagacissimus
1371 4330 1517 4385 dicat
1545 4329 1735 4402 (Aug,
1764 4329 1856 4384 lib.
1890 4344 1945 4382 ιν

343 4419 412 4474 de
444 4419 633 4490 Bapt.,
667 4431 788 4488 cap.
811 4415 904 4488 22)
929 4433 942 4471 :
973 4437 994 4466 ‹‹
1019 4414 1298 4487 Baptismi,
1321 4413 1591 4487 inquiens,
1615 4429 1748 4468 sane
1769 4412 1947 4468 vicem

341 4506 637 4580 aliquando
656 4505 880 4578 implere
901 4504 1232 4577 passionem,
1253 4504 1323 4560 de
1353 4503 1558 4558 latrone
1587 4502 1698 4572 illo,
1732 4501 1820 4558 cui
1839 4518 1946 4559 non

2050 1917 2212 1972 minis
2241 1919 2706 1974 consecrationem
2752 1919 3064 1990 spiritaliter
3111 1931 3389 1993 operatur.
3419 1925 3536 1980 Nec
3579 1927 3652 1981 ob

2051 2006 2198 2061 aliud
2229 2006 2478 2062 existimo
2510 2007 2818 2078 baptizandi
2854 2025 3050 2064 munus
3077 2011 3274 2066 Joanni
3301 2009 3472 2068 fuisse
3501 2013 3652 2069 attri-

2050 2097 2254 2164 butum,
2303 2095 2375 2150 ita
2405 2103 2461 2150 ut
2491 2095 2717 2152 Joannis
2762 2097 3064 2168 baptismus
3107 2097 3397 2168 diceretur,
3443 2102 3548 2158 nisi
3592 2111 3652 2158 ut

2049 2184 2315 2240 Dominus
2335 2184 2452 2256 ipse
2473 2183 2566 2257 qui
2595 2185 2978 2256 dederat,cum
3009 2187 3155 2244 servi
3182 2189 3510 2260 baptismum
3541 2207 3653 2248 non

2050 2272 2344 2345 sprevisset
2373 2273 2644 2345 accipere,
2705 2274 2981 2331 dedicaret
3037 2277 3354 2333 humilitatis
3391 2278 3553 2348 viam,
3596 2289 3650 2336 et

2051 2361 2236 2436 quanti
2263 2362 2614 2435 pendendum
2663 2371 2810 2420 esset
2839 2381 2996 2420 suum
3052 2365 3343 2438 baptisma,
3375 2384 3483 2440 quo
3526 2368 3645 2441 ipse

2049 2451 2418 2522 baptizaturus
2461 2460 2594 2520 erat,
2630 2452 2723 2508 tali
2749 2451 2896 2510 facto
2931 2455 3274 2526 apertissime
3317 2457 3634 2514 declararet.

2049 2541 2278 2596 Videbat
2303 2541 2466 2610 enim,
2493 2549 2752 2614 tanquam
2779 2543 3184 2614 potentissimus
3210 2544 3457 2602 medicus
3490 2547 3644 2602 salu-

2048 2629 2118 2686 tis
2148 2638 2386 2700 acternm,
2443 2631 2804 2703 quorumdam
2865 2648 2976 2688 non
3005 2632 3319 2690 defuturum
3357 2642 3642 2706 tumorem,

2049 2719 2143 2792 qui
2171 2736 2292 2776 cum
2322 2719 2598 2776 intellectu
2643 2721 2890 2778 veritatis
2920 2730 2970 2778 et
3000 2723 3374 2794 probabilibus
3401 2724 3645 2782 moribus

2049 2807 2120 2863 ita
2151 2807 2530 2880 profecissent,
2567 2819 2623 2866 ut
2650 2810 2834 2866 multis
2883 2811 3172 2883 baptizatis
3201 2811 3312 2869 vita
3341 2821 3506 2886 atque
3533 2815 3637 2870 do-

2047 2897 2221 2954 ctrina
2254 2914 2312 2954 se
2343 2915 2662 2970 praeponere
2691 2899 2914 2956 minime
2952 2900 3276 2969 dubitarent,
3311 2919 3645 2974 supervaca-

2045 3003 2211 3043 neum
2250 2987 2354 3042 sibi
2389 3003 2513 3042 esse
2543 2987 2828 3044 crederent
2858 2989 3120 3060 baptizari
3145 2991 3362 3062 quando
3393 2991 3460 3046 ad
3490 2982 3658 3049 illum.

2046 3076 2246 3132 mentis
2266 3076 2506 3130 habitum
2528 3093 2587 3132 se
2608 3077 2924 3148 pervenisse
2946 3077 3208 3134 sentirent
3227 3079 3295 3134 ad
3317 3097 3478 3152 quem
3491 3081 3644 3137 multi

2047 3165 2297 3236 baptizati
2327 3165 2506 3220 adhuc
2533 3160 2832 3221 ascendere
2861 3175 3203 3223 conarentur.
3237 3169 3417 3240 (Ibid,
3442 3184 3492 3225 c.
3523 3171 3640 3240 23.)

2048 3253 2190 3323 Quid
2210 3262 2390 3310 autem
2411 3253 2586 3310 valeat
2607 3262 2659 3310 et
2677 3255 2806 3327 quid
2825 3264 2954 3328 agat
2971 3255 3026 3310 in
3043 3257 3262 3312 homine
3282 3257 3642 3330 corporaliter

2043 3343 2282 3399 adhibita
2299 3341 2655 3400 sanctificatio
2671 3344 3018 3412 sacramenti,
3043 3345 3159 3402 sine
3177 3361 3283 3418 qua
3301 3354 3484 3402 tamen
3501 3347 3641 3404 latro

2044 3433 2134 3488 ille
2162 3448 2272 3487 non
2285 3431 2402 3499 fuit,
2428 3432 2552 3504 quia
2563 3449 2674 3488 non
2697 3433 2812 3502 ejus
2829 3433 3160 3505 accipiendae
3181 3435 3428 3490 voluntas
3447 3435 3636 3505 defuit,

2045 3522 2143 3578 sed
2159 3538 2269 3578 non
2281 3522 2610 3593 accipiendae
2621 3523 2920 3578 necessitas
2933 3522 3328 3594 alfuit,diﬂicile
3339 3533 3422 3580 est
3433 3525 3637 3582 dicere:

2044 3611 2150 3666 nisi
2171 3619 2350 3666 tamen
2362 3611 2657 3682 plurimum
2673 3611 3009 3678 valeret,non
3023 3613 3168 3668 servi
3181 3612 3508 3684 baptismum
3530 3615 3638 3670 Do-

2043 3701 2224 3756 minus
2264 3700 2584 3772 accepisset.
2626 3701 2831 3757 Verum
2860 3701 2984 3774 quia
3012 3719 3110 3774 per
3144 3719 3203 3758 se
3230 3702 3348 3775 ipsa
3381 3703 3639 3760 conside-

2045 3791 2214 3846 randa
2257 3797 2358 3857 est,
2411 3797 2634 3862 excepta
2664 3790 2838 3846 salute
2883 3790 3118 3847 hominis
3163 3791 3252 3848 cui
3293 3791 3641 3865 perﬁcienda:

2045 3880 2349 3946 adhibetur,
2383 3881 2516 3936 satis
2543 3881 2768 3948 indicat,
2799 3881 2948 3954 quod
2995 3889 3048 3936 et
3077 3881 3132 3936 in
3163 3881 3344 3950 malis,
3393 3881 3526 3938 etin
3559 3881 3639 3938 eis

2045 3969 2138 4041 qui
2169 3969 2368 4026 saeculo
2397 3969 2580 4026 verbis
2610 3987 2720 4026 non
2746 3969 2902 4028 factis
2925 3971 3256 4040 renuntiant,
3286 3971 3403 4043 ipsa
3422 3970 3640 4046 integra

2045 4065 2146 4128 est,
2181 4074 2305 4114 cum
2356 4059 2432 4113 illi
2478 4059 2582 4113 nisi
2611 4059 2947 4132 corrigantur
2991 4061 3221 4116 salutem
3277 4060 3480 4116 habere
3527 4077 3640 4117 non

2043 4147 2272 4218 possint.
2309 4147 2454 4202 Sicut
2485 4155 2664 4202 autem
2693 4147 2750 4201 in
2795 4147 3023 4216 latrone,
3057 4149 3179 4220 quia
3207 4166 3308 4220 per
3334 4137 3666 4206 necessita-'

2045 4245 2153 4291 tem
2179 4235 2528 4306 corporaliter
2548 4235 2737 4305 defuit,
2771 4235 3016 4307 perfecta
3045 4237 3190 4292 salus
3232 4244 3332 4304 est,
3387 4237 3510 4310 quia
3539 4254 3640 4309 per

2043 4325 2300 4397 pietatem
2334 4323 2642 4396 spiritaliter
2667 4323 2835 4390 affuit,
2895 4324 2975 4382 sic
3019 4333 3070 4382 et
3119 4341 3242 4382 cum
3271 4326 3392 4398 ipsa
3439 4333 3642 4398 praesto

2045 4422 2144 4482 est,
2181 4414 2225 4469 si
2270 4430 2370 4485 per
2421 4414 2804 4470 necessitatem
2833 4413 2974 4470 desit
3027 4415 3172 4488 quod
3228 4415 3420 4472 latroni
3467 4413 3636 4482 affuit,

2043 4503 2320 4576 perficitur
2365 4505 2530 4560 salus.
2582 4504 2742 4574 Quod
2804 4505 3060 4560 traditum
3123 4513 3271 4562 tenet
3317 4504 3643 4562 universitas

343 4596 618 4668 baptizato
633 4595 834 4651 dictum
865 4602 948 4650 est
981 4612 994 4649 :
1025 4595 1195 4651 Ilodic
1223 4610 1444 4650 mecum
1474 4593 1664 4649 crisin
1679 4592 1944 4666 paradiso
1975 4589 2025 4650 D
2049 4593 2328 4661 Ecclesiae,
2405 4609 2528 4650 cum
2581 4593 2793 4666 parvuli
2850 4593 3080 4650 infantes
3137 4594 3495 4666 baptizantur,
3549 4595 3643 4666 qui

345 4689 505 4756 (Luc.
541 4684 731 4756 xxm),
764 4701 874 4740 non
902 4685 1023 4740 leve
1049 4683 1436 4740 documentum
1465 4683 1612 4738 idem
1641 4681 1834 4736 beatus
1852 4681 1948 4753 Cy-

313 4775 572 4849 .prianus
615 4774 862 4830 assumit.
895 4773 1055 4844 Quod
1101 4773 1262 4828 etiam
1291 4780 1451 4845 atque
1481 4773 1642 4828 etiam
1691 4771 1948 4828 conside-

343 4882 492 4932 rans,
541 4863 761 4920 invenio
799 4880 910 4920 non
965 4870 1174 4918 tantum
1231 4862 1546 4934 passionem
1574 4878 1672 4934 pro
1729 4860 1949 4916 nomine

347 4953 554 5011 Christi
601 4953 656 5009 id
690 4954 837 5026 quod
870 4968 936 5008 ex
965 4951 1232 5024 baptismo
1253 4952 1443 5008 deerat
1473 4967 1637 5024 posse
1675 4949 1949 5022 supplere,

345 5044 444 5100 sed
475 5043 641 5100 etiam
667 5042 833 5098 fidem
862 5041 1388 5114 conversionemque
1419 5041 1620 5112 cordis,
1654 5039 1700 5094 si
1721 5039 1860 5095 forte
1883 5038 1953 5094 ad

343 5132 742 5190 celebrandum
785 5131 1108 5204 mysterium
1139 5130 1395 5202 baptismi
1425 5131 1482 5185 in
1514 5129 1778 5202 angustiis
1826 5135 1957 5184 tem-

346 5239 546 5296 porum
575 5223 820 5279 succurri
851 5237 961 5278 non
977 5228 1172 5293 potest.
1197 5221 1388 5292 Neque
1418 5219 1565 5275 enim
1581 5219 1719 5274 latro
1737 5218 1827 5274 ille
1855 5235 1954 5290 pro

349 5313 576 5370 nomine
597 5311 800 5368 Christi
830 5309 1124 5368 cruciﬁxus
1155 5319 1256 5377 est,
1299 5309 1398 5365 sed
1418 5324 1516 5380 pro
1565 5308 1775 5364 meritis
1822 5306 1956 5364 faci-

351 5419 548 5460 norum
579 5417 805 5458 suorum
837 5417 977 5458 :nec
1003 5401 1130 5474 quia
1180 5399 1413 5456 credidit
1455 5414 1651 5471 passus
1707 5405 1810 5466 est,
1858 5397 1956 5452 sed

349 5493 483 5548 dum
511 5500 794 5564 pateretur
805 5491 1054 5549 credidit.
1090 5489 1364 5560 Quantum
1393 5487 1572 5562 itaque
1599 5487 1776 5544 valeat
1798 5487 1960 5544 etiam

351 5581 471 5638 sine
494 5581 695 5638 visibili
750 5581 1003 5654 baptismi
1059 5587 1402 5637 sacramento
1431 5577 1577 5652 quod
1607 5576 1682 5632 ait
1719 5579 1958 5650 Aposto-

2049 4692 2192 4740 certe
2222 4684 2466 4739 nondum
2489 4691 2717 4756 possunt
2752 4683 2914 4741 corde
2961 4684 3186 4740 credere
3244 4683 3314 4738 ad
3355 4682 3642 4754 justitiam,

2049 4782 2102 4830 et
2130 4789 2227 4830 ore
2257 4773 2503 4830 confiteri
2523 4775 2590 4829 ad
2621 4774 2872 4843 salutem,
2907 4774 3052 4845 quod
3085 4773 3223 4828 latro
3253 4771 3444 4844 potuit,
3479 4773 3642 4846 quin-

2051 4863 2214 4918 etiam
2245 4863 2425 4918 ﬂendo
2455 4872 2508 4918 et
2537 4861 2828 4936 vagiendo,
2861 4877 2984 4918 cum
3005 4861 3059 4916 in
3091 4861 3170 4917 eis
3200 4861 3518 4934 mysterium
3549 4879 3646 4920 ce-

2051 4951 2313 5020 lebratur,
2345 4951 2479 5024 ipsis
2508 4951 2750 5024 mysticis
2762 4951 2987 5006 vocibus
3015 4950 3352 5023 obstrepunt,
3387 4958 3440 5008 et
3467 4959 3648 5008 tamen

2052 5041 2235 5096 nullus
2265 5041 2698 5097 Christianorum
2737 5039 2933 5096 dixerit
2963 5056 3060 5096 eos
3088 5039 3324 5098 inaniter
3366 5040 3647 5114 baptizari.

2053 5129 2236 5201 (Ibid,
2268 5147 2318 5186 c.
2362 5132 2477 5202 24.)
2500 5131 2568 5184 Et
2590 5129 2636 5185 si
2666 5130 2953 5202 quisquam
2997 5138 3201 5202 quaerat
3230 5130 3286 5186 in
3325 5131 3430 5188 hac
3459 5148 3519 5186 re
3550 5147 3650 5188 au-

2055 5220 2363 5276 ctoritatem
2394 5219 2656 5287 divinam,
2691 5235 3018 5292 quamquam
3053 5221 3198 5292 quod
3227 5220 3480 5277 universa
3509 5228 3654 5276 tenet.

2057 5309 2326 5378 Ecclesia,
2351 5323 2452 5364 nec
2491 5307 2736 5364 conciliis
2765 5307 3090 5378 institutum,
3111 5309 3208 5366 sed
3238 5326 3456 5382 semper
3474 5318 3656 5366 reten-

2058 5407 2172 5453 tum
2203 5405 2303 5466 est,
2351 5413 2460 5452 non
2516 5397 2622 5452 nisi
2675 5399 2973 5470 apostolica
3029 5398 3348 5456 auctoritate
3397 5399 3656 5455 traditum

2058 5485 2364 5542 rectissime
2411 5487 2668 5558 creditur,
2703 5496 2888 5544 tamen
2913 5488 3184 5545 veraciter
3241 5488 3511 5558 conjicere
3540 5503 3660 5561 pos-

2061 5592 2249 5632 sumus
2279 5575 2407 5648 quid
2437 5576 2614 5632 valeat
2663 5577 2720 5632 in
2749 5576 2994 5650 parvulis
3041 5577 3295 5651 baptismi
3351 5593 3661 5634 sacramen-

349 5677 471 5735 lus:
499 5680 672 5738 Corde
707 5681 966 5738 creditur
983 5679 1056 5737 ad
1059 5681 1374 5754 justitiam,
1391 5695 1484 5737 ore
1505 5677 1780 5750 confessio
1797 5677 1864 5747 ﬁt
1889 5675 1962 5730 ad
2063 5685 2176 5735 tum
2207 5693 2273 5734 ex
2317 5675 2736 5736 circumcisione
2796 5677 3000 5746 carnis,
3035 5693 3197 5750 quam
3242 5677 3398 5750 prior
3431 5676 3664 5752 populus
