4164 6330
549 337 649 392 4⁸71

1578 336 1922 394 HINCMARI
1957 335 2358 396 RHEMENSIS
2393 336 2943 398 ARCHIEPISCOPI.

3743 350 3850 406 L72

538 459 770 533 accepit,
805 475 972 534 quam
1025 460 1342 535 priusquam
1395 461 2010 535 acciperetjustiﬁcatus
2057 471 2139 521 est
2159 464 2216 527 A
2243 468 2440 522 sancto
2452 481 2568 523 non
2583 467 2897 524 intrabitin
2909 469 3847 546 regnumcaelorum(loan.m),sci-

537 559 821 616 Abraham
865 561 1026 630 (Gen.
1071 561 1220 632 xix),
1255 560 1393 617 sicut
1441 561 1722 618 Cornelius
1787 563 1947 618 etiam
1997 562 2142 618 dono

538 649 772 720 Spiritus
811 648 982 705 sancti
1031 649 1352 721 priusquam
1397 650 1766 722 baptizaretur
1813 651 2014 707 ditatus
2060 659 2144 707 est

537 737 684 810 (Act.
707 737 790 809 x).
823 737 966 794 Dicit
995 745 1175 794 tamen
1220 739 1514 811 Apostolus
1562 739 1631 795 de
1674 738 1793 811 ipso
1824 740 2004 812 (Rom.
2037 737 2136 811 IV),

535 826 816 882 Abraham
844 827 1065 900 signum
1093 827 1302 900 accepit
1327 827 1760 884 circumcisionis
1789 828 2134 902 signaculum

533 914 757 984 justitize
802 913 950 984 fidei,
995 916 1088 988 qui
1131 915 1241 985 jam
1268 916 1434 972 corde
1479 916 1806 982 crediderat,
1839 925 1891 972 et
1917 917 2138 988 deputa-

537 1010 655 1059 tum
682 1002 759 1060 illi
789 1011 904 1060 erat
949 1004 1019 1060 ad
1059 1005 1343 1074 justitiam.
1394 1006 1503 1060 Cur
1533 1021 1664 1078 ergo
1713 1007 1764 1061 ei
1808 1015 2137 1078 praeceptum

540 1099 644 1162 est,
675 1099 735 1148 ut
761 1107 978 1148 omnem
1007 1093 1266 1164 deinceps
1296 1093 1556 1150 infantem
1599 1095 1903 1150 masculum
1947 1103 2138 1152 octavo

537 1180 626 1236 die
655 1180 1072 1238 circumcideret
1114 1182 1279 1254 (Gen.
1318 1184 1483 1255 xvu),
1536 1183 1629 1257 qui
1656 1185 1897 1240 nondum
1925 1192 2139 1257 poterat

542 1270 711 1326 corde
740 1271 968 1327 credere
1024 1278 1079 1328 ut
1107 1270 1159 1326 ei
1191 1267 1570 1343 'deputaretur
1622 1273 1692 1328 ad
1715 1273 1999 1342 justitiam,
2031 1273 2136 1328 nisi

545 1359 673 1432 quia
698 1367 754 1415 et
787 1359 963 1430 ipsum
992 1375 1090 1431 per
1148 1361 1390 1431 seipsum
1447 1370 1847 1418 sacramentum
1905 1363 2134 1419 multum

538 1447 797 1504 valebat?
826 1448 982 1520 Quod
1011 1449 1066 1504 in
1086 1447 1198 1506 ﬁlio
1217 1450 1392 1524 Moysi
1418 1467 1517 1522 per
1545 1452 1800 1525 angelum
1819 1451 2135 1508 manifesta-

537 1543 652 1592 tum
682 1545 764 1592 est
793 1537 993 1610 (Exod.
1026 1539 1169 1611 xiv),
1205 1540 1297 1611 qui
1337 1555 1463 1596 cum
1495 1541 1673 1597 adhuc
1719 1541 2135 1598 incircumcisus

539 1641 573 1682 a
602 1633 770 1682 matre
825 1626 1076 1694 ferretur,
1108 1629 1365 1700 praesenti
1395 1638 1450 1686 et
1497 1629 1736 1686 evidenti
1785 1630 2034 1703 periculo
2077 1639 2136 1688 ut

537 1714 1018 1772 circumcideretur
1046 1726 1295 1774 exactum
1325 1727 1426 1786 est,
1462 1728 1516 1775 et
1544 1735 1666 1777 cum
1729 1719 1933 1776 factum
1963 1729 2128 1789 esset,

2244 553 2372 610 licet
2401 563 2492 609 aut
2519 554 2777 610 invisibili
2807 557 2976 629 gratia
3006 573 3129 614 cum
3152 557 3353 614 visibili
3369 569 3726 630 sacramento,
3751 571 3847 619 aut

2241 641 2497 698 invisibili
2528 644 2702 716 gratia
2750 645 2867 700 sine
2897 639 3097 701 visibili
3125 658 3466 704 sacramento
3503 659 3741 718 renatus,
3766 651 3845 708 ita

2239 731 2484 787 veridica
2514 742 2596 788 est
2609 733 2852 803 ejusdem
2883 733 3182 790 Salvatoris
3213 736 3384 792 nostri
3413 739 3698 810 sententia,
3731 757 3844 812 qua

2239 820 2369 876 dicit
2402 837 2416 874 :
2443 822 2561 878 Nisi
2589 823 3071 879 manducaverih’s
3090 841 3323 881 carnem
3350 827 3484 882 Filii
3511 828 3755 885 hominis
3784 834 3845 886 et

2239 910 2415 967 biberi
2419 912 2493 967 tis
2506 913 2627 984 ejus
2643 913 3121 984 sanguinem,non
3141 913 3408 971 habebitis
3422 917 3600 972 vitam
3619 921 3682 974 in
3694 918 3844 976 vobis

2239 998 2421 1070 (Joan.
2446 999 2545 1071 vx).
2580 1001 2735 1056 Unde
2764 1001 2910 1056 idem
2938 1002 3128 1058 beatus
3157 1003 3494 1077 Augustinus
3514 1006 3570 1061 in
3587 1023 3842 1065 sermone

2238 1089 2306 1142 ad
2317 1087 2550 1144 infantes
2569 1090 2637 1144 ad
2659 1091 2828 1145 altare
2847 1091 3170 1148 accedentes
3186 1093 3254 1148 de
3268 1094 3626 1152 Sacramento
3649 1115 3662 1151 :
3689 1098 3838 1154 «Do-

2237 1177 2438 1245 minus,
2470 1177 2660 1251 inquit,
2696 1180 2854 1235 Jesus
2883 1181 3127 1236 Christus
3143 1197 3242 1238 nos
3272 1182 3613 1254 signiﬁcavit,
3647 1202 3748 1242 nos
3768 1187 3836 1242 ad

2237 1283 2297 1322 se
2328 1266 2601 1338 pertinere
2631 1268 2817 1337 voluit,
2858 1270 3176 1341 mysterium
3202 1271 3352 1343 pacis
3378 1281 3431 1328 et
3484 1273 3700 1330 unitatis
3730 1292 3836 1332 no-

2237 1363 2365 1412 strae
2389 1355 2446 1411 in
2471 1373 2566 1412 sua
2585 1373 2776 1414 mensa
2787 1360 3122 1416 sonsecravit
3145 1376 3158 1416 :
3185 1359 3279 1432 qui
3295 1361 3492 1433 accipit
3515 1364 3835 1435 mysterium

2233 1444 2473 1512 unitatis,
2511 1454 2564 1501 et
2593 1462 2704 1502 non
2732 1455 2878 1503 tenet
2905 1447 3180 1504 vinculum
3198 1450 3368 1521 pacis,
3400 1466 3508 1506 non
3521 1453 3839 1524 mysterium

2233 1533 2429 1606 accipit
2456 1551 2558 1607 pro
2588 1551 2668 1604 se,
2705 1537 2801 1592 sed
2831 1537 3195 1594 testimonium
3225 1547 3418 1594 contra
3447 1556 3527 1595 se.
3575 1541 3720 1597 Nulli
3751 1551 3840 1599 est

2235 1622 2578 1696 aliquatenus
2633 1625 3020 1700 ambigendum
3069 1635 3196 1684 tunc
3227 1645 3668 1703 unumquemque
3688 1629 3834 1688 fide-

2233 1712 2366 1768 lium
2383 1713 2630 1784 corporis
2652 1715 3041 1789 sanguinisque
3064 1715 3333 1774 Dominici
3352 1717 3671 1790 participem
3689 1719 3829 1790 ﬁeri,

537 1803 766 1876 depulsa
785 1813 867 1860 est
893 1806 1183 1877 pernicies.
1217 1807 1365 1863 Sicut
1390 1825 1526 1882 ergo
1545 1808 1600 1863 in
1622 1809 1896 1864 Abraham
1927 1811 2127 1878 (Exod.
2159 1833 2212 1892 Β
2236 1802 2449 1892 quando
2506 1802 2563 1858 in
2603 1803 2924 1874 baptismate
2970 1805 3274 1860 membrum
3329 1807 3578 1879 corporis
3636 1809 3834 1866 Christi

471 1926 478 1932 -
536 1893 618 1965 ιν)
674 1894 955 1966 praecessit
977 1895 1184 1964 justitia
1233 1894 1379 1964 fidei,
1411 1904 1466 1953 et
1511 1897 1744 1954 accessit
1791 1897 2131 1955 circumcisio

538 1982 883 2056 signaculum
903 1984 1125 2053 justitim
1153 1983 1301 2056 ﬁdei,
1332 1986 1407 2042 ita
1454 1985 1510 2042 in
1553 1987 1805 2044 Cornelio
1849 1989 2132 2060 praecessit

535 2072 889 2129 sanctiﬁcatio
945 2073 1206 2145 spiritalis
1251 2075 1308 2130 in
1349 2075 1494 2132 dono
1537 2076 1770 2148 Spiritus
1817 2077 2012 2146 sancti,
2082 2086 2134 2134 et

533 2161 764 2218 accessit
819 2171 1216 2218 sacramentum
1291 2165 1718 2238 regenerationis
1789 2167 1844 2222 in
1917 2166 2132 2224 lavacro

536 2249 810 2322 baptismi.
843 2251 913 2306 Et
960 2252 1102 2309 sicut
1145 2251 1202 2309 in
1247 2254 1401 2313 Isaac
1429 2254 1588 2326 (Gen.
1621 2254 1768 2327 xxi),
1817 2255 1910 2328 qui
1935 2264 2130 2314 octavo

536 2354 650 2396 suae
677 2339 970 2396 nativitatis
999 2341 1088 2397 die
1117 2341 1475 2400 circumcisus
1505 2351 1608 2412 est,
1630 2345 1912 2416 praecessit
1941 2346 2130 2418 signa-

536 2427 718 2486 culum
743 2429 965 2498 justitiae
995 2429 1122 2486 tidei
1152 2439 1205 2487 et
1235 2433 1492 2504 quoniam
1521 2434 1690 2505 patris
1711 2433 1875 2490 ﬁdem
1895 2435 2132 2491 imitatus

535 2525 640 2588 est,
658 2526 848 2575 secuta
877 2526 961 2575 est
988 2519 1046 2575 in
1077 2530 1354 2578 crescente
1384 2522 1505 2596 ipsa
1516 2523 1745 2593 justitia,
1777 2524 1931 2594 cujus
1952 2523 2132 2598 signa-

536 2606 719 2664 culum
746 2607 801 2663 in
846 2607 1049 2665 infante
1097 2619 1470 2682 praecesserat,
1530 2611 1602 2667 ita
1645 2613 1702 2667 in
1731 2613 2010 2684 baptizatis
2041 2613 2130 2670 in-

532 2695 772 2754 fantibus
792 2699 1052 2769 pmcedit
1079 2699 1511 2773 regenerationis
1549 2711 1970 2771 sacramentum,
2004 2711 2056 2759 et
2087 2703 2133 2758 si

536 2785 898 2842 Christianam
945 2789 1212 2844 tenuerint
1254 2790 1528 2862 pietatem,
1575 2791 1818 2863 sequitur
1865 2793 2028 2848 etiam
2075 2792 2132 2849 in

537 2874 708 2934 corde
737 2877 1042 2946 conversio,
1074 2879 1227 2948 cujus
1253 2879 1569 2951 mysterium
1604 2881 1888 2952 praecessit
1916 2881 1971 2935 in
2002 2897 2130 2937 cor-

533 2978 690 3038 pore.
727 2964 792 3021 Et
819 2965 958 3023 sicut
987 2967 1043 3022 in
1063 2966 1155 3022 illo
1174 2967 1385 3024 latrone
1414 2969 1561 3040 quod
1589 2985 1652 3024 ex
1675 2969 1930 3042 baptismi
1953 2986 2132 3027 sacra-

534 3060 722 3110 mento
748 3053 1012 3126 defuerat,
1047 3056 1338 3128 complevit
1367 3055 1768 3130 Omnipotentis
1797 3059 2124 3132 benignitas,
2166 3103 2183 3117 ι

2235 1889 2485 1959 efﬁcitur,
2517 1907 2617 1948 nec
2645 1893 2870 1948 alienari
2895 1893 2961 1948 ab
2993 1893 3136 1950 illius
3180 1894 3334 1966 panis
3365 1895 3661 1969 calicisque
3691 1914 3830 1954 con-

2235 1979 2424 2046 sortio,
2458 1980 2620 2036 etiam
2651 1982 2697 2036 si
2736 1991 3028 2054 antequam
3056 1999 3255 2054 panem
3284 1983 3437 2040 illum
3467 1986 3740 2054 comedat,
3777 1997 3833 2045 et

2233 2068 2459 2125 calicem
2514 2069 2680 2140 bibat,
2732 2070 2801 2126 de
2857 2071 2962 2127 hoc
3009 2071 3210 2128 saeculo
3264 2072 3321 2127 in
3351 2073 3553 2130 unitate
3584 2075 3832 2147 corporis

2233 2157 2432 2214 Christi
2454 2159 2774 2215 constitutus
2801 2160 3078 2216 abscedat.
3115 2162 3456 2218 Sacramenti
3477 2163 3832 2236 quippeillius

2230 2247 2641 2319 participatione
2671 2265 2735 2306 ac
2764 2248 3030 2306 beneﬂcio
3053 2267 3162 2306 non
3180 2251 3439 2322 privatur,
3475 2253 3694 2326 quando
3714 2254 3834 2326 ipse

2229 2337 2335 2393 hoc
2357 2338 2504 2408 quod
2556 2337 2690 2392 illud
2727 2347 3126 2395 sacramentum
3173 2340 3442 2412 significat
3471 2342 3762 2399 invenitur.
3801 2365 3826 2394 ι

2232 2426 2328 2482 His
2373 2435 2572 2497 autem,
2607 2426 2700 2500 qui
2727 2427 2868 2484 forte
2897 2429 3160 2485 obeuntes
3180 2429 3359 2486 viatici
3387 2431 3628 2487 muneris
3673 2449 3831 2490 com-

2230 2514 2486 2571 munione
2517 2515 2855 2572 reconciliari
2893 2518 3182 2590 petierunt,
3215 2519 3314 2574 sed
3369 2520 3662 2591 impetrare
3720 2537 3834 2594 non

2229 2612 2542 2676 potuerunt,
2576 2605 2866 2662 convenire
2893 2622 3058 2678 posse
3097 2607 3311 2664 videtur
3363 2609 3672 2666 remedialis
3701 2627 3831 2666 sen-

2231 2694 2396 2748 tentia
2415 2694 2659 2763 ejusdem
2677 2695 2817 2750 beati
2837 2696 3145 2771 Augustini,
3165 2714 3328 2770 quam
3342 2697 3570 2754 laudans
3603 2717 3832 2757 sensum

2228 2782 2370 2839 beati
2400 2783 2654 2856 Cypriani
2697 2785 2766 2840 de
2793 2785 2878 2841 his
2933 2785 3024 2858 qui
3071 2785 3129 2841 in
3167 2787 3372 2843 unitate
3402 2788 3664 2845 Ecclesiae
3694 2791 3830 2846 dor-

2229 2867 2479 2936 mierunt,
2511 2876 2563 2923 et
2588 2869 2789 2926 idcirco
2809 2869 2876 2924 ab
2896 2870 3160 2927 Ecclesiae
3187 2872 3502 2928 muneribus
3521 2889 3632 2930 non
3661 2891 3830 2948 sepa-

2229 2956 2331 3011 rati
2358 2957 2742 3025 credebantur,
2784 2958 2916 3015 dicit
2945 2977 2958 3014 :
2998 2981 3022 3011 α
3055 2961 3200 3017 Bene
3231 2961 3449 3033 quidem
3477 2965 3831 3037 praesumpsit

2228 3045 2373 3116 quod
2403 3046 2631 3102 Charitas
2661 3047 2876 3103 unitatis
2907 3050 3192 3120 cooperire
3217 3060 3402 3122 posset
3427 3052 3830 3110 multitudinem

531 3141 657 3216 quia
686 3158 796 3200 non
828 3144 1086 3216 superbia
1123 3145 1210 3202 vel
1257 3154 1588 3218 contemptu,
1649 3149 1747 3203 sed
1803 3148 2125 3205 necessitate
2160 3199 2204 3218 η
2225 3143 2586 3206 peccatorum.
2624 3157 2646 3188 ι
2678 3135 2747 3192 Et
2771 3137 2858 3192 his
2888 3138 3182 3194 concinens
3209 3139 3399 3196 beatus
3426 3142 3750 3198 Ambrosius
3771 3143 3830 3200 in

530 3199 780 3289 defuerat
811 3251 826 3290 :
859 3199 938 3290 sic
965 3234 1021 3289 in
1077 3234 1370 3292 infantibus
1399 3199 1503 3308 quir
1540 3199 1796 3308 baptizati
1823 3239 2126 3294 moriuntur
2157 3199 2206 3264 Ο
2228 3223 2368 3280 libro
2400 3224 2468 3280 de
2487 3234 2660 3282 ωοτίθ
2691 3226 3054 3283 Valentiniani
3078 3227 3217 3285 inter
3244 3229 3353 3285 alia
3379 3229 3508 3287 die“
3535 3232 3684 3306 (Ροδί
3700 3249 3826 3290 τηε-

533 3323 729 3378 eadem
775 3324 958 3398 gratia
989 3322 1390 3398 Omnipotentis
1427 3326 1658 3398 implere
1704 3328 1976 3384 credenda
2018 3337 2121 3397 est,

531 3411 678 3484 quod
697 3427 807 3470 non
835 3428 902 3469 ex
930 3412 1096 3486 impia
1123 3414 1416 3482 voluntate,
1452 3415 1550 3471 sed
1581 3433 1648 3471 ex
1677 3417 1849 3472 aetatis
1864 3417 2122 3491 indigen-

526 3499 622 3569 tia,
653 3517 755 3561 nec
773 3503 939 3559 corde
972 3504 1201 3561 credere
1231 3505 1301 3560 ad
1325 3504 1590 3574 justitiam
1618 3514 1866 3577 possunt,
1899 3523 2001 3562 nec
2029 3523 2123 3564 ore

524 3589 766 3650 confiteri
794 3593 865 3650 ad
894 3593 1140 3650 salutem.
1188 3593 1318 3650 Ideo
1364 3610 1488 3651 cum
1517 3611 1616 3667 pro
1663 3595 1743 3651 eis
1768 3595 1860 3650 alii
1887 3612 2122 3668 respon-

523 3679 674 3749 dent,
705 3690 764 3737 ut
804 3682 1095 3754 impleatur
1122 3699 1254 3754 erga
1309 3699 1404 3739 eos
1435 3684 1732 3740 celebratio
1779 3686 2118 3754 sacramenti,

525 3769 667 3827 valet
722 3770 907 3842 utique
953 3773 1030 3826 ad
1073 3787 1265 3828 eorum
1319 3773 1804 3840 consecrationem,
1838 3774 1963 3845 quia
2017 3775 2122 3846 ipsi

527 3859 859 3930 respondere
887 3875 996 3915 non
1026 3869 1292 3932 possunt:
1326 3869 1382 3918 at
1430 3862 1479 3917 si
1506 3877 1608 3934 pro
1640 3878 1706 3918 eo
1735 3863 1828 3935 qui
1884 3879 2120 3936 respon-

525 3947 660 4004 dere
681 3955 860 4020 potest
887 3947 1026 4004 alius
1082 3951 1424 4022 respondeat,
1456 3966 1566 4006 non
1603 3949 1790 4006 itidem
1817 3951 1978 4008 valet.
2037 3953 2120 4010 Ex

523 4051 632 4110 qua
647 4037 840 4110 regula
858 4037 994 4094 illud
1015 4038 1070 4094 in
1091 4039 1394 4113 Evangelia
1414 4040 1617 4097 dictum
1638 4049 1738 4110 est,
1763 4042 1908 4114 quod
1928 4059 2120 4098 omnes

521 4140 646 4185 cum
674 4126 873 4199 legitur
899 4129 1215 4185 naturaliter
1239 4137 1422 4186 movet
1459 4147 1474 4185 :
1503 4132 1750 4187 Etatem
1781 4132 1964 4198 habet,
1999 4133 2120 4206 ipse

517 4231 619 4288 pro
646 4233 704 4274 se
747 4218 1010 4291 loquatur
1037 4218 1220 4296 (Joan.
1257 4218 1360 4290 lx).
1395 4220 1553 4293 (Cap.
1586 4220 1702 4293 25.)
1735 4219 1946 4289 Quibus
1993 4237 2117 4277 om-

517 4305 680 4362 nibus
709 4307 876 4362 rebus
905 4307 1224 4377 ostenditur,
1257 4307 1404 4364 aliud
1433 4325 1555 4365 esse
1585 4319 1985 4366 sacramentum
2014 4311 2116 4366 ba-

514 4396 720 4468 ptismi,
749 4395 897 4452 aliud
927 4397 1344 4454 conversionem
1383 4399 1586 4466 cordis,
1625 4400 1725 4455 sed
1755 4400 1980 4456 salutem
2011 4401 2114 4456 ho-

512 4485 678 4542 minis
725 4501 794 4542 ex
846 4493 1078 4558 utroque
1134 4487 1396 4559 compleri
1431 4507 1444 4543 :
1475 4504 1580 4545 nec
1619 4489 1666 4543 si
1719 4505 1887 4545 unum
1922 4491 2115 4546 horum

2225 3313 2401 3384 dium,
2419 3331 2612 3372 versus
2625 3315 2824 3388 ﬁnem)
2841 3337 2859 3372 :
2881 3338 2903 3367 α
2928 3317 3051 3372 Non
3071 3318 3235 3373 habet
3257 3335 3388 3391 ergo
3408 3320 3642 3393 gratiam
3660 3337 3827 3396 quam

2221 3404 2518 3475 poposcit?
2544 3405 2752 3478 thuia
2773 3406 3040 3478 poposcit,
3073 3407 3283 3480 accepit
3315 3425 3328 3464 :
3358 3417 3410 3464 et
3444 3409 3538 3465 ubi
3563 3410 3696 3466 illud
3713 3421 3818 3478 est,

2222 3493 2408 3548 Justus
2456 3509 2778 3567 quacunque
2835 3504 3007 3551 morte
3055 3507 3365 3568 przeventus
3405 3497 3585 3566 fuerit,
3639 3501 3828 3557 anima

2223 3581 2341 3650 ejus
2371 3583 2427 3638 in
2470 3584 2660 3655 requie
2691 3584 2834 3640 erit?
2863 3585 3026 3642 Solve
3054 3585 3243 3660 igitur,
3272 3596 3430 3659 pater
3461 3597 3664 3659 sancte,
3694 3608 3823 3646 mu-

2223 3687 2325 3726 nus
2382 3688 2539 3728 servo
2569 3680 2680 3738 tuo,
2715 3674 2861 3744 quod
2892 3675 3104 3747 Moyses
3161 3676 3292 3731 dum
3348 3677 3404 3732 in
3436 3678 3629 3750 spiritu
3664 3680 3821 3748 vidit,

2221 3760 2445 3832 accepit,
2480 3762 2624 3834 quod
2653 3763 2830 3819 David
2885 3763 3013 3836 quia
3059 3781 3125 3820 ex
3155 3765 3485 3824 revelatione
3541 3769 3822 3841 cognovit,

2222 3851 2447 3905 emeruit
2475 3852 2626 3925 (Sep.
2661 3853 2760 3925 iv).
2795 3853 2980 3923 Solve,
2997 3854 3237 3927 inquam,
3289 3873 3452 3914 servo
3486 3865 3577 3913 tuo
3609 3859 3820 3915 Valen-

2221 3937 2425 3995 tiniano
2454 3957 2650 3996 munus
2679 3942 2826 4014 quod
2843 3944 3170 4016 concupivit,
3189 3961 3386 4000 munus
3405 3947 3547 4019 quod
3569 3949 3820 4018 poposcit

2219 4043 2402 4095 sanus,
2457 4030 2724 4100 robustus,
2778 4031 3085 4089 incolumis.
3136 4033 3193 4090 Si
3235 4032 3458 4092 affectus
3500 4037 3822 4110 aegritudine

2217 4117 2533 4186 distulisset,
2593 4129 2772 4176 tamen
2829 4137 2939 4178 non
2991 4122 3208 4194 penitus
3261 4141 3292 4179 a
3322 4132 3412 4180 tua
3440 4125 3820 4184 misericordia

2217 4216 2362 4264 esset
2389 4209 2616 4276 alienus,
2633 4209 2723 4282 qui
2753 4211 3024 4269 celeritate
3057 4213 3314 4284 temporis
3335 4222 3604 4272 essetnon
3626 4215 3823 4273 volun-

2217 4305 2322 4354 tate
2353 4297 2652 4356 fraudatus.
2676 4299 2836 4356 Solve
2867 4317 2998 4375 ergo
3029 4319 3190 4359 servo
3211 4311 3306 4360 tuo
3326 4321 3523 4361 munus
3546 4313 3652 4363 tuae
3679 4323 3815 4379 gra-

2216 4387 2324 4455 tia-3,
2381 4404 2542 4462 quam
2591 4389 2682 4445 ille
2738 4407 3018 4463 nunquam
3056 4392 3295 4465 negavit,
3355 4395 3449 4467 qui
3497 4403 3624 4452 ante
3668 4396 3815 4453 diem

2213 4477 2402 4534 mortis
2431 4479 2755 4550 templorum
2803 4480 3090 4556 privilegia
3139 4483 3358 4554 negavit
3403 4484 3814 4559 insurgentibus

516 4573 771 4644 defuerit,
803 4573 928 4630 ideo
956 4583 1144 4647 putare
1168 4576 1432 4632 debemus
1461 4593 1804 4650 consequens
1835 4595 1955 4635 esse
1972 4587 2030 4634 ut
2059 4588 2114 4635 et

2224 4584 2352 4640 quos
2374 4569 2612 4624 revereri
2634 4578 2839 4641 posset.
2862 4571 3084 4626 Astabat
3114 4571 3352 4629 virorum
3384 4583 3599 4631 caterva
3629 4576 3814 4648 genti-

510 4663 734 4721 alteram
763 4663 941 4720 desit:
975 4665 1099 4738 quia
1129 4673 1184 4722 et
1240 4665 1374 4722 illud
1403 4667 1521 4722 sine
1550 4666 1656 4723 isto
1691 4675 1867 4738 potest
1905 4685 2028 4724 esse
2057 4669 2113 4724 in

510 4752 734 4826 infante,
766 4763 820 4810 et
853 4755 956 4811 hoc
986 4755 1104 4811 sine
1131 4755 1226 4812 illo
1251 4757 1424 4828 potuit
1455 4773 1577 4812 esse
1606 4757 1660 4811 in
1691 4756 1920 4826 latrone,
1954 4774 2108 4814 com—

508 4841 692 4911 plente
723 4845 840 4900 Deo
896 4844 1013 4901 sive
1065 4845 1120 4900 in
1149 4844 1262 4912 illo,
1297 4846 1412 4901 sive
1466 4846 1524 4900 in
1550 4845 1674 4912 isto,
1708 4847 1854 4918 quod
1911 4863 2021 4902 non
2041 4864 2106 4904 ex

506 4929 780 4987 voluntate
809 4933 1089 4990 defuisset.
1125 4936 1259 4990 Cum
1291 4951 1421 4991 vero
1479 4951 1544 4990 ex
1574 4935 1851 4991 voluntate
1877 4935 2104 4993 alterum

505 5020 697 5076 horum
727 5021 978 5090 defuerit,
1020 5032 1169 5080 reatu
1225 5025 1502 5081 hominem
1528 5024 1750 5080 involvi.
1798 5025 1869 5080 Et
1923 5026 2102 5099 bapti-

503 5125 654 5166 smus
685 5109 904 5182 quidem
933 5120 1112 5183 potest
1137 5114 1320 5170 inesse
1349 5113 1440 5169 ubi
1471 5113 1755 5171 conversio
1785 5115 1968 5170 cordis
1997 5117 2098 5172 de-

499 5197 666 5257 fuerit
697 5215 711 5256 :
746 5201 1032 5258 conversio
1062 5211 1245 5259 autem
1265 5203 1443 5259 cordis
1463 5211 1641 5274 potest
1669 5203 1886 5276 quidem
1915 5207 2097 5262 inesse

497 5303 610 5346 non
639 5299 896 5362 percepto
917 5290 1206 5362 baptismo,
1239 5292 1339 5347 sed
1371 5301 1679 5365 contempto
1700 5294 1964 5366 baptismo
1986 5313 2096 5352 non

496 5387 695 5451 potest.
743 5381 935 5452 Neque
991 5379 1134 5436 enim
1180 5381 1291 5437 ullo
1346 5382 1509 5438 modo
1564 5383 1794 5439 dicenda
1851 5393 1932 5440 est
1961 5402 2094 5442 con-

497 5467 680 5526 versio
711 5469 892 5527 cordis
919 5469 986 5524 ad
1019 5471 1212 5540 Deum,
1243 5486 1369 5527 cum
1398 5471 1498 5526 Dei
1528 5482 1924 5529 sacramentum
1957 5491 2088 5531 con-

2213 4657 2365 4723 lium,
2402 4659 2740 4730 supplicabat
2769 4667 2990 4715 senatus
3021 4677 3032 4716 :
3060 4677 3168 4717 non
3197 4663 3471 4719 metuebat
3500 4665 3812 4722 hominibus

2213 4746 2520 4818 displicere,
2555 4757 2612 4804 ut
2639 4749 3107 4821 tibisoliplaceret
3137 4750 3194 4807 in
3225 4753 3456 4809 Christo.
3485 4752 3591 4824 Qui
3621 4755 3812 4810 habuit

2210 4835 2458 4906 spiritum
2479 4845 2648 4904 tuum,
2683 4839 2956 4910 quomodo
2986 4855 3096 4896 non
3127 4841 3338 4913 accepit
3365 4843 3596 4916 gratiam
3620 4852 3764 4900 tuam
3780 4837 3820 4899 ?'

2206 4927 2311 4980 Aut
2364 4925 2490 4998 quia
2520 4927 2831 4983 solemniter
2886 4945 2996 4984 non
3026 4937 3149 4984 sunt
3207 4930 3478 4988 celebrata
3525 4933 3808 5006 mysterial

2202 5014 2308 5072 hoc
2345 5015 2572 5071 movet?
2599 5016 2748 5088 Ergo
2779 5034 2879 5074 nec
2907 5027 3177 5090 martyres
3208 5019 3254 5076 si
3277 5022 3654 5078 catechumeni
3682 5021 3806 5079 fne-

2201 5104 2309 5158 rint
2333 5113 2666 5160 coronentur
2695 5106 2721 5160 ‘l
2747 5107 2872 5162 Non
2919 5107 3064 5163 enim
3093 5117 3440 5179 coronantur,
3474 5111 3521 5167 si
3553 5129 3664 5168 non
3689 5112 3802 5168 ini-

2200 5193 2418 5248 tiantur.
2444 5193 2602 5263 Quod
2631 5195 2678 5250 si
2709 5212 2806 5251 suo
2824 5196 3114 5254 abluuntur
3143 5199 3431 5274 sanguine,
3465 5209 3516 5257 et
3544 5203 3688 5259 hunc
3706 5218 3808 5258 sua

2195 5283 2368 5354 pietas
2401 5282 2570 5339 abluit
2601 5292 2652 5340 et
2682 5285 2946 5342 voluntas.
2987 5308 3008 5337 ιο
3042 5288 3113 5343 Ει
3154 5287 3284 5344 item
3318 5289 3462 5346 idem
3493 5291 3548 5346 in
3608 5292 3805 5348 eodem

2193 5371 2330 5428 libro
2364 5374 2497 5442 (non
2523 5375 2679 5447 longe
2699 5392 2733 5430 α
2751 5376 3094 5450 principio):
3134 5399 3156 5430 «
3183 5378 3379 5434 Beatus
3400 5380 3559 5452 plane
3590 5381 3680 5454 qui
3709 5398 3799 5448 ve,

2192 5460 2248 5516 in
2269 5470 2545 5518 senectute
2575 5465 2871 5521 correxerit
2916 5482 3200 5524 errorem:
3232 5467 3420 5525 beatus
3467 5471 3558 5544 qui
3588 5471 3675 5528 vel
3705 5472 3810 5528 sub

491 5557 766 5615 temnitur.
805 5579 828 5610 ι
860 5559 1070 5632 thuia
1092 5559 1228 5616 sicut
1247 5560 1482 5617 veridica
1503 5571 1583 5618 est
1599 5564 1866 5618 sententia
1893 5563 2086 5622 Salva-
2188 5551 2298 5608 ίοῐυ
2327 5552 2512 5608 mortis
2541 5553 2784 5610 animum
2813 5555 3006 5611 avertit
3035 5573 3066 5611 θ
3087 5557 3248 5615 γίῑίίδ-
3281 5560 3440 5616 Βοαίὶ
3479 5561 3625 5616 enim
3662 5564 3804 5635 quo-

490 5647 625 5706 toris
640 5648 832 5706 nostri:
852 5649 1785 5726 Nisiquisrenatusfueritexaqua
1800 5654 2086 5726 etSpiritu
2186 5667 2318 5707 rum
2351 5655 2497 5708 tecta
2526 5657 2664 5708 sunt
2686 5659 2923 5727 peccata
2943 5657 3116 5726 (Prol.
3150 5657 3337 5730 xxxi),
3373 5656 3498 5731 quia
3527 5657 3799 5730 scriptum
