4164 6308
388 334 490 388 473
1139 327 1384 384 OPUSC.
1444 326 1536 384 ET
1575 324 1794 381 EPIST.

1857 322 1931 378 IN
1977 320 2204 380 CAUSA
2261 321 2605 380 IIINCMARI
2661 322 2965 382 LAUDUN.

3586 324 3690 382 4⁵74

384 465 471 512 est
508 454 743 512 :Desine
777 472 812 510 ιι
839 455 1008 520 malo,
1033 457 1091 510 et
1109 456 1202 525 fac
1217 455 1441 520 bonum,
1466 451 1791 508 etinhabita
1808 452 1871 506 in
1884 466 1980 505 sce-
2007 448 2063 508 A
2081 448 2394 504 sericordie
2421 447 2521 503 Dei
2551 464 2654 504 nec
2681 463 2968 503 mensuras
2998 463 3290 520 possumus
3319 463 3546 519 ponere,
3580 462 3685 504 nec

391 547 589 602 culum
609 545 805 600 saeculi
825 545 999 615 (Psal.
1022 543 1249 612 xxxvr).
1273 541 1592 614 Quicunque
1615 558 1745 612 ergo
1767 542 1988 600 desierit

383 651 415 690 a
445 633 707 706 peccatis,
743 640 795 688 et
829 631 988 686 fuerit
1020 632 1090 686 ad
1121 631 1349 686 meliora
1380 632 1434 685 in
1481 647 1803 703 quacunque
1847 648 1985 689 con-

387 739 585 779 versus
611 730 789 788 aetate,
821 721 1045 776 habebit
1076 720 1412 791 superiorum
1442 719 1834 792 indulgentiam
1857 738 1985 792 pec-

385 819 648 877 catorum,
685 828 805 882 quae
834 810 994 865 fuerit
1025 811 1110 865 vel
1127 809 1426 881 paenitendi
1440 808 1723 864 confessus
1765 809 1982 879 affectu,

385 901 476 956 vel
507 899 820 974 corrigendi
848 906 1135 955 aversatus
1167 899 1408 970 ingenio.
1442 920 1463 948 υ

927 989 1153 1044 CUPUT
1215 987 1449 1043 XLVIII.

386 1082 466 1136 De
495 1079 568 1135 iis
596 1081 691 1151 qui
720 1079 892 1134 nimis
924 1081 1123 1151 amant
1153 1078 1502 1151 sententiam
1532 1094 1696 1133 suam
1713 1095 1887 1151 usque
1915 1080 1986 1135 ad

840 1150 1086 1205 schisma
1117 1150 1203 1204 vel
1247 1149 1527 1204 haeresim.

457 1241 541 1294 Ex
568 1239 673 1306 his,
708 1237 895 1307 frater,
928 1237 1220 1310 diligenter
1247 1237 1463 1292 attende
1492 1245 1544 1292 et
1594 1237 1986 1308 perspicaciter

385 1329 606 1400 collige,
643 1327 769 1398 quia
797 1327 923 1382 licet
953 1327 1090 1382 sicut
1119 1325 1174 1380 in
1214 1325 1307 1380 illo
1349 1325 1557 1381 latrone
1603 1327 1756 1396 (Luc.
1793 1326 1982 1399 xxm),

386 1419 536 1490 quod
585 1433 650 1472 ex
687 1415 942 1486 baptismi
998 1423 1336 1471 sacramento
1381 1423 1434 1469 et
1493 1415 1985 1472 communicatione

384 1506 630 1578 corporis
661 1514 712 1560 et
733 1505 1015 1578 sanguinis
1039 1505 1235 1559 Christi
1251 1505 1397 1576 (qum
1432 1512 1772 1559 sacramenta
1825 1513 1984 1560 ante-

384 1613 549 1668 quam
578 1593 842 1650 Dominus
868 1595 924 1648 in
954 1610 1175 1649 crucem
1199 1594 1520 1649 ascenderet
1548 1593 1660 1648 suis
1706 1593 1985 1665 discipulis

385 1685 712 1742 celebranda
740 1692 790 1738 et
822 1683 1086 1738 sumenda
1115 1683 1324 1739 cunctis
1340 1681 1588 1737 fidelibus
1609 1683 1870 1752 tradidit),
1889 1683 1984 1738 de-

379 1775 574 1839 fuerat,
610 1773 902 1844 complevit
932 1773 1317 1843 omnipotentis
1369 1771 1697 1844 benignitas,
1733 1773 1979 1843 quianon

381 1863 636 1935 superbia
665 1862 751 1917 vel
781 1870 1111 1932 contemptu,
1140 1861 1236 1916 sed
1267 1860 1589 1917 necessitate
1619 1860 1884 1929 defuerat,
1928 1871 1981 1917 et

381 1953 521 2008 sicut
548 1951 792 2023 parvulis
820 1951 1070 2016 naturali,
1119 1951 1174 2006 id
1223 1958 1304 2006 est
1353 1950 1528 2006 alieno
1605 1949 1830 2022 peCcato
1879 1952 1982 2006 ob-

385 2041 583 2111 noxiis,
628 2040 877 2109 aliorum,
923 2041 980 2095 id
1037 2048 1118 2096 est
1161 2047 1518 2111 patronorum
1560 2039 1696 2095 fides
1743 2057 1845 2110 pro
1903 2041 1982 2096 eis

382 2130 830 2201 respondentium
862 2130 917 2184 in
947 2130 1268 2200 baptismate
1299 2128 1358 2184 fit
1387 2131 1453 2184 ad
1486 2129 1730 2198 salutem,
1756 2130 1828 2184 ita
1857 2145 1983 2201 par-

379 2220 540 2286 vulis,
577 2220 774 2291 quibus
817 2219 1142 2290 baptismum
1187 2219 1451 2290 denegari
1498 2219 1726 2287 jussisti,
1777 2236 1980 2290 paren-

379 2317 494 2364 tum
519 2309 604 2364 vel
634 2316 985 2379 patronorum
1003 2308 1168 2363 corde
1191 2308 1549 2375 credentium,
1576 2316 1628 2362 et
1658 2324 1760 2379 pro
1779 2325 1980 2379 parvu-

377 2398 444 2454 lis
476 2397 591 2453 suis
615 2397 762 2453 fideli
792 2398 962 2452 verbo
994 2397 1262 2468 baptisma
1293 2398 1676 2469 expetentium,
1732 2399 1829 2453 sed
1872 2413 1980 2454 non

377 2486 803 2558 impetrantium,
863 2485 1000 2541 fides
1057 2493 1107 2540 et
1163 2485 1339 2541 fidelis
1396 2487 1685 2557 postulatio
1714 2488 1978 2558 prodesse

374 2576 632 2649 potuerit,
667 2576 811 2630 dono
843 2575 976 2645 ejus,
1013 2576 1167 2644 cujus
1198 2575 1430 2646 Spiritus
1481 2592 1588 2647 quo
1637 2577 1978 2648 regeneratio

376 2665 434 2721 fit
463 2665 557 2720 ubi
587 2665 699 2721 vult
729 2665 914 2735 spirat,
951 2665 1076 2736 quia
1105 2665 1224 2735 ipse
1255 2664 1420 2719 habet
1449 2665 1502 2719 in
1533 2673 1802 2735 potestate
1824 2666 1979 2734 cujus

378 2771 476 2811 cor
505 2755 682 2827 gratia
713 2771 824 2809 suae
853 2753 1174 2809 visitationis
1221 2753 1470 2819 illustret,
1521 2754 1656 2809 sicut
1706 2762 1758 2809 et
1786 2754 1841 2808 in
1870 2755 1978 2810 illis

379 2844 612 2909 duobus,
646 2843 740 2915 qui
767 2843 911 2898 inter
941 2843 1293 2914 Septuaginta
1323 2843 1620 2915 conscripti
1676 2843 1894 2898 fuerunt
1948 2860 1978 2898 a

377 2934 566 3004 Moyse
595 2932 784 3005 (Num.
810 2932 912 3003 x1),
946 2940 1004 2986 ut
1035 2933 1104 2986 ad
1137 2932 1539 2988 tabernaculum
1569 2932 1785 2987 Domini
1815 2933 1973 3000 irent,

377 3031 430 3078 et
459 3029 763 3095 propagato
794 3022 910 3090 ejus
942 3021 1130 3093 spiritu
1164 3022 1304 3077 inter
1333 3022 1579 3078 seniores
1598 3030 1977 3093 computaren-

375 3120 477 3179 tur,
511 3120 564 3167 ct
586 3118 931 3166 remanentes
960 3111 1013 3164 in
1044 3111 1236 3167 castris
1267 3113 1743 3182 prOphetaverunt,
1770 3120 1821 3167 et
1838 3111 1977 3168 sicut

378 3210 504 3256 ante
539 3201 868 3272 baptismum
899 3200 954 3255 in
985 3200 1299 3256 Cornelium
1330 3208 1383 3255 et
1412 3202 1614 3256 amicos
1643 3201 1764 3270 ejus
1795 3218 1981 3272 super-

379 3291 547 3359 venit,
591 3299 645 3346 et
691 3291 831 3347 sicut
877 3291 1176 3345 secundum
1229 3289 1543 3346 Africanum
1593 3291 1888 3347 concilium
1933 3299 1986 3347 et

371 3381 599 3436 decreta
642 3380 859 3443 Leonis,
918 3380 1080 3435 etiam
1123 3379 1286 3452 signa
1334 3380 1649 3450 petentium,
1707 3390 1758 3435 et
1811 3388 1984 3436 testes

373 3470 818 3526 communionem
863 3469 1272 3540 postulantium,
1326 3468 1594 3540 proficere
1639 3471 1707 3524 ad
1755 3471 1982 3526 salutem

372 3561 576 3616 debere
607 3559 824 3630 legitur,
858 3560 930 3613 ita
960 3559 1168 3614 eisdem
1198 3559 1531 3630 petentibus,
1567 3559 1694 3616 licet
1725 3576 1835 3615 non
1891 3561 1987 3615 im-

375 3650 739 3722 petrantibus,
777 3648 1232 3715 communionem,
1287 3650 1484 3721 quibus
1545 3665 1663 3705 eam
1723 3649 1989 3723 denegari

367 3739 602 3810 jussisti,
653 3755 751 3810 per
797 3738 1004 3794 viscera
1052 3739 1446 3794 misericordia
1492 3740 1591 3794 Dei
1641 3739 1832 3805 nostri,
1895 3741 1986 3811 qui

371 3829 554 3901 posuit
585 3829 842 3884 tenebras
871 3828 1154 3884 latibulum
1185 3845 1362 3895 suum,
1398 3836 1449 3883 et
1481 3828 1634 3897 cujus
1679 3827 1988 3884 misericor-

370 3919 475 3975 dia:
506 3935 610 3974 nec
639 3919 860 3973 modum
888 3935 1183 3989 possumus
1202 3935 1427 3989 ponere,
1459 3934 1561 3974 nec
1586 3927 1834 3989 tempora
1855 3917 1989 3972 diﬂi-

370 4009 510 4075 nire,
546 4009 762 4063 dicente
792 4007 892 4062 Dei
926 4008 1127 4080 Spiritu
1158 4025 1260 4079 per
1287 4009 1645 4079 prOphetam:
1677 4010 1813 4064 Cum
1830 4009 1988 4079 inge-

373 4099 617 4162 mueris,
654 4101 792 4154 tunc
826 4099 1016 4153 salvus
1047 4100 1160 4153 eris
1189 4098 1320 4168 (Isa.
1355 4098 1457 4167 ιιι),
1494 4097 1616 4169 quia
1636 4097 1780 4168 apud
1794 4097 1986 4151 Domi-

374 4204 509 4242 num
540 4186 920 4242 misericordia
952 4195 1002 4242 et
1034 4187 1256 4258 copiosa
1303 4187 1443 4257 apud
1489 4203 1612 4241 eum
1659 4185 1982 4256 redemptio,

373 4277 491 4349 ipsa
525 4293 591 4332 ex
623 4276 895 4331 desiderio
926 4275 1103 4331 fidelis
1134 4276 1442 4347 postulatio,
1480 4277 1525 4331 si
1555 4292 1665 4330 non
1681 4275 1986 4346 praescion-

379 4376 452 4430 tia
484 4375 582 4430 Dei
615 4392 682 4430 ex
714 4375 1065 4430 retributione
1090 4375 1312 4444 justitise
1334 4375 1551 4430 fuerunt
1576 4375 1631 4428 in
1653 4390 1837 4429 massa
1867 4390 1988 4444 per-

383 4465 605 4521 ditionis
638 4465 822 4520 umani
851 4465 1072 4537 generis
1096 4465 1267 4521 relicti
1297 4465 1612 4535 adpo-cnam,
1639 4464 1735 4519 sed
1757 4463 1987 4535 gratiam

2087 545 2330 609 tempora
2359 535 2627 603 deﬂinire,
2663 537 2808 608 apud
2840 553 3001 609 quem
3044 536 3222 592 nullas
3267 537 3467 608 patitur
3509 537 3684 592 veniae

2084 643 2268 682 moras
2296 643 2426 682 vera
2457 625 2748 692 confessio,
2784 625 2998 681 dicente
3027 625 3127 680 Dei
3157 626 3359 696 Spiritu
3407 642 3508 697 per
3551 641 3683 696 pro-

2083 717 2306 787 phetam
2327 715 2456 787 (Isti.
2474 716 2620 785 xxx)
2647 733 2659 769 :
2680 714 3183 788 Cumingemueris,
3197 722 3325 771 tunc
3342 715 3523 770 salvus
3536 714 3644 769 eris
3665 733 3679 782 ;

2086 812 2139 860 et
2169 804 2297 860 alibi
2327 824 2345 861 :
2378 804 2476 860 Dic
2507 813 2562 858 tu
2593 803 2902 876 iniquitates
2932 811 3052 858 tuas
3081 803 3254 874 prior,
3287 810 3345 858 ut
3369 801 3681 872 justiliceris

2087 896 2192 950 Isa.
2227 895 2386 964 xun)
2421 913 2434 960 ;
2469 901 2518 948 et
2543 894 2739 949 iterum
2763 912 2776 948 :
2805 893 2945 961 Quia
2965 893 3116 966 apud
3133 895 3438 949 Dominum
3466 892 3686 947 miseri-

2085 984 2276 1039 cordia
2297 987 2407 1049 ast,
2439 988 2495 1039 et
2524 984 2746 1056 copiosa
2774 983 2924 1054 apud
2952 984 3128 1038 Deum
3170 981 3475 1054 redemptio
3505 981 3680 1052 (Psal.

2085 1072 2305 1144 cxxxx),
2343 1073 2403 1126 In
2431 1071 2814 1144 dispensandis
2841 1071 3024 1143 itaque
3055 1070 3156 1126 Dei
3185 1070 3342 1125 donis
3371 1085 3482 1124 non
3511 1069 3682 1124 debe-

2085 1177 2205 1217 mus
2237 1178 2360 1217 esse
2391 1160 2653 1228 diﬁiciles,
2688 1177 2790 1217 nec
2820 1167 3175 1216 accusantum
3202 1175 3262 1214 se
3311 1158 3547 1230 gemitus
3592 1157 3680 1212 la-

2086 1265 2412 1322 crymasque
2443 1249 2747 1324 negligere,
2786 1264 2907 1306 cum
2928 1249 3106 1320 ipsam
3129 1245 3685 1320 poenitendiaﬂ’ectio-

2084 1355 2211 1394 nem
2243 1355 2313 1395 ex
2345 1339 2444 1394 Dei
2473 1339 2761 1395 credamus
2809 1337 3165 1411 inspiratione
3209 1344 3549 1408 conceptam,
3603 1335 3685 1391 di-

2085 1436 2240 1484 cente
2269 1427 2532 1499 Apostolo
2561 1428 2638 1500 (II
2668 1430 2806 1484 Tim.
2840 1427 2881 1498 ι)
2917 1444 2928 1482 :
2963 1428 3046 1482 Ne
3076 1427 3215 1482 forte
3245 1426 3336 1481 det
3377 1425 3486 1480 illis
3534 1425 3683 1482 Deus

2084 1517 2472 1588 paenitentiam,
2507 1525 2564 1572 ut
2595 1515 2915 1588 resipiscant
2943 1531 2972 1570 a
3003 1515 3206 1571 diaboli
3235 1513 3461 1588 laqueis,
3513 1531 3546 1569 a
3577 1529 3685 1586 quo

2085 1606 2227 1677 capti
2255 1613 2507 1662 tenentur
2535 1605 2604 1662 ad
2633 1606 2802 1678 ipsius
2831 1605 3184 1662 voluntatem.
3210 1626 3232 1655 »
3259 1606 3326 1660 Et
3344 1604 3504 1676 paulo
3524 1612 3680 1675 post:

2089 1716 2110 1745 α
2146 1696 2365 1760 Verum,
2399 1703 2457 1749 ut
2487 1695 2616 1760 dixi,
2651 1695 2808 1751 etiam
2839 1695 3025 1750 talium
3057 1694 3370 1751 necessitati
3397 1693 3470 1748 ita
3519 1692 3679 1748 auxi-

2010 1812 2064 1874 B
2083 1784 2326 1840 liandum
2357 1792 2460 1852 est,
2491 1792 2549 1839 ut
2577 1784 2716 1840 actio
2747 1784 2853 1838 illis
2885 1783 3230 1856 poenitentiae,
3279 1798 3381 1840 nec
3431 1797 3682 1838 commu-

2085 1873 2263 1928 nionis
2293 1873 2490 1945 gratia,
2524 1873 2568 1927 si
2601 1889 2720 1928 eam
2751 1873 2913 1928 etiam
2947 1873 3153 1928 amisso
3182 1872 3331 1928 vocis
3361 1870 3535 1927 officio
3583 1887 3682 1942 per

2082 1962 2283 2017 indicia
2312 1962 2513 2036 integri
2543 1979 2737 2018 sensus
2768 1962 3065 2033 postulant,
3137 1969 3383 2035 negetur.
3417 1963 3485 2016 At
3510 1960 3556 2015 si
3585 1960 3684 2016 ali-

2083 2067 2187 2125 qua
2216 2051 2270 2105 vi
2297 2051 2638 2124 aegritudinis
2669 2051 2744 2106 ita
2799 2051 2994 2108 fuerint
3051 2050 3357 2124 aggravati,
3417 2057 3476 2104 ut
3533 2050 3679 2120 quod

2083 2141 2246 2212 paulo
2289 2148 2413 2196 ante
2461 2141 2777 2212 poscebant,
2857 2141 2956 2195 sub
3030 2139 3320 2212 praesentia
3382 2137 3682 2195 sacerdotis

2082 2229 2397 2303 significare
2426 2246 2536 2285 non
2565 2230 2799 2296 valeant,
2831 2229 3143 2285 testimonia
3173 2229 3253 2284 eis
3284 2227 3526 2283 fidelium
3566 2227 3681 2283 cir-

2082 2319 2465 2376 cumstantium
2495 2320 2762 2391 prodesse
2790 2319 3086 2389 debebunt,
3119 2327 3175 2372 ut
3203 2317 3362 2372 simul
3394 2325 3447 2373 et
3499 2317 3680 2388 poeni-

2079 2409 2261 2464 tentia:
2278 2416 2330 2464 et
2351 2407 2810 2464 reconciliationis
2831 2405 3156 2463 beneficium
3179 2412 3604 2478 consequantur.
3650 2426 3674 2456 ι»
3699 2454 3703 2458 ,

2079 2498 2147 2552 Et
2177 2497 2478 2571 Gregorius
2510 2515 2524 2552 :
2565 2520 2586 2547 α
2613 2499 2863 2553 Pastores
2884 2497 3150 2553 Ecclesia
3170 2496 3218 2551 ei
3237 2511 3458 2567 poenam
3479 2495 3683 2550 debent

2079 2602 2332 2642 amovere
2382 2602 2544 2658 quam
2593 2587 2812 2652 meruit,
2867 2585 2957 2658 qui
3007 2601 3117 2640 non
3165 2584 3382 2640 erubuit
3425 2582 3676 2640 conﬁteri

2076 2676 2222 2748 quod
2252 2675 2394 2730 fecit.
2435 2696 2456 2725 ιο
2491 2677 2558 2730 Et
2588 2675 2728 2731 sacri
2758 2675 2965 2730 Nicmni
3017 2689 3256 2731 canones
3344 2673 3676 2746 generaliter

2078 2765 2226 2819 omni
2254 2764 2473 2820 cuilibet
2501 2763 2557 2818 in
2587 2765 2732 2820 exitu
2761 2764 2959 2834 posito,
3007 2772 3061 2819 et
3107 2762 3354 2835 poscenti
3399 2761 3502 2817 sibi
3526 2777 3683 2818 com-

2077 2853 2351 2908 munionis
2380 2853 2613 2926 gratiam
2643 2852 2806 2907 tribui
2837 2852 3123 2908 manifeste
3154 2851 3477 2923 praecipiunt
3527 2851 3681 2922 (can.

2080 2943 2189 3014 13).
2222 2942 2459 2997 Tertium
2492 2941 2784 3013 capitulum
2835 2949 2917 2997 est
2938 2942 3007 2997 de
3029 2941 3113 2995 his
3145 2941 3236 3012 qui
3251 2939 3413 2994 nimis
3445 2940 3678 2996 amando

2079 3031 2405 3086 sententiam
2435 3047 2608 3097 suam,
2633 3031 2720 3086 vel
2741 3031 3035 3086 invidendo
3056 3029 3396 3095 melioribus,
3417 3043 3588 3100 usque
3610 3029 3682 3084 ad

2080 3121 2444 3191 praecidenda
2490 3120 2907 3186 communionis,
2969 3128 3020 3174 et
3065 3118 3334 3175 condendi
3376 3117 3684 3174 schismatis

2087 3210 2173 3265 vel
2201 3208 2427 3266 haeresis
2459 3209 2812 3282 sacrilegium
2839 3207 3183 3279 perveniunt.
3218 3207 3373 3263 Unde
3403 3206 3548 3261 idem
3579 3206 3684 3262 do-

2086 3307 2204 3354 ctor
2233 3298 2533 3355 catholicus
2563 3315 2626 3354 ac
2656 3297 3047 3353 solertissimus
3077 3297 3207 3353 dicit
3235 3297 3516 3368 (August.,
3536 3295 3611 3350 lib
3643 3311 3686 3351 ιι

2087 3388 2152 3443 de
2183 3389 2343 3460 Bapt.
2377 3403 2499 3458 cap.
2537 3388 2587 3454 4,
2623 3388 2677 3459 5)
2711 3404 2724 3441 :
2761 3408 2782 3437 ‹‹
2821 3388 2954 3451 Hoc,
2988 3386 3260 3457 inquiens,
3307 3385 3436 3442 facit
3482 3385 3686 3440 sanitas

2085 3476 2255 3548 pacis,
2286 3485 2344 3531 ut
2372 3493 2495 3532 cum
2527 3476 2728 3532 diutius
2756 3476 2930 3548 aliqua
2975 3475 3290 3531 obscuriora
3349 3482 3681 3546 quaeruntur,

2087 3574 2139 3621 et
2169 3573 2396 3637 prOpter
2424 3565 2734 3621 inveniendi
2766 3564 3151 3630 difficultatem,
3183 3563 3427 3619 diversas
3466 3563 3686 3635 pariunt

2085 3655 2142 3710 in
2170 3655 2412 3710 fraterna
2443 3654 2835 3725 disceptatione
2866 3654 3179 3720 sententias,
3211 3653 3386 3709 donec
3405 3653 3475 3708 ad
3494 3669 3686 3708 verum

2085 3743 2347 3816 liquidum
2377 3744 2744 3816 perveniatur,
2777 3743 3050 3800 vinculum
3079 3750 3399 3815 permaneat
3442 3742 3682 3811 unitatis,

2087 3850 2155 3890 ne
2187 3834 2242 3888 in
2271 3841 2424 3906 parte
2452 3833 2681 3906 prmcisa
2709 3841 2986 3890 remaneat
3015 3832 3319 3890 insanabile
3348 3832 3544 3888 vulnus
3589 3849 3682 3888 er-

2088 3924 2246 3979 roris.
2308 3924 2378 3978 Et
2405 3923 2530 3979 ideo
2558 3924 2880 3995 plerumque
2910 3923 3243 3979 doctioribus
3271 3922 3449 3976 minus
3477 3922 3684 3994 aliquid

2089 4013 2377 4078 revelatur,
2411 4020 2470 4066 ut
2500 4029 2689 4068 eorum
2717 4013 2930 4083 patiens
2961 4020 3013 4067 et
3057 4011 3277 4067 humilis
3321 4011 3576 4079 charitas,
3627 4011 3685 4068 in

2089 4119 2192 4174 qua
2223 4101 2424 4156 fructus
2467 4102 2644 4170 major
2687 4109 2788 4168 est,
2837 4102 3240 4171 comprobatur,
3288 4100 3376 4156 vel
3408 4101 3682 4172 quomodo

2087 4197 2307 4246 teneant
2335 4191 2614 4260 unitatem,
2668 4205 2791 4245 cum
2826 4189 2881 4242 in
2923 4189 3088 4244 rebus
3135 4189 3544 4244 obscurioribus
3593 4189 3682 4244 di-

2086 4295 2250 4336 versa
2303 4279 2559 4345 sentiunt,
2609 4278 2697 4333 vel
2743 4277 3017 4350 quomodo
3063 4277 3330 4349 accipiant
3376 4277 3678 4346 veritatem,

2088 4384 2213 4426 cum
2244 4375 2436 4424 contra
2464 4368 2517 4423 id
2550 4368 2694 4440 quod
2717 4367 3021 4423 sentiebant
3050 4367 3387 4424 declaratam
3415 4383 3538 4423 esse
3592 4383 3683 4423 co-

2088 4466 2377 4532 gnoscunt.
2425 4458 2665 4528 Quorum
2711 4458 2940 4514 duorum
2988 4457 3390 4514 manifestatum
3435 4465 3698 4514 tenemus.

375 4556 475 4610 Dei
507 4571 572 4609 ex
606 4555 799 4609 eadem
829 4571 1006 4609 masse
1038 4554 1410 4626 praedestinati
1439 4555 1506 4608 ad
1539 4553 1795 4626 gloriam,
1841 4569 1976 4625 pro-
2007 4545 2058 4605 D
2082 4563 2250 4603 unum
2281 4547 2334 4602 in
2365 4549 2525 4603 beato
2554 4548 2847 4620 Cypriano,
2880 4548 2935 4603 id
2967 4555 3069 4618 est,
3121 4548 3394 4620 quomodo
3446 4547 3678 4603 tenuerit

375 4644 540 4700 desse
571 4644 817 4700 valuerit.
853 4645 1057 4699 Tamen
1089 4651 1144 4698 tu
1176 4661 1400 4699 sucurus
1433 4659 1556 4699 esse
1584 4660 1695 4699 non
1723 4651 1899 4714 potes,
1935 4642 1981 4697 si

373 4733 540 4805 aliqui
571 4733 686 4788 sine
718 4733 925 4788 eisdem
958 4733 1317 4788 sacramentis
1344 4751 1442 4804 per
1468 4742 1618 4788 tuam
1676 4733 1980 4802 jussionem

373 4822 650 4888 obierunt,
683 4831 739 4876 ut
767 4839 876 4877 non
908 4822 1149 4878 districto
1179 4822 1304 4877 inde
1327 4823 1601 4892 judicetur
1625 4830 1714 4878 tua
1730 4822 1980 4895 maligni—

373 4920 478 4977 tas,
514 4912 659 4982 quod
689 4911 744 4966 in
776 4911 854 4966 eis
887 4911 1160 4982 complere
1190 4912 1358 4966 valuit
1390 4911 1788 4983 Omnipotentis
1819 4911 1979 4967 beni-

369 5002 573 5074 gnitas,
609 5001 654 5055 si
685 5017 783 5072 per
812 5001 1009 5073 dignos
1039 5001 1372 5072 poenitentiae
1398 5002 1423 5055 f
1433 5010 1618 5057 ructus
1641 5018 1706 5058 ac
1728 5001 1979 5073 profusas

376 5091 651 5162 lacrymas
681 5091 895 5146 veniam
931 5107 1040 5145 non
1099 5091 1392 5146 obtinuerit
1449 5092 1544 5145 tibi
1603 5092 1747 5162 apud
1804 5093 1980 5146 Deum

371 5197 505 5236 vera
536 5179 841 5245 humilitas;
873 5180 1085 5234 dicente
1119 5181 1300 5236 Leone
1324 5181 1511 5252 (epist.
1533 5183 1620 5245 59,
1643 5181 1714 5236 ad
1737 5181 1978 5238 Theodo-

375 5272 553 5339 rum),
581 5277 635 5324 et
664 5285 763 5339 per
787 5285 913 5323 eum
943 5269 1207 5325 catholica
1237 5277 1289 5323 et
1334 5269 1632 5338 apostolica
1683 5269 1930 5325 Ecclesia
1963 5288 1975 5324 :

377 5379 398 5408 α
437 5359 552 5425 His,
588 5357 782 5430 inquit,
815 5358 904 5431 qui
933 5359 987 5413 in
1008 5366 1247 5430 tempore
1278 5357 1632 5422 necessitatis,
1668 5365 1718 5412 et
1749 5358 1803 5412 in
1830 5359 1978 5430 peri-

376 5448 484 5504 culi
545 5449 796 5518 urgentis
854 5448 1130 5516 instantia,
1202 5447 1516 5519 praesidium
1547 5447 1880 5518 poenitentiae
1926 5455 1980 5504 et

376 5554 503 5593 mox
535 5537 998 5595 reconciliationis
1029 5538 1338 5608 implorant,
1373 5553 1474 5594 nec
1494 5536 1788 5593 satisfactio
1809 5538 1978 5594 inter-

374 5627 613 5684 dicenda
643 5635 746 5696 est,
780 5644 882 5684 nec
913 5627 1280 5684 reconciliatio
1309 5627 1652 5702 deneganda,
1686 5626 1814 5700 quia
1869 5627 1977 5683 mi-

2081 4638 2340 4693 unitatem
2369 4653 2490 4694 cum
2523 4637 2602 4692 eis
2634 4654 2666 4693 a
2696 4638 2891 4710 quibus
2919 4638 3195 4693 diversum
3241 4636 3527 4692 sentiebat.
3593 4637 3680 4692 Ait

2079 4728 2226 4783 enim
2259 4747 2277 4784 :
2307 4728 2595 4783 Neminem
2620 4727 2946 4796 judicantes,
2980 4733 3068 4781 aut
3099 4743 3130 4780 a
3160 4726 3284 4794 jure
3334 4725 3676 4782 communio-

2079 4817 2165 4872 nis
2196 4817 2435 4888 aliquem
2466 4816 2510 4870 si
2537 4817 2808 4871 diversum
2855 4815 3085 4871 senserit
3132 4822 3470 4871 amoventes.
3522 4815 3679 4873 Alte-

2079 4923 2201 4961 rum
2231 4914 2431 4972 autem,
2466 4905 2520 4961 id
2546 4912 2648 4972 est,
2683 4904 2957 4977 quomodo
2986 4903 3238 4975 accipere
3268 4904 3507 4976 potuerit
3526 4907 3678 4962 veri-

2081 5003 2241 5050 tatem
2273 5002 2458 5050 contra
2487 4994 2542 5050 id
2573 4994 2720 5066 quod
2748 4993 3015 5048 sentiebat
3045 4993 3334 5064 inventam,
3370 5001 3424 5051 et.
3468 4994 3514 5050 si
3582 4995 3676 5050 lit-

2077 5092 2211 5140 tera
2242 5091 2435 5152 tacent,
2471 5082 2660 5138 merita
2690 5083 2921 5138 clamant
2944 5101 2958 5149 ;
2984 5082 3029 5137 si
3051 5083 3278 5154 epistola
3315 5099 3425 5140 non
3467 5084 3676 5140 inveni-

2077 5181 2184 5240 tur,
2220 5189 2422 5230 corona
2449 5179 2706 5239 testatur;
2738 5171 2784 5227 si
2816 5171 3108 5227 concilium
3162 5189 3269 5229 non
3305 5173 3511 5243 judicat
3555 5173 3676 5244 epi-

2080 5279 2392 5334 sc0porum,
2426 5260 2758 5318 consortium
2785 5260 2988 5317 indicat
3018 5261 3362 5334 angelorum.
3387 5263 3511 5319 Non
3531 5263 3676 5318 enim

2078 5367 2309 5423 parvum
2336 5351 2722 5407 documentum
2752 5358 2836 5406 est
2864 5351 3232 5423 pacatissimae
3261 5353 3475 5422 animm,
3509 5350 3566 5406 in
3611 5367 3674 5407 ea

2077 5441 2283 5496 unitate
2312 5439 2634 5511 martyrium
2662 5439 2950 5509 meruisse,
2985 5443 3132 5498 unde
3162 5458 3221 5497 se
3251 5441 3526 5498 diversum
3548 5457 3673 5495 sen-

2077 5530 2217 5588 tiens
2248 5529 2420 5586 noluit
2449 5545 2722 5602 separare.
2758 5530 3020 5588 Homines
3067 5532 3210 5587 enim
3255 5546 3465 5587 sumus.
3515 5530 3669 5587 Unde

2078 5628 2283 5704 aliquid
2310 5629 2466 5686 aliter
2511 5643 2707 5703 sapere
2755 5647 2916 5704 quam
2960 5646 3019 5686 se
3065 5646 3155 5686 res
3201 5630 3383 5700 habet,
3429 5630 3668 5688 humana
