4164 6330
492 393 598 450 ιτδ

1381 386 1726 445 HINCMARI
1754 386 2155 446 RHEMENSIS
2181 387 2716 448 ARCHIEPISCOPI

3689 397 3796 452 L76

490 516 713 576 tentatio
745 523 828 573 est
859 533 874 574 :
905 515 1069 574 nimis
1097 523 1280 573 autem
1307 513 1543 572 amando
1573 512 1899 570 sententiam
1915 529 2092 582 suam,
2115 513 2173 574 A
2201 513 2378 588 ligare
2419 515 2594 587 possit
2663 523 2756 572 aut
2801 515 3037 574 solvere.
3101 519 3210 576 Sed
3268 517 3493 576 solvitur
3523 519 3616 593 qui
3669 535 3793 577 cum

489 607 577 664 vel
603 606 896 664 invidendo
923 605 1264 672 mulieribus,
1287 619 1464 677 usque
1487 603 1556 659 ad
1574 603 1940 676 praecidendae
1951 619 2101 660 com-

489 695 764 754 munionis
791 704 846 752 et
872 695 1144 752 condendi
1185 693 1494 751 schismatis
1533 693 1622 750 vel
1667 693 1894 750 haeresis
1924 691 2100 750 sacri-

490 784 696 860 legium
723 785 1035 858 pervenire,
1069 783 1338 841 diabolica
1367 781 1719 854 praasumptio
1737 789 1818 837 est
1839 799 1852 836 :
1875 781 1932 836 in
1951 781 2100 838 nullo

493 882 677 931 autem
704 874 861 930 aliter
889 890 1082 946 sapere
1109 889 1274 946 quam
1289 887 1349 928 se
1371 887 1462 927 res
1482 871 1665 936 habet,
1689 869 1943 944 angelica
1972 887 2100 942 per—

490 963 655 1021 fectio
683 971 784 1020 est.
819 963 956 1033 Quia
986 962 1166 1035 itaque
1196 961 1446 1018 homines
1479 977 1684 1028 sumus,
1720 959 1819 1015 sed
1857 975 1954 1030 spe
2003 975 2098 1014 an-

493 1053 604 1126 geli
633 1069 837 1122 sumus,
871 1051 1067 1126 quibus
1095 1050 1334 1124 aequales
1375 1050 1432 1104 in
1476 1049 1882 1106 resurrectione
1928 1048 2098 1104 futuri

495 1159 685 1199 sumus
711 1143 930 1214 (Matth.
978 1141 1142 1213 χχιι),
1177 1139 1418 1213 quandiu
1449 1154 1558 1196 non
1619 1138 1886 1194 habemus
1916 1137 2097 1210 perfe-

495 1233 732 1290 ctionem
758 1231 960 1304 angeli,
993 1247 1102 1286 non
1131 1230 1433 1285 habeamus
1464 1227 1956 1300 praesumptionem
1979 1228 2097 1284 dia~

497 1321 630 1378 boli.
661 1321 790 1377 Ideo
821 1320 952 1377 dicit
976 1318 1302 1390 Apostolus:
1344 1318 1598 1374 Tentatio
1627 1335 1720 1374 vos
1751 1333 1867 1374 non
1897 1334 2098 1391 appre-

497 1411 724 1477 hendat,
754 1411 871 1466 nisi
899 1410 1153 1466 humana
1181 1408 1230 1479 (Ι
1257 1409 1377 1464 Cor.
1411 1407 1492 1479 χ).
1528 1407 1836 1462 Humanum
1855 1414 1937 1462 est
1961 1422 2096 1479 ergo

498 1499 700 1572 aliquid
747 1499 904 1555 aliter
947 1513 1164 1570 sapere.
1215 1497 1512 1568 Propterea
1560 1495 1692 1552 dicit
1735 1494 1844 1551 alio
1905 1495 2028 1553 loco
2079 1514 2093 1552 :

501 1588 795 1662 Quodquod
822 1604 950 1660 ergo
973 1587 1217 1661 perfecti
1247 1587 1346 1643 hoc
1367 1585 1676 1660 sapiamus.
1695 1585 1827 1642 Etsi
1845 1586 1977 1659 quid
1995 1587 2100 1642 ali-

498 1678 814 1751 tersapitis,
849 1677 950 1734 hoc
980 1693 1191 1750 quoque
1220 1677 1366 1734 vobis
1395 1677 1542 1732 Deus
1570 1675 1839 1732 reuelabit
1861 1676 2092 1747 (Philip.

495 1770 600 1839 ιιι).
615 1765 825 1837 Quibus
837 1773 1018 1822 autem
1031 1765 1238 1822 revelat
1250 1781 1375 1822 cum
1387 1764 1638 1834 voluerit,
1655 1763 1770 1821 sive
1784 1764 1840 1820 in
1851 1765 1954 1821 hac
1963 1765 2094 1833 vita,

2200 603 2456 660 columba
2499 603 2684 661 fecerit
2730 623 2944 678 pacem,
2997 615 3050 663 et
3111 607 3314 682 ligatur
3355 608 3448 682 qui
3501 624 3626 666 cum
3690 625 3792 666 co-

2199 693 2380 748 lumba
2412 709 2519 750 nou
2549 695 2715 751 habet
2735 712 2946 768 pacem,
2981 697 3096 753 sive
3134 706 3318 770 aperte
3348 697 3482 754 foris
3537 699 3624 765 sit,
3677 699 3796 755 sive

2198 781 2346 838 intus
2375 800 2498 840 esse
2525 783 2791 842 videatur.
2822 787 3034 842 Dathan
3081 803 3211 844 vero
3259 795 3313 843 et
3349 787 3557 843 Abiron
3599 788 3790 859 (Num.

2198 873 2340 944 χνι),
2374 871 2464 946 qui
2517 873 2620 930 sibi
2676 873 3015 932 sacrificandi
3063 875 3340 933 licentiam
3383 893 3646 949 usurpare
3693 893 3795 934 co-

2201 962 2317 1018 nati
2384 971 2508 1018 sunt
2573 972 2762 1020 contra
2826 965 3088 1021 unitatem
3161 967 3342 1038 populi
3409 967 3528 1035 Dei,
3599 975 3651 1022 et
3697 967 3794 1022 ﬁlii

2197 1053 2403 1119 Aaron,
2439 1051 2534 1125 qui
2563 1053 2800 1109 alienum
2827 1054 3012 1128 ignem
3041 1054 3607 1128 altariimposuerunt,
3631 1056 3792 1113 novi-

2198 1157 2316 1196 mus
2346 1143 2492 1214 quod
2519 1143 2740 1214 impune
2770 1160 2878 1199 non
2905 1143 3135 1200 fecerint
3160 1161 3172 1200 :
3204 1161 3307 1201 nec
3337 1162 3438 1201 nos
3455 1145 3560 1201 alia
3580 1146 3793 1201 scelera

2197 1225 2429 1282 dicimus
2457 1227 2720 1300 impunita
2749 1245 3054 1297 remanere,
3074 1229 3176 1284 nisi
3192 1246 3251 1286 se
3269 1231 3403 1286 tales
3423 1231 3774 1300 correxerint,

2199 1315 2246 1370 si
2273 1316 2531 1388 patientia
2562 1317 2661 1373 Dei
2709 1318 2781 1373 ad
2826 1317 3200 1389 pmnitentiam
3249 1321 3530 1376 adducens
3571 1329 3788 1391 tempus

2198 1405 2509 1478 corrigendi
2536 1406 2786 1481 largitur.
2819 1407 3011 1482 (Aug.,
3041 1408 3138 1464 lib.
3171 1424 3231 1464 ιιι
3257 1410 3322 1466 de
3349 1411 3532 1483 Bapt.,
3568 1425 3616 1466 c.
3670 1410 3784 1482 15.)

2201 1516 2224 1546 α
2262 1495 2494 1567 Spiritus
2521 1504 2699 1552 autem
2731 1505 2969 1565 sanctus,
3003 1498 3095 1571 qui
3126 1498 3181 1553 in
3214 1499 3334 1554 sola
3379 1499 3647 1556 catholica
3692 1517 3794 1572 per

2196 1601 2392 1641 manus
2421 1584 2825 1658 impositionem
2851 1587 2974 1644 dari
3009 1587 3228 1659 dicitur,
3281 1588 3538 1644 nimirum
3586 1589 3691 1646 hoc
3735 1589 3792 1645 in

2196 1674 2370 1749 telligi
2401 1676 2640 1746 majores
2669 1677 2842 1732 nostri
2871 1677 3151 1739 voluerunt
3181 1678 3329 1751 quod
3357 1678 3650 1750 Apostolus
3676 1678 3790 1734 ait:

2199 1763 2474 1832 Quoniam
2491 1767 2744 1823 charitas
2754 1767 2856 1824 Dei
2874 1767 3082 1839 diffusa
3101 1769 3272 1840 estin
3293 1769 3548 1826 cordibus
3582 1771 3796 1825 nostris

495 1857 611 1914 sive
639 1863 765 1928 post
791 1857 934 1912 hanc
963 1855 1146 1924 vitam,
1175 1853 1289 1944 nisi
1308 1852 1708 1910 ambulantibus
1738 1853 1795 1944 in
1824 1853 1964 1910 viam
2007 1869 2099 1926 pa-
2127 1883 2180 1944 Β
2199 1855 2590 1928 perSpiritum
2620 1861 2886 1914 sanctum
2905 1859 3002 1931 qui
3020 1857 3187 1914 datus
3217 1861 3302 1914 est
3333 1858 3488 1914 nobis
3506 1857 3680 1930 (Rom.
3711 1859 3794 1930 v).

495 1946 596 2014 cis,
629 1954 684 2002 et
729 1945 785 2001 in
827 1945 1032 2001 nullam
1078 1943 1460 2016 praecisionem
1509 1943 1854 2001 deviantibus
1879 1944 1908 1998 ?
1972 1945 2097 2000 Non
2134 1943 2167 1944 ί
2201 1944 2324 2015 Ipse
2353 1952 2436 2000 est
2465 1944 2609 2000 enim
2651 1945 2905 2016 charitas,
2956 1962 3122 2018 quam
3171 1963 3280 2002 non
3334 1947 3538 2002 habent
3579 1947 3673 2020 qui
3728 1947 3799 2003 ab

496 2035 688 2108 quales
716 2034 806 2090 isti
863 2041 1006 2100 sunt,
1058 2033 1151 2106 qui
1205 2032 1350 2090 viam
1390 2032 1539 2106 pacis
1575 2049 1684 2089 non
1733 2041 2092 2106 agnoverunt,

496 2139 602 2181 nec
647 2132 873 2196 propter
919 2122 1068 2178 aliud
1113 2121 1338 2178 unitatis
1398 2122 1677 2180 vinculum
1749 2123 2092 2196 diruperunt.

498 2214 738 2287 Ideoque
767 2212 1062 2284 Apostolus
1091 2227 1215 2270 cum
1242 2211 1475 2270 dixisset
1503 2212 1726 2286 (Ephes.
1759 2213 1861 2285 tv).
1919 2213 1989 2268 Et
2050 2213 2097 2268 si

500 2302 630 2378 quid
659 2301 816 2359 aliter
839 2301 1047 2374 sapitis,
1079 2302 1184 2358 hoc
1213 2317 1431 2375 quoque
1459 2301 1615 2360 vobis
1645 2303 1793 2358 Deus
1813 2301 2094 2370 revelavit,

498 2408 570 2450 ne
597 2399 854 2464 putarent
884 2399 1075 2462 praeter
1102 2391 1248 2448 viam
1275 2391 1428 2463 pacis
1458 2392 1604 2464 quod
1633 2391 1793 2448 aliter
1813 2392 2099 2464 sapiebant

498 2481 604 2540 sibi
632 2497 797 2554 posse
825 2479 1082 2552 revelari,
1114 2481 1370 2537 continuo
1397 2481 1604 2538 addidit
1654 2483 1708 2554 (Ι
1753 2483 1874 2539 Cor.
1921 2483 2048 2554 χιιι)
2079 2499 2093 2538 :

499 2571 886 2628 Verumtamen
914 2570 970 2626 in
1019 2571 1168 2643 quod
1208 2571 1578 2643 pervenimus,
1624 2571 1678 2626 in
1726 2587 1793 2628 eo
1847 2571 2097 2628 ambule-

497 2677 641 2717 mus.
672 2661 735 2716 In
765 2676 872 2732 quo
901 2660 1186 2716 ambulans
1205 2659 1508 2733 Cyprianus
1557 2660 2100 2733 perseverantissima

499 2749 799 2819 tolerantia,
832 2766 903 2806 ne
932 2748 1054 2806 fuso
1085 2749 1372 2822 sanguine,
1396 2750 1494 2806 sed
1513 2750 1568 2806 in
1589 2749 1794 2808 unitate
1807 2766 1918 2806 non
1954 2749 2095 2818 fuso,

499 2848 629 2921 quia
657 2847 704 2904 si
726 2847 962 2904 traderet
988 2862 1188 2918 corpus
1217 2863 1374 2902 suum
1401 2855 1459 2902 ut
1486 2847 1724 2918 arderet,
1757 2855 1812 2904 et
1843 2865 1954 2904 non
1997 2850 2099 2904 ha-

499 2937 652 2995 beret
679 2937 1021 3006 charitatem,
1071 2936 1206 2992 nihil
1244 2936 1295 2992 ei
1339 2937 1646 3008 prodesset,
1695 2954 1796 3008 per
1842 2937 2091 3010 martyrii

501 3025 901 3086 confessionem
931 3025 1178 3097 pervenit
1201 3025 1273 3082 ad
1313 3025 1624 3100 angelicam
1669 3026 1848 3082 lucem
1883 3045 1898 3083 :
1953 3034 2011 3082 ut
2053 3027 2100 3082 si

501 3131 614 3173 non
641 3123 822 3184 antea,
866 3114 942 3170 ibi
995 3122 1143 3172 certe
1200 3115 1496 3172 revelatum
1551 3123 1893 3188 agnosceret,
1955 3115 2101 3189 quod

2194 2033 2459 2090 Ecclesia:
2491 2033 2770 2091 catholicae
2799 2035 3182 2093 communione
3208 2035 3423 2108 praecisi
3440 2045 3581 2104 sunt,
3601 2052 3667 2094 ac
3699 2053 3802 2108 per

2195 2121 2300 2179 hoc
2330 2123 2492 2178 etiam
2521 2124 2568 2179 si
2598 2123 2799 2196 linguis
2827 2125 3108 2181 hominum
3139 2133 3192 2182 et
3218 2126 3541 2199 angelorum
3572 2126 3803 2200 loquan-

2197 2219 2303 2280 tur,
2324 2212 2370 2268 si
2390 2213 2564 2270 sciant
2584 2213 2764 2270 omnia
2789 2223 3150 2283 sacramenta,
3174 2223 3228 2271 et
3243 2231 3464 2271 omnem
3495 2215 3799 2285 scientiam,

2197 2301 2316 2358 etsi
2363 2302 2598 2358 habeant
2637 2319 2854 2360 omnem
2911 2305 3255 2376 prophetiam
3297 2312 3350 2360 et
3376 2321 3592 2361 omnem
3613 2303 3798 2373 fidem,

2197 2391 2268 2447 ita
2298 2399 2356 2447 ut
2383 2400 2597 2449 montes
2624 2392 2974 2464 transferant,
3007 2401 3061 2449 et
3095 2393 3420 2449 distribuant
3465 2394 3648 2450 omnia
3705 2411 3803 2449 sua

2195 2481 2546 2554 pauperibus,
2599 2489 2653 2537 et
2708 2483 2916 2537 tradant
2966 2499 3168 2555 corpus
3227 2499 3387 2538 suum
3439 2491 3498 2539 ut
3570 2483 3802 2539 ardeant

2197 2569 2330 2626 nihil
2387 2571 2468 2627 eis
2519 2571 2761 2644 prodest.
2822 2573 2945 2628 Non
2968 2581 3148 2628 autem
3169 2573 3335 2628 habet
3355 2572 3454 2628 Dei
3477 2572 3799 2630 charitatem

2203 2660 2296 2733 qui
2323 2661 2588 2718 Ecclesia:
2619 2677 2729 2718 non
2760 2661 2936 2734 diligit
2965 2661 3225 2718 unitatem
3254 2681 3268 2718 :
3303 2678 3370 2719 ac
3397 2679 3498 2734 per
3525 2664 3630 2720 hoc
3651 2672 3800 2720 recte

2200 2749 2522 2824 intelligitur
2551 2750 2678 2818 dici,
2711 2767 2818 2807 non
2849 2751 3024 2823 accipi
3047 2751 3153 2806 nisi
3183 2751 3238 2806 in
3267 2751 3535 2808 catholica
3565 2751 3802 2824 Spiritus

2201 2848 2440 2896 sanctus.
2491 2841 2682 2912 Neque
2727 2840 2873 2896 enim
2911 2841 3301 2914 temporalibus
3347 2849 3401 2897 et
3447 2841 3799 2897 sensibilibus

2197 2928 2480 2986 miraculis
2537 2930 2926 2986 attestantibus
2987 2947 3086 3002 per
3139 2947 3336 2986 manus
3400 2931 3804 3002 impositionem

2197 3017 2362 3074 modo
2389 3019 2545 3074 datur
2573 3017 2807 3090 Spiritus
2841 3027 3061 3076 sanctus
3091 3020 3241 3092 (Act.
3275 3021 3420 3090 vm),
3453 3019 3594 3075 sicut
3639 3029 3804 3077 antea

2199 3106 2428 3163 debetur
2454 3107 2525 3163 ad
2555 3107 3094 3164 commendationem
3123 3108 3272 3164 rudis
3302 3107 3446 3175 fidei,
3464 3117 3517 3164 et
3533 3109 3800 3166 Ecclesiae

501 3222 626 3264 cum
670 3205 828 3276 aliter
875 3213 1114 3278 saperet,
1165 3205 1494 3262 sententiam
1543 3205 1772 3262 diversae
1827 3204 2098 3278 opinionis
2133 3256 2178 3278 η
2203 3195 2502 3268 primordia
2538 3195 2828 3253 dilatanda.
2862 3197 2996 3268 Quis
3027 3197 3171 3254 enim
3200 3213 3346 3255 nunc
3367 3199 3467 3254 hoc
3502 3206 3801 3270 exspectat,

503 3256 626 3264 -_—-
672 3256 818 3276 _--..--
875 3256 1114 3278 "tu--.
1165 3256 1494 3262 -----------
1547 3256 1770 3262 --η--.-
1832 3256 2095 3278 -τω---η-
2205 3256 2223 3268 .
2871 3256 2910 3268 η
3603 3256 3619 3270 .
3789 3256 3800 3265 ,

500 3295 718 3353 vinculo
745 3311 856 3352 non
884 3295 1167 3368 proposuit
1195 3294 1438 3351 unitatis.
1476 3315 1500 3345 ι
1551 3293 1712 3364 Quod
1760 3303 1945 3352 autem
1999 3295 2102 3351 ad-
2131 3256 2182 3320 Ο
2206 3285 2340 3341 utin
2369 3286 2566 3358 quibus
2592 3301 2787 3342 manus
2818 3287 2887 3341 ad
2942 3287 3322 3359 accipiendum
3370 3287 3628 3359 Spiritum
3675 3303 3802 3344 san-

497 3384 678 3456 jungit
694 3383 998 3455 Cyprianus
1015 3392 1067 3438 et
1087 3383 1217 3439 dicit
1242 3383 1362 3456 (lib.
1386 3383 1502 3440 vde
1523 3387 1707 3458 Bapt.,
1725 3400 1775 3441 c.
1802 3385 1855 3456 3)
1881 3403 1894 3440 :
1923 3407 1946 3436 α
1974 3385 2100 3442 Non

503 3482 686 3530 tamen
713 3473 840 3546 quia
869 3473 1164 3546 aliquando
1193 3481 1435 3528 erratum
1464 3481 1566 3540 est,
1596 3473 1722 3530 ideo
1752 3490 1972 3546 semper
2015 3490 2108 3530 er-

501 3563 736 3620 randum
765 3571 866 3632 est,
898 3579 1022 3619 cum
1048 3562 1226 3636 magis
1255 3561 1593 3634 sapientibus
1636 3570 1690 3618 et
1721 3564 1897 3620 Deum
1919 3563 2106 3618 timen-

503 3653 650 3709 tibus
697 3661 986 3727 congruat,
1045 3651 1337 3724 patefactaa
1375 3659 1430 3708 et
1473 3659 1775 3725 perspecta
1802 3652 2016 3710 veritati
2031 3652 2102 3708 1i-

506 3742 700 3798 benter
728 3750 892 3814 atque
919 3741 1300 3798 incunctanter
1327 3741 1578 3812 obsequi,
1615 3759 1776 3814 quam
1806 3742 2103 3814 pertinaci-

504 3839 590 3887 ter
619 3838 782 3903 atque
810 3829 1082 3886 obstinate
1111 3838 1304 3887 contra
1346 3829 1547 3886 fratres
1587 3839 1641 3887 et
1683 3832 2102 3888 consacerdotes

501 3935 606 3994 pro
631 3918 901 3977 haereticis
947 3918 1224 3988 reluctari,
1274 3919 1561 3976 verissime
1603 3920 1754 3988 dicit,
1801 3937 1902 3977 nec
1945 3921 2102 3978 alteri

502 4009 682 4082 potius
712 4025 877 4082 quam
905 4008 1009 4064 sibi
1037 4009 1358 4065 adversatur
1377 4010 1469 4082 qui
1499 4009 1700 4067 resistit
1746 4009 2103 4083 apertissime

503 4098 740 4156 veritati.
772 4099 1046 4156 Primatus
1073 4106 1250 4155 autem
1277 4114 1387 4156 non
1415 4107 1494 4156 est
1525 4099 1630 4156 nisi
1657 4099 1714 4156 in
1744 4107 1933 4157 sancta
1978 4117 2104 4158 con-

504 4188 814 4247 versatione
853 4195 905 4245 et
949 4187 1059 4246 vita
1100 4189 1260 4259 bona,
1307 4206 1416 4264 quo
1452 4190 1728 4263 pertinent
1771 4205 1982 4262 omnes,
2034 4207 2102 4248 ex

509 4279 706 4352 quibus
745 4287 1004 4352 tanquam
1049 4278 1313 4335 membris
1359 4286 1570 4337 constat
1614 4280 1702 4336 illa
1745 4295 1946 4353 sponsa
1989 4296 2100 4337 non

504 4369 714 4426 habens
741 4367 1010 4426 maculam
1035 4383 1213 4441 neque
1243 4384 1454 4442 rugam,
1487 4377 1541 4425 et
1584 4369 1672 4425 illa
1718 4369 1971 4427 columba
2017 4370 2101 4426 in-

502 4465 588 4516 ter
614 4457 903 4514 multorum
931 4472 1223 4514 corvorum
1250 4457 1654 4531 improbitatem
1683 4475 1928 4531 gemens.
1979 4460 2100 4517 Nisi

500 4547 638 4606 forte
683 4563 808 4606 cum
851 4548 998 4603 Esau
1043 4555 1268 4620 propter
1311 4547 1578 4605 lenticulae
1601 4549 2095 4620 concupiscentiam

2205 3384 2353 3433 ctum
2381 3375 2698 3448 imponitur,
2731 3383 2958 3448 repente
2974 3377 3232 3449 incipiant
3251 3377 3454 3450 linguis
3475 3376 3670 3449 loqui?
3695 3378 3802 3433 Sed

2200 3464 2546 3522 invisibiliter
2576 3472 2629 3522 et
2657 3465 2886 3522 latenter
2912 3465 3234 3540 intelligitur
3261 3482 3358 3537 pro
3390 3465 3605 3522 vinculo
3639 3467 3796 3540 pacis

2205 3570 2398 3611 eorum
2425 3555 2686 3612 cordibus
2716 3555 2898 3611 divina
2925 3555 3160 3612 charitas
3189 3555 3460 3628 inspirari,
3492 3563 3549 3610 ut
3588 3555 3802 3628 possint

2205 3643 2394 3701 dicere
2418 3662 2432 3699 :
2455 3644 2726 3713 Quoniam
2751 3645 3004 3702 charitas
3019 3646 3120 3702 Dei
3137 3645 3344 3718 cii/fusa
3359 3649 3444 3702 est
3457 3647 3519 3702 in
3546 3645 3804 3702 cordibus

2202 3734 2412 3790 nostris
2441 3751 2543 3807 per
2570 3735 2849 3807 Spiritum
2877 3739 3143 3792 sanctum
3170 3736 3266 3809 qui
3309 3734 3478 3792 datus
3535 3739 3620 3792 est
3649 3737 3806 3792 nobis

2203 3823 2382 3895 (Rom.
2415 3823 2494 3896 v).
2545 3823 2726 3879 Multa:
2774 3832 2958 3880 autem
3005 3831 3129 3880 sunt
3176 3824 3524 3896 operationes
3571 3823 3805 3896 Spiritus

2205 3912 2398 3981 sancti,
2447 3928 2584 3986 quas
2638 3912 2782 3969 idem
2839 3913 3152 3986 Apostolus,
3209 3930 3334 3970 cum
3390 3914 3630 3986 quodam
3682 3914 3805 3971 loco

2205 4011 2464 4076 quantum
2493 4001 2741 4059 sufficere
2769 4004 3064 4059 arbitratus
3095 4012 3176 4060 est
3206 4012 3706 4072 commemorasset,
3730 4005 3800 4060 ita

2201 4091 2464 4148 conclusit
2497 4110 2510 4147 :
2543 4093 2746 4150 Omnia
2773 4098 2968 4150 autem
2997 4094 3116 4150 haec
3151 4098 3418 4168 operatur
3436 4109 3587 4150 unus
3607 4098 3796 4168 atque,

2200 4181 2353 4238 idem
2383 4182 2628 4253 Spiritus
2656 4183 2916 4240 dividens
2937 4184 3244 4257 unicuique
3262 4199 3362 4255 pro
3375 4187 3440 4240 ut
3453 4184 3574 4240 vult
3590 4185 3642 4254 (Ι
3675 4185 3797 4240 Cor.

2204 4271 2326 4343 χιι).
2351 4271 2485 4327 Cum
2505 4287 2638 4346 ergo
2664 4272 2810 4328 aliud
2827 4272 2896 4328 sit
2932 4280 3356 4344 sacramentum,
3418 4273 3562 4345 quod
3599 4273 3806 4330 habere

2201 4360 2566 4418 etiamSimon
2601 4363 2794 4434 Magus
2820 4363 2996 4433 potuit
3057 4362 3184 4435 (Act
3213 4362 3360 4434 vm.)
3401 4361 3804 4434 aliudoperatio

2201 4450 2452 4523 Spiritus,
2487 4467 2607 4523 qua:
2635 4450 2690 4506 in
2717 4451 2877 4507 malis
2903 4451 3065 4508 etiam
3105 4451 3416 4508 hominibus
3475 4450 3594 4508 fieri
3639 4451 3796 4521 solet,

2201 4539 2339 4596 sicut
2350 4539 2481 4596 Saul
2501 4539 2689 4596 habuit
2705 4541 3047 4613 prophetiam
3069 4542 3119 4614 (I
3133 4544 3268 4613 Reg.
3291 4542 3396 4615 χιι)
3412 4559 3424 4597 :
3443 4541 3591 4596 aliud
3611 4557 3808 4614 opera-

501 4639 794 4710 primatum
837 4637 1156 4710 perdiderit,
1196 4645 1386 4695 tenere
1432 4639 1728 4710 primatum
1793 4639 2094 4696 arbitrandi
2121 4626 2174 4686 D
2198 4629 2272 4685 ιίο
2299 4630 2546 4700 BJUSdem
2579 4630 2832 4702 δρίιὶιυε,
2875 4647 3040 4704 quam
3093 4648 3204 4688 non
3257 4631 3362 4686 nisi
3415 4631 3545 4687 boni
3606 4632 3807 4687 habere

502 4736 626 4784 sunt
682 4728 1036 4798 fraudatores,
1106 4734 1379 4800 raptores,
1461 4726 1819 4796 feneratores,

1905 4728 2096 4800 invidi,
2195 4727 2443 4791 possunt,
2473 4719 2610 4775 sicut
2639 4728 2721 4776 est
2749 4718 2872 4775 ﬁnis
2901 4721 3158 4792 praecepti
3207 4721 3442 4777 charitas
3489 4721 3560 4777 de
3639 4721 3808 4778 corde

503 4815 725 4884 ebriosi,
759 4825 814 4874 et
841 4817 1027 4875 caeteri
1065 4816 1395 4890 hujusmodi,
1429 4817 1617 4889 quales
1644 4817 1701 4872 in
1727 4817 1978 4875 Ecclesia
2014 4818 2100 4874 sui
2195 4825 2352 4880 puro,
2385 4817 2438 4866 et
2467 4809 2803 4867 conscientia
2828 4810 2990 4880 bona,
3015 4807 3184 4866 elﬁde
3197 4827 3306 4866 non
3327 4809 3452 4867 ﬁcta
3487 4810 3536 4882 (ι
3584 4812 3724 4867 Tim.
3745 4812 3805 4881 ι).

508 4901 771 4972 temporis
814 4903 978 4960 etiam
1020 4919 1120 4977 per
1160 4903 1372 4960 litteras
1428 4903 1738 4975 Cyprianus
1809 4901 2095 4977 ingemuit.

516 4989 864 5063 QuaprOpter
891 5002 982 5048 aut
1013 4994 1160 5066 quod
1189 5001 1274 5052 est
1303 5001 1491 5051 tenere
1518 4991 1846 5060 Ecclesiam,
1866 5010 1977 5050 non
1997 4993 2101 5051 hoc

509 5087 596 5136 est
622 5079 679 5135 in
707 5079 906 5136 divinis
935 5089 1124 5139 tenere
1152 5083 1466 5155 primatum,
1499 5090 1591 5139 aut
1613 5082 1661 5139 si
1689 5082 1867 5139 omnis
1895 5083 1988 5156 qui
2015 5091 2100 5140 te-

509 5178 602 5226 net
641 5169 969 5238 Ecclesiam,
1018 5171 1179 5228 etiam
1204 5174 1495 5244 primatum
1555 5179 1720 5241 tenet,
1781 5189 1972 5230 omnes
2024 5173 2102 5230 illi

505 5258 680 5335 iniqui
704 5259 1011 5317 Ecclesiam
1039 5276 1148 5318 non
1196 5269 1400 5332 tenent,
1451 5263 1543 5336 qui
1591 5271 1774 5320 tamen
1821 5263 1966 5320 intus
2021 5263 2103 5320 vi-

502 5349 719 5418 dentur,
772 5357 826 5406 et
853 5349 1185 5422 baptismum
1228 5351 1364 5408 dare
1410 5360 1463 5408 et
1507 5353 1713 5410 habere
1756 5369 1790 5410 a
1819 5353 1970 5410 nullo
1997 5369 2102 5410 no-

503 5448 678 5497 strum
704 5447 994 5514 negantur.
1022 5441 1163 5496 Nam
1194 5456 1291 5496 eos
1318 5441 1609 5512 primatum
1651 5443 1706 5499 in
1761 5443 1959 5500 divinis
1998 5443 2104 5500 ha-

503 5530 638 5588 bere
668 5529 790 5604 quis
817 5529 983 5599 dicat,
1014 5528 1120 5586 nisi
1149 5530 1239 5603 qui
1270 5529 1405 5588 nihil
1445 5531 1688 5590 divinum
1738 5533 1926 5606 sapit?
1970 5555 1994 5585 »
2037 5534 2108 5591 Ει

501 5620 638 5678 foris
667 5620 909 5694 quidem,
939 5619 996 5676 id
1025 5627 1108 5678 est
1139 5619 1197 5677 in
1226 5621 1422 5679 haeresi
1453 5623 1540 5681 vel
1569 5624 1866 5680 schismate
1895 5640 1999 5682 nec
2031 5622 2104 5680 li-

501 5710 624 5784 gari
655 5710 862 5785 aliquid
879 5717 1060 5786 potest
1087 5725 1192 5776 nec
1250 5711 1408 5785 solvi,
1469 5713 1563 5770 ubi
1620 5729 1732 5774 non
1778 5713 1848 5772 sit
1893 5712 1988 5787 qui
2018 5720 2109 5772 aut

2198 4898 2474 4970 quodlibet
2501 4898 2745 4956 haeretici
2789 4907 2842 4954 et
2882 4898 3210 4956 schismatici
3246 4899 3530 4972 accipiant,
3565 4899 3805 4956 charitas

2199 5005 2320 5061 quae
2349 4988 2590 5060 coeperit
2618 4988 3017 5044 multitudinem
3044 4999 3395 5061 peccatorum
3423 4988 3474 5060 (Ι
3497 4992 3654 5046 Petr.
3693 4993 3794 5060 ιν),
3819 4986 3830 4991 ’

2200 5077 2482 5150 proprium
2512 5079 2716 5134 donum
2743 5086 2826 5134 est
2854 5079 3140 5136 catholicae
3165 5079 3388 5134 unitatis
3417 5087 3469 5134 et
3485 5079 3658 5151 pacis,
3691 5093 3795 5134 nec

2201 5176 2284 5224 est
2311 5167 2367 5222 in
2395 5167 2667 5236 omnibus,
2701 5169 2830 5242 quia
2857 5185 2960 5226 nec
2990 5169 3109 5239 ejus
3139 5177 3265 5224 sunt
3293 5185 3505 5237 omnes,
3529 5169 3666 5226 sicut
3704 5183 3802 5224 suo

2201 5256 2324 5314 loco
2352 5257 2676 5315 videbimus.
2710 5259 2913 5314 Praeter
2932 5259 3112 5332 ipsum
3142 5266 3325 5314 tamen
3367 5275 3489 5314 esse
3509 5258 3602 5314 illa
3623 5257 3800 5315 chari-

2203 5354 2284 5403 tas
2313 5363 2422 5404 non
2450 5356 2645 5420 potest,
2679 5347 2796 5404 sine
2825 5365 2933 5422 qua
2961 5357 3180 5416 caetera,
3213 5347 3373 5405 etiam
3403 5347 3449 5403 si
3479 5348 3704 5420 agnosci
3745 5355 3799 5403 et

2202 5437 2493 5509 approbari
2516 5447 2764 5510 possunt,
2795 5439 3060 5511 prodesse
3107 5446 3292 5494 tamen
3337 5445 3390 5494 et
3419 5437 3654 5493 liberare
3681 5453 3790 5492 non

2203 5535 2447 5599 possunt.
2488 5549 2510 5579 ιο
2571 5529 2641 5584 Ει
2695 5537 2917 5587 sanctus
2955 5529 3253 5604 Gregorius
3291 5527 3346 5583 in
3408 5527 3550 5582 libro
3615 5529 3790 5584 Mora-

2204 5616 2337 5674 lium
2365 5618 2485 5692 (lib.
2531 5633 2694 5687 xvm,
2733 5634 2784 5676 c.
2837 5621 2924 5691 14)
2960 5638 2975 5676 :
3023 5641 3047 5672 ι
3103 5615 3455 5676 Conﬂationis
3501 5616 3664 5690 ignis,
3697 5615 3788 5690 qui

2205 5724 2355 5774 extra
2380 5717 2706 5776 catholicam
2732 5717 2997 5777 toleratur
3025 5718 3352 5786 Ecclesiam,
3384 5731 3552 5788 quam
3597 5714 3799 5772 nullius
