4164 6340
378 405 487 459 ΠἿ

1170 401 1415 463 OPUSC.
1451 404 1543 461 ET
1570 402 1792 461 EPIST.
1824 402 1900 460 IN
1929 400 2159 461 CAUSA
2192 402 2539 462 HINCMARI
2567 404 2876 465 LAUDUN.

3592 410 3698 466 4³78

380 526 603 585 omnino
630 527 844 585 virtutis
875 528 963 597 sit,
982 527 1181 585 Paulus
1202 529 1482 603 apostolus
1502 529 1742 586 insinuat
1763 529 1984 587 dicens:
2016 530 2255 592 Amanu
2286 530 2665 589 subscribitur.
2696 532 2767 588 Et
2795 532 2935 590 sicut
2965 539 3021 589 tu
3054 533 3261 591 absolvi
3307 550 3418 592 non
3463 541 3623 608 potes
3653 533 3700 592 si

384 618 443 675 Si
463 620 746 676 tradidero
767 636 968 692 corpus
986 636 1176 677 meum
1195 624 1261 676 ut
1280 620 1500 689 ardeat,
1525 622 1869 678 charitatem
1887 639 1995 678 au-

389 712 505 765 tem
526 726 641 765 non
662 708 917 777 habeam,
943 709 1094 766 nihil
1113 710 1258 767 mihi
1273 710 1507 784 prodest
1539 711 1589 783 (Ι
1610 712 1733 768 Cor.
1760 710 1992 782 χχχιιι).

393 797 501 853 Alii
520 798 719 870 quippe
737 815 903 870 prava
924 799 993 855 de
1014 800 1130 856 Deo
1160 799 1415 867 sentiunt,
1438 799 1531 855 alii
1552 807 1706 857 recta
1727 799 1795 856 de
1813 808 1997 856 aucto-

385 903 447 943 re
473 894 677 956 tenent,
703 889 801 944 sed
820 889 1079 945 unitatem
1101 905 1225 945 cum
1246 889 1505 945 fratribus
1529 905 1642 946 non
1670 896 1888 945 tenent:
1914 886 1994 944 illi

384 992 578 1032 errore
606 975 752 1046 ﬁdei,
783 977 875 1032 isti
903 994 1035 1034 vero
1067 977 1376 1035 schismatis
1395 979 1806 1051 perpetratione
1826 976 1995 1035 divisi

384 1073 531 1121 sunt.
556 1066 711 1122 Unde
740 1074 793 1122 et
821 1066 877 1121 in
903 1066 1019 1138 ipsa
1048 1067 1223 1139 prima
1251 1075 1409 1140 parte
1432 1066 1698 1141 Decalogi
1719 1075 1992 1123 utrarum-

385 1172 492 1227 que
519 1155 751 1227 partium
794 1155 966 1228 culpa
1010 1156 1401 1229 reprimuntur,
1454 1173 1579 1214 cum
1627 1156 1813 1213 divina
1854 1173 1990 1214 voce

382 1243 581 1300 dicitur
612 1263 625 1299 ε
655 1246 864 1317 Diliges
883 1247 1187 1302 Dominum
1208 1248 1386 1302 Deum
1411 1250 1575 1303 tuum
1596 1263 1670 1303 ex
1691 1250 1805 1303 toto
1826 1247 1990 1304 corde

383 1338 503 1400 tuo,
536 1338 593 1390 et
621 1350 695 1390 ex
724 1337 844 1390 tota
873 1335 1069 1391 anima
1099 1339 1220 1403 tua,
1269 1340 1327 1392 et
1347 1400 1355 1407 ,
1375 1353 1450 1392 ex
1497 1339 1614 1393 tota
1644 1336 1858 1392 virtute
1890 1339 1989 1393 tua

382 1422 572 1494 (Deut.
607 1422 707 1494 γι),
740 1431 901 1495 atque
931 1440 1056 1480 mox
1089 1424 1357 1491 subditur,
1399 1426 1609 1498 Diliges
1652 1426 1988 1498 proximum

386 1516 552 1568 tuum
566 1513 715 1569 sicut
739 1514 1001 1586 teipsum.
1019 1512 1124 1583 Qui
1140 1513 1285 1569 enim
1301 1514 1368 1571 de
1391 1515 1506 1570 Deo
1526 1530 1783 1587 perversa
1802 1513 1982 1581 sentit,

382 1601 552 1674 liquet
582 1601 831 1674 profecto
863 1602 990 1675 quia
1018 1604 1193 1658 Deum
1222 1620 1333 1659 non
1361 1602 1555 1676 diligit.
1606 1602 1712 1672 Qui
1759 1619 1887 1659 vero
1917 1602 1985 1659 de

380 1691 498 1746 Deo
526 1697 676 1747 recta
706 1691 946 1748 sentiens
977 1708 1011 1748 a
1039 1701 1240 1748 sancta
1268 1692 1532 1749 Ecclesia
1551 1692 1756 1748 unitate
1777 1691 1984 1749 divisus

379 1788 484 1847 est,
517 1788 731 1836 constat
761 1781 889 1854 quia
918 1782 1227 1853 proximum
1255 1799 1367 1839 non
1396 1790 1559 1850 amat,
1584 1799 1747 1855 quem
1774 1782 1982 1838 habere

373 1870 584 1928 socium
612 1878 847 1926 recusat.
881 1870 1140 1943 Quisquis
1172 1888 1303 1945 ergo
1331 1872 1402 1927 ab
1430 1873 1531 1929 hac
1555 1872 1759 1928 unitate
1788 1870 1978 1928 matris

374 1958 660 2030 Ecclesia,
693 1959 808 2015 sive
838 1976 936 2031 per
962 1960 1214 2016 haresim
1267 1961 1335 2017 de
1383 1961 1499 2017 Deo
1540 1977 1802 2033 perversa
1850 1979 1980 2017 sen-

375 2047 581 2115 tiendo,
643 2065 741 2104 seu
790 2065 976 2105 errore
1025 2049 1332 2106 schismatis
1377 2051 1685 2122 proximum
1733 2067 1842 2107 non
1891 2051 1980 2106 di-

374 2137 621 2211 ligendo,
655 2137 931 2209 dividitur,
967 2139 1242 2196 charitatis
1281 2140 1443 2210 hujus
1486 2141 1668 2215 gratia
1712 2141 1976 2213 privatur,

375 2227 445 2283 de
503 2243 612 2299 qua
665 2228 772 2284 hoc
829 2228 976 2300 quod
1030 2228 1395 2300 praemisimus
1448 2230 1651 2285 Paulus
1709 2229 1886 2287 dicit:
1921 2231 1980 2288 Si

378 2317 661 2374 tradidero
678 2333 879 2392 corpus
899 2335 1090 2374 meum
1106 2323 1173 2374 ut
1190 2319 1407 2387 ardeat,
1424 2320 1770 2377 charitatem
1787 2323 1980 2377 autem

373 2423 490 2463 non
521 2407 774 2473 habeam,
808 2407 959 2464 nihil
988 2407 1132 2463 mihi
1154 2408 1383 2481 prodest
1413 2408 1464 2480 (Ι
1492 2410 1615 2466 Cor.
1648 2409 1807 2477 xm);
1840 2425 1905 2465 ac
1933 2409 1979 2464 si

374 2504 562 2570 aperta
594 2512 728 2553 voce
757 2496 987 2564 diceret,
1016 2504 1168 2552 extra
1200 2497 1380 2554 locum
1428 2515 1587 2553 suum
1638 2498 1980 2555 conﬂationis

374 2586 509 2641 mihi
536 2586 681 2661 ignis
712 2586 985 2642 adhibitus
1012 2594 1284 2643 tormento
1328 2604 1418 2643 me
1469 2588 1691 2655 cruciat,
1742 2590 1979 2645 munda-

374 2676 523 2732 tione
553 2692 665 2732 non
692 2684 908 2750 purgat.
944 2677 1099 2733 Hunc
1128 2693 1320 2732 omnes
1350 2685 1556 2734 sancta
1582 2679 1735 2751 pacis
1766 2686 1979 2736 amato-

375 2782 469 2822 res
500 2782 714 2822 summo
742 2765 920 2822 studio
948 2765 1128 2823 locum
1159 2774 1423 2839 quarunt,
1478 2768 1625 2824 hunc
1673 2776 1979 2841 quaerentes

374 2855 676 2925 inveniunt,
709 2854 853 2912 hunc
884 2854 1219 2912 invenientes
1250 2863 1453 2924 tenent,
1510 2857 1745 2914 scientes
1773 2872 1978 2930 pecca-

371 2952 557 3001 torum
584 2944 853 3013 remissio,
887 2944 974 3001 vel
1005 2945 1117 3013 ubi,
1167 2945 1257 3001 vel
1304 2946 1545 3018 quando,
1589 2946 1678 3002 vel
1725 2947 1978 3020 qualibus

371 3035 553 3091 detur.
586 3034 690 3091 Ubi
720 3034 938 3107 quippe,
977 3034 1083 3089 nisi
1128 3034 1183 3090 in
1238 3036 1521 3092 catholica
1568 3036 1758 3092 matris
1803 3037 1925 3093 sinu
1951 3038 1979 3094 τ

373 3123 625 3194 Quando,
658 3124 765 3179 nisi
793 3131 920 3179 ante
968 3123 1184 3180 venturi
1234 3124 1409 3180 exitus
1457 3124 1648 3181 diem?
1679 3125 1807 3198 quia
1852 3143 1979 3184 ecce

371 3230 520 3271 nunc
568 3221 779 3285 tempus
822 3214 1179 3285 acceptabile,
1233 3230 1363 3270 ecce
1406 3231 1551 3270 nunc
1599 3214 1717 3270 dies
1763 3216 1972 3272 salutis.

376 3304 447 3358 Et
480 3320 494 3358 :
529 3301 768 3372 Quaerite
790 3302 1080 3358 Dominum
1105 3303 1235 3359 dum
1256 3302 1487 3359 inveniri
1505 3312 1703 3375 potest,
1727 3304 1976 3362 invocate

371 3409 499 3450 eum
532 3392 660 3448 dum
690 3408 862 3464 prope
890 3400 989 3447 est.
1025 3391 1307 3463 Qualibus,
1332 3393 1437 3448 nisi
1458 3394 1759 3464 conversis,
1783 3393 1876 3467 qui
1905 3395 1975 3450 ad

367 3482 718 3556 parvulorum
772 3482 1131 3539 imitationem
1186 3482 1452 3554 magistra
1505 3483 1809 3540 humilitate
1864 3485 1973 3540 for-

368 3581 610 3641 mantur,
645 3572 838 3645 quibus
870 3572 1065 3628 dicitur
1095 3590 1109 3627 :
1141 3572 1325 3628 Sinite
1357 3575 1622 3646 parvulos
1666 3575 1858 3631 venire
1899 3573 1972 3631 ad

367 3680 459 3719 me
490 3682 508 3718 :
543 3664 748 3719 talium
775 3666 861 3718 est
891 3663 1046 3719 enim
1076 3679 1315 3735 regnum
1345 3663 1706 3735 calor-ama!
1720 3664 1841 3721 Cor.
1866 3664 1967 3734 v1);

365 3761 420 3808 et
440 3769 453 3808 :
473 3754 597 3808 Nisi
626 3753 880 3809 conversi
896 3752 1147 3825 fueritis,
1171 3756 1227 3809 et
1244 3753 1575 3825 e/ﬁciamini
1595 3753 1745 3809 sicut
1761 3770 1970 3826 parvu-

369 3844 431 3907 li,
461 3859 579 3899 non
606 3842 900 3898 intrabitis
925 3843 988 3898 in
1017 3859 1254 3915 regnum
1275 3844 1542 3899 calorum
1563 3842 1693 3913 (Isa.
1717 3841 1831 3915 Lv).
1853 3866 1875 3892 ιι
1900 3843 1971 3899 Et

363 3932 422 3988 in
444 3931 679 3988 decretis
693 3931 1005 4003 apostolica
1034 3931 1201 4000 sedis,
1237 3932 1450 4004 quando
1480 3931 1711 4004 Vigilius
1740 3949 1808 3988 ex
1836 3948 1970 4005 apo-

367 4021 582 4089 stolico,
613 4028 738 4093 post
766 4020 934 4076 multa
965 4027 1018 4076 et
1048 4020 1310 4077 terribilia
1342 4021 1583 4094 prastita
1626 4030 1968 4079 sacramenta

364 4111 424 4168 in
448 4110 701 4167 haresim
741 4111 929 4182 lapsus
978 4110 1445 4183 Constantin0poli
1489 4110 1848 4180 detinebatur,
1897 4112 1966 4167 ab

363 4201 629 4260 Ecclesia
657 4201 916 4258 Romana
946 4200 1224 4257 catholicis
1256 4200 1472 4258 clericis
1485 4201 1681 4256 Joanni
1702 4201 1966 4258 schisma-

362 4291 475 4348 tico
520 4291 845 4363 presbytero
892 4290 1134 4360 directis,
1189 4308 1309 4362 qua
1356 4290 1471 4362 ipsa
1503 4299 1692 4346 sancta
1720 4292 1967 4347 Romana

361 4380 612 4438 Ecclesia
640 4380 782 4436 inter
811 4379 1110 4437 catholicas
1146 4380 1367 4453 regulas
1414 4380 1630 4447 retinet,
1682 4380 1820 4436 inter
1861 4380 1967 4435 alia

365 4470 628 4544 scriptum
673 4477 802 4528 est:
836 4469 924 4526 Sic
970 4486 1188 4542 semper
1234 4469 1425 4525 habuit
1470 4468 1647 4525 omnis
1691 4468 1961 4538 Ecclesia,

365 4560 496 4634 quia
555 4560 645 4633 qui
699 4560 755 4615 in
809 4576 916 4616 una
972 4558 1352 4616 communione
1415 4558 1798 4631 consentiunt,
1855 4574 1964 4616 uno

2096 619 2365 677 contraria
2420 636 2517 677 ore
2564 621 2852 694 pradices,
2912 623 3186 679 contraria
3236 639 3346 680 uno
3395 625 3699 698 eodemque

2096 716 2339 781 tempore
2367 726 2533 766 manu
2563 711 2884 768 subscribas
2907 727 2920 768 :
2946 711 3026 770 sic
3054 712 3172 785 ipsa
3197 712 3435 768 omnium
3455 721 3697 770 vestrum

2094 799 2344 856 collectio
2400 800 2611 856 absolvi
2667 817 2776 857 non
2822 809 3003 874 potest
3050 802 3098 857 si
3144 802 3416 858 contraria
3456 803 3597 860 dicat
3645 811 3699 860 et

2094 888 2364 944 contraria
2395 888 2590 958 faciat;
2623 889 2679 945 id
2708 898 2810 957 est,
2841 890 2887 945 si
2918 890 3285 948 communicet
3329 892 3619 961 sacerdoti,
3666 910 3698 948 a

2093 977 2247 1048 cujus
2275 978 2664 1051 praedicatione
2694 988 2747 1035 et
2776 980 3179 1053 subscriptione
3229 980 3499 1037 dissentit.
3550 981 3699 1038 Sicut

2091 1066 2238 1123 enim
2296 1083 2358 1123 os
2417 1075 2568 1123 tuum
2621 1076 2674 1124 et
2726 1085 2921 1125 manus
2976 1078 3067 1125 tua
3123 1069 3287 1126 unius
3344 1070 3697 1143 ejusdemque

2092 1156 2341 1228 corporis
2370 1157 2621 1213 membra
2651 1166 2794 1225 sunt,
2819 1159 2895 1214 ita
2923 1159 3087 1214 unius
3116 1160 3474 1232 ejusdemque
3503 1160 3697 1216 Eccle-

2090 1245 2185 1302 sia
2214 1246 2454 1302 membra
2484 1254 2607 1301 sunt
2647 1247 2955 1304 sacerdotes
2999 1256 3052 1303 et
3101 1249 3354 1321 populus,
3408 1248 3523 1304 sive
3571 1264 3695 1306 cum

2089 1335 2368 1392 catholicis
2414 1336 2731 1404 catholicus,
2784 1335 2900 1394 sive
2947 1354 3069 1394 cum
3118 1353 3230 1393 non
3278 1336 3534 1393 ﬁdelibus
3567 1336 3695 1393 inﬁ-

2088 1423 2246 1480 delis.
2271 1425 2404 1480 Inde
2434 1433 2517 1480 est
2545 1425 2689 1481 enim
2727 1426 2874 1498 quod
2903 1442 2937 1482 a
2965 1426 3199 1483 Domino
3227 1426 3282 1481 in
3310 1425 3474 1482 ﬁnem
3506 1427 3690 1484 saeculi

2087 1513 2272 1587 colligi
2319 1514 2580 1584 jubentur
2637 1514 2839 1571 zizania
2889 1524 2940 1572 et
2998 1515 3220 1590 alligari
3275 1514 3570 1573 fasciculos
3623 1517 3693 1572 ad

2085 1603 2514 1660 comburendum
2546 1604 2765 1678 (Matth.
2797 1604 2945 1678 xm).
2996 1604 3134 1661 Hinc
3182 1613 3266 1667 est
3312 1604 3461 1679 quod
3505 1612 3694 1663 sancto

2082 1693 2350 1764 propheta
2374 1694 2662 1751 Ezechiele
2693 1702 2927 1751 testante
2960 1710 2974 1752 :
3012 1696 3073 1752 Si
3113 1694 3372 1753 sacerdos
3419 1712 3536 1753 non
3576 1695 3690 1752 dis-

2085 1782 2332 1839 tinxerit
2359 1784 2583 1857 populo,
2617 1784 2737 1857 ipse
2759 1784 2983 1858 quidem
2997 1785 3238 1859 populus
3254 1785 3318 1841 in
3338 1801 3439 1842 suo
3459 1789 3690 1858 peccato

2008 1901 2062 1962 B
2085 1872 2381 1938 morietur,
2416 1874 2674 1929 animam
2707 1877 2900 1930 tamen
2930 1875 3052 1947 ejus
3080 1875 3146 1930 de
3175 1890 3355 1931 manu
3382 1873 3691 1932 sacerdotis

2085 1961 2333 2034 inquirit
2357 1962 2580 2033 (Ezech.
2629 1962 2734 2034 ιιι),
2779 1977 2889 2018 ιιοιι
2937 1962 3029 2031 ait,
3063 1962 3189 2036 quia
3218 1970 3369 2019 extra
3403 1970 3692 2035 peccatum

2083 2050 2316 2122 populus
2346 2058 2428 2106 est
2457 2066 2566 2107 non
2595 2051 2873 2119 morietur,
2907 2052 3005 2108 sed
3054 2052 3179 2125 quia
3224 2051 3278 2108 in
3323 2068 3421 2109 suo
3463 2060 3690 2125 peccato

2080 2139 2367 2207 morietur,
2403 2140 2502 2196 sed
2530 2142 2764 2213 populus
2813 2140 3034 2214 quidem
3079 2156 3179 2214 pro
3227 2141 3409 2214 seipso
3455 2149 3686 2215 tantum,

2083 2229 2347 2285 sacerdos
2378 2245 2509 2285 vero
2538 2230 2698 2286 etiam
2728 2246 2827 2302 pro
2855 2230 3078 2303 populo.
3112 2230 3252 2288 Hinc
3280 2238 3365 2287 est
3395 2248 3409 2285 :
3447 2231 3507 2289 Si
3544 2248 3688 2289 caeco

2081 2335 2262 2375 cacus
2285 2318 2557 2376 ducatum
2574 2320 2843 2393 praebeat,
2864 2335 2972 2376 non
3003 2319 3119 2392 ipse
3151 2319 3245 2392 qui
3274 2320 3530 2376 ducatum
3549 2337 3693 2393 pra-

2080 2407 2173 2463 bet
2200 2407 2367 2477 solus,
2398 2409 2495 2464 sed
2524 2410 2684 2466 ambo
2715 2411 2778 2465 in
2814 2412 3035 2481 foveam
3064 2409 3283 2466 cadunt
3310 2410 3533 2481 (Matth.
3560 2408 3683 2482 xv).

2078 2497 2147 2552 Et
2172 2496 2303 2553 item
2342 2498 2397 2552 in
2446 2497 2653 2554 eisdem
2700 2498 2956 2566 decretis,
3009 2497 3398 2554 Schismaticus
3446 2497 3593 2555 enim
3635 2505 3689 2554 et

2079 2585 2364 2642 haereticus
2419 2586 2652 2659 populus
2697 2587 3043 2644 schismatico
3087 2594 3142 2644 et
3184 2587 3445 2645 haretico
3495 2603 3688 2645 sacer-

2080 2675 2194 2731 doti
2228 2675 2659 2743 communicans,
2707 2675 2847 2733 sicut
2889 2676 3141 2732 universa
3185 2675 3288 2733 Dei
3331 2692 3548 2748 semper
3596 2685 3684 2733 te-

2077 2764 2193 2821 nuit
2220 2772 2273 2820 et
2301 2772 2446 2821 tenet
2474 2764 2740 2835 Ecclesia,
2775 2765 3156 2823 schismaticus
3203 2773 3256 2821 et
3298 2765 3591 2823 haereticus
3626 2766 3684 2822 in

2076 2869 2313 2928 regnum
2343 2854 2444 2910 Dei
2470 2853 2678 2910 intrare
2707 2871 2816 2911 non
2845 2863 3094 2927 possunt,
3150 2855 3248 2910 sed
3294 2871 3419 2928 pars
3449 2855 3568 2925 ejus
3604 2872 3666 2911 es

2077 2943 2135 2999 in
2164 2944 2433 3017 gehenna.
2469 2944 2635 2999 Cessa
2665 2943 2833 3017 igitur
2861 2944 2989 2999 talia
3017 2943 3345 3016 praedicare,
3396 2960 3518 3017 qua
3559 2960 3682 3002 sce-

2077 3032 2163 3088 lus
2192 3033 2263 3088 sit
2292 3032 2534 3107 cogitare
2565 3051 2579 3088 :
2612 3049 2771 3089 cessa
2801 3042 3017 3090 vastare
3063 3050 3295 3108 gregem
3344 3033 3566 3101 Christi,
3618 3050 3689 3092 ne

2078 3122 2219 3178 sicut
2251 3129 2302 3178 et
2330 3123 2448 3193 ipse
2476 3138 2681 3194 negare
2727 3139 2837 3179 non
2883 3130 3059 3195 potes,
3111 3139 3276 3194 super
3323 3130 3471 3178 tuum
3520 3131 3686 3197 caput

2079 3211 2147 3265 sit
2174 3210 2318 3266 illius
2346 3210 2534 3283 populi
2563 3210 2803 3267 universi
2831 3211 3087 3284 perditio.
3127 3210 3286 3280 Quod
3318 3211 3538 3284 quidem
3587 3211 3684 3268 tibi

2076 3300 2332 3372 perfecta
2361 3300 2723 3356 damnationis
2754 3309 2838 3358 est
2867 3317 3053 3368 causa,
3076 3300 3198 3356 illos
3229 3316 3364 3359 vero
3393 3301 3684 3359 absolvere

2075 3389 2296 3446 omnino
2325 3405 2437 3446 non
2478 3389 2693 3462 poterit.
2738 3391 2806 3446 Et
2852 3390 2985 3446 item
3026 3390 3122 3459 ibi,
3175 3390 3323 3464 quod
3370 3399 3426 3448 et
3473 3391 3530 3446 in
3574 3391 3680 3450 alio

2070 3479 2195 3537 loco
2224 3480 2380 3536 istius
2404 3479 2575 3552 ipsius
2605 3479 2853 3552 opusculi
2900 3482 3059 3553 posui
3103 3498 3116 3535 :
3153 3479 3414 3555 Quisquis
3459 3482 3686 3538 assentit

2072 3569 2309 3641 principi
2349 3568 2673 3638 schismatis,
2727 3569 3108 3626 schismaticus
3152 3586 3276 3627 esse
3319 3586 3525 3643 negare
3567 3586 3680 3627 non

2071 3659 2287 3731 poterit.
2350 3658 2511 3728 Quod
2558 3658 2606 3713 si
2648 3667 2700 3715 et
2751 3675 2944 3716 omnes
2987 3659 3299 3717 sacerdotes
3342 3668 3396 3717 et
3441 3659 3678 3718 mundus

2071 3738 2331 3804 assentiat
2366 3790 2380 3817 ,
2438 3748 2711 3804 damnatio
2768 3748 3174 3806 consentientes
3231 3748 3504 3818 involvit,
3569 3764 3684 3807 non

2069 3836 2581 3910 pravaricationem
2611 3854 2914 3895 consensus
2944 3838 3203 3897 absolvit.
3229 3839 3354 3896 Non
3383 3839 3529 3897 enim
3560 3838 3674 3897 cri-

2069 3944 2196 3984 men
2235 3927 2492 3984 minuitur
2538 3929 2638 3984 sed
2686 3928 2974 3997 accrescit,
3024 3945 3149 3986 cum
3195 3929 3459 4004 generale
3504 3928 3564 3985 ﬁt
3610 3945 3677 3987 ex

2067 4016 2300 4090 privato.
2364 4018 2481 4074 Hoc
2537 4016 2683 4073 enim
2741 4018 2888 4074 Deus
2944 4017 3186 4075 omnium
3234 4017 3530 4088 indicavit,
3585 4018 3679 4092 qui

2066 4106 2325 4162 mundum
2354 4114 2675 4177 peccantem
2717 4106 2960 4178 generali
3008 4106 3212 4163 diluvio
3241 4106 3535 4164 interemit.
3570 4107 3680 4165 Sed

2067 4195 2198 4267 quid
2225 4195 2416 4251 miseri
2443 4194 2669 4262 facietis,
2722 4194 2851 4267 quia
2896 4194 2994 4267 qui
3043 4194 3196 4249 illum
3237 4203 3289 4251 et
3327 4196 3579 4268 pradixit
3626 4202 3680 4252 et

2066 4283 2212 4350 fecit,
2265 4283 2384 4355 ipse
2420 4282 2566 4357 ignis
2614 4282 2873 4338 diluvium
2921 4279 3066 4339 nunc
3102 4282 3359 4351 minatur,
3412 4284 3530 4357 ipse
3579 4301 3678 4359 ge-

2065 4374 2260 4429 hennae
2318 4372 2435 4429 sine
2485 4371 2591 4428 ﬁne
2636 4373 2956 4430 tormenta?
3007 4372 3159 4430 Sicut
3202 4373 3346 4430 enim
3386 4373 3564 4445 justos
3619 4373 3676 4430 in

2066 4470 2330 4520 aeternam
2359 4463 2527 4520 vitam
2557 4461 2810 4536 pradixit
2858 4463 3046 4530 ituros,
3098 4462 3177 4520 sic
3230 4462 3427 4537 impios
3474 4471 3675 4521 aeterno

2066 4552 2408 4610 damnandos
2438 4552 2681 4622 interitu,
2712 4560 2786 4615 ut
2804 4553 2946 4611 sicut
2969 4569 3081 4610 non
3113 4560 3290 4626 potest
3333 4552 3478 4610 ﬁniri
3504 4552 3679 4610 beati-

363 4651 645 4724 dogmate,
678 4666 788 4706 una
818 4649 1099 4722 charitate,
1124 4665 1234 4705 uno
1264 4656 1514 4706 tenentur
1541 4665 1790 4706 assensu.
1816 4648 1966 4707 Sicut
1996 4645 2050 4706 D
2070 4643 2198 4700 tudo
2222 4643 2511 4713 justorum,
2563 4643 2640 4699 sic
2670 4659 2775 4701 nec
2818 4642 3110 4716 impiorum
3156 4650 3426 4699 tormenta
3472 4641 3676 4699 ﬁnian-

364 4740 511 4798 enim
541 4740 850 4798 communio
881 4748 935 4796 et
964 4757 1030 4796 ex
1059 4740 1314 4796 omnibus
1344 4738 1696 4796 offerentibus
1738 4755 1848 4796 una
1889 4738 1966 4808 ﬁt,

364 4838 420 4886 et
450 4845 561 4886 una
590 4831 732 4886 redit
762 4830 817 4884 in
864 4830 1134 4897 omnibus,
1182 4846 1292 4886 non
1337 4838 1496 4901 parte
1543 4845 1820 4902 corporea,
1872 4830 1970 4886 sed

362 4919 559 4976 virtute
585 4918 770 4975 divina
802 4936 817 4975 :
851 4919 931 4976 sic
959 4919 1286 4975 unanimitas
1315 4935 1415 4992 per
1442 4934 1633 4975 omnes
1670 4919 1782 4976 illic
1812 4935 1967 4976 com-

362 5009 704 5065 municantes
734 5008 991 5065 excurrit.
1024 5010 1165 5064 Nam
1195 5009 1241 5064 si
1269 5024 1380 5065 non
1409 5017 1493 5066 est
1522 5009 1681 5065 unius
1729 5025 1968 5067 consen-

363 5098 537 5156 sionis
592 5098 813 5171 signum
863 5114 974 5154 una
1019 5098 1346 5166 communio,
1392 5098 1523 5172 quid
1566 5099 1662 5155 erit
1710 5099 1856 5173 quod
1900 5099 1968 5155 ad

362 5187 730 5246 cenﬁtendam
788 5205 888 5260 per
954 5204 1174 5244 omnem
1236 5188 1500 5246 Ecclesia
1555 5190 1968 5246 consonantiam

362 5277 594 5352 mystice
612 5278 956 5335 celebretur?
975 5278 1093 5335 Nec
1112 5278 1271 5333 nobis
1285 5278 1399 5348 jam
1415 5279 1567 5334 dicas
1589 5278 1965 5351 (Matth.x1x):

360 5370 513 5442 Ergo
544 5368 589 5423 si
619 5368 948 5425 criminosus
978 5367 1047 5423 sit
1079 5369 1355 5435 sacerdos,
1382 5368 1590 5425 crimen
1611 5368 1883 5424 redundat
1913 5369 1970 5424 in

361 5457 615 5531 populos.
672 5457 836 5514 Aliud
883 5464 967 5514 est
1008 5457 1155 5514 enim
1198 5457 1346 5531 quod
1400 5456 1772 5529 committitur,
1821 5458 1967 5515 aliud

363 5548 512 5620 quod
542 5547 706 5603 etiam
731 5547 1079 5619 pra-dicatur.
1114 5548 1392 5605 Privatum
1424 5553 1507 5603 est
1553 5546 1700 5620 quod
1725 5547 1796 5603 ab
1824 5563 1967 5605 uno-

362 5652 582 5710 quoque
637 5637 1038 5695 committitur:
1072 5654 1361 5695 commune
1419 5653 1549 5695 vero
1599 5635 1659 5692 ﬁt
1704 5637 1967 5694 Ecclesia

364 5727 511 5801 quod
539 5726 756 5799 publice
802 5726 1143 5801 praedicatur,
1195 5735 1578 5802 tantorumque
1622 5727 1967 5784 sacerdotum

2072 4740 2176 4789 tur.
2225 4734 2355 4791 Hac
2398 4733 2670 4790 hareticis
2716 4731 3180 4803 schismaticisque
3224 4739 3349 4786 sunt
3389 4748 3402 4787 :
3448 4739 3503 4788 et
3550 4732 3677 4806 quia

2072 4823 2334 4898 quidquid
2382 4840 2525 4879 nunc
2579 4822 2723 4895 gerit
2780 4821 3051 4889 Ecclesia,
3110 4819 3338 4892 mystice
3384 4828 3548 4895 typus
3594 4834 3678 4882 est

2069 4911 2391 4983 futurorum,
2425 4913 2472 4968 si
2500 4912 2798 4985 gustabunt
2827 4911 2896 4966 de
2922 4924 3065 4982 pane
3094 4909 3325 4978 caelesti,
3375 4910 3430 4966 id
3479 4919 3563 4969 est
3605 4911 3675 4970 de

2070 5001 2335 5059 suavitate
2364 5002 2551 5058 divina
2588 5001 2855 5075 gehenna
2901 4997 3214 5071 participes,
3268 5000 3547 5059 damnatio
3592 5010 3675 5058 est

2071 5091 2428 5148 schismaticis
2476 5098 2529 5147 et
2575 5088 2847 5147 hareticis
2892 5088 3137 5163 corporis
3185 5089 3385 5147 Christi
3423 5108 3673 5149 commu-

2069 5181 2181 5238 nio.
2238 5183 2309 5238 Et
2380 5187 2600 5237 sanctus
2657 5177 2996 5252 Augustinus
3059 5177 3118 5236 in
3171 5180 3399 5253 epistola
3457 5180 3673 5239 concilii

2068 5270 2305 5328 Africani
2335 5270 2405 5326 ad
2431 5268 2741 5326 Donatistas
2776 5285 2790 5325 :
2830 5289 2853 5320 ι
2888 5267 3169 5343 Quisquis,
3188 5269 3362 5344 inquit
3391 5272 3670 5346 (August.,

2069 5362 2233 5433 epist.
2269 5358 2415 5431 152),
2464 5375 2495 5413 a
2545 5357 2814 5416 catholica
2857 5359 3105 5417 Ecclesia
3152 5358 3313 5417 fuerit
3360 5368 3669 5433 separatus,

2069 5446 2461 5522 quantumlibet
2506 5446 2849 5506 laudabiliter
2890 5465 2951 5506 se
2997 5449 3185 5506 vivere
3228 5449 3516 5518 existimet,
3566 5450 3673 5507 hoc

2068 5536 2186 5593 solo
2215 5535 2424 5593 scelere
2455 5536 2603 5610 quod
2643 5552 2674 5592 a
2719 5537 2919 5594 Christi
2970 5537 3172 5594 unitate
3227 5537 3532 5608 disiunctus
3586 5543 3671 5592 est

2067 5643 2179 5684 non
2204 5626 2425 5685 habebit
2452 5627 2634 5696 vitam,
2668 5627 2769 5685 sed
2795 5627 2876 5684 ira
2922 5627 3023 5685 Dei
3072 5636 3255 5684 manet
3301 5643 3466 5699 super
3520 5642 3664 5683 eum.

2068 5725 2330 5801 Quisquis
2359 5734 2542 5787 autem
2570 5727 2626 5786 in
2653 5728 2756 5788 hac
2796 5726 3045 5787 Ecclesia
3088 5728 3228 5787 bene
3275 5725 3485 5797 vixerit,
3532 5726 3669 5785 nihil
