4164 6330
491 369 594 425 ιτς

1377 361 1718 419 HINCMARI
1773 359 2176 419 RHEMENSIS
2229 355 2779 418 ARCHIEPISCOPI.

3679 361 3784 428 480

488 493 540 548 ei
567 489 926 565 praeiudicant
955 488 1135 546 aliena
1161 495 1404 562 peccata,
1453 487 1581 562 quia
1626 469 2000 560 unusquisque
2029 487 2085 542 in
2103 486 2160 547 A
2188 486 2284 541 tibi
2307 485 2677 543 necessarium
2706 491 2788 540 est
2815 483 3083 557 replicari,
3115 483 3243 540 dicit
3274 483 3578 556 (Cyprian.,
3613 483 3778 556 epist.

489 597 552 638 ea
605 579 891 654 proprium
946 577 1202 651 portabit,
1265 577 1403 632 sicut
1451 577 1744 648 Apostolus
1789 577 1919 634 dicit
1966 595 1979 632 :
2022 578 2089 633 Et

490 669 800 744 quicunque
855 667 911 724 in
961 682 1028 724 ea
1074 682 1272 738 corpus
1315 665 1515 722 Christi
1562 665 1968 722 manducaverit
2009 665 2091 720 in-

490 759 678 833 digne,
699 758 988 831 judicium
1017 757 1126 812 sibi
1153 755 1463 812 manducat
1493 759 1550 812 et
1579 756 1713 811 bibit
1743 756 1795 827 (Ι
1813 757 1934 812 Cor.
1955 756 2037 826 χι)
2073 771 2086 810 :

491 863 617 906 cum
647 847 792 903 enim
823 845 950 902 dicit
964 845 1252 919 judicium
1271 845 1380 900 sibi
1400 843 1728 911 manducat,
1755 844 1886 899 satis
1907 852 2092 900 osten-

491 937 569 994 dit
597 935 726 1009 quia
762 951 874 990 non
920 933 1077 991 alteri
1117 933 1382 1003 judicium
1427 933 1734 1000 manducat,
1787 933 1885 988 sed
1935 932 2088 988 sibi:

493 1025 616 1099 quia
675 1023 985 1082 communio
1048 1022 1319 1078 malorum
1392 1038 1503 1079 non
1558 1022 1789 1078 maculat
1853 1022 2092 1096 aliquem

489 1112 906 1186 participatione
936 1119 1427 1182 sacramentorum,
1483 1111 1583 1167 sed
1621 1111 1982 1168 consensione
2011 1110 2092 1166 fa-

492 1211 726 1260 ctorum.
783 1203 926 1258 Nam
983 1201 1030 1256 si
1084 1201 1140 1256 in
1197 1199 1355 1258 factis
1411 1200 1568 1256 malis
1595 1216 1706 1256 non
1751 1201 1830 1256 eis
1861 1200 2093 1274 quisque

493 1291 815 1362 consentiat,
847 1297 1023 1364 portat
1053 1289 1232 1346 malus
1259 1305 1477 1346 causam
1535 1306 1685 1345 suam
1715 1297 1769 1345 et
1797 1305 2094 1360 personam

495 1398 671 1452 suam,
701 1397 802 1436 nec
847 1379 1161 1452 prmjudicat
1203 1378 1380 1445 alteri,
1431 1394 1595 1452 quem
1640 1378 1694 1433 in
1739 1377 2094 1435 consentione

495 1469 626 1526 mali
653 1469 836 1542 operis
863 1469 1074 1525 socium
1122 1483 1232 1524 non
1276 1467 1442 1524 habet
1492 1467 1751 1525 criminis.
1789 1487 1812 1519 »
1844 1467 1915 1524 Ει
1955 1467 2093 1523 Pro-

495 1575 624 1632 sper
652 1559 708 1613 in
735 1557 879 1614 libro
930 1557 1328 1614 Sententiarum
1359 1577 1378 1612 :
1411 1579 1433 1606 α
1467 1557 1667 1612 Escam
1709 1555 1834 1612 vitae
1877 1555 2090 1629 accipit,

493 1647 810 1705 aeternitatis
838 1645 1096 1718 poculum
1122 1645 1276 1714 bibit,
1319 1645 1414 1718 qui
1442 1645 1500 1700 in
1529 1646 1741 1702 Christo
1787 1653 1989 1716 manet,
2041 1653 2096 1702 et

492 1737 647 1807 cujus
677 1735 920 1793 Christus
949 1735 1217 1791 habitator
1275 1743 1376 1792 est.
1423 1735 1564 1792 Nam
1613 1735 1706 1808 qui
1751 1734 2026 1793 discordat
2063 1750 2096 1791 a

2191 579 2279 643 65,
2311 576 2383 632 ad
2403 573 2814 645 Antonianum)
2847 593 2860 630 :
2899 595 2920 625 α
2957 573 3172 646 Ignosci
3203 573 3347 628 enim
3375 579 3553 644 potest
3583 571 3792 644 simpli-

2153 663 2324 720 citer
2351 663 2574 734 erranti,
2625 663 2761 720 sicut
2816 663 2885 720 de
2941 663 3124 734 seipso
3171 661 3301 718 dicit
3329 661 3608 732 apostolus
3640 661 3786 716 Pau-

2190 753 2276 810 lus
2311 770 2322 808 :
2361 755 2465 822 Qui
2491 755 2743 826 primum
2775 755 2865 826 fui
2897 753 3270 825 blasphemus,
3290 755 3347 807 et
3364 755 3708 824 persecutor,
3731 755 3788 806 et

2191 845 2522 916 injuriosus,
2555 843 2650 898 sed
2677 841 3128 898 misericordiam
3150 841 3336 897 merui
3363 842 3496 912 quia
3517 841 3790 913 ignorans

2191 934 2306 1005 feci
2336 932 2389 1003 (Ι
2415 933 2553 988 Tim.
2587 931 2648 1003 ι).
2689 931 2816 986 Post
2845 929 3254 1002 inspirationem
3300 944 3432 984 vero
3474 937 3525 984 et
3572 928 3789 984 revela-

2191 1020 2394 1077 tionem
2427 1019 2624 1077 factam
2653 1019 2746 1092 qui
2773 1019 2831 1074 in
2853 1035 2920 1074 eo
2949 1018 3094 1092 quod
3133 1025 3412 1074 erraverat
3451 1025 3790 1090 perseverat,

2191 1109 2435 1182 prudens
2492 1117 2545 1165 et
2598 1108 2778 1166 sciens
2837 1107 2957 1164 sine
3010 1106 3168 1163 venia
3218 1106 3540 1182 ignorantiae
3576 1114 3786 1178 peccat.

2191 1198 2618 1270 Praesumptione
2647 1197 2792 1253 enim
2820 1205 2983 1268 atque
3015 1196 3376 1252 obstinatione
3419 1196 3654 1269 quadam
3699 1195 3791 1250 ni-

2193 1287 2338 1358 titur,
2400 1304 2522 1344 cum
2576 1287 2786 1343 ratione
2847 1293 3150 1358 superetur.
3190 1309 3212 1334 ιι
3265 1285 3402 1341 Hinc
3457 1283 3794 1358 Augustinus

2192 1379 2465 1450 (August.,
2486 1375 2552 1432 de
2573 1378 2758 1450 Bapt.,
2782 1375 2878 1430 lib.
2897 1391 2973 1445 tv,
2993 1391 3116 1446 cap.
3141 1373 3196 1446 5)
3219 1393 3232 1430 :
3263 1397 3284 1422 ιι
3311 1375 3427 1431 Hoc
3445 1373 3792 1430 verissimum

2193 1473 2294 1532 est,
2324 1465 2490 1540 longe
2534 1464 2760 1540 gravius
2808 1479 2932 1520 esse
2985 1471 3271 1536 peccatum
3312 1464 3430 1534 ejus
3476 1462 3567 1535 qui
3613 1462 3793 1519 sciens

2194 1569 2359 1628 quam
2389 1555 2507 1625 ejus
2538 1553 2632 1627 qui
2659 1553 2911 1611 nesciens
2939 1553 3264 1624 peccaverit.
3298 1553 3366 1608 Et
3395 1551 3517 1608 ideo
3546 1551 3630 1607 vir
3659 1567 3795 1607 san-

2193 1650 2311 1699 ctus
2341 1643 2664 1716 Cyprianus,
2695 1659 2804 1698 non
2837 1642 3010 1698 solum
3041 1642 3252 1708 doctus,
3303 1641 3402 1698 sed
3444 1640 3604 1697 etiam
3635 1639 3794 1698 doci~

2193 1732 2337 1800 bilis,
2370 1733 2512 1806 quod
2545 1732 2601 1787 in
2627 1731 2785 1788 laude
2815 1731 3062 1803 episcOpi
3105 1738 3286 1786 tamen
3329 1729 3582 1804 designat
3639 1732 3794 1802 Apo-

494 1825 726 1894 Christo,
759 1841 864 1882 nec
893 1840 1112 1881 carnem
1143 1823 1343 1880 Christi
1373 1824 1682 1893 manducat,
1715 1841 1817 1880 nec
1862 1823 2092 1898 sangui-
2114 1853 2167 1914 B
2197 1821 2386 1892 stolus,
2415 1821 2494 1878 sic
2521 1821 2640 1892 ipse
2686 1819 2948 1877 intellexit
2995 1827 3052 1875 ut
3094 1819 3319 1890 diceret,
3372 1819 3536 1875 etiam
3589 1820 3695 1875 hoc
3739 1819 3798 1874 in

493 1931 622 1972 nem
650 1914 804 1983 bibit,
835 1914 1048 1970 etiamsi
1077 1921 1237 1970 tanta:
1264 1913 1346 1970 rei
1383 1921 1788 1970 sacramentum
1835 1913 1903 1968 ad
1942 1913 2093 1984 judi-

495 2004 640 2060 cium
669 2020 783 2060 suae
809 2001 1252 2076 praesumptionis
1281 2003 1522 2076 quotidie
1577 2001 1950 2059 indiﬂ'erenter
1997 2017 2094 2060 ac-

496 2092 682 2166 cipiat.
723 2113 746 2143 ι
796 2091 987 2159 Audis,
1043 2090 1225 2158 frater,
1289 2091 1413 2164 quia
1467 2091 1630 2147 nimis
1683 2091 1918 2148 amando
1975 2091 2097 2164 quis

497 2180 820 2238 sententiam
850 2197 1025 2245 suam,
1057 2181 1144 2237 vel
1173 2180 1466 2237 invidendo
1497 2181 1832 2252 melioribus,
1884 2181 1954 2238 ad
2001 2197 2096 2237 sa-

494 2271 781 2343 crilegium
811 2269 1118 2327 schismatis
1174 2269 1454 2342 pervenit;
1487 2271 1662 2337 audis,
1714 2269 1843 2344 quia
1891 2286 2000 2326 non
2041 2270 2096 2326 in

495 2359 810 2426 schismate,
843 2375 948 2416 nec
975 2359 1081 2414 nisi
1111 2358 1166 2414 in
1194 2359 1398 2415 unitate
1426 2359 1689 2416 Ecclesiae
1746 2368 1829 2416 est
1885 2360 2096 2432 prima-

495 2455 618 2516 tus;
646 2448 823 2516 audis,
858 2447 982 2522 quia
1009 2463 1120 2504 non
1175 2449 1232 2502 in
1284 2448 1596 2517 schismate,
1661 2456 1716 2506 et
1768 2449 1985 2506 nonnisi
2042 2450 2099 2505 in

495 2537 759 2594 Ecclesia
789 2536 993 2594 unitate
1023 2553 1155 2594 vera
1183 2544 1308 2592 sunt
1335 2537 1647 2610 ligamenta,
1698 2539 1754 2593 in
1803 2555 1907 2610 qua
1964 2553 2098 2594 vera

498 2634 552 2682 et
578 2627 648 2682 ad
678 2626 904 2682 salutem
959 2625 1282 2698 pertinentia
1337 2635 1461 2682 sunt
1509 2635 1887 2695 sacramenta;
1940 2626 2098 2685 audis

499 2715 627 2790 quia
655 2733 766 2772 non
791 2716 847 2770 in
880 2715 1188 2783 schismate,
1223 2723 1276 2772 et
1321 2733 1431 2771 non
1460 2716 1565 2772 nisi
1621 2716 1679 2772 in
1734 2717 1934 2773 unitate
1988 2717 2099 2772 Ec-

497 2803 680 2861 clesiae
737 2805 895 2860 datur
947 2804 1036 2860 vel
1091 2804 1356 2876 accipitur
1413 2805 1642 2876 Spiritus
1701 2813 1938 2876 sanctus,
1998 2822 2099 2878 per

497 2909 658 2966 quem
689 2891 1009 2949 diﬂ'unditur
1037 2893 1271 2949 charitas
1299 2893 1352 2948 iu
1385 2893 1646 2950 cordibus
1703 2895 1944 2962 nostris;
1997 2909 2098 2949 au-

497 2981 584 3038 dis
617 2981 743 3055 quia
771 2981 898 3053 illis,
930 2981 1021 3054 qui
1050 2997 1159 3038 non
1189 2989 1311 3038 sunt
1340 2981 1396 3038 in
1452 2982 1656 3039 unitate
1702 2983 1856 3054 pacis
1913 2984 2097 3040 eccle-

497 3071 747 3141 siasticae,
782 3071 829 3127 si
858 3078 1080 3143 gustant
1110 3071 1179 3126 de
1235 3087 1374 3144 pane
1431 3071 1658 3142 ccelesti,
1721 3079 1802 3128 est
1858 3071 2100 3144 perfecta

495 3161 775 3218 damnatio
823 3161 1074 3234 corporis
1130 3161 1325 3218 Christi
1373 3161 1810 3220 communicatio.
1870 3163 2096 3234 Depone

2197 1911 2455 1982 episcopo
2485 1926 2608 1966 esse
2636 1909 2994 1984 diligendum,
3027 1925 3138 1966 non
3165 1909 3341 1964 solum
3360 1917 3419 1963 ut
3439 1907 3675 1964 scienter
3699 1908 3798 1963 do-

2196 2008 2334 2070 ceat,
2386 2000 2483 2056 sed
2531 1998 2697 2055 etiam
2745 1997 3014 2070 patienter
3061 1998 3256 2054 discat.
3305 1997 3568 2054 Docibilis
3616 2004 3800 2053 autem

2196 2088 2288 2145 ille
2318 2096 2402 2146 est
2432 2088 2524 2161 qui
2557 2095 2640 2144 est
2668 2089 2739 2144 ad
2767 2087 3012 2144 discendi
3039 2077 3354 2159 patientiam
3383 2087 3522 2142 leuis
3543 2094 3596 2142 et
3626 2086 3794 2143 mitis.

2198 2177 2426 2250 Oportet
2455 2177 2602 2234 enim
2632 2177 2921 2250 episcOpos
2949 2193 3058 2232 non
3090 2183 3297 2232 tantum
3327 2176 3548 2244 docere,
3599 2177 3700 2232 sed
3745 2182 3799 2231 et

2199 2267 2412 2324 discere
2446 2285 2459 2322 :
2493 2267 2618 2340 quia
2648 2275 2700 2322 et
2729 2266 2822 2322 ille
2853 2265 3046 2322 melius
3075 2265 3255 2333 docet,
3289 2265 3379 2338 qui
3409 2265 3648 2338 quotidie
3676 2280 3799 2322 cre-

2199 2357 2298 2414 scit
2325 2364 2378 2412 et
2405 2355 2616 2428 proﬁcit
2645 2355 2909 2412 discendo
2945 2355 3192 2412 meliora.
3239 2355 3335 2410 His
3378 2354 3564 2428 utique
3610 2354 3796 2411 verbis

2199 2445 2332 2502 satis
2358 2445 2556 2502 indicat
2585 2445 2668 2502 vir
2697 2453 2936 2511 sanctus,
2971 2453 3024 2500 et
3069 2445 3160 2516 pia
3199 2443 3465 2500 charitate
3511 2445 3793 2516 praeditus,

2198 2551 2308 2591 non
2339 2551 2462 2590 esse
2492 2535 2842 2590 metuendum
2873 2533 2952 2590 sic
2982 2534 3096 2604 ejus
3127 2533 3386 2605 epistolas
3412 2533 3616 2607 legere,
3663 2541 3721 2590 ut
3750 2532 3796 2588 si

2199 2623 2329 2697 quid
2356 2631 2548 2695 postea
2577 2623 2823 2694 pluribus
2851 2631 2901 2677 et
2958 2621 3386 2678 diuturnioribus
3433 2621 3799 2694 inquisitioni-

2199 2713 2302 2769 bus
2329 2721 2668 2786 compertum
2697 2711 2946 2768 Ecclesia
2985 2711 3344 2782 confirmavit,
3393 2727 3500 2767 non
3543 2711 3791 2786 ambiga-

2198 2819 2338 2869 mus,
2373 2803 2500 2875 quia
2530 2801 2669 2858 sicut
2697 2801 2866 2857 multa
2895 2809 3044 2857 erant
3089 2818 3210 2874 quae
3257 2801 3446 2857 doctus
3495 2801 3801 2874 Cyprianus

2199 2893 2442 2961 doceret,
2477 2891 2554 2947 sic
2583 2899 2698 2946 erat
2727 2898 2781 2946 et
2808 2889 3010 2962 aliquid
3037 2891 3182 2962 quod
3211 2889 3510 2962 Cyprianus
3548 2889 3801 2946 docibilis

2199 2981 2454 3036 disceret.
2493 3001 2516 3030 ι)
2553 2981 2697 3048 Haec,
2731 2978 2919 3047 frater,
2961 2979 3180 3034 auribus
3225 2979 3470 3051 percipe,
3517 2986 3568 3034 et
3617 2985 3800 3034 mente

2200 3069 2463 3144 intellige,
2499 3076 2553 3124 et
2581 3085 2689 3124 non
2719 3068 3034 3143 dedigneris
3063 3084 3186 3125 cum
3215 3067 3486 3141 Cypriano
3528 3076 3580 3124 et
3609 3071 3799 3142 Augu-

2201 3159 2364 3227 stino,
2388 3158 2651 3230 Apostolo
2673 3157 3039 3230 praecipiente,
3063 3157 3314 3214 docibilis
3339 3173 3464 3214 esse
3485 3157 3794 3229 episcOpus,

496 3265 632 3323 ergo
662 3258 929 3307 tumorem
960 3251 1142 3307 cordis
1174 3251 1269 3319 tui,
1324 3259 1376 3307 et
1406 3251 1760 3324 pertinaciam
1808 3259 2098 3309 contuma-
2121 3217 2169 3281 Ο
2201 3256 2254 3306 et
2281 3248 2406 3322 quia
2436 3249 2482 3303 si
2511 3264 2866 3320 perseverare
2911 3248 2968 3303 in
3016 3247 3381 3302 obstinatione
3433 3255 3486 3302 et
3533 3263 3800 3318 presum-

497 3339 576 3396 cis
606 3339 774 3396 animi
801 3339 878 3396 tui
911 3358 925 3394 :
965 3347 1018 3396 et
1044 3340 1270 3396 nimium
1305 3340 1542 3396 amando
1573 3341 1897 3397 sententiam
1925 3351 2094 3410 tuam,

495 3429 608 3485 noli
637 3435 690 3484 te
713 3427 1016 3501 praecidere
1047 3429 1118 3484 ab
1147 3429 1239 3482 illa
1269 3429 1548 3486 charitatis
1579 3446 1866 3501 compage,
1906 3431 1963 3486 in
1993 3447 2100 3502 qua

416 3517 420 3520 ’
496 3517 680 3574 omnia
711 3525 1048 3574 sacramenta
1093 3518 1464 3576 ecclesiastica
1519 3517 1784 3574 catholice
1841 3519 2098 3591 percepi-

495 3607 584 3677 sti,
617 3614 670 3664 et
697 3607 754 3662 in
783 3623 890 3682 qua
919 3606 1124 3664 idcirco
1155 3623 1215 3664 es
1244 3607 1524 3664 ordinatus
1563 3607 1872 3680 episcopus,
1933 3615 1990 3662 ut
2044 3608 2101 3662 in

494 3713 560 3754 ea
587 3711 964 3768 permaneres,
999 3703 1050 3752 et
1081 3697 1216 3752 alios
1273 3697 1327 3751 in
1385 3713 1452 3752 ea
1507 3713 1862 3768 permanere.
1890 3695 1999 3752 ﬁde
2049 3703 2101 3754 et

495 3784 772 3856 Operibus,
805 3784 1069 3855 exemplis
1099 3793 1153 3840 et
1182 3785 1366 3840 verbis
1394 3785 1646 3841 doceres.
1681 3783 1928 3856 Denique
1957 3785 2102 3842 unde

499 3873 741 3930 oriantur
793 3873 1115 3940 schismata,
1177 3873 1324 3928 idem
1380 3873 1683 3929 catholicus
1728 3874 1918 3930 doctor
1972 3874 2103 3930 dicit

499 3964 778 4035 (August.,
811 3962 880 4020 de
909 3964 1094 4035 Bapt.,
1136 3961 1231 4016 lib.
1284 3978 1323 4028 ι,
1381 3977 1504 4034 cap.
1569 3965 1626 4016 ll
1676 3969 1728 4018 et
1775 3979 1896 4034 cap.
1962 3964 2100 4034 t5):

501 4075 523 4100 «
563 4051 732 4124 Origo
761 4059 813 4107 et
839 4051 1142 4124 pertinacia
1172 4050 1482 4108 schismatis
1511 4051 1652 4108 nulla
1701 4060 1784 4108 est
1832 4051 1956 4120 alia,
1997 4052 2103 4109 nisi

498 4141 680 4198 odium
711 4139 912 4210 fratris,
945 4149 998 4197 et
1027 4140 1274 4198 Ecclesia
1329 4157 1438 4198 non
1483 4142 1636 4214 prius
1694 4142 1958 4211 carnales,
2015 4141 2103 4200 vel

496 4231 782 4298 animales,
817 4239 871 4288 et
900 4239 1088 4304 postea
1120 4230 1394 4303 spiritales
1451 4232 1656 4308 habuit,
1715 4233 1812 4288 sed
1869 4231 1925 4287 in
1981 4231 2104 4305 ipsa

499 4330 647 4379 sorte
675 4321 1020 4379 mortalitatis
1049 4329 1272 4389 nostrae,
1303 4337 1370 4376 ex
1409 4339 1515 4394 quo
1570 4323 1640 4379 de
1694 4322 1870 4378 Adam
1916 4322 2100 4380 nasci-

496 4428 640 4480 mur,
673 4427 785 4468 non
814 4419 895 4467 est
921 4411 1074 4483 prius
1106 4411 1250 4483 quod
1269 4409 1527 4482 spiritale,
1553 4411 1650 4468 sed
1673 4413 1818 4484 quod
1840 4412 2097 4479 animale,

498 4509 691 4574 postea
719 4499 980 4573 spiritale.
1013 4503 1094 4556 Ex
1123 4500 1243 4572 ipso
1273 4509 1455 4556 autem
1483 4501 1702 4556 animali
1731 4519 1916 4572 sensu,
1973 4503 2100 4575 quia

2197 3338 2382 3410 ptione
2409 3345 2500 3392 tua
2531 3337 2810 3410 delegeris
2831 3352 2953 3393 cum
2985 3336 3193 3392 ratione
3230 3337 3530 3408 supereris,
3554 3336 3799 3408 prudens

2199 3434 2253 3484 et
2285 3427 2464 3484 sciens
2494 3426 2611 3482 sine
2641 3427 2799 3482 venia
2827 3425 3149 3499 ignorantiae
3177 3425 3446 3496 peccabis.
3485 3425 3624 3481 Hinc
3653 3425 3796 3482 enim

2198 3517 2444 3588 psalmus
2456 3515 3045 3572 dicitzbescendantin
3058 3517 3352 3587 infernum
3364 3515 3795 3585 viventes(Psal.

2199 3607 2334 3676 LIV),
2367 3605 2424 3660 id
2454 3612 2538 3660 est
2566 3605 2816 3660 labantur
2844 3603 2899 3658 in
2929 3612 3210 3675 peccatum
3231 3603 3484 3660 scientes.
3511 3603 3668 3660 Unde
3691 3604 3798 3663 Leo

2201 3695 2272 3750 ad
2301 3693 2924 3764 ConstantinOpolitanos
2954 3693 3143 3749 scribit
3177 3693 3364 3750 dicens
3413 3692 3604 3767 (epist.
3656 3695 3750 3765 25)
3782 3710 3797 3749 :

2206 3805 2227 3834 α
2262 3783 2404 3838 Nam
2433 3783 2478 3836 si
2527 3782 2614 3839 vix
2663 3781 2719 3836 in
2765 3781 2920 3838 laicis
2961 3781 3263 3838 tolerabilis
3307 3781 3524 3838 videtur
3564 3782 3798 3848 inscitia,

2200 3877 2349 3926 tanto
2379 3869 2556 3944 magis
2583 3870 2637 3925 in
2667 3869 2747 3926 eis
2779 3869 2872 3943 qui
2897 3877 3136 3942 praesunt
3165 3886 3268 3928 nec
3295 3870 3574 3928 excusatio
3604 3879 3687 3926 est
3717 3871 3800 3926 di-

2201 3975 2310 4034 gna
2340 3975 2441 4016 nec
2472 3960 2628 4016 venia
2663 3977 2676 4016 :
2710 3959 2946 4016 maxime
2977 3977 3100 4016 cum
3131 3960 3293 4016 etiam
3337 3959 3634 4017 defendere
3671 3977 3800 4033 per-

2201 4065 2480 4105 versarum
2533 4048 2848 4122 opinionum
2895 4057 3199 4106 commenta
3243 4058 3596 4122 praesumunt,
3645 4059 3698 4106 et
3746 4050 3800 4105 in

2200 4153 2528 4196 consensum
2560 4155 2738 4208 suum,
2771 4145 2858 4194 aut
2890 4146 3114 4206 terrore,
3145 4147 3236 4194 aut
3266 4138 3440 4212 gratia
3463 4138 3800 4195 insanabiles

2202 4243 2449 4300 quosque
2487 4228 2792 4284 traducunt.
2850 4228 3184 4300 Separentur
3229 4228 3538 4298 hujusmodi
3575 4245 3606 4283 a
3653 4229 3802 4284 sanis

2200 4317 2461 4374 membris
2491 4317 2739 4390 corporis
2766 4317 2983 4383 Christi,
3017 4333 3195 4390 neque
3226 4317 3328 4373 sibi
3347 4318 3612 4374 catholica
3639 4318 3800 4374 liber-

2199 4413 2282 4462 tas
2311 4405 2610 4462 inﬁdelium
2633 4407 2827 4480 jugum
2856 4406 3088 4478 patiatur
3115 4406 3340 4478 imponi.
3370 4427 3392 4456 ι
3427 4407 3644 4464 Revoca
3665 4423 3800 4480 ergo

2200 4503 2254 4551 te
2283 4511 2316 4551 a
2344 4496 2645 4568 pertinacia
2673 4504 2786 4566 tua,
2819 4495 3078 4568 quoniam
3119 4495 3216 4564 illi,
3251 4511 3388 4568 quos
3419 4496 3475 4551 in
3512 4496 3796 4553 conventi-

497 4591 664 4648 homo
693 4590 948 4648 animatis
975 4606 1085 4646 non
1112 4589 1345 4664 percipit
1374 4609 1497 4664 quae
1525 4599 1650 4648 sunt
1699 4591 1932 4664 Spiritus
1974 4591 2095 4659 Dei,
2129 4585 2340 4646 Dcnlis
2397 4584 2502 4640 tuis
2557 4585 2626 4640 ad
2678 4593 2856 4641 tecum
2905 4585 3352 4641 subscribendum
3400 4585 3668 4658 pellexisti
3714 4585 3800 4643 vel

499 4695 689 4736 omnes
746 4679 1116 4737 dissensiones
1175 4688 1228 4736 et
1282 4680 1576 4737 schismata
1631 4687 1978 4754 generantur.
2039 4681 2100 4734 In

501 4785 610 4840 quo
639 4787 803 4826 sensu
831 4778 1248 4842 perseverantes
1295 4770 1587 4842 Apostolus
1633 4769 1764 4825 dicit
1811 4769 1881 4824 ad
1929 4769 2097 4841 Vetus

499 4857 900 4914 Testamentum
931 4859 1226 4932 pertinere,
1277 4859 1332 4914 id
1379 4866 1463 4914 est
1500 4859 1570 4914 ad
1599 4865 1933 4914 terrenorum
1961 4873 2096 4930 pro-

499 4945 794 5002 missorum
822 4948 1192 5020 cupiditatem,
1223 4947 1279 5003 in
1318 4947 1515 5022 quibus
1563 4947 1781 5020 quidem
1833 4947 2099 5020 spiritalia

500 5033 818 5110 ﬁgurantur,
861 5037 958 5092 sed
1015 5038 1264 5094 animalis
1319 5039 1484 5094 homo
1542 5053 1653 5094 non
1697 5037 1925 5110 percipit
1975 5054 2096 5110 quae

499 5133 625 5182 sunt
655 5125 888 5198 Spiritus
916 5125 1036 5183 Dei.
1082 5125 1423 5200 Quocunque
1477 5142 1612 5198 ergo
1661 5134 1906 5198 tempore
1959 5127 2096 5183 tales

499 5214 750 5271 homines
780 5231 902 5272 esse
931 5216 1196 5288 coeperint
1225 5217 1282 5272 in
1309 5218 1413 5272 hac
1439 5216 1567 5286 vita,
1611 5217 1724 5288 jam
1766 5215 1964 5272 divinis
1992 5233 2095 5288 pro

499 5305 821 5362 saeculorum
847 5305 1224 5362 distributione
1257 5307 1614 5362 sacramentis
1655 5307 1863 5379 imbuti,
1917 5306 2097 5364 adhuc

498 5403 684 5452 tamen
713 5395 1002 5452 carnaliter
1032 5395 1264 5467 sapiunt,
1324 5404 1378 5452 et
1407 5397 1650 5454 carnalia
1697 5397 1765 5452 de
1812 5397 1928 5454 Deo
1981 5396 2096 5454 sive

500 5484 556 5540 in
585 5484 690 5542 hac
717 5484 848 5553 vita,
901 5485 1018 5542 sive
1072 5493 1197 5556 post
1255 5486 1397 5544 hanc
1453 5486 1617 5543 vitam
1661 5495 1882 5558 sperent
1934 5493 2098 5560 atque

501 5574 836 5643 desiderent,
889 5574 1154 5631 animales
1210 5583 1354 5632 sunt.
1412 5597 1434 5626 ι
1484 5577 1554 5633 Ει
1609 5576 1740 5632 item
1797 5592 1864 5632 ex
1917 5575 2098 5633 verbis

503 5663 647 5722 beati
691 5660 966 5740 Cypriani,
1017 5673 1074 5722 ut
1120 5665 1322 5740 partim
1376 5673 1430 5724 et
1481 5682 1646 5740 supra
1689 5665 1904 5738 scripsi,
1951 5665 2099 5740 quod

2202 4673 2450 4747 coegisti,
2483 4675 2687 4730 habent
2721 4675 2939 4746 quidem
2969 4674 3394 4742 excusationem,
3427 4675 3682 4746 quoniam
3711 4683 3801 4731 aut

2197 4763 2438 4834 captivas
2467 4779 2662 4820 manus
2693 4764 2810 4820 sine
2839 4764 3021 4821 cordis
3052 4764 3414 4820 consensione
3434 4765 3615 4820 timori
3631 4764 3799 4821 dede~

2197 4861 2342 4920 runt,
2375 4860 2466 4908 aut
2496 4853 2814 4924 ignorantes
2845 4853 2973 4926 quid
3000 4862 3245 4927 agerent,
3279 4853 3499 4924 palliata
3543 4853 3797 4910 suasione

2197 4949 2286 4997 tua
2315 4943 2384 4997 de
2414 4941 2630 4998 vinculo
2657 4941 2808 5014 pacis
2837 4951 2888 4998 et
2915 4943 3293 4999 communione
3337 4941 3486 5014 pacis
3524 4951 3631 4998 tuae
3659 4959 3796 4999 con-

2197 5047 2361 5087 sensu
2390 5031 2550 5087 etiam
2581 5031 2945 5103 deliquerunt,
2981 5041 3071 5088 aut
3099 5031 3236 5088 forte
3265 5031 3500 5088 scientes
3545 5041 3599 5087 et
3644 5031 3719 5087 illi
3744 5039 3797 5088 et

2196 5121 2284 5178 isti
2315 5120 2567 5193 quiddam
2600 5121 2697 5176 tibi
2726 5121 2921 5179 exinde
2955 5138 3255 5196 suggerere
3285 5123 3400 5178 ausi
3422 5137 3532 5178 non
3563 5121 3793 5178 fuerunt.

2196 5210 2352 5266 Unde
2379 5211 2572 5266 beatus
2601 5211 2906 5285 Gregorius
2937 5229 2949 5268 :
2987 5233 3008 5262 α
3043 5214 3238 5278 Nemo,
3270 5211 3462 5283 inquit,
3495 5211 3726 5284 amplius
3742 5212 3797 5266 in

2196 5299 2442 5355 Ecclesia
2469 5309 2646 5367 nocet,
2685 5316 2848 5373 quam
2883 5300 2974 5373 qui
2999 5317 3260 5372 perverse
3289 5317 3462 5374 agens
3484 5305 3681 5356 nomen
3711 5301 3796 5359 vel

2196 5389 2442 5446 ordinem
2499 5389 2798 5445 sanctitatis
2854 5390 3036 5445 habet.
3095 5390 3512 5462 Delinquentem
3561 5406 3795 5464 namque

2197 5479 2342 5534 hunc
2367 5478 2696 5552 redarguere
2724 5479 2906 5534 nullus
2933 5479 3229 5551 praesumit,
3281 5487 3335 5535 ct
3382 5479 3438 5534 in
3485 5479 3793 5552 exemplum

2199 5568 2355 5640 culpa
2382 5569 2730 5626 vehementer
2757 5569 3083 5638 extenditur,
3115 5569 3335 5642 quando
3364 5583 3464 5640 pro
3496 5569 3796 5624 reverentia

2199 5666 2410 5724 ordinis
2438 5674 2699 5739 peccator
2727 5667 3046 5736 honoratur,
3079 5667 3274 5742 quibus
3321 5674 3404 5724 est
3444 5665 3654 5724 facilior
3695 5685 3794 5725 ve—
