4164 6318
357 177 455 231 481

1073 174 1318 232 OPUSC.
1377 176 1467 230 ET
1518 174 1738 232 EPIST.
1799 175 1870 230 IN
1917 174 2143 231 CAUSA
2199 177 2542 234 HINCMARI
2596 178 2903 236 LAUDUN.

3565 181 3668 238 482

357 300 468 366 nia,
504 301 758 372 quoniam
788 300 929 356 inest
957 301 1038 356 eis
1067 308 1120 357 et
1148 301 1321 356 levior
1351 301 1524 372 culpa.
1556 323 1577 352 ››
1611 303 1749 356 Nam
1782 302 1849 356 de
1880 301 1963 355 his
1992 300 2044 361 A
2067 301 2197 372 quid
2227 302 2355 357 mali
2403 301 2618 370 faciant,
2652 304 2834 359 vident
2872 320 2980 359 non
3012 321 3135 360 esse
3166 304 3296 378 quid
3326 305 3548 361 omnino
3578 321 3673 361 re-

359 390 452 461 qui
483 406 582 460 per
630 390 996 462 ignorantiam
1045 399 1414 461 peccaverunt
1459 391 1713 456 traducti,
1748 399 1967 446 sanctus

359 479 698 549 Augustinus
729 479 784 532 in
814 488 1278 549 supramemorato
1324 496 1486 550 opere
1528 480 1657 535 dicit
1702 481 1817 550 (lib.
1853 496 1870 533 ι
1902 481 1966 536 de

361 569 550 640 Bapt.,
597 584 646 622 c.
681 570 736 636 2)
771 586 782 620 :
822 590 843 617 α
883 569 938 622 Si
985 586 1147 640 quem
1197 568 1353 636 forte,
1407 569 1677 640 inquiens,
1725 569 1966 641 coegerit

360 665 602 710 extrema
642 657 960 726 necessitas,
996 657 1086 711 ubi
1120 658 1445 712 catholicum
1485 675 1584 728 per
1627 675 1788 729 quem
1819 657 1966 712 acci-

357 745 472 815 piat
517 761 624 799 non
657 745 942 810 invenerit,
978 755 1027 800 et
1058 745 1112 799 in
1143 746 1324 801 animo
1375 764 1506 817 pace
1555 747 1824 802 catholica
1867 763 1966 802 cu-

358 834 581 898 stodita,
617 851 715 904 per
745 835 980 906 aliquem
1011 844 1165 890 extra
1198 837 1456 889 unitatem
1507 836 1831 892 catholicam
1864 852 1968 906 po-

359 923 523 976 situm
561 923 827 993 acceperit
876 925 1023 994 quod
1056 931 1172 978 erat
1204 923 1256 977 in
1290 924 1408 995 ipsa
1452 925 1719 980 catholica
1764 925 1966 978 unitate

357 1020 700 1083 accepturus,
736 1012 782 1065 si
815 1013 992 1066 statim
1025 1013 1184 1067 etiam
1216 1013 1284 1067 de
1315 1015 1416 1068 hac
1447 1014 1555 1068 vita
1599 1014 1965 1086 emigraverit,

357 1117 471 1155 non
503 1117 626 1156 eum
657 1100 760 1154 nisi
802 1101 1128 1156 catholicum
1167 1103 1510 1172 deputamus.
1548 1103 1602 1158 Si
1633 1111 1813 1157 autem
1847 1103 1969 1157 fue-

359 1188 430 1244 rit
459 1206 488 1242 a
519 1190 786 1260 corporali
817 1199 991 1244 morte
1021 1189 1302 1257 liberatus,
1353 1207 1475 1246 cum
1516 1193 1797 1247 catholicae
1832 1208 1968 1247 con-

361 1279 669 1350 gregationi
727 1279 884 1333 etiam
945 1281 1238 1350 praesentia
1296 1281 1567 1351 corporali
1634 1281 1966 1348 reddiderit,

359 1368 505 1422 unde
555 1383 828 1440 nunquam
876 1368 1042 1423 corde
1093 1369 1442 1435 discesserat,
1481 1385 1589 1424 non
1637 1369 1812 1424 solum
1860 1386 1970 1424 non

360 1456 732 1527 improbamus
763 1457 908 1528 quod
940 1456 1083 1522 fecit,
1119 1458 1215 1512 sed
1246 1458 1406 1512 etiam
1438 1459 1782 1513 securissime
1805 1459 1970 1513 veris-

362 1545 609 1617 simeque
656 1545 959 1613 laudamus,
994 1547 1117 1618 quia
1145 1556 1472 1618 praesentem
1520 1550 1695 1602 Deum
1744 1548 1972 1603 credidit

2069 391 2406 461 spondeant,
2461 391 2557 446 sed
2604 392 2827 447 nebulas
2870 393 3137 464 imperitis
3185 395 3505 464 ostendunt,
3553 411 3676 450 cum

2066 479 2170 550 ipsi
2217 479 2322 535 vivi
2371 481 2713 546 sorbeantur,
2749 481 2801 535 id
2833 490 2913 535 est
2945 483 3180 538 scientes
3211 491 3264 538 et
3308 491 3672 556 agnoscentes

2067 569 2354 623 intereant.
2390 569 2587 624 Vident
2630 571 2852 624 horrere
2891 570 3141 626 homines
3171 579 3221 626 et
3251 573 3488 644 graviter
3518 572 3676 627 dete-

2068 657 2220 724 stari,
2255 658 2401 729 quod
2433 659 2593 713 etiam
2626 675 2684 713 se
2714 659 2816 729 ipsi
2850 659 2901 712 in
2933 659 3104 714 multa
3151 660 3438 715 schismata
3468 661 3676 718 divise-

2067 755 2206 812 runt,
2243 755 2295 800 et
2324 747 2558 802 maxime
2588 747 2641 800 in
2673 747 2849 819 capite
2893 747 3094 803 Africa:
3126 756 3177 802 et
3210 749 3493 804 notissima
3540 751 3678 806 civi-

2068 841 2174 889 tate
2205 835 2553 908 Carthagine,
2588 837 2766 892 conati
2798 845 2922 891 sunt
2958 837 3228 892 resarcire
3274 838 3513 893 dedecus
3540 855 3680 910 pan-
3751 852 3758 858 ‘

2067 940 2263 978 norum
2295 942 2536 991 suorum,
2571 933 2822 996 putantes
2871 927 3018 998 quod
3061 935 3284 997 possent
3331 927 3680 982 maximiani-

2070 1021 2179 1066 stas
2226 1013 2462 1068 auferre.
2505 1034 2526 1065 ι»
2564 1015 2630 1069 Ει
2659 1022 2783 1085 post
2829 1015 3012 1086 aliqua
3061 1015 3239 1087 (ibid.,
3274 1032 3322 1070 c.
3359 1019 3424 1072 12
3458 1023 3510 1070 et
3542 1017 3630 1085 t3)
3665 1033 3678 1070 :

2074 1123 2095 1152 ι
2131 1103 2302 1173 Urget
2351 1118 2447 1157 eos
2495 1103 2734 1175 undique
2765 1103 2986 1172 veritas,
3028 1103 3212 1159 vident
3244 1120 3303 1158 se
3334 1120 3442 1159 non
3474 1103 3676 1160 habere

2069 1191 2198 1262 quid
2248 1192 2645 1262 respondeant,
2699 1199 2749 1246 et
2797 1200 2986 1263 putant
3037 1209 3097 1247 se
3144 1209 3253 1248 non
3300 1193 3506 1248 habere
3553 1193 3682 1265 quid

2070 1278 2269 1334 faciant
2290 1298 2302 1334 :
2325 1280 2454 1351 quid
2473 1280 2765 1352 loquantur
2781 1296 2889 1335 non
2911 1281 3212 1349 inveniunt,
3237 1289 3421 1337 tacere
3438 1299 3548 1337 non
3563 1298 3685 1354 per-

2069 1368 2372 1435 mittuntur,
2427 1369 2632 1424 malunt
2677 1370 2953 1440 perversis
3000 1371 3226 1426 vocibus
3273 1370 3484 1426 veritati
3533 1370 3681 1426 relu-

2069 1457 2224 1523 ctari,
2261 1475 2423 1529 quam
2455 1458 2724 1513 confessis
2776 1459 3057 1514 erroribus
3105 1459 3226 1530 paci
3275 1459 3511 1515 restitui.
3546 1459 3682 1530 Quis

2069 1554 2252 1600 autem
2275 1563 2383 1600 non
2406 1546 2672 1617 intelligat
2693 1547 2823 1618 quid
2844 1547 2897 1602 in
2920 1548 3084 1603 corde
3107 1564 3207 1603 suo
3226 1547 3438 1618 possint
3456 1547 3680 1604 dicere?

361 1634 511 1689 cordi
560 1651 678 1701 suo,
729 1635 822 1688 ubi
870 1635 1130 1690 unitatem
1181 1637 1447 1691 servabat.
1488 1661 1509 1684 »
1545 1638 1623 1691 De
1665 1637 1750 1690 his
1789 1645 1969 1692 autem
1997 1664 2049 1724 B
2074 1634 2215 1704 Quid
2247 1650 2378 1706 ergo
2411 1633 2662 1702 facimus,
2694 1635 2961 1707 inquiunt,
2993 1636 3062 1692 de
3097 1636 3182 1691 his
3214 1653 3350 1709 quos
3375 1636 3484 1706 jam
3515 1637 3680 1692 reba-

362 1723 454 1794 qui
484 1723 738 1790 scienter,
781 1724 877 1778 sed
927 1741 1093 1780 causa
1142 1725 1347 1780 timoris
1377 1725 1463 1781 vel
1493 1724 1713 1791 favoris,
1746 1726 1800 1780 in
1827 1727 1963 1782 hanc

361 1811 857 1883 transgressionem
901 1813 1092 1879 ierunt,
1127 1814 1234 1868 Leo
1271 1813 1339 1868 ad
1382 1814 1721 1869 Pulcheriam
1770 1818 1964 1888 Augu-

362 1909 502 1955 stam
532 1901 721 1956 scribit
742 1902 927 1974 (epist.
955 1902 1046 1973 53)
1071 1919 1083 1956 :
1114 1924 1134 1953 α
1163 1903 1249 1958 Sic
1269 1903 1471 1958 utimur
1493 1903 1701 1972 justitia
1731 1920 1966 1959 commo—

361 1989 544 2057 tionis,
577 1999 635 2044 ut
663 2007 772 2045 non
821 1991 1128 2045 amittamus
1178 1992 1419 2047 remedia
1466 1992 1738 2047 charitatis
1774 2011 1786 2047 :
1822 1993 1965 2064 quod

361 2079 500 2136 sicut
531 2079 702 2150 pietas
733 2089 918 2135 vestra
949 2081 1232 2154 cognoscit
1253 2098 1364 2136 non
1384 2082 1566 2137 verbis
1588 2082 1718 2137 solis
1747 2085 1968 2153 promit-

360 2167 506 2235 titur,
540 2169 638 2224 sed
665 2169 820 2224 etiam
866 2169 1023 2224 factis
1066 2170 1310 2224 docetur.
1361 2170 1642 2242 Siquidem
1671 2187 1811 2242 pene
1841 2188 1965 2227 om-

359 2274 480 2325 nes,
525 2261 616 2331 qui
650 2259 703 2314 in
735 2275 1063 2315 consensum
1109 2259 1538 2330 praesidentium,
1571 2261 1626 2314 in
1657 2261 1748 2315 illo
1778 2263 1965 2332 Ephe-

359 2346 502 2415 sino,
533 2363 642 2402 non
669 2347 874 2417 judicio
905 2349 1001 2403 sed
1031 2349 1332 2417 latrocinio,
1357 2357 1448 2404 aut
1477 2350 1710 2404 traducti
1730 2349 1962 2417 fuerant,

360 2443 452 2490 aut
502 2437 696 2502 coacti,
749 2437 1113 2493 rescindendo
1161 2437 1303 2509 quod
1353 2445 1680 2505 statuerant,
1731 2447 1784 2494 et
1831 2455 1966 2495 con-

362 2525 675 2582 damnando
706 2527 851 2598 quod
883 2527 1232 2598 scripserant,
1267 2536 1585 2598 perpetuam
1624 2527 1798 2599 culpae
1827 2529 1966 2584 abo-

360 2614 606 2670 litionem
638 2623 690 2670 et
720 2616 1036 2686 apostolicae
1074 2617 1227 2687 pacis
1275 2617 1504 2690 gratiam
1549 2617 1654 2671 sint
1699 2617 1900 2688 adepti.
1941 2640 1962 2668 ν

359 2704 429 2759 Et
448 2704 504 2758 in
523 2705 750 2776 epistola
769 2706 840 2760 ad
859 2705 1166 2760 Anatolium
1187 2706 1375 2778 (epist.
1411 2708 1500 2776 42)
1523 2724 1535 2759 :
1565 2729 1586 2756 ι
1612 2707 1800 2780 Neque
1822 2707 1966 2763 enim

360 2801 540 2864 potest
568 2795 623 2848 in
650 2794 832 2867 aliquo
873 2794 1183 2866 benignitas
1229 2804 1418 2850 nostra
1463 2797 1812 2867 reprehendi,
1845 2813 1966 2852 cum

361 2881 762 2938 satisfacientes
787 2884 1103 2954 recipimus,
1151 2901 1289 2956 quos
1331 2885 1604 2940 doluimus
1648 2901 1772 2942 esse
1800 2886 1967 2942 dece-

359 2978 504 3043 ptos.
536 2973 652 3028 Nec
679 2989 874 3044 aspere
910 2974 1076 3046 igitur
1106 2974 1504 3030 communionis
1546 2983 1747 3032 nostrae
1789 2976 1970 3046 gratia

2080 1723 2399 1795 ptizavimus
2416 1725 2443 1779 ‘l
2473 1724 2542 1778 Et
2570 1741 2668 1779 vos
2693 1743 2705 1778 :
2732 1723 2876 1792 Quid
2907 1741 3040 1796 ergo
3070 1725 3334 1781 faciemus
3354 1725 3421 1780 de
3441 1725 3526 1780 his
3547 1742 3682 1798 quos

2071 1812 2186 1881 jam
2231 1813 2585 1878 traduximus,
2617 1813 2705 1868 vel
2735 1814 2860 1885 quid
2906 1813 3169 1869 faciemus
3199 1815 3288 1887 qui
3319 1815 3554 1871 traducti‘
3593 1831 3675 1870 su-

2075 1901 2234 1955 mus?
2283 1902 2662 1973 Respondetur
2695 1920 2707 1956 :
2742 1902 2934 1958 Redite
2976 1919 3098 1958 cum
3129 1902 3208 1958 eis
3238 1904 3305 1959 ad
3349 1904 3675 1972 Ecclesiam,

2077 1989 2327 2045 videlicet
2357 1991 2425 2045 ad
2455 1991 2865 2046 unanimitatem
2910 1991 3202 2047 fraternam
3237 2011 3250 2048 :
3282 1993 3679 2048 medicamento

2075 2079 2224 2149 pacis
2253 2078 2446 2135 offerte
2477 2082 2751 2136 curandos
2781 2097 2918 2152 quos
2946 2081 3275 2137 vulnerastis
3296 2125 3308 2148 ,
3341 2083 3466 2138 vitae
3494 2082 3678 2138 chari-

2074 2168 2196 2222 tatis
2227 2167 2418 2224 oﬂ‘erte
2449 2169 2787 2224 suscitandos
2818 2185 2955 2242 quos
2993 2171 3289 2228 occidistis.
3324 2171 3549 2226 Multum
3581 2186 3682 2227 va-

2074 2256 2149 2312 let
2177 2258 2248 2312 ad
2296 2259 2703 2330 propitiandum
2750 2260 2924 2315 Deum
2971 2259 3215 2316 fraterna
3263 2261 3576 2316 concordia.
3623 2263 3683 2317 Si

2074 2346 2281 2402 duobus
2293 2363 2366 2403 ea:
2379 2348 2623 2416 vobis,ait
2635 2348 2895 2403 Dominus
2905 2351 3246 2414 ,convenerit
3258 2365 3427 2422 super
3444 2355 3676 2416 terram,

2073 2437 2341 2508 quidquid
2358 2437 2640 2508 petieritis
2659 2438 2758 2506 ﬁet
2774 2439 2920 2493 vobis
2941 2439 3158 2509 (Matth.
3183 2438 3369 2509 xvm).
3393 2437 3448 2493 Si
3468 2437 3680 2494 duobus

2073 2523 2402 2596 hominibus,
2434 2533 2635 2598 quanto
2656 2525 2833 2598 magis
2855 2526 3068 2581 duobus
3096 2526 3351 2598 pepulis?
3383 2526 3552 2582 Simul
3575 2542 3677 2582 nos

2073 2613 2306 2669 Domino
2333 2623 2766 2685 prosternamus,
2796 2615 3193 2687 participamini
3223 2616 3511 2672 nobiscum
3540 2632 3677 2672 una-

2071 2702 2388 2769 nimitatem,
2424 2704 2816 2775 participemur
2843 2704 3126 2760 vobiscum
3164 2703 3431 2775 dolorem,
3465 2713 3520 2760 et
3547 2706 3676 2761 cha-

2070 2791 2200 2846 ritas
2229 2793 2503 2864 cooperiet
2548 2793 2946 2848 multitudinem
2992 2801 3356 2864 peccatorum.
3389 2795 3458 2849 Et
3485 2794 3676 2849 beatus

2072 2881 2374 2954 Gregorius
2395 2881 2449 2935 in
2470 2882 2690 2937 homilia
2705 2881 3010 2937 Ezechielis
3026 2882 3156 2938 dicit
3173 2883 3344 2955 (hom.
3365 2885 3418 2952 '7,
3439 2883 3673 2955 inﬂue):

2075 2991 2096 3020 α
2131 2970 2504 3025 Perfectorum
2552 2987 2770 3042 semper
2799 2979 2851 3026 et
2879 2971 3106 3028 virtutes
3136 2979 3190 3026 et
3227 2971 3501 3043 lacrymas
3549 2979 3676 3026 ante

360 3061 683 3134 deneganda
733 3070 834 3128 est,
884 3029 985 3119 ngc
1033 3070 1238 3119 temere
1280 3064 1565 3136 largienda
1599 3081 1611 3119 :
1661 3064 1785 3136 quia
1831 3065 1969 3120 sicut
1999 3029 2266 3114 C‘mentis
2305 3067 2502 3115 nostrae
2540 3059 2726 3115 oculos
2745 3076 3032 3131 ponamus,
3056 3060 3329 3116 imitemur
3350 3077 3471 3132 quae
3492 3061 3548 3115 in
3568 3060 3676 3115 illis

360 3149 587 3221 plenum
615 3151 830 3221 pietatis
860 3160 943 3206 est
971 3152 1247 3232 oppressis
1279 3153 1598 3208 charitatem
1627 3153 1967 3209 Dominicam

363 3238 674 3310 redhibere,
704 3239 778 3295 ita
798 3241 1004 3311 justum
1035 3251 1115 3296 est
1141 3241 1324 3298 omnia
1349 3243 1770 3314 perturbationis
1791 3251 1970 3298 aucto-

360 3327 515 3384 ribus
563 3329 838 3401 imputari.
877 3351 899 3379 »
935 3331 1130 3386 Audite
1179 3331 1344 3403 igitur
1388 3340 1441 3386 et
1479 3339 1536 3386 tu
1584 3340 1637 3386 et
1681 3332 1778 3398 illi,
1831 3348 1968 3404 quos

361 3417 678 3487 traduxisti,
731 3419 818 3475 vel
867 3421 937 3475 ad
987 3429 1164 3477 tecum
1211 3421 1667 3477 subscribendum
1714 3422 1964 3494 coegisti,

363 3505 790 3563 admonitionem
836 3509 981 3565 beati
1023 3510 1331 3582 Augustini,
1383 3527 1488 3582 qua
1521 3527 1616 3566 eos
1645 3511 1714 3566 de
1745 3510 1851 3566 illis
1882 3511 1967 3566 al-

361 3595 594 3668 loquens
625 3597 717 3668 qui
746 3613 805 3653 se
835 3599 902 3652 ab
930 3599 1280 3656 unanimitate
1325 3599 1563 3656 fraterna
1611 3599 1964 3667 disciderunt,

362 3684 646 3742 admonuit
674 3686 863 3743 dicens
895 3688 1014 3759 (lib.
1050 3704 1088 3743 u
1118 3689 1183 3745 de
1214 3691 1400 3762 Bapt.,
1434 3706 1483 3746 c.
1519 3693 1605 3757 10,
1639 3690 1728 3760 Η)
1762 3707 1774 3744 :
1813 3712 1834 3740 α
1871 3689 1967 3747 Vi-

360 3773 546 3842 deant,
572 3775 765 3847 inquit,
797 3776 930 3831 nihil
962 3777 1065 3832 sibi
1096 3778 1428 3834 remansisse
1459 3777 1606 3850 quod
1637 3779 1837 3844 dicant,
1873 3779 1968 3834 sed

360 3871 542 3921 tamen
594 3865 926 3921 remansisse
977 3867 1124 3939 quod
1171 3867 1389 3934 faciant,
1421 3875 1480 3923 ut
1519 3884 1621 3939 pro
1663 3867 1820 3924 factis
1868 3883 1967 3924 eo-

359 3969 483 4008 rum
512 3955 802 4024 przeteritis
835 3954 1164 4012 sacrificium
1197 3956 1500 4012 dilectionis
1541 3955 1802 4012 offeratur
1847 3958 1968 4030 pla-

357 4042 521 4099 cabili
550 4044 686 4112 Deo,
719 4045 872 4114 cujus
918 4045 1179 4101 unitatem
1225 4045 1434 4102 nefario
1482 4046 1688 4103 scelere
1739 4047 1968 4118 dirupe-

359 4139 502 4199 runt,
533 4133 686 4203 cujus
717 4136 1074 4191 sacramentis
1107 4143 1214 4190 tam
1247 4135 1532 4190 diuturnas
1575 4135 1794 4206 injurias
1823 4136 1967 4192 irro-

358 4230 582 4294 gerunt.
626 4223 935 4280 Misericors
984 4232 1067 4279 est
1097 4225 1242 4280 enim
1272 4233 1326 4280 et
1351 4225 1636 4282 miserator
1681 4225 1964 4292 Dominus,

356 4310 710 4382 longanimis,
746 4320 800 4368 et
836 4313 1066 4368 multum
1108 4313 1444 4383 misericors,
1497 4322 1550 4369 et
1595 4329 1778 4370 verax.
1830 4317 1967 4369 Am-

2068 3148 2384 3220 aspicimus,
2418 3156 2475 3203 ut
2502 3149 2630 3204 dum
2661 3149 2984 3220 coeperimus
3031 3165 3132 3221 per
3177 3149 3514 3204 incrementa
3554 3164 3676 3206 cre-

2069 3253 2244 3305 scere,
2276 3238 2550 3310 possimus
2577 3239 2644 3292 ab
2673 3238 2767 3294 illo
2796 3237 3052 3294 distincto
3084 3238 3330 3294 examine
3359 3237 3502 3294 mala
3552 3255 3674 3311 quae

2067 3325 2296 3383 fecimus
2338 3327 2539 3382 velare.
2572 3327 2631 3382 In
2659 3327 2895 3383 assiduis
2943 3327 3086 3383 enim
3127 3327 3364 3395 ﬂetibus,
3398 3327 3454 3382 in
3483 3327 3668 3400 quoti-

2069 3415 2230 3473 diana
2274 3424 2457 3472 nostra
2504 3417 2846 3489 ptenitentia,
2902 3417 3169 3472 habemus
3226 3417 3568 3473 sacerdotem
3618 3417 3672 3472 in

2069 3505 2225 3562 caelis
2262 3506 2353 3579 qui
2397 3506 2706 3579 interpellat
2751 3523 2853 3578 pro
2893 3506 3069 3574 nobis,
3103 3507 3172 3562 de
3220 3520 3328 3578 quo
3374 3506 3537 3562 etiam
3576 3523 3678 3578 per

2068 3595 2332 3652 Joannem
2364 3595 2558 3652 dicitur
2581 3613 2594 3650 :
2617 3597 2676 3652 Si
2696 3597 2819 3669 quis
2846 3598 3186 3668 peccaverit,
3219 3595 3550 3652 advocatum
3583 3595 3676 3651 ha-

2069 3684 2260 3742 bemus
2281 3686 2430 3758 apud
2450 3688 2681 3742 Patrem
2701 3687 2893 3742 Iesum
2913 3685 3204 3743 Christum
3216 3687 3461 3758 justum,
3483 3691 3541 3741 et
3557 3685 3674 3758 ipse

2070 3779 2155 3831 est
2190 3775 2469 3848 propiatio
2502 3792 2605 3848 pro
2638 3777 2884 3848 peccatis
2920 3777 3132 3832 nostris
3155 3775 3204 3846 (ι
3229 3776 3389 3832 Joan.
3414 3775 3497 3846 ιι).
3529 3775 3675 3829 Ecce

2070 3864 2302 3920 exsultat
2341 3864 2575 3932 animus,
2611 3881 2734 3920 cum
2785 3864 3033 3921 advocati
3062 3864 3234 3920 nostri
3261 3863 3554 3937 potentiam
3584 3879 3679 3918 au-

2069 3953 2250 4008 dimus
2281 3971 2294 4008 :
2329 3954 2426 4008 sed
2457 3954 2868 4010 exsultationem
2898 3962 3138 4010 nostram
3168 3954 3365 4009 iterum
3395 3952 3675 4008 remordet

2068 4041 2248 4108 timor,
2282 4043 2407 4114 quia
2434 4043 2550 4114 ipse
2584 4044 2675 4114 qui
2704 4043 2862 4098 nobis
2892 4043 3187 4098 advocatus
3231 4051 3314 4098 est
3363 4041 3559 4097 dicitur
3579 4041 3674 4111 ju-

2070 4139 2204 4185 stus.
2249 4131 2365 4186 Nos
2409 4131 2553 4185 enim
2599 4147 2791 4186 causas
2839 4131 3112 4199 injustitize
3156 4131 3442 4186 habemus.
3491 4131 3675 4184 Justus

2067 4235 2200 4277 vero
2229 4219 2524 4275 advocatus
2553 4219 2780 4288 injustas
2810 4234 3006 4274 causas
3035 4218 3182 4274 nullo
3211 4220 3377 4274 modo
3423 4217 3670 4289 suscipit,

2068 4326 2169 4365 nec
2198 4309 2366 4366 verba
2413 4309 2546 4364 dare
2595 4323 2696 4380 pro
2742 4308 3000 4378 injustitia
3047 4307 3332 4364 consentit.
3365 4306 3506 4377 Quid
3538 4322 3673 4379 ergo

356 4399 664 4473 plectantur
693 4402 749 4455 in
785 4403 1042 4473 praesenti
1086 4402 1196 4460 vita
1240 4403 1653 4460 misericordem
1685 4410 1738 4458 et
1767 4403 1966 4476 longa-
1995 4395 2048 4456 D
2069 4399 2304 4472 agimus,
2333 4397 2637 4454 charissimi
2673 4397 2868 4453 fratres
2909 4397 3062 4453 mei?
3108 4397 3218 4453 Sed
3263 4412 3388 4453 ecce
3436 4395 3672 4454 occurrit

355 4489 594 4558 nimem,
645 4498 698 4545 et
741 4490 964 4547 timeant
1009 4491 1066 4546 in
1111 4492 1291 4548 futura
1344 4508 1620 4549 veraccm.
1678 4493 1799 4549 Non
1855 4493 1968 4550 vult

359 4578 508 4635 enim
537 4587 764 4635 mortem
807 4580 978 4653 impii,
1012 4589 1273 4653 quantum
1299 4589 1359 4636 ut
1389 4590 1692 4639 revertatur
1719 4590 1770 4637 et
1797 4582 1961 4650 vivat,

360 4667 487 4740 quia
515 4669 840 4725 sententiam
868 4671 1091 4727 inﬂectit
1118 4671 1382 4727 adversus
1419 4672 1648 4741 injurias
1676 4671 1962 4743 irrogatas.

357 4758 490 4814 Haec
518 4766 601 4814 est
629 4767 820 4815 nostra
851 4761 1174 4816 exhortatio.
1208 4762 1440 4832 Pr0pter
1459 4762 1565 4818 hoc
1585 4778 1680 4818 eos
1701 4761 1967 4817 habemus

357 4846 630 4915 inimicos,
665 4849 792 4920 quia
823 4865 957 4905 vera
987 4849 1238 4917 dicimus,
1275 4851 1403 4922 quia
1443 4858 1622 4907 tacere
1650 4851 1962 4920 metuimus,

359 4935 488 5008 quia
517 4952 732 4993 cessare
764 4938 832 4993 ab
861 4938 1111 4994 instantia
1141 4948 1337 5012 quanta
1379 4957 1672 5012 possumus
1703 4940 1966 4997 formida-

357 5041 504 5091 mus,
558 5028 679 5098 quia
728 5028 1169 5100 obtemperamus
1216 5031 1478 5101 Apostolo
1527 5030 1772 5088 dicenti:
1808 5033 1965 5086 Prce-

355 5116 487 5172 dica
499 5117 746 5183 verbum,
762 5119 918 5173 insta
933 5123 1265 5192 opportune,
1279 5121 1624 5192 importune,
1640 5136 1830 5192 argue,
1847 5121 1968 5177 hor-

357 5207 484 5260 tare
511 5207 745 5279 increpa
776 5206 853 5279 (II
883 5210 1020 5264 Tim.
1055 5209 1156 5279 tv),
1190 5209 1288 5264 sed
1319 5208 1458 5264 sicut
1488 5209 1846 5282 Evangelium
1878 5209 1965 5266 lo-

354 5293 578 5366 quitur:
611 5297 866 5368 Diligunt
885 5296 1126 5369 gloriam
1154 5299 1448 5354 hominum
1468 5299 1649 5369 magis
1677 5315 1846 5370 quam
1868 5299 1967 5355 Dei

351 5384 542 5454 (Joan.
593 5385 718 5456 xu),
750 5393 803 5440 et
833 5387 1261 5458 reprehendi'ad
1305 5394 1517 5458 tempus
1560 5386 1772 5454 timent,
1807 5387 1964 5442 dam-

352 5484 474 5540 nari
504 5484 562 5540 in
591 5487 983 5559 sempiternum
1026 5505 1135 5546 non
1179 5490 1386 5545 timent.
1421 5488 1617 5545 Vident
1648 5487 1811 5544 etiam
1860 5487 1964 5560 ipsi

2067 4488 2246 4544 animo
2279 4488 2410 4562 quid
2448 4503 2698 4560 agamus.
2747 4487 2885 4542 Mala
2931 4505 3052 4561 qum
3088 4487 3334 4557 fecimus,
3368 4495 3420 4542 et
3449 4487 3673 4542 desera-

2066 4595 2189 4634 mus
2219 4587 2272 4634 et
2291 4594 2631 4634 accusemus.
2657 4577 2926 4650 Scriptum
2949 4585 3031 4633 est
3055 4595 3069 4633 :
3091 4579 3284 4634 Justus
3303 4579 3366 4632 in
3384 4575 3668 4648 principio

2067 4673 2363 4726 accusator
2384 4673 2468 4725 est
2489 4670 2579 4725 sui
2601 4669 2784 4740 (Prov.
2818 4669 3002 4737 xvm).
3035 4665 3271 4734 Quilibet
3303 4663 3444 4718 enim
3474 4679 3672 4736 pecca-

2067 4766 2154 4814 tor
2183 4771 2478 4814 conversus
2499 4757 2554 4812 in
2577 4756 2792 4813 ﬂetibus
2815 4758 2929 4826 jam
2951 4757 3130 4824 justus
3161 4769 3284 4809 esse
3313 4752 3670 4809 inchoateum

2067 4847 2293 4920 cceperit
2322 4862 2583 4904 accusare
2614 4847 2760 4919 quod
2790 4845 2932 4899 fecit.
2969 4844 3079 4898 Cur
3108 4842 3250 4897 enim
3273 4842 3450 4911 justus
3469 4859 3580 4898 non
3601 4843 3672 4898 sit

2067 4938 2160 5010 qui
2189 4945 2378 4994 contra
2404 4953 2556 4992 suam
2577 4934 2888 5004 injustitiam
2915 4933 3026 5002 jam
3055 4947 3154 5003 per
3180 4931 3445 5006 lacrymas
3472 4932 3670 4990 saevit?

2065 5027 2251 5082 Justus
2283 5026 2445 5099 igitur
2471 5025 2760 5082 advocatus
2789 5029 2976 5078 noster
3007 5021 3184 5091 justos
3215 5037 3315 5078 nos
3345 5020 3585 5078 defendit
3615 5022 3668 5076 in

2061 5116 2286 5186 judicio,
2334 5116 2456 5188 quia
2487 5122 2539 5170 et
2568 5112 2933 5182 nosmetipsos
2979 5118 3031 5167 et
3075 5111 3458 5184 cognoscimus
3491 5118 3546 5167 et
3576 5125 3668 5167 ac-

2065 5222 2321 5262 cusamus
2369 5205 2617 5274 injustos.
2649 5201 2772 5257 Non
2805 5216 2936 5272 ergo
2965 5200 3021 5256 in
3049 5201 3286 5269 ﬂetibus,
3317 5217 3426 5256 non
3454 5199 3508 5255 in
3539 5199 3669 5255 acti-

2065 5295 2166 5351 bus
2194 5294 2416 5361 nostris,
2450 5292 2547 5347 sed
2574 5291 2628 5345 in
2660 5290 2911 5347 advocati
2953 5291 3124 5347 nostri
3168 5290 3498 5364 allegatione
3539 5304 3672 5344 con-

2064 5383 2312 5440 ﬁdamus.
2347 5407 2368 5430 n
2402 5381 2712 5437 Timeamus
2740 5381 2885 5454 quod
2914 5381 3178 5454 scriptum
3201 5389 3319 5437 est:
3344 5379 3512 5436 Filius
3542 5393 3666 5434 ma-

2064 5484 2149 5540 lus
2195 5483 2312 5556 ipse
2342 5498 2401 5540 se
2423 5481 2630 5552 justum
2676 5482 2825 5552 dicit,
2877 5483 3080 5540 exitum
3129 5489 3309 5540 autem
3353 5495 3512 5538 suum
3558 5493 3672 5534 non
