4164 6322
801 0 915 18 *π’-λ
937 0 1124 20 iam:

1564 12 1805 25 ﬁ“..—

513 146 617 204 ηδ

1541 137 1884 198 HINCMARI
1919 133 2320 194 RHEMENSIS
2355 136 2908 196 ARCHIEPISCOPI.

3705 138 3812 194 484

513 269 717 337 abluit,
748 270 852 326 hoc
879 274 980 339 est,
1013 274 1072 323 ut
1100 264 1436 340 Augustinus
1482 264 1644 334 dicit,
1694 281 1806 322 non
1851 270 2106 334 excusat,
2140 263 2196 326 A
2216 265 2345 322 vitae
2371 282 2493 339 quo:
2520 281 2675 322 nunc
2705 268 2808 334 est,
2844 269 2904 321 et
2927 267 3142 336 futura:
3169 263 3222 335 (Ι
3251 263 3388 320 Tim.
3419 278 3498 330 iv,
3528 263 3606 334 '7).
3636 263 3816 320 Nemo

513 375 624 415 non
665 357 838 427 diluit,
885 373 996 412 non
1035 354 1296 424 defendit,
1324 354 1449 412 Noli
1479 370 1632 428 ergo,
1663 353 1850 426 frater,
1892 361 1946 410 te
1985 369 2118 411 con-

512 456 746 518 vertere,
778 453 903 519 post
946 445 1162 502 auditas
1194 453 1270 502 tot
1300 460 1488 502 sacras
1532 445 1901 512 auctoritates,
1934 451 1987 499 et
2017 442 2116 499 ad-

509 535 856 608 monitiones,
903 553 968 594 ac
1014 534 1258 591 salubria
1303 535 1400 591 tibi
1445 542 1698 607 porrecta
1751 533 1998 601 consilia,
2047 531 2115 589 ad

510 626 852 682 excusandas
874 624 1254 682 excusationes
1274 623 1330 680 in
1349 624 1612 697 peccatis,
1634 630 1796 695 atque
1824 623 1895 680 ad
1925 628 2115 679 contu-

509 731 722 772 macem
750 714 1152 783 defensionem,
1175 730 1300 770 cum
1319 729 1482 770 nemo
1503 720 1713 786 quaerat
1732 719 1878 768 tuam
1897 711 2116 767 damna-

509 805 732 872 tionem,
757 804 856 861 sed
877 812 1028 860 tuam
1062 803 1477 870 correctionem,
1504 810 1558 859 et
1576 818 1761 859 coram
1781 802 1898 858 Deo
1934 808 1987 857 et
2015 801 2116 856 ho-

507 895 745 950 minibus
773 889 1146 950 salvationem.
1171 893 1240 948 Et
1255 893 1372 949 haec
1392 892 1602 966 legens,
1627 907 1746 964 quae
1767 890 1863 946 tibi
1890 898 2115 962 paterna

507 983 798 1041 devotione
828 983 1012 1040 scribo
1030 1023 1046 1054 ,
1078 999 1201 1040 cum
1231 981 1316 1037 his
1345 981 1506 1038 etiam
1534 981 1681 1037 beati
1721 979 1975 1052 Gregorii
2004 995 2114 1035 non

507 1073 775 1146 prolixam
817 1073 1110 1129 verborum
1157 1086 1406 1140 numero,
1443 1071 1541 1126 sed
1567 1069 1862 1125 maximam
1889 1085 1952 1125 ac
1978 1085 2113 1142 pre-

507 1162 703 1218 tiosam
722 1160 1098 1235 intelligentia,
1123 1160 1180 1216 in
1198 1160 1398 1217 mentis
1420 1175 1620 1217 arcano
1642 1159 1880 1216 reconde
1901 1166 2115 1215 senten-

504 1251 637 1308 tiam
681 1268 788 1325 qua
832 1250 1008 1308 dicit:
1045 1270 1066 1303 (
1103 1251 1165 1306 In
1207 1249 1427 1318 verbis,
1478 1248 1757 1323 inquiens,
1810 1247 1956 1306 sacri
2001 1247 2112 1306 elo-

507 1339 621 1413 quii
648 1340 751 1396 iste
781 1338 944 1396 debet
966 1338 1128 1394 studii
1150 1338 1322 1395 nostri
1343 1337 1479 1395 ordo
1506 1337 1732 1407 servari,
1757 1345 1816 1394 ut
1841 1339 1958 1394 liaac
1988 1336 2112 1393 ideo

503 1445 916 1504 cognoscamus,
967 1435 1234 1502 quatenus
1282 1428 1352 1484 de
1403 1427 1683 1501 iniquitate
1729 1435 1915 1483 nostra
1961 1441 2112 1483 com-

503 1518 708 1591 puncti,
741 1525 1142 1592 cognoscentes
1170 1517 1319 1574 mala
1347 1533 1470 1590 quae
1497 1516 1748 1588 fecimus,
1782 1516 2010 1573 vitemus
2041 1531 2112 1572 ne

501 1602 605 1660 alia
625 1602 908 1671 faciamus,
933 1611 1130 1660 etcum
1144 1603 1260 1674 jam
1281 1619 1348 1660 ex
1369 1618 1572 1676 magno
1591 1619 1695 1658 usu
1722 1601 2103 1674 lacrymarum,
2133 1631 2188 1693 Β

500 1693 571 1750 de
597 1701 948 1765 peccatorum
976 1692 1302 1750 remissione
1332 1691 1560 1765 coeperit
1589 1708 1714 1748 esse
1755 1689 1973 1759 ﬁducia,
2005 1706 2106 1763 per

499 1781 671 1840 verba
697 1781 800 1838 Dei
830 1799 953 1856 qua:
981 1781 1353 1856 intelligimus,
1377 1782 1448 1838 ad
1467 1781 1631 1839 vitam
1661 1797 1878 1854 quoque
1897 1787 1950 1837 et
1969 1779 2107 1836 alios

502 1873 797 1928 trahamus.
829 1872 916 1929 Ad
945 1872 1050 1929 hoc
1078 1871 1224 1927 enim
1265 1871 1620 1944 intelligenda
1660 1877 1806 1938 sunt,
1838 1877 1896 1926 ut
1921 1878 1975 1926 et
2000 1885 2106 1926 no-

499 1959 585 2018 bis
603 1961 834 2041 prosint,
859 1968 911 2020 et
930 1960 1230 2018 intentione
1250 1958 1519 2032 spirituali
1539 1959 1660 2016 aliis
1681 1957 2048 2016 conferantur.
2080 1982 2102 2007 ι»

1075 2068 1304 2125 CAPUT
1331 2068 1530 2125 XLIX.

497 2158 846 2217 Admonetur
865 2161 932 2216 ut
960 2159 1246 2215 talentum
1269 2159 1621 2228 intellectus,
1655 2157 1800 2228 quod
1829 2157 2106 2215 Dominus

788 2231 894 2287 sibi
919 2230 1173 2303 gratuito
1199 2230 1372 2298 dedit,
1408 2246 1525 2286 non
1545 2230 1817 2303 negligat.

569 2318 870 2376 Audiamus
900 2327 953 2376 et
982 2318 1338 2377 obaudiamus
1385 2319 1604 2374 beatum
1653 2317 1974 2391 Apostolum
2019 2334 2107 2374 se-

495 2424 620 2466 cum
648 2424 752 2465 nos
779 2408 1164 2465 admonentem
1187 2424 1202 2464 :
1227 2409 1346 2466 Non
1367 2409 1682 2480 efﬁciamur
1701 2409 1896 2465 inanis
1915 2407 2108 2481 gloria:

493 2497 712 2572 cupidi,
761 2498 1007 2555 invicem
1053 2497 1396 2564 invidentes,
1447 2499 1694 2554 invicem
1741 2500 2106 2571 provocantes

495 2587 647 2660 (Gal.
670 2587 760 2660 v);
783 2595 836 2644 et
851 2587 1049 2644 iterum
1071 2587 1230 2644 nobis
1252 2586 1382 2644 dicit
1407 2601 1420 2644 :
1448 2587 1632 2645 Videte
1651 2587 1920 2661 quomodo
1940 2589 2106 2643 caute

497 2675 820 2745 ambuletis,
845 2693 962 2734 non
981 2680 1047 2734 ut
1066 2676 1423 2750 insipientes,
1442 2675 1536 2733 sed
1551 2679 1618 2733 ut
1629 2678 1914 2750 sapientes
1929 2695 1946 2732 :
1962 2675 2109 2732 redi-

493 2769 716 2823 mentes
741 2770 983 2840 tempus,
1008 2767 1276 2840 quoniam
1295 2766 1414 2822 dies
1433 2766 1577 2822 mali
1613 2769 1752 2822 sunt
1771 2765 1996 2838 (Ephes.
2022 2765 2104 2836 v),

497 2862 552 2912 et
575 2872 590 2911 :
614 2855 858 2928 Subieeti
877 2859 1053 2912 estote
1073 2855 1318 2912 invicem
1336 2856 1400 2911 in
1425 2857 1625 2912 timore
1650 2854 1864 2912 Christi
1885 2853 2106 2926 (ibid.);

497 2951 551 3001 et
572 2960 590 3001 :
611 2945 774 3002 Alter
797 2945 1040 3002 alterius
1065 2961 1238 3002 onera
1267 2947 1510 3019 portate,
1535 2948 1592 3001 et
1619 2945 1702 3001 sic
1725 2943 2105 3016 adimplebitis

495 3035 672 3107 legem
712 3035 922 3091 Christi
955 3033 1102 3106 (Gal.
1126 3033 1238 3106 v1);
1262 3041 1316 3090 et
1340 3049 1354 3091 :
1378 3035 1596 3091 Honore
1614 3033 1858 3090 invicem
1890 3047 2103 3106 prceve-

487 3125 714 3180 nientes
741 3123 922 3197 (Rom.
947 3123 1074 3196 xu).
1098 3122 1200 3180 Dic
1232 3122 1402 3180 frater
1427 3138 1492 3180 ac
1527 3121 1623 3192 fili,
1650 3122 1779 3196 quid
1815 3121 1959 3178 aliud
1987 3137 2022 3178 a
2048 3129 2100 3179 te

487 3211 668 3287 exegi,
691 3220 983 3286 postquam
1003 3212 1294 3285 episcOpus
1316 3211 1492 3271 factus
1515 3228 1595 3284 es,
1619 3219 1673 3268 et
1693 3210 1908 3268 divitias
1929 3219 2100 3269 terre-

491 3319 590 3358 nas
621 3303 852 3375 adeptus
882 3319 964 3370 es,
989 3301 1096 3358 nisi
1125 3310 1185 3358 ut
1213 3303 1388 3358 Deum
1415 3301 1650 3359 haberes
1677 3301 2023 3374 placabilem,
2045 3309 2100 3358 et

489 3391 878 3464 episcopaliter
932 3389 1142 3460 vivens,
1193 3398 1248 3448 et
1307 3391 1678 3464 episcOpalem
1730 3391 2097 3448 habitudinem

485 3496 704 3554 gerens,
737 3487 790 3538 te
833 3479 1147 3538 hominibus
1194 3479 1404 3538 faceres
1449 3479 1860 3537 venerabilem?
1906 3487 1960 3536 et
1997 3496 2096 3552 pro

484 3569 682 3643 quibus
711 3587 800 3628 me
831 3578 1021 3628 contra
1039 3578 1093 3627 te
1115 3569 1406 3638 commovi,
1441 3569 1546 3626 nisi
1577 3569 1706 3642 quia
1730 3567 1894 3626 talem
1913 3585 2096 3626 coram

482 3659 602 3718 Deo
631 3659 698 3715 ad
733 3659 983 3730 salutem,
1018 3667 1070 3716 et
1097 3675 1284 3717 coram
1329 3659 1527 3716 saeculo
1573 3659 1642 3714 ad
1686 3658 1950 3716 honorem
1980 3657 2095 3732 epi-

484 3747 692 3820 scopali
738 3747 994 3820 gravitati
1023 3756 1078 3804 et
1107 3748 1288 3805 ordini
1334 3747 1577 3804 debitum
1627 3763 1750 3804 esse
1781 3747 2089 3820 cupiebam,

481 3843 538 3893 et
567 3852 691 3894 esse
721 3836 1182 3894 commonebam?
1223 3844 1278 3894 et
1304 3837 1403 3893 tibi
1431 3838 1535 3894 hoc
1571 3853 1694 3893 esse
1733 3851 1904 3910 grave
1932 3836 2091 3894 vide-

480 3925 610 3983 bam
634 3943 649 3982 :
673 3933 728 3982 et
755 3927 861 3983 hoc
890 3925 1113 4000 quidem
1138 3926 1234 3983 tibi
1266 3943 1437 4000 grave
1464 3928 1730 3984 hactenus
1751 3941 1874 3984 esse
1893 3926 2086 3998 potuit,

480 4022 534 4072 et
561 4022 786 4088 propter
813 4023 1046 4083 aetatem,
1079 4023 1133 4072 et
1161 4015 1290 4090 quia
1319 4015 1505 4073 saeculi
1555 4017 1716 4086 hujus
1767 4015 2090 4072 instabilita-

477 4113 608 4174 tem,
641 4120 709 4162 ac
736 4120 901 4180 quam
949 4103 1212 4162 mutabile
1243 4113 1296 4163 et
1325 4105 1520 4180 fragile
1568 4105 1656 4176 sit,
1685 4106 1932 4178 :eatenus
1977 4122 2086 4162 non

479 4193 805 4271 cognovisti.
836 4195 996 4253 Nunc
1024 4202 1202 4252 autem
1249 4195 1385 4253 hora
1414 4201 1496 4252 est
1520 4196 1634 4267 jam
1664 4211 1764 4253 nos
1794 4195 1863 4252 de
1893 4211 2087 4253 somno

475 4300 706 4360 surgere
735 4285 916 4358 (Rom.
947 4285 1097 4358 xui).
1129 4285 1200 4341 Et
1227 4301 1339 4342 non
1379 4284 1646 4342 debemus
1693 4301 1818 4342 esse
1865 4301 2086 4358 semper

2215 353 2638 410 adolescentiam
2679 362 2830 410 tuam
2871 360 3200 422 contemnat,
3233 353 3330 409 sed
3360 351 3667 426 exemplum
3697 359 3819 408 esto

2217 442 2456 500 ﬁdelium
2483 443 2539 500 in
2568 444 2763 511 verbo,
2795 443 2850 498 in
2880 443 3320 512 conversatione,
3353 443 3409 498 in
3437 442 3728 510 charitate,
3761 441 3820 496 in

2216 530 2346 602 fide,
2377 533 2433 588 in
2463 533 2728 591 castitate.
2759 532 2884 588 Noli
2931 533 3212 606 negligere
3259 532 3495 606 gratiam
3525 549 3646 605 qua:
3676 531 3733 587 in
3761 539 3818 588 te

2216 629 2318 690 est,
2349 639 2471 695 quae
2499 623 2620 678 data
2648 629 2730 678 est
2759 621 2856 677 tibi
2901 638 3004 694 per
3045 622 3407 695 pr0plietiam,
3438 629 3492 677 et
3516 620 3818 693 inlpositio-

2215 727 2342 767 nem
2362 727 2621 768 manuum
2637 711 2967 784 presbyterii
2991 729 3005 767 :
3027 711 3132 768 hoc
3157 711 3303 767 enim
3331 709 3556 777 faciens,
3583 710 3817 782 teipsum

2216 799 2428 857 salvum
2475 799 2664 868 facies,
2698 808 2751 856 et
2781 816 2876 858 eos
2919 800 3012 873 qui
3054 808 3106 856 te
3149 799 3392 857 audiunt.
3433 820 3456 850 ι
3495 798 3590 856 Sin
3635 808 3818 856 autem

2215 890 2363 959 time,
2409 889 2581 946 frater
2605 905 2671 947 ac
2701 889 2795 957 fili,
2830 890 2976 964 quod
3024 889 3336 946 terribiliter
3376 888 3640 945 Dominus
3689 889 3822 946 dicit

2213 979 2264 1036 ei
2291 979 2384 1052 qui
2413 996 2578 1036 unum
2625 979 2886 1036 talentum
2928 987 3228 1051 acceperat,
3262 987 3314 1035 et
3344 977 3535 1034 abiens
3579 977 3712 1034 fodit
3757 978 3815 1034 in

2215 1075 2444 1137 terram,
2486 1077 2540 1125 et
2588 1069 2870 1125 abscondit
2915 1068 3204 1141 pecuniam
3249 1067 3456 1124 domini
3501 1067 3622 1123 sui:
3651 1068 3815 1125 Serve

2214 1159 2364 1215 male
2403 1163 2460 1215 et
2493 1159 2674 1232 piger,
2717 1160 2929 1216 sciebas
2967 1160 3101 1233 quia
3129 1161 3278 1216 meto
3305 1157 3403 1214 ubi
3431 1173 3546 1215 non
3576 1159 3814 1226 semino,

2215 1252 2272 1305 et
2299 1265 2567 1321 congrego
2591 1249 2686 1305 ubi
2714 1266 2829 1306 non
2851 1265 3050 1322 spargo
3075 1249 3293 1321 (Matth.
3320 1248 3484 1319 xxv),
3505 1255 3558 1304 et
3579 1246 3812 1320 reliqua.

2212 1337 2498 1393 Talentum
2527 1337 2727 1410 quippe
2757 1337 2811 1392 in
2841 1345 2988 1393 terra
3027 1337 3385 1405 abscondere,
3417 1345 3500 1392 est
3530 1344 3816 1408 acceptum

2211 1426 2493 1500 ingenium
2523 1427 2579 1482 in
2607 1426 2840 1483 terrenis
2870 1427 3079 1483 actibus
3100 1425 3397 1498 implicare,
3422 1426 3632 1482 lucrum
3662 1425 3822 1498 spiri-

2212 1515 2318 1573 tale
2346 1532 2455 1573 non
2487 1533 2753 1590 quaerere,
2790 1533 2886 1574 cor
2907 1533 2939 1572 a
2959 1517 3188 1573 terrenis
3221 1515 3509 1573 desideriis
3541 1531 3817 1589 nunquam

2212 1605 2416 1662 levare.
2455 1627 2477 1658 ε
2515 1607 2648 1662 Sunt
2695 1622 2953 1679 namque,
3002 1613 3059 1662 ut
3103 1605 3292 1662 beatus
3338 1605 3467 1662 dicit
3512 1605 3818 1679 Gregorius

2207 1695 2422 1768 (Greg.,
2461 1696 2608 1754 hom.
2634 1698 2698 1752 in
2719 1695 2974 1769 Evang.),
2999 1695 3265 1764 nonnulli,
3293 1695 3385 1768 qui
3406 1696 3610 1751 donum
3629 1694 3822 1750 intelli-

2209 1785 2408 1858 gentia;
2435 1793 2815 1857 perceperunt,
2849 1785 2948 1842 sed
2978 1793 3157 1841 tamen
3189 1785 3306 1841 sola
3339 1801 3462 1859 quae
3488 1784 3662 1842 carnis
3692 1795 3821 1842 sunt

2209 1875 2447 1946 sapiunt,
2479 1875 2547 1930 de
2579 1875 2777 1948 quibus
2808 1891 2909 1946 per
2937 1875 3257 1948 prophetam
3287 1874 3487 1931 dicitur
3514 1875 3648 1948 (Jer.
3684 1875 3765 1946 tv)
3799 1889 3814 1928 :

2209 1964 2494 2036 Sapientes
2522 1973 2646 2020 sunt
2676 1971 2734 2020 ut
2759 1963 2962 2021 faciant
2989 1965 3150 2032 mala,
3185 1965 3326 2022 bene
3357 1973 3536 2020 autem
3567 1963 3820 2020 nesciunt

2208 2053 2386 2111 facere
2421 2070 2434 2110 :
2468 2053 2567 2110 sed
2595 2053 2860 2110 Dominus
2893 2053 2984 2128 qui
3024 2054 3227 2110 talenta
3269 2053 3513 2121 contulit,
3547 2053 3818 2110 rationem

2207 2143 2480 2215 positurus
2508 2143 2668 2212 redit,
2702 2143 2828 2216 quia
2857 2143 2904 2199 is
2945 2144 3036 2216 qui
3065 2159 3210 2201 nunc
3257 2143 3523 2216 spiritalia
3552 2143 3694 2199 dona
3726 2143 3816 2199 di-

2207 2232 2440 2302 stribuit,
2492 2232 2738 2290 districta
2786 2233 2843 2288 in
2883 2232 3088 2302 judicio
3135 2232 3328 2288 merita
3373 2232 3634 2306 exquirit,
3684 2232 3818 2306 quid

2207 2321 2455 2394 quisquis
2485 2321 2693 2394 accepit
2726 2321 3054 2390 considerat,
3081 2329 3133 2378 et
3151 2321 3296 2396 quod
3324 2321 3535 2379 lucrum
3567 2320 3637 2378 de
3665 2337 3813 2379 acce-

2205 2411 2312 2484 ptis
2341 2419 2604 2484 reportet,
2636 2419 2850 2484 pensat.
2881 2435 2903 2461 η
2939 2410 3238 2468 Considera
3271 2428 3406 2486 ergo
3435 2429 3554 2484 quae
3583 2411 3700 2467 sine
3721 2419 3814 2468 tuo

2205 2500 2399 2557 merito
2428 2500 2484 2556 in
2511 2501 2714 2556 talento
2759 2500 3132 2574 intelligentiae
3177 2500 3458 2572 accepisti,
3500 2509 3554 2558 et
3581 2501 3706 2557 vide
3742 2517 3813 2558 ne

2205 2589 2261 2646 in
2291 2597 2439 2646 terra
2466 2588 2599 2646 illud
2637 2589 2960 2660 abscondas,
2996 2597 3051 2646 et
3081 2590 3228 2663 quod
3265 2591 3415 2647 Deus
3451 2589 3614 2664 longe
3645 2589 3812 2648 faciat

2205 2697 2236 2736 a
2265 2687 2339 2749 te,
2379 2679 2506 2736 inde
2535 2679 2604 2736 ab
2635 2679 2728 2738 illo
2759 2679 3056 2738 damneris.

2847 2815 3075 2874 CAPUT
3104 2815 3164 2872 L.

2205 2905 2281 2962 De
2295 2920 2371 2980 eo
2400 2903 2543 2978 quod
2570 2905 2786 2980 dicitur
2820 2909 2983 2980 ferre
3020 2922 3136 2980 non
3178 2921 3360 2980 posse,
3403 2910 3469 2962 ut
3509 2907 3808 2980 quisquam

2275 2976 2509 3104 diclqtbur
2546 2977 2601 3033 ei
2644 2976 2851 3034 bonum
2907 2977 3133 3051 aliquod
3178 2976 3311 3034 sine
3366 2976 3546 3052 ipsius
3601 2976 3807 3035 merito

2276 3063 2350 3104 ex
2393 3066 2412 3104 ι
2449 3065 2617 3105 uisse.

2265 3135 2514 3211 Denique
2562 3137 2760 3195 dicitur
2787 3153 2820 3194 a
2851 3137 3195 3211 quibusdam,
3248 3137 3395 3212 quod
3443 3146 3665 3211 portare
3710 3155 3809 3212 pa-

2201 3225 2393 3283 tienter
2429 3242 2540 3284 non
2579 3227 2780 3299 possis,
2809 3235 2868 3284 ut
2896 3228 2993 3283 tibi
3022 3241 3054 3284 a
3083 3243 3354 3302 quoquam
3399 3227 3624 3296 dicatur,
3659 3228 3808 3300 quod

2200 3315 2488 3389 quisquam
2517 3315 2612 3372 tibi
2640 3317 2844 3374 bonum
2875 3317 3099 3390 aliquod
3143 3317 3260 3374 sine
3289 3325 3382 3375 tuo
3411 3317 3604 3374 merito
3647 3317 3804 3373 exhi-

2196 3405 2396 3463 buerit.
2446 3407 2576 3464 Hinc
2622 3423 2860 3481 namque
2909 3407 3140 3480 qualitas
3182 3406 3351 3464 animi
3393 3423 3504 3464 non
3531 3407 3600 3464 de
3629 3407 3807 3463 humi-

2195 3493 2365 3563 litate,
2392 3495 2492 3552 sed
2521 3496 2590 3552 de
2621 3497 2883 3569 superbia
2907 3496 3194 3554 manifeste
3223 3497 3530 3554 descendit.
3553 3495 3639 3552 Ait
3659 3496 3806 3552 enim

2195 3583 2526 3656 Apostolus:
2555 3585 2698 3654 Quid
2727 3589 2882 3643 enim
2912 3587 3077 3644 habes
3107 3586 3250 3662 quod
3279 3603 3395 3644 non
3427 3587 3807 3660 accepisti?si

2195 3677 2389 3730 autem
2409 3675 2700 3748 accepisti,
2725 3675 2857 3749 quid
2877 3677 3143 3748 gloriaris
3165 3677 3327 3751 quasi
3346 3693 3461 3734 non
3483 3676 3806 3750 acceperis?

2193 3762 2246 3836 (Ι
2273 3763 2392 3820 Cor.
2418 3765 2518 3835 IV).
2547 3764 2673 3821 Hinc
2703 3764 2848 3820 enim
2881 3773 2933 3821 et
2962 3764 3180 3822 Domini
3209 3766 3570 3838 consuetudo,
3605 3773 3658 3822 et
3686 3781 3806 3821 san-

2193 3859 2404 3908 ctorum
2435 3853 2553 3923 ejus
2583 3853 2638 3910 in
2669 3853 2959 3926 Scripturis
3007 3854 3211 3927 legitur
3249 3871 3401 3926 esse,
3443 3863 3502 3911 ut
3539 3872 3664 3912 cum
3692 3871 3806 3912 non

2193 3942 2640 4016 recognoscimus
2669 3959 2700 4000 a
2731 3959 2840 4016 quo
2883 3944 3025 4000 bona
3055 3945 3389 4018 accepimus,
3423 3953 3476 4001 et
3505 3953 3594 4001 aut
3645 3945 3803 4001 bonis

2190 4031 2345 4088 factis
2373 4033 2529 4088 malis
2559 4033 2819 4106 operibus
2867 4034 3280 4107 respondemus,
3329 4043 3422 4092 aut
3459 4035 3660 4108 ingrati
3687 4034 3800 4091 exi-

2191 4120 2402 4189 stimus,
2436 4123 2795 4179 ostendantur
2823 4123 2966 4180 bona
2995 4140 3116 4197 quae
3164 4125 3324 4180 nobis
3369 4123 3618 4197 impensa
3649 4133 3794 4193 sunt,

2189 4218 2458 4282 quatenus
2485 4212 2575 4269 illa
2605 4221 3090 4286 recognoscentes,
3124 4215 3192 4270 de
3222 4214 3384 4270 malis
3411 4213 3616 4270 nostris
3650 4223 3702 4270 et
3731 4215 3799 4271 de

2188 4299 2456 4358 bonorum
2514 4301 2900 4376 ingratitudine
2951 4303 3360 4371 erubescamus,
3423 4311 3476 4360 et
3532 4303 3600 4360 ad
3657 4305 3798 4361 bona

465 4374 733 4446 juvenes,
767 4375 906 4432 sicut
932 4373 1035 4431 bos
1081 4374 1260 4431 malus
1288 4390 1506 4448 semper
1533 4381 1618 4433 est
1643 4374 1863 4432 vitulus.
1905 4375 2085 4434 Debe-

2201 4391 2515 4463 reparanda,
2558 4371 2612 4448 et
2655 4393 2720 4448 ad
2772 4392 2982 4465 gratias
3028 4391 3346 4450 referendas
3391 4401 3794 4451 convertamur.

472 4479 597 4556 ηυδε
620 4471 769 4556 FF“?
806 4463 994 4556 θίξιιίοε
1040 4463 1240 4556 ῖηθηξίε
1286 4463 1542 4556 ηθειεοιβ
1593 4465 1874 4556 τεάιιοςνθ.
1922 4473 1974 4521 εἴ
2020 4465 2090 4522 de
2192 4480 2284 4538 Sic
2330 4480 2476 4538 enim
2523 4463 2797 4538 Dominus
2839 4499 3005 4556 agere
3049 4482 3106 4539 in
3154 4482 3448 4556 Scripturis
3495 4484 3797 4556 sapissime

469 4553 722 4626 pristinis
753 4552 1102 4624 erubescere,
1149 4553 1286 4611 sicut
1327 4554 1588 4629 egregius
1631 4553 1956 4626 pradicator
1986 4570 2088 4612 nos

2201 4569 2408 4644 Legitur,
2429 4577 2486 4627 ut
2514 4569 2584 4628 de
2615 4571 2863 4643 pluribus
2879 4552 3068 4646 vpauca
3095 4552 3324 4631 numero
3353 4571 3452 4629 sed
3471 4552 3795 4630 non-merito

470 4643 772 4736 ξάωοηθῐιε
787 4643 952 4736 dion}
979 4643 1152 4736 Quem
1169 4647 1428 4736 fructum
1445 4645 1876 4736 ’l‘fb'jmls‘tunc
1893 4646 1956 4701 ίη
1971 4646 2090 4718 qui'
2187 4643 2265 4715 ad,
2287 4658 2530 4716 medium
2559 4643 2909 4720 devocemusl
2943 4661 3032 4720 Ait
3057 4663 3203 4720 enim
3230 4663 3298 4719 ad
3327 4661 3660 4736 peculiarem
3689 4679 3794 4736 po-

478 4730 577 4790 b‘“
621 4751 778 4792 ηαηο
814 4734 1146 4792 erubescitis
1193 4735 1370 4826 (RW?-
1401 4733 1525 4826 γθῖ
1551 4733 1623 4788 Εἴ
1659 4732 2084 4826 flebemusf‘ler‘
2185 4747 2369 4820 pulum
2401 4766 2561 4807 suum
2585 4769 2598 4806 :
2621 4753 2831 4826 Popule
2859 4769 3038 4820 meus,
3073 4752 3208 4826 quid
3231 4730 3505 4810 molestus
3535 4755 3628 4826 fui
3659 4730 3795 4810 tibi?

478 4827 616 4918 ξξιτθν
640 4827 708 4918 αξ
734 4826 996 4896 [ναοίαθη
1023 4827 1295 4918 ηρείνιιηιί
1325 4823 1630 4918 habeam}:
1659 4823 2083 4918 ξη-δαησίίβιξξξ-
2187 4839 2426 4897 Ostende
2445 4841 2610 4898 mihi.
2625 4823 2856 4900 Adduxi
2870 4859 2960 4900 vos
2977 4823 3390 4916 per—desertum
3415 4823 3793 4918 quadraginta

473 4909 647 4980 tione,
668 4911 845 4982 ﬁnem
865 4929 995 4971 vero
1016 4913 1193 4972 vitam
1220 4917 1518 4970 aeternam.
1543 4910 1696 4978 Etsi,
1715 4910 1887 4969 frater
1905 4919 1960 4969 et
1981 4911 2078 4982 fili,

465 5013 556 5056 me
587 5014 698 5056 non
731 4999 816 5056 vis
849 5009 943 5056 aut
975 5001 1292 5077 dedignaris
1325 5001 1518 5058 audire
1538 5044 1552 5070 ,
1574 4999 1702 5057 audi
1717 5008 1768 5058 et
1785 5001 1982 5059 obaudi
1997 5001 2081 5076 ip-

465 5103 589 5145 sum
603 5088 823 5147 beatum
852 5089 1076 5149 Paulum
1103 5091 1408 5164 apostolum
1424 5089 1766 5148 Timotheum
1777 5091 2080 5164 spiritalem

467 5176 642 5236 ﬁlium
669 5195 850 5251 suum,
883 5196 1048 5254 quem
1071 5181 1332 5252 juvenem
1363 5179 1682 5254 episcopum
1711 5181 2076 5255 ordinaverat,

465 5268 890 5327 admonentem:
915 5271 1153 5342 Ezerce,
1175 5271 1368 5344 inquit,
1394 5272 1642 5346 teipsum
1661 5271 1736 5328 ad
1761 5273 2036 5346 pietatem
2057 5291 2078 5331 :

459 5375 605 5418 nam
615 5359 926 5434 corporalis
941 5362 1280 5420 exercitatio
1293 5361 1365 5419 ad
1379 5349 1664 5422 modicum
1676 5363 1842 5420 utilis
1853 5365 1956 5434 est,
1961 5364 2078 5437 pie-

461 5460 551 5518 tas
565 5461 760 5520 autem
773 5457 846 5518 ad
865 5460 1058 5519 omnia
1079 5459 1247 5522 utilis
1268 5461 1372 5532 est,
1393 5462 1836 5538 promissionem
1862 5461 2074 5521 habens

2181 4930 2372 5001 annis,
2389 4947 2506 4987 non
2517 4935 2654 4988 sunt
2674 4933 2883 4988 attrita
2904 4934 3245 4990 vestimenta
3270 4936 3478 5001 vestra,
3495 4951 3712 4990 manna
3723 4933 3791 4990 de

2180 5019 2316 5076 caelo
2332 5020 2461 5094 plui
2490 5020 2656 5088 vobis,
2683 5024 2739 5078 et
2758 5021 2918 5079 obliti
2947 5024 3083 5080 estis
3111 5027 3248 5080 me?
3276 5023 3462 5093 (Mich.
3489 5023 3590 5095 γι).
3623 5023 3692 5078 Et
3721 5021 3791 5079 ad

2179 5108 2352 5164 David
2371 5108 2631 5166 dilectum
2648 5126 2870 5168 servum
2891 5128 3069 5180 suum,
3083 5112 3153 5168 de
3173 5127 3282 5185 quo
3298 5112 3458 5170 dicit:
3478 5114 3674 5170 Inveni
3686 5115 3791 5170 Da-

2178 5197 2273 5254 vid
2291 5214 2516 5256 servum
2535 5215 2747 5268 meum,
2771 5203 2868 5274 qui
2882 5204 3029 5274 facit
3048 5218 3242 5259 omnes
3263 5202 3587 5260 voluntates
3607 5217 3783 5259 meas.

2176 5288 2306 5360 Ego,
2346 5286 2538 5362 inquit,
2574 5293 2630 5347 te
2663 5290 2774 5347 tuli
2808 5290 2874 5346 de
2908 5291 3070 5350 domo
3097 5292 3283 5366 patris
3313 5293 3418 5360 tui,
3453 5297 3508 5349 et
3534 5294 3700 5367 posui
3729 5296 3784 5348 te

2175 5393 2404 5448 pascere
2429 5395 2653 5453 gregem
2667 5381 2860 5453 populi
2875 5381 3006 5450 mei,
3029 5386 3086 5438 et
3107 5382 3200 5455 fui
3229 5385 3416 5439 tecum
3434 5383 3499 5438 in
3519 5383 3778 5440 omnibus

2177 5467 2498 5544 ubicunque
2509 5469 2837 5540 ambulasti,
2853 5471 3094 5543 ﬁrmans
3109 5489 3350 5546 regnum
3369 5475 3534 5532 tuum
3546 5473 3610 5530 in
3628 5475 3786 5530 azter-
