4164 6324
1470 16 1857 29 rm

475 201 581 256 £87

1498 198 1842 257 HINCMARI
1896 197 2301 256 RHEMENSIS
2357 199 2906 258 ARCHIEPISCOPI.

3667 204 3773 258 488

471 325 625 381 sione
652 325 931 394 feriuntur,
966 325 1058 397 qui
1088 340 1190 381 sua
1232 323 1527 381 indiscrete
1566 332 1876 382 tenuerunt.
1925 327 2064 381 Per-
2091 323 2150 385 A
2174 348 2197 380 ι
2241 326 2535 399 antiquitus
2561 326 2756 399 fuerat,
2783 328 2979 384 devote
3008 327 3308 398 elegerunt,
3341 334 3394 382 et
3422 326 3622 383 obnixe
3662 328 3773 383 sibi

470 415 711 487 pendant
737 430 843 487 quo
872 428 967 471 eos
996 414 1202 488 obliget
1230 422 1385 469 reatu
1414 431 1501 470 res
1531 423 1707 487 rapta,
1736 415 1784 471 si
1813 415 1908 471 tali
1938 416 2067 471 sub-

463 501 581 573 jicit
608 519 783 574 potum
812 519 922 559 non
962 504 1175 560 tradita.
1219 504 1567 576 Perpendant
1620 505 1765 578 quod
1821 513 2067 561 meretur

466 591 727 661 injustilia
756 593 919 663 illata,
953 593 999 647 si
1031 600 1178 648 tanta
1208 595 1563 665 percussione
1593 594 1761 666 digna
1792 602 1872 651 est
1894 594 2065 666 pietas

467 696 577 737 non
623 681 891 753 impensa.
942 683 1078 738 Cum
1117 682 1296 738 aliena
1351 699 1549 754 rapere
1603 684 1906 755 intendunt,
1969 700 2064 740 au-

469 770 617 826 diant
645 772 792 843 quod
820 772 1082 843 scriptum
1107 779 1188 827 est
1218 791 1236 828 :
1278 774 1360 829 Vw
1376 775 1537 847 eiqui
1563 774 1917 846 multiplicat
1948 791 2064 832 non

469 876 575 916 sua
591 877 871 934 usquequo
901 866 957 917 et
976 866 1245 933 aggravat
1272 867 1474 919 contra
1503 879 1561 918 se
1612 864 1851 919 densum
1876 865 2066 920 lutum

468 948 692 1020 (Habac.
713 964 771 1019 ιι,
806 950 906 1019 6)?
933 952 1113 1007 Avaro
1133 951 1333 1023 quippe
1384 951 1617 1007 densum
1661 952 1830 1007 lutum
1877 961 2066 1010 contra

469 1053 531 1094 se
551 1053 878 1112 aggravare,
913 1047 998 1095 est
1029 1047 1244 1095 terrena
1274 1039 1425 1096 lucra
1458 1057 1582 1096 cum
1636 1042 1881 1113 pondere
1938 1058 2068 1114 pec-

468 1125 572 1183 cati
602 1128 895 1183 cumulare.
931 1130 1065 1184 Cum
1095 1128 1450 1200 multiplicare
1495 1129 1666 1203 largae
1718 1131 2066 1187 habitationis

468 1216 642 1287 spatia
671 1217 914 1289 cupiunt,
949 1217 1164 1272 audiant
1193 1217 1340 1290 quod
1369 1218 1632 1290 scriptum
1660 1225 1743 1275 est
1774 1237 1787 1274 :
1853 1222 1934 1277 Vae
1972 1222 2068 1295 qui

469 1308 818 1379 conjungitis
835 1307 1063 1363 domum
1072 1308 1144 1363 ad
1155 1308 1401 1373 domum,
1419 1312 1476 1363 et
1488 1326 1689 1380 agrum
1701 1327 1832 1382 agro
1846 1312 2068 1383 copula-

468 1394 1137 1468 tisusqueadterminum
1161 1396 1572 1470 lociznunquid
1599 1398 1921 1456 habitabilis
1962 1402 2069 1457 soli

463 1498 556 1540 vos
576 1485 640 1539 in
676 1484 857 1541 medio
902 1489 1072 1541 terra:
1102 1486 1234 1555 (Isa.
1270 1487 1431 1557 v,8)?
1450 1488 1531 1542 Ac
1544 1486 1588 1541 si
1610 1495 1795 1558 aperte
1811 1488 2019 1545 diceret
2049 1508 2064 1545 :

2166 441 2189 470 α
2223 426 2503 490 pastorem
2533 417 2775 473 ordinari
2822 417 3115 488 petierunt,
3150 416 3387 472 debitam
3437 417 3517 471 eis
3582 417 3764 473 vicem

2169 531 2193 557 ε
2225 506 2554 578 rependens,
2585 506 2955 578 episcOpalem
2981 522 3046 563 ac
3064 504 3397 577 pastoralem
3443 504 3762 579 benignita-

2171 618 2194 649 ι
2239 603 2351 653 tem
2376 594 2680 667 impendas,
2713 602 2768 652 et
2812 610 2923 651 non
2980 609 3077 651 eos
3123 601 3231 649 tam
3288 592 3499 650 duriter
3558 601 3764 651 tractes

2171 708 2194 737 α
2228 693 2392 758 atque
2421 684 2647 758 atiligas,
2708 700 2887 758 neque
2930 683 3037 740 illis
3091 684 3227 739 alios
3284 699 3422 757 quos
3477 692 3601 739 ante
3655 698 3769 739 non

2171 798 2194 827 κ
2226 775 2367 832 nosti
2396 789 2686 847 prmponas
2713 774 2802 830 vel
2829 788 3185 846 superponas,
3218 779 3272 829 et
3303 772 3373 829 de
3400 772 3610 845 gremio
3655 773 3770 828 Ec-

2171 886 2195 917 «
2229 864 2410 921 clesim
2442 864 2538 920 tibi
2580 863 2904 929 commissae,
2959 863 3014 918 in
3063 878 3172 934 qua
3224 861 3409 917 nutriti
3442 868 3497 917 et
3552 860 3773 917 educati

2171 975 2194 1006 α
2228 953 2463 1023 fuerant,
2511 952 2656 1020 illos,
2706 953 2847 1009 sicut
2893 951 3158 1025 quosdam
3184 952 3301 1020 jam
3351 950 3622 1022 expulisti,
3686 951 3776 1007 vel

2171 1065 2194 1095 α
2229 1042 2529 1100 abscedere
2560 1040 2890 1115 compulisti,
2924 1056 3032 1097 non
3054 1040 3331 1111 projicias,
3360 1039 3448 1096 vel
3479 1055 3605 1095 cum
3668 1055 3774 1111 ge-

2170 1153 2193 1185 ι
2219 1132 2353 1189 mitu
2373 1131 2904 1189 ibidemconsistere
2926 1146 3113 1202 cogas.
3154 1149 3177 1180 ι
3209 1129 3356 1203 Lege
3377 1128 3772 1200 intelligenter,

2166 1229 2221 1279 et
2265 1220 2438 1277 retine
2485 1219 2751 1277 tenaciter
2796 1219 2940 1275 hanc
2969 1218 3257 1293 epistolam
3314 1217 3458 1273 beati
3518 1216 3774 1290 Gregorii

2167 1310 2237 1369 ad
2250 1310 2625 1368 Constantium
2643 1307 3108 1366 Mediolanensem
3126 1308 3443 1379 episcopum
3478 1324 3493 1362 :
3517 1328 3540 1357 α
3562 1306 3771 1377 Scripta

2166 1400 2341 1473 inquit
2369 1400 2490 1473 (lib.
2520 1415 2601 1467 tu,
2655 1398 2915 1472 epist.l),
2965 1397 3315 1453 fraternitatis
3346 1403 3541 1452 vestrae
3592 1396 3770 1451 susci-

2165 1490 2343 1561 piens,
2358 1504 2591 1563 magnas
2608 1487 2965 1559 omnipotenti
2982 1488 3098 1543 Deo
3110 1486 3321 1558 gratias
3338 1485 3515 1551 retuli,
3538 1484 3665 1557 quia
3684 1500 3770 1540 or-

465 1570 758 1645 Quousque
784 1589 884 1629 vos
913 1573 1227 1641 extenditis,
1262 1574 1355 1646 qui
1411 1590 1524 1630 non
1577 1575 1784 1632 habere
1832 1577 1888 1633 in
1918 1594 2073 1634 com-
2166 1579 2457 1636 dinationis
2485 1585 2684 1635 vestrae
2703 1576 2879 1633 merui
2908 1576 3279 1633 celebratione
3308 1574 3561 1631 relevari.
3609 1572 3771 1643 Quod

462 1669 614 1725 muni
642 1671 845 1726 mundo
894 1678 1176 1728 consortes
1229 1671 1455 1728 minime
1502 1673 1774 1745 potestis?
1829 1676 2063 1745 Conjun—
2095 1697 2149 1757 Β
2167 1683 2298 1725 vero
2325 1683 2393 1724 ex
2413 1682 2652 1739 superno
2681 1681 2908 1722 munere
2928 1666 2985 1721 in
3013 1664 3339 1722 electionem
3367 1671 3610 1720 vestram
3638 1678 3771 1719 con-

465 1765 586 1815 ctos
617 1759 838 1831 quidem
866 1759 1134 1831 premitis,
1168 1761 1267 1817 sed
1305 1769 1493 1818 contra
1524 1779 1662 1833 quos
1691 1779 1790 1819 vos
1843 1765 2071 1823 valeatis
2096 1752 2140 1757 ⁷
2174 1756 2668 1814 corditeromnium
2681 1755 3226 1819 convenitassensus,
3241 1755 3348 1811 hoc
3362 1752 3773 1810 fraternitastua

463 1848 758 1906 extendere
794 1864 1013 1921 semper
1038 1849 1313 1905 invenitis.
1348 1851 1483 1906 Cum
1514 1852 1779 1923 augendis
1825 1856 2071 1924 pecuniis
2172 1861 2298 1905 cum
2349 1861 2563 1903 summa
2609 1845 2771 1903 debet
2825 1843 3266 1901 consideratione
3323 1837 3581 1915 pensare,
3642 1842 3773 1914 quia

462 1935 693 2005 inhiant,
725 1938 948 1993 audiant
967 1939 1111 2011 quod
1143 1939 1404 2010 scriptum
1427 1947 1511 1995 est
1542 1957 1556 1995 :
1591 1940 1809 1998 Avarus
1830 1959 1943 1999 non
1962 1946 2070 2000 im-

459 2026 713 2099 plebitur
737 2029 1020 2100 pecunia,
1055 2030 1221 2101 etqui
1244 2033 1402 2084 amat
1436 2029 1666 2087 divitias
1697 2033 1925 2102 fructus
1954 2051 2069 2090 non

463 2116 652 2186 capiet
681 2132 755 2173 ea:
774 2118 855 2173 eis
872 2116 1077 2189 (Eccle.
1101 2117 1182 2191 v).
1207 2118 1441 2175 Fructus
1469 2118 1669 2191 quippe
1699 2135 1765 2176 ex
1783 2120 1891 2177 illis
1903 2138 2068 2195 cape-

460 2210 565 2271 ret,
599 2205 645 2260 si
694 2220 790 2262 eas
828 2206 968 2262 bene
998 2222 1266 2280 spargere
1320 2224 1429 2264 non
1470 2209 1703 2265 amando
1742 2210 2005 2269 voluisset
2047 2230 2061 2268 :

462 2292 588 2365 quia
612 2310 747 2351 vero
776 2310 872 2351 eas
900 2295 1181 2369 diligendo
1223 2296 1440 2364 retinet,
1473 2297 1563 2354 hic
1591 2299 1777 2371 utique
1806 2300 1923 2357 sine
1952 2300 2067 2358 fru—

459 2389 550 2439 ctu
583 2382 946 2457 derelinquet.
970 2382 1105 2440 Cum
1141 2385 1345 2457 repleri
1392 2387 1600 2443 cunctis
1649 2388 1812 2446 simul
1868 2390 2065 2463 Opibus

462 2470 833 2541 inardescunt,
866 2473 1089 2530 audiant
1119 2474 1266 2546 quod
1287 2475 1545 2547 scriptum
1572 2484 1655 2532 est
1686 2493 1699 2534 :
1751 2478 1856 2548 Qui
1894 2481 2064 2552 festi-

459 2564 567 2615 nat
582 2561 779 2629 ditari,
799 2579 916 2619 non
937 2564 1049 2619 erit
1065 2565 1342 2621 innocens
1355 2564 1539 2637 (Prov.
1559 2566 1789 2640 xxvm).
1811 2567 2063 2625 Profecto

462 2648 607 2704 enim
637 2651 889 2722 quoniam
919 2668 1122 2724 augere
1152 2668 1284 2725 apes
1330 2654 1517 2722 ambit,
1562 2654 1737 2713 vitare
1776 2666 2061 2728 peccatum

458 2738 708 2811 negligit,
742 2748 796 2794 et
823 2755 977 2797 more
1004 2741 1185 2797 avium
1209 2750 1421 2814 captus,
1466 2760 1591 2799 cum
1648 2761 1828 2801 escam
1883 2754 2061 2804 terre-

458 2840 656 2883 narum
710 2844 896 2885 rerum
938 2829 1129 2886 avidus
1184 2832 1469 2904 conspicit,
1530 2849 1640 2905 quo
1689 2835 2064 2909 stranguletur

455 2916 671 2986 peccati
695 2916 899 2990 laqueo
927 2933 1039 2975 non
1063 2920 1342 2993 agnoscit.
1381 2922 1517 2977 Cum
1536 2922 1791 2994 quaelibet
1816 2940 2061 2996 praesen-

455 3003 526 3060 tis
549 3005 737 3062 mundi
779 3006 933 3064 lucra
974 3007 1304 3077 desiderant,
1356 3026 1530 3083 eaque
1586 3028 1708 3084 quae
1755 3011 1826 3068 de
1880 3012 2059 3070 futuro

455 3093 658 3152 damna
697 3096 974 3168 patiuntur
1015 3096 1289 3172 ignorant,
1340 3099 1563 3155 audiant
1592 3101 1739 3173 quod
1792 3102 2055 3176 scriptum

455 3191 538 3240 est
573 3202 588 3239 :
620 3186 931 3244 Hcereditas
958 3187 1032 3243 ad
1061 3205 1231 3261 quam
1249 3191 1568 3261 festinatur
1583 3191 1649 3247 in
1662 3191 1968 3266 principio,
1991 3194 2057 3249 in

452 3274 755 3332 novissimo
776 3276 1162 3335 benedictione
1189 3279 1403 3335 carebit
1423 3280 1608 3359 (Prop.
1642 3280 1769 3353 xx).
1819 3282 1908 3338 Ex
1954 3283 2056 3339 hac

452 3362 652 3434 quippe
682 3364 790 3420 vita
831 3364 1044 3420 initium
1099 3366 1369 3434 ducimus,
1417 3375 1477 3423 ut
1533 3370 1602 3424 ad
1654 3370 2053 3427 benedictionis

453 3467 657 3516 sortem
686 3459 742 3516 in
774 3462 1075 3519 novissimo
1105 3464 1409 3521 veniamus.
1442 3464 1550 3534 Qui
1597 3467 1781 3539 itaque
1823 3468 1879 3523 in
1904 3468 2055 3540 prin-

450 3547 592 3621 cipio
621 3549 937 3607 htereditari
963 3551 1237 3622 festinant,
1270 3562 1474 3611 sortem
1501 3555 1609 3611 sibi
1651 3553 1710 3611 in
1755 3558 2055 3615 novissimo

448 3636 846 3697 benedictionis
876 3651 1161 3714 amputant
1190 3661 1204 3698 :
1234 3644 1489 3716 quoniam
1521 3645 1651 3701 dum
1681 3663 1782 3718 per
1810 3648 2053 3705 avaritiae

448 3727 744 3799 nequitiam
774 3729 866 3787 hic
893 3731 1243 3803 multiplicari
1272 3741 1553 3806 appetunt,
1585 3734 1699 3792 illic
1733 3736 1801 3791 ab
1846 3744 2054 3794 aeterno

446 3815 779 3887 patrimonio
836 3819 1152 3877 exheredes
1204 3820 1359 3878 ﬁunt.
1409 3823 1544 3877 Cum
1601 3823 1688 3880 vel
1730 3824 1883 3896 plura
1931 3842 2053 3881 am-

446 3903 620 3973 biunt,
653 3906 741 3962 vel
766 3906 1014 3965 obtinere
1051 3917 1249 3966 cuncta
1295 3926 1418 3983 quae
1458 3911 1754 3968 ambierint
1798 3922 2049 3985 possunt,

447 3993 672 4049 audiant
701 3997 848 4067 quod
878 3997 1136 4069 scriptum
1164 4007 1297 4055 est:
1333 4000 1478 4068 Quid
1494 4002 1727 4073 prodest
1755 4002 1975 4059 homini
1999 4006 2052 4060 si

449 4085 635 4140 totum
645 4086 925 4143 mundum
939 4088 1215 4155 lucretur,
1234 4090 1446 4146 anim
1457 4105 1584 4147 vero
1595 4107 1714 4147 sua:
1744 4090 2053 4149 detrimen-

446 4174 572 4229 tum
589 4172 696 4244 ﬁat
721 4176 912 4246 ?(Luc.
933 4177 1080 4249 VIII.)
1096 4179 1175 4235 Ac
1190 4178 1237 4233 si
1257 4187 1448 4251 aperte
1470 4179 1685 4235 Veritas
1706 4180 1886 4237 dicat:
1907 4181 2051 4252 Quid

439 4262 671 4333 prodest
698 4264 906 4321 homini
936 4266 983 4321 si
1013 4274 1202 4335 totum,
1238 4269 1387 4339 quod
1417 4277 1571 4325 extra
1608 4286 1668 4325 se
1698 4278 1782 4326 est
1814 4286 2051 4345 congre-

441 4358 552 4423 gat,
585 4352 636 4409 si
664 4354 770 4411 hoc
797 4355 975 4411 solum
1007 4357 1153 4428 quod
1173 4356 1292 4428 ipse
1323 4365 1409 4413 est
1437 4358 1655 4414 damnat
1680 4360 1708 4415 ?
1745 4359 1885 4417 Hinc
1913 4377 2050 4434 quo-

2172 1943 2297 2008 post
2328 1937 2502 1993 Deum
2531 1932 2693 1991 valde
2722 1941 2808 1990 est
2837 1932 3073 1990 debitrix
3102 1932 3182 1989 eis
3214 1931 3307 2005 qui
3337 1931 3442 1987 sibi
3470 1947 3569 1988 vos
3625 1946 3770 2003 prm-

2168 2023 2299 2081 ferri
2327 2032 2437 2080 tam
2469 2023 2688 2080 subdita
2716 2030 2898 2079 mente
2929 2022 3241 2079 voluerunt.
3282 2021 3451 2078 Decet
3480 2020 3649 2093 igitur
3670 2035 3772 2077 vos

2169 2112 2497 2171 sacerdotali
2519 2112 2851 2187 benignitate
2877 2128 3067 2169 eorum
3116 2110 3360 2167 moribus
3406 2109 3462 2166 in
3519 2109 3773 2166 omnibus

2167 2203 2520 2276 respondere,
2554 2217 2853 2274 eorumque
2882 2200 3299 2258 necessitatibus
3356 2199 3449 2271 pia
3510 2214 3772 2271 compas-

2167 2293 2321 2351 sione
2373 2308 2722 2350 concurrere.
2771 2290 2827 2347 Si
2876 2306 3106 2363 quorum
3152 2288 3387 2346 fortasse
3443 2294 3569 2346 sunt
3623 2288 3769 2359 vitia,

2164 2381 2283 2439 haec
2336 2381 2562 2439 maturis
2629 2379 3098 2452 objurgationibus
3151 2378 3462 2450 increpare,
3539 2385 3596 2433 ut
3655 2377 3771 2449 ipsa

2166 2487 2384 2544 quoque
2431 2468 2788 2528 sacerdotalis
2815 2469 3141 2543 indignatio,
3173 2468 3373 2524 virtute
3420 2466 3491 2523 sit
3540 2466 3769 2523 admista

2164 2560 2488 2628 dulcedinis,
2518 2567 2787 2634 quatenus
2816 2567 2867 2615 et
2890 2567 3017 2615 tunc
3045 2573 3079 2614 a
3124 2557 3381 2627 subjectis
3430 2556 3610 2612 amari
3665 2556 3767 2612 de-

2163 2649 2306 2717 beat,
2341 2650 2506 2706 etiam
2533 2664 2656 2706 cum
2679 2648 2924 2723 graviter
2946 2647 3183 2704 timetur.
3211 2646 3449 2715 Quaeres
3472 2660 3767 2717 personam

2161 2746 2403 2797 vestram
2432 2738 2581 2811 apud
2610 2754 2802 2795 eorum
2824 2737 3095 2808 judicium
3134 2736 3193 2792 in
3233 2751 3490 2808 magnam
3548 2749 3764 2807 quoque

2161 2828 2526 2887 reverentiam
2555 2828 2779 2885 adducit
2809 2845 2823 2883 :
2858 2827 3002 2901 quia,
3025 2826 3163 2883 sicut
3186 2841 3456 2899 praeceps,
3484 2824 3637 2881 furor
3653 2824 3765 2881 usi-

2161 2925 2417 2991 tatusque
2446 2918 2765 2991 despicitur,
2798 2917 2874 2973 ita
2920 2923 3116 2974 contra
3168 2916 3355 2988 culpas
3407 2915 3649 2972 discreta
3676 2914 3759 2969 in-

2162 3007 2409 3082 dignatio
2437 3008 2764 3081 plerumque
2793 3022 2901 3081 quo
2932 3005 3088 3063 tarda
3114 3005 3300 3076 fuerit,
3330 3020 3397 3062 eo
3431 3003 3669 3077 amplius
3693 3003 3771 3059 sit

2162 3096 2425 3154 timenda.
2462 3117 2486 3148 »
2527 3097 2828 3171 Diligenter
2857 3097 3020 3153 etiam
3051 3095 3222 3153 debes
3265 3093 3572 3162 attendere,
3619 3093 3767 3167 quod

2170 3202 2281 3244 non
2308 3186 2365 3243 in
2384 3201 2529 3255 mea,
2564 3186 2663 3243 sed
2690 3186 2747 3242 in
2776 3186 2876 3243 Dei
2904 3186 3065 3249 laude
3095 3185 3251 3256 cujus
3279 3192 3363 3241 est
3389 3185 3615 3255 donum,
3663 3198 3762 3256 pro

2156 3283 2250 3333 tua
2276 3275 2508 3334 utilitate
2537 3276 2682 3344 dico,
2714 3275 2844 3349 quia
2888 3284 2943 3332 et
2978 3291 3085 3349 ego
3131 3274 3364 3331 nutritor
3411 3281 3558 3341 tuus,
3618 3271 3765 3345 apud

2156 3381 2319 3439 quem
2347 3382 2378 3422 a
2409 3364 2638 3439 pueritia
2666 3381 2841 3438 usque
2870 3365 2939 3421 ad
2962 3364 3303 3434 juventutem
3331 3371 3479 3420 tuam
3537 3361 3765 3434 exegisti

2155 3462 2387 3526 atatem,
2419 3455 2558 3512 sicut
2581 3454 2765 3512 vidisti
2793 3462 2848 3510 et
2893 3453 3109 3523 audisti,
3153 3468 3263 3511 non
3310 3468 3413 3525 pro
3470 3450 3762 3525 largitione

2153 3542 2565 3615 beneﬁciorum,
2596 3560 2708 3601 non
2735 3559 2837 3616 pro
2894 3541 3370 3601 commendatione
3427 3540 3764 3597 ministerio—

2155 3649 2298 3702 rum,
2330 3649 2443 3691 non
2469 3648 2571 3706 pro
2599 3633 2920 3706 receptione
2948 3632 3272 3689 earumdem
3299 3630 3753 3700 ministeriorum,

2154 3738 2264 3780 non
2292 3738 2391 3795 pro
2419 3722 2760 3779 redhibenda
2787 3721 2964 3795 gratia
2992 3737 3118 3778 mea
3145 3721 3232 3778 his
3257 3721 3350 3794 qui
3376 3720 3433 3776 in
3461 3735 3552 3776 me
3582 3718 3760 3776 oﬁ'en-

2154 3811 2367 3879 derant,
2397 3827 2508 3869 non
2535 3829 2638 3885 per
2665 3827 3048 3885 quamcunque
3087 3809 3410 3883 petitionem
3467 3809 3757 3880 cujuscun-

2154 3917 2261 3974 que
2287 3900 2562 3971 adjutorii,
2594 3917 2706 3957 non
2730 3917 2830 3975 per
2858 3916 3212 3974 quascunque
3258 3898 3642 3956 adinventitias
3671 3912 3763 3956 oc-

2153 3989 2428 4059 casiones,
2461 3998 2552 4047 aut
2578 4005 2612 4047 a
2642 3990 2876 4059 clericis,
2912 3998 3005 4046 aut
3031 4007 3063 4046 a
3092 3988 3266 4060 laicis,
3297 3996 3391 4044 aut
3417 4004 3446 4044 a
3476 3988 3762 4060 parochia-

2152 4079 2239 4137 nis
2266 4080 2622 4153 presbyteris,
2656 4095 2996 4154 quaecunque
3023 4079 3216 4151 pretia,
3267 4078 3355 4135 vel
3398 4078 3612 4147 exenia,
3663 4093 3758 4135 seu

2152 4169 2516 4227 emolumenta
2546 4170 2726 4244 exegi,
2759 4169 2847 4227 vel
2877 4168 3118 4242 quolibet
3144 4168 3310 4243 modo
3358 4167 3605 4241 quesivi,
3659 4166 3755 4224 sed

2150 4257 2209 4315 in
2236 4260 2492 4317 omnibus
2512 4275 2706 4317 eorum
2733 4258 3061 4332 profectum,
3095 4266 3149 4315 et
3178 4258 3285 4316 loci
3315 4257 3450 4314 mihi
3483 4256 3758 4314 commissi

2149 4348 2435 4407 utilitatem
2492 4349 2715 4407 attendi.
2760 4348 2918 4406 Unde
2963 4357 3017 4405 et
3064 4347 3341 4405 reminisci
3389 4347 3582 4415 debes,
3636 4346 3759 4420 quia

445 4465 553 4522 que
582 4457 635 4506 te
667 4450 1112 4525 frequentissime
1141 4456 1348 4521 monui,
1383 4463 1435 4511 et
1482 4457 1625 4513 adeo
1677 4457 1938 4530 corripui,
1990 4467 2049 4517 ut

2158 4439 2352 4511 saepius
2380 4447 2434 4495 te
2463 4438 2798 4508 commonui,
2824 4446 2885 4495 ut
2912 4437 3011 4495 tibi
3059 4437 3391 4505 commissis,
3448 4436 3545 4510 qui
3588 4444 3645 4493 te
3692 4435 3755 4491 li-

442 4537 607 4596 etiam
649 4548 843 4599 contra
868 4557 958 4599 me
1013 4551 1069 4599 et
1124 4543 1258 4599 mihi
1312 4542 1504 4601 fideles
1549 4546 1677 4603 inde
1739 4548 2052 4605 scandalum

441 4630 769 4701 sumpseris,
829 4639 883 4687 et
940 4647 1078 4705 quas
1133 4632 1221 4689 vel
1261 4641 1495 4705 quantas
1552 4636 1776 4707 potuisti
1821 4637 2051 4693 insidias

440 4716 618 4774 moliri
638 4721 936 4779 studueris.
970 4721 1080 4779 Sed
1116 4729 1169 4779 et
1203 4722 1437 4780 domnus
1464 4741 1561 4781 rex
1589 4725 1648 4781 in
1680 4726 1796 4783 suis
1851 4726 2051 4784 litteris

442 4808 540 4865 tibi
567 4810 708 4866 datis
743 4828 810 4866 ex
835 4812 941 4870 hac
966 4827 1134 4868 causa
1162 4813 1370 4869 monuit
1396 4813 1505 4870 hoc
1525 4815 1691 4870 modo
1724 4833 1737 4870 :
1774 4836 1800 4868 ι
1826 4815 2044 4884 Verum,

446 4919 470 4949 α
502 4899 773 4971 inquiens,
806 4901 959 4971 prius
989 4910 1043 4957 te
1073 4900 1302 4976 dignum
1330 4903 1471 4960 duco
1489 4919 1735 4973 monere,
1759 4912 1819 4960 ut
1838 4904 2047 4962 clerum

445 5010 470 5041 α
504 4996 559 5045 et
586 4988 806 5061 plebem
837 4990 933 5046 tibi
963 4991 1334 5063 commissam,
1367 4992 1459 5066 qui
1498 5001 1570 5064 te,
1606 4994 1757 5050 nullo
1786 5004 2040 5069 cogente,

444 5095 467 5125 α
504 5073 604 5130 sed
626 5090 724 5146 spe
752 5073 920 5142 ducti,
955 5076 1085 5147 quia
1126 5093 1229 5149 pro
1273 5094 1464 5135 amore
1508 5078 1586 5134 tui
1629 5080 1903 5149 avunculi,
1950 5083 2044 5155 qui

444 5184 468 5216 ε
502 5170 556 5220 et
583 5163 765 5231 nobis,
817 5170 872 5220 et
925 5180 1116 5238 regno,
1164 5181 1232 5223 ac
1284 5166 1550 5225 Ecclesiae
1600 5169 1759 5242 regni
1787 5171 1958 5227 nostri
1986 5171 2043 5228 in

443 5272 468 5305 α
500 5252 685 5309 multis
712 5251 930 5325 profuit,
977 5270 1067 5309 me
1108 5253 1363 5311 videbant
1405 5263 1457 5313 te
1509 5256 1764 5331 diligere,
1815 5268 1869 5315 et
1913 5261 2042 5333 quia

439 5363 463 5394 α
494 5342 759 5414 putabant
787 5350 839 5397 te
869 5342 1014 5399 illius
1042 5342 1276 5415 vestigia
1307 5353 1639 5415 secuturum,
1691 5356 1746 5404 et
1794 5350 2038 5407 consiliis

439 5452 463 5484 ι
494 5431 861 5498 obediturum,
895 5440 951 5489 et
996 5432 1254 5505 quoniam
1284 5434 1642 5493 Laudunense
1681 5438 2036 5512 municipium

442 5543 466 5575 ι
489 5521 786 5581 Rhemensi
806 5521 1089 5592 Ecclesiae,
1122 5522 1181 5581 in
1208 5539 1315 5596 qua
1350 5524 1580 5584 nutritus
1609 5527 1775 5599 fuisti,
1825 5530 2035 5588 unitum

2152 4528 2346 4586 benter
2373 4528 2678 4603 elegerunt,
2710 4544 2821 4584 non
2852 4543 3141 4596 onerosus,
3186 4527 3285 4585 sed
3315 4526 3592 4601 gratiosus
3646 4525 3758 4581 exi-

2153 4625 2348 4675 steres.
2379 4620 2448 4676 Et
2473 4618 2520 4674 si
2561 4634 2702 4676 meae
2747 4618 3150 4675 admonitiones
3205 4632 3318 4674 non
3364 4614 3462 4673 tibi
3515 4616 3750 4688 placent,

2149 4706 2276 4781 lege
2303 4722 2426 4764 cum
2472 4706 2592 4763 aliis
2608 4707 2888 4764 homiliam
2900 4707 3050 4764 beati
3072 4706 3327 4779 Gregorii
3352 4706 3410 4762 in
3427 4704 3747 4779 Evangelia,

2147 4798 2259 4869 Ego
2284 4814 2412 4854 sum
2433 4802 2629 4871 pastor
2648 4799 2824 4855 bonus
2870 4797 3056 4868 (Joan.
3078 4797 3180 4868 x);
3213 4804 3268 4852 et
3302 4811 3421 4851 eam
3443 4803 3630 4851 mente
3658 4809 3750 4850 re-

2148 4885 2343 4955 conde,
2374 4887 2433 4943 in
2452 4902 2561 4960 qua
2586 4887 2731 4943 inter
2757 4886 2861 4943 alia
2891 4886 3022 4943 dicit
3050 4885 3121 4942 de
3142 4901 3356 4941 summe
3384 4892 3439 4941 et
3480 4884 3748 4941 essentia-

2146 4975 2273 5034 liter
2312 4984 2530 5051 pastore
2576 4976 2744 5045 bono,
2789 4976 2942 5047 cujus
2986 4974 3176 5032 formae
3233 4975 3500 5032 debemus
3544 4974 3744 5030 inniti:

2150 5087 2173 5118 ι
2204 5067 2512 5141 Cognosco,
2529 5066 2701 5139 inquit
2716 5067 2935 5139 (homil.
2962 5067 3030 5121 ti
3058 5067 3124 5122 in
3143 5064 3401 5139 anng.),
3421 5080 3557 5121 oves
3572 5079 3743 5129 meas,

2142 5154 2200 5213 id
2229 5165 2313 5213 est
2339 5156 2530 5229 diligo,
2564 5164 2618 5213 et
2645 5163 2987 5230 cognoscunt
3018 5172 3105 5212 me
3153 5172 3311 5223 meae,
3360 5154 3417 5211 id
3477 5162 3562 5210 est
3615 5153 3744 5209 dili-

2141 5253 2334 5319 gentes
2362 5246 2772 5319 obsequuntur:
2807 5246 2938 5319 quia
2965 5253 3183 5318 oportet
3207 5252 3268 5300 ut
3287 5244 3446 5300 nobis
3464 5242 3743 5301 commissi

2140 5336 2317 5411 magis
2348 5336 2639 5394 dilectione
2666 5336 2725 5392 in
2753 5336 2969 5392 Christo
2999 5335 3282 5403 obediant,
3345 5349 3510 5406 quam
3556 5331 3747 5389 servili

2139 5426 2337 5484 timore
2392 5427 2565 5484 coacti
2620 5434 3014 5500 gementesque
3068 5424 3400 5482 deserviant.
3439 5444 3462 5473 ι
3496 5424 3637 5479 Nam
3670 5421 3741 5478 de

2138 5524 2448 5595 huiusmodi
2502 5523 2928 5598 palationibus,
2979 5523 3067 5584 vel
3121 5522 3424 5598 prmmissis
3479 5520 3737 5595 negotiis,
