4164 6298
332 307 433 362 489

1042 304 1286 361 OPUSC.
1326 304 1416 359 ET
1470 303 1688 360 EPIST.
1739 305 1813 359 IN
1868 304 2092 360 CAUSA
2147 304 2488 360 HINCMARI
2526 303 2830 362 LAUDUN.

3520 312 3627 368 490

333 429 748 500 quibuscunque
805 427 1278 485 adinventionibus
1334 429 1561 499 praemia
1616 428 1703 484 vel
1744 428 1933 484 exenia
1963 429 2013 487 A
2037 436 2160 483 cent
2190 447 2203 482 :
2239 445 2452 499 semper
2481 429 2658 482 aliena
2687 444 2851 498 opera
2879 429 3126 499 despicit,
3159 447 3376 502 semper
3404 433 3627 488 miratur

331 532 672 588 quaecunque
716 518 987 587 accipere,
1035 518 1394 573 simoniacum
1424 525 1477 572 et
1504 524 1690 572 contra
1718 524 1929 571 sanctas

332 604 666 675 Scripturas,
714 612 895 676 atque,
928 613 986 658 ut
1034 620 1201 676 supra
1256 605 1487 670 ostendi,
1521 613 1709 660 contra
1739 619 1928 659 sacros

333 700 419 747 est
448 708 709 748 canones.
768 694 923 747 Unde
951 692 1113 749 etiam
1142 693 1315 764 leges,
1377 693 1574 764 quibus
1603 692 1798 748 debitae
1826 693 1928 748 ob-

332 780 658 835 servationis
687 781 1040 836 reverentiam
1083 788 1274 836 sancta
1315 780 1560 836 Ecclesia
1606 779 1841 847 exhibet,
1875 780 1931 833 in

336 867 725 924 constitutione
755 871 878 934 117,
910 868 1147 940 capitulo
1176 872 1278 924 352
1335 868 1732 924 constitutionis
1761 867 1930 922 Justi-

331 955 502 1021 niani,
534 956 721 1011 dicunt
750 972 762 1010 :
805 978 827 1006 ι
864 958 933 1012 Ut
961 957 1209 1012 locorum
1236 956 1634 1012 venerabilium
1663 955 1930 1011 adminis-

333 1051 562 1099 tratores
582 1044 700 1099 sine
728 1044 956 1115 pecunia
982 1045 1135 1099 ﬁant.
1169 1044 1363 1099 Nullus
1392 1058 1570 1115 neque
1601 1060 1667 1098 ex
1698 1042 1934 1098 xenodo-

333 1131 501 1196 chiis,
535 1148 712 1201 neque
754 1132 1204 1203 ptochotrophiis,
1239 1148 1416 1203 neque
1445 1131 1796 1198 nosocomiis,
1830 1147 1933 1185 ne-

334 1235 444 1290 que
470 1219 696 1287 alicujus
724 1220 999 1292 religiosae
1044 1221 1241 1275 domus
1269 1219 1695 1285 administrator,
1726 1217 1815 1274 vel
1835 1234 1934 1274 cu—

324 1306 635 1377 juscunque
664 1324 807 1363 cura:
836 1308 1222 1364 ecclesiastica:
1252 1316 1460 1379 gestor,
1494 1313 1716 1378 praestet
1731 1305 1935 1376 aliquid

335 1394 386 1450 ei
416 1410 449 1448 a
478 1410 583 1465 quo
620 1396 956 1466 praeponitur
975 1437 989 1462 ,
1022 1397 1108 1451 vel
1156 1396 1458 1467 cuicunque
1514 1409 1765 1464 personae
1790 1437 1802 1459 ,
1832 1408 1934 1464 pro

334 1483 627 1538 commissa
655 1484 759 1538 sibi
809 1484 1296 1540 administratione.
1346 1482 1450 1551 Qui
1508 1490 1684 1536 autem
1736 1489 1936 1552 praeter

332 1570 455 1626 haec
485 1586 603 1640 quae
633 1570 1010 1641 disposuimus
1039 1571 1251 1627 dederit
1273 1569 1505 1641 aliquid;
1530 1569 1617 1624 vel
1645 1568 1932 1639 acceperit,

334 1658 426 1712 vel
454 1658 717 1713 mediator
745 1657 914 1714 factus
932 1659 1109 1717 fuerit.
1149 1658 1459 1714 sacerdotio
1488 1658 1576 1712 vel
1625 1659 1792 1723 clero,
1850 1656 1937 1712 vel

2032 516 2176 587 quod
2207 515 2354 581 facit,
2387 516 2514 588 quia
2544 524 2596 570 et
2622 516 2885 587 quidquid
2915 517 3103 588 egerit,
3132 519 3313 589 egisse
3341 536 3401 576 se
3432 521 3625 593 singu-

2030 612 2217 667 lariter
2244 612 2435 678 credit,
2485 621 2645 683 atque
2672 612 2729 666 in
2777 628 2841 667 eo
2870 614 3015 683 quod
3062 614 3279 669 exhibet
3304 632 3404 685 per
3432 617 3624 688 gloria:

2031 707 2399 777 cupiditatem,
2435 708 2755 778 sibimetipsi
2783 724 2884 777 per
2920 708 3301 780 cogitationem
3329 710 3626 777 favet,nec

2032 796 2344 850 considerat
2380 796 2509 866 quid
2546 796 2683 850 alter
2714 795 2840 851 boni
2888 796 3119 866 amplius
3149 813 3313 867 quam
3356 797 3493 868 ipse,
3526 800 3624 854 sed

2034 883 2165 953 quid
2195 882 2323 937 boni
2354 882 2472 952 ipse
2528 883 2760 953 amplius
2791 898 2955 953 quam
3013 883 3151 938 alter
3178 884 3399 939 habeat.
3436 886 3628 956 Neque

2033 969 2178 1023 enim
2230 977 2422 1038 pensat
2480 986 2600 1040 qua:
2632 970 2773 1025 bona
2803 970 3027 1040 spiritus
3059 970 3196 1027 alter
3231 972 3544 1043 acceperit,
3577 979 3631 1027 et

2033 1056 2137 1127 ipsi
2168 1056 2364 1126 desint,
2419 1058 2516 1111 sed
2543 1073 2664 1128 qua:
2718 1056 2863 1112 bona
2892 1057 3016 1128 ipsi,
3050 1066 3103 1113 et
3146 1075 3268 1130 quae
3320 1059 3465 1115 mala
3521 1059 3630 1115 sint

2035 1143 2192 1198 alteri
2224 1161 2239 1198 :
2271 1152 2322 1199 et
2351 1159 2475 1200 cum
2504 1160 2564 1199 se
2610 1144 2667 1198 in
2696 1144 2903 1200 cunctis
2958 1146 3367 1215 transcendere,
3400 1154 3629 1204 caeteros

2034 1230 2286 1297 aestimat,
2318 1247 2417 1301 per
2444 1231 2552 1286 lata
2594 1231 2982 1304 cogitationum
3018 1233 3190 1303 spatia
3221 1249 3405 1291 secum
3435 1234 3629 1290 deam-

2036 1318 2249 1385 bulans,
2296 1318 2486 1374 laudes
2544 1335 2670 1375 suas
2726 1320 2920 1375 tacitus
2968 1320 3187 1377 clamat.
3226 1322 3632 1395 Nonnunquam

2035 1421 2169 1461 vero
2230 1406 2300 1459 ad
2348 1414 2547 1461 tantam
2597 1407 2885 1463 elationem
2912 1424 3069 1463 mens
3110 1408 3344 1477 ducitur,
3377 1416 3437 1465 ut
3481 1410 3536 1465 in
3566 1424 3632 1468 eo

2038 1494 2183 1564 quod
2212 1501 2395 1560 tumet,
2421 1494 2579 1548 etiam
2609 1511 2706 1565 per
2724 1496 3138 1552 ostentationem
3167 1496 3454 1553 locutionis
3471 1496 3631 1554 effre-

2037 1589 2197 1636 netur
2224 1589 2277 1636 et
2306 1589 2455 1637 tanto
2485 1582 2657 1638 facilis
2713 1583 2873 1639 ruina
2915 1584 3180 1655 sequitur,
3231 1593 3430 1657 quanto
3487 1586 3632 1658 apud

2040 1685 2098 1724 se
2126 1668 2354 1740 quisque
2385 1669 2749 1739 impudentius
2796 1671 3089 1726 exaltatur.
3129 1672 3266 1728 Hinc
3300 1673 3444 1728 enim
3487 1673 3631 1729 acri-

332 1747 630 1802 commissa
686 1747 791 1800 sibi
840 1747 1306 1802 administratione
1358 1747 1667 1812 nudabitur,
1702 1746 1786 1800 his
1816 1761 1937 1815 quae

2040 1765 2191 1828 ptum
2221 1765 2301 1811 est
2334 1774 2348 1811 :
2382 1758 2527 1813 Ante
2544 1758 2775 1814 ruinam
2797 1760 3155 1815 exaltabitur
3173 1776 3267 1816 cor
3281 1761 3462 1831 (Prov.
3484 1762 3630 1833 xvt),

337 1834 466 1889 data
495 1842 618 1887 sunt
645 1834 989 1890 vindicandis
1018 1835 1278 1907 religioso
1306 1834 1449 1901 loco,
1482 1835 1633 1902 cujus
1663 1833 1788 1887 talis
1818 1848 1937 1903 per-

335 1937 471 1976 sona
499 1922 987 1988 consecrationem,
1022 1922 1111 1977 vel
1151 1938 1359 1988 curam,
1396 1922 1481 1978 vel
1508 1920 1935 1976 administratio-

335 2025 465 2065 nem
495 2009 705 2080 accepit
738 2025 750 2064 :
782 2010 869 2065 sin
894 2018 1079 2065 autem
1108 2010 1280 2065 laicus
1302 2010 1372 2064 sit
1401 2010 1493 2081 qui
1524 2008 1819 2079 acceperit,
1850 2007 1939 2065 vel

334 2096 606 2153 mediator
633 2096 807 2152 factus
837 2105 939 2163 est,
972 2098 1198 2168 duplum
1228 2098 1297 2151 ab
1328 2112 1394 2154 eo
1416 2097 1687 2169 exigatur,
1720 2103 1775 2151 et
1804 2094 1937 2150 reli-

337 2184 497 2256 gioso
525 2185 668 2252 loco,
698 2185 753 2239 in
784 2201 893 2255 quo
940 2186 1064 2240 talis
1092 2200 1350 2255 persona,
1384 2185 1472 2241 vel
1502 2183 1938 2239 administratio-

335 2288 486 2338 nem,
518 2273 605 2329 vel
649 2273 1132 2339 consecrationem,
1167 2273 1254 2328 vel
1283 2288 1469 2328 curam
1520 2272 1748 2343 accepit,
1800 2286 1940 2342 pra-

337 2368 530 2416 stetur.
568 2380 591 2411 ι
650 2362 799 2416 Juste
826 2361 993 2431 igitur
1033 2369 1085 2415 et
1126 2360 1516 2416 rationabiliter
1551 2360 1708 2432 leges
1737 2359 1939 2414 sanctis

334 2448 634 2518 Scripturis
662 2456 713 2503 et
734 2449 1035 2504 canonibus
1088 2448 1490 2505 concordantes
1522 2448 1649 2503 talia
1686 2447 1942 2503 decreve-

338 2544 486 2602 runt,
521 2536 647 2606 quia
676 2546 733 2592 ut
763 2545 981 2592 sanctus
999 2537 1108 2592 Leo
1136 2536 1266 2592 dicit
1295 2538 1484 2608 (serm.
1517 2540 1548 2590 9
1582 2536 1647 2592 de
1676 2536 1940 2592 Passione

336 2625 585 2693 Domini)
621 2642 634 2677 :
671 2644 694 2675 ι
728 2625 1028 2680 Avaritiam
1103 2625 1299 2680 merito
1350 2625 1643 2695 Apostolus
1698 2624 1941 2678 radicem

337 2728 463 2767 esse
491 2711 760 2767 malorum
793 2713 1036 2768 omnium
1081 2712 1346 2768 difﬁnivit.
1389 2713 1609 2767 Nullum
1642 2711 1785 2767 enim
1812 2725 1941 2782 pec-

336 2807 521 2856 catum
551 2800 669 2855 sine
715 2799 1009 2871 cupiditate
1039 2801 1415 2867 committitur,
1441 2808 1495 2855 et
1514 2800 1691 2855 omnis
1719 2799 1939 2854 illicitus

336 2889 609 2959 appetitus
636 2889 792 2943 istius
848 2889 1119 2944 aviditatis
1148 2897 1233 2944 est
1262 2888 1512 2944 morbus.
1555 2887 1743 2944 Amori
1781 2902 1940 2958 pecu-

335 2976 442 3030 niae
484 2976 607 3030 vilis
636 2984 720 3031 est
755 2978 930 3032 omnis
978 2976 1196 3034 affectio
1217 3017 1231 3046 ,
1267 2985 1320 3032 et
1351 2977 1535 3032 anima
1580 2974 1717 3032 lucri
1743 2975 1941 3046 cupida

336 3064 506 3119 etiam
533 3081 632 3135 pro
662 3064 857 3136 exiguo
887 3065 1071 3137 perire
1120 3082 1229 3122 non
1252 3066 1460 3132 metuit,
1494 3065 1811 3136 nullumque
1856 3072 1940 3118 est

328 3153 633 3221 justitiaein
658 3152 752 3208 illo
786 3155 955 3210 corde
985 3154 1293 3227 vestigium,
1325 3155 1381 3209 in
1421 3170 1527 3226 quo
1576 3154 1681 3208 sibi
1714 3151 1940 3207 avaritia

334 3240 467 3296 fecit
500 3242 884 3297 habitaculum.
948 3244 1064 3299 Hoc
1134 3242 1375 3314 perfidus
1430 3240 1597 3296 Judas
1643 3239 1939 3296 inebriatus

335 3344 571 3396 veneno,
602 3331 730 3386 dum
760 3330 869 3387 sitit
898 3329 1132 3398 lucrum,
1154 3331 1403 3402 pervenit
1431 3330 1502 3385 ad
1528 3330 1811 3401 laqueum.
1842 3348 1864 3378 ι

336 3560 416 3617 De
440 3558 704 3633 superbia
731 3560 852 3629 eius
873 3564 928 3617 et
954 3471 1317 3633 3:53:23:
1327 3562 1730 3633 jactantiaque
1750 3559 1944 3629 inepta

911 3651 967 3705 et
996 3650 1304 3705 indecenti.

422 3757 468 3809 A
499 3754 684 3809 multis
717 3754 878 3811 etiam
907 3756 1202 3822 denotaris,
1237 3755 1381 3826 quod
1411 3753 1664 3825 superbia
1684 3751 1942 3818 efferaris,

362 3850 416 3898 et
447 3857 583 3898 vana
613 3843 790 3915 gloria
805 3843 1087 3912 jactiteris,
1119 3851 1280 3915 atque
1308 3842 1618 3915 arrogantia
1650 3841 1947 3912 supereris.

352 3931 513 3986 Unde
552 3946 657 4003 ego
688 3939 740 3985 et
768 3939 841 3997 tu,
893 3932 1048 4003 quasi
1076 3932 1131 3985 in
1176 3931 1396 4002 speculo
1421 3930 1510 3997 ,in
1550 3930 1733 3985 verbis
1807 3927 1950 3984 beati

364 4018 629 4091 Gregorii
682 4034 783 4073 nos
820 4028 1147 4089 nostrasque
1193 4027 1404 4074 mentes
1450 4018 1868 4089 conSpiciamus,
1901 4024 1954 4071 et

360 4122 467 4162 nos
516 4119 703 4162 coram
746 4104 942 4161 divinis
989 4106 1161 4162 oculis
1216 4122 1628 4178 componamus.
1692 4105 1778 4160 Ait
1808 4105 1953 4160 enim

347 4195 472 4266 (lib.
508 4209 692 4248 xxxrv
724 4196 936 4260 Moral.,
972 4211 1019 4250 c.
1079 4197 1165 4265 18)
1198 4213 1211 4248 :
1248 4216 1270 4246 α
1334 4194 1619 4266 Superbia,
1679 4192 1951 4263 inquiens,

355 4297 526 4355 quam
550 4282 802 4338 vitiorum
866 4282 1106 4337 radicem
1133 4282 1388 4349 diximus,
1433 4296 1775 4353 nequaquam
1796 4279 1953 4333 unius

348 4369 567 4426 virtutis
604 4371 962 4426 exstinctione
993 4378 1249 4427 contenta
1271 4415 1283 4437 ,
1317 4378 1503 4426 contra
1533 4378 1725 4425 cuncta
1755 4367 1955 4422 animze

1969 3114 2016 3175 C

2038 1852 2091 1899 et
2105 1844 2222 1899 haec
2239 1843 2399 1900 elatio
2418 1844 2553 1899 alios
2574 1861 2640 1900 ex
2660 1846 2825 1900 rebus
2842 1845 3215 1914 saecularibus,
3248 1846 3385 1903 alios
3414 1863 3544 1904 vero
3567 1864 3633 1905 ex

2037 1931 2369 2003 spiritalibus
2410 1933 2671 2003 possidet.
2706 1933 2858 1988 Alter
2912 1949 3147 2005 namque
3177 1935 3424 1991 tumescit
3476 1951 3629 2005 auro,

2036 2021 2171 2075 alter
2225 2020 2461 2091 eloquio,
2524 2020 2663 2076 alter
2692 2020 2891 2075 infimis
2922 2030 2976 2077 et
3021 2022 3249 2078 terrenis
3278 2023 3462 2090 rebus,
3495 2023 3633 2079 alter

2038 2108 2264 2163 summis
2293 2107 2714 2180 caelestibusque
2742 2109 3057 2177 virtutibus,
3090 2126 3199 2165 una
3214 2117 3395 2166 tamen
3415 2111 3633 2167 eadem-

2038 2212 2144 2266 que
2173 2195 2434 2267 superbia
2488 2203 2613 2250 ante
2670 2196 2770 2252 Dei
2798 2196 2988 2253 oculos
3039 2197 3237 2269 agitur,
3289 2196 3534 2269 quamvis
3563 2198 3635 2256 ad

2037 2284 2269 2338 humana
2300 2283 2471 2339 corda
2496 2283 2721 2339 veniens
2776 2283 2833 2339 in
2881 2299 3067 2340 eorum
3114 2285 3385 2341 obtutibus
3413 2285 3631 2343 diverso

2039 2371 2239 2428 amictu
2267 2371 2539 2441 pallietur.
2574 2371 2742 2427 Aliter
2769 2379 2949 2426 autem
2993 2372 3314 2442 praepositos
3340 2382 3499 2445 atque
3528 2372 3631 2428 ali-

2038 2467 2121 2515 ter
2143 2459 2388 2514 subditos
2416 2466 2609 2515 tentat.
2653 2459 2884 2514 Praelata
2913 2475 3146 2530 namque
3174 2459 3230 2514 in
3285 2460 3629 2531 cogitationi-

2038 2546 2141 2600 bus
2196 2546 2464 2618 suggerit,
2524 2546 2652 2617 quia
2681 2546 2797 2601 solo
2847 2546 2969 2602 vita;
2997 2546 3191 2601 merito
3213 2562 3377 2617 super
3404 2556 3629 2604 caeteros

2039 2634 2273 2689 excrevit
2302 2676 2317 2701 ,
2351 2642 2402 2690 et
2430 2634 2475 2688 si
2503 2650 2606 2705 qua
2633 2634 2701 2688 ab
2723 2650 2787 2688 eo
2808 2633 3101 2704 aliquando
3129 2634 3269 2691 bene
3298 2643 3454 2707 gesta
3482 2644 3626 2706 sunt,

2038 2722 2157 2778 haec
2182 2722 2488 2791 importune
2519 2723 2636 2791 ejus
2664 2721 2845 2776 animo
2866 2722 3071 2791 objicit,
3105 2729 3158 2776 et
3185 2738 3308 2777 cum
3335 2723 3480 2779 hunc
3513 2725 3629 2781 Deo

2039 2810 2383 2882 singulariter
2428 2809 2701 2880 placuisse
2745 2808 2996 2875 insinuat,
3046 2825 3154 2881 quo
3182 2809 3342 2865 facile
3370 2818 3634 2883 suggesta

2038 2898 2383 2969 persuadeat,
2416 2897 2593 2967 ipsam
2623 2897 2692 2952 ad
2719 2896 3085 2952 testimonium
3114 2898 3393 2968 potestatis
3421 2899 3633 2956 traditae

2038 2985 2447 3042 retributionem
2502 2992 2677 3052 vocat,
2708 2985 2896 3041 dicens
2930 3003 2942 3041 :
2977 2985 3113 3053 Quia
3158 2985 3263 3039 nisi
3291 2987 3631 3058 omnipotens

2039 3074 2184 3128 Deus
2214 3082 2266 3127 te
2295 3073 2378 3127 his
2409 3073 2661 3127 omnibus
2698 3072 2982 3127 meliorem
3011 3080 3279 3140 cerneret,
3311 3089 3503 3129 omnes
3529 3075 3630 3131 hos

2041 3162 2140 3215 sub
2168 3168 2258 3216 tuo
2287 3160 2547 3231 regimine
2576 3176 2687 3215 non
2714 3160 2955 3215 dedisset
2986 3177 3000 3214 :
3049 3161 3275 3231 ejusque
3314 3176 3440 3217 mox
3469 3178 3631 3218 men-

2041 3252 2148 3299 tem
2204 3243 2382 3315 erigit,
2415 3251 2468 3298 et
2513 3243 2649 3299 viles
2695 3251 2857 3314 atque
2887 3242 3104 3298 inutiles
3148 3259 3243 3299 eos
3273 3244 3509 3300 ostendit
3538 3244 3632 3317 qui

2041 3330 2270 3399 subjecti
2299 3338 2443 3397 sunt,
2460 3330 2532 3385 ita
2560 3339 2617 3385 ut
2647 3330 2854 3384 nullum
2869 3331 2984 3400 jam
3013 3328 3171 3403 quasi
3199 3330 3424 3403 dignum
3453 3332 3635 3404 respi-

2043 3427 2166 3493 ciat,
2200 3426 2286 3483 cui
2312 3425 2687 3497 aequanimiter
2714 3425 2984 3497 loquatur.
3024 3427 3179 3483 Unde
3207 3434 3261 3482 et
3288 3442 3415 3484 mox
3442 3429 3641 3484 mentis

2042 3515 2405 3586 tranquillitas
2460 3515 2517 3568 in
2574 3515 2713 3568 iram
2768 3515 3023 3579 vertitur,
3059 3514 3187 3585 quia
3237 3515 3368 3570 dum
3414 3523 3640 3573 cunctos

2044 3603 2292 3673 despicit,
2326 3603 2455 3657 dum
2481 3618 2702 3658 sensum
2722 3603 2991 3674 vitamque
3020 3602 3261 3658 omnium
3296 3603 3413 3659 sine
3445 3604 3642 3660 mode-

2046 3692 2253 3746 ratione
2282 3690 2644 3761 reprehendit,
2677 3697 2829 3744 tanto
2858 3689 3226 3745 irrefrenatius
3255 3707 3316 3745 se
3334 3691 3391 3745 in
3419 3690 3643 3748 iracun-

2047 3779 2192 3834 diam
2238 3779 2440 3847 dilatat,
2472 3785 2671 3849 quanto
2714 3793 2829 3843 eos,
2860 3779 2954 3850 qui
3009 3777 3113 3832 sibi
3166 3779 3443 3834 commissi
3500 3788 3645 3851 sunt,

2049 3883 2173 3922 esse
2217 3866 2434 3921 sibimet
2462 3866 2718 3938 indignos
2748 3873 2917 3936 putat.
2950 3866 3017 3920 Et
3048 3866 3094 3921 si
3124 3865 3228 3937 ipsi
3265 3867 3497 3937 subjecti
3525 3876 3650 3924 sunt

2050 3954 2187 4021 aliis,
2212 3971 2405 4010 eorum
2433 3970 2530 4009 cor
2558 3954 2812 4024 superbia
2831 3954 3075 4026 instigat,
3107 3962 3166 4008 ut
3192 3971 3288 4009 sua
3317 3962 3439 4010 acta
3468 3956 3649 4011 censi-

2051 4044 2242 4097 derare
2270 4042 2511 4096 funditus
2540 4042 2839 4112 negligant,
2872 4049 2927 4095 et
2972 4057 3191 4110 semper
3221 4041 3399 4097 tacitis
3429 4043 3646 4114 cogita-

2051 4130 2289 4185 tionibus
2330 4129 2557 4184 rectoris
2604 4128 2687 4181 sui
2712 4128 2925 4195 judices
2955 4126 3085 4181 fiant
3118 4146 3132 4180 :
3166 4129 3260 4197 qui
3291 4129 3420 4182 dum
3465 4130 3522 4182 in
3551 4129 3644 4184 illo

2053 4216 2198 4288 quod
2226 4215 2623 4285 reprehendere
2651 4214 2887 4269 debeant
2914 4214 3220 4283 importune
3248 4214 3559 4284 respiciunt,
3592 4214 3649 4270 in

2051 4302 2357 4372 semetipsis
2389 4302 2534 4373 quod
2591 4301 2871 4373 corrigant
2913 4316 3189 4372 nunquam
3219 4301 3443 4368 vident;
3492 4299 3639 4358 unde

2058 4400 2111 4447 et
2139 4398 2286 4445 tanto
2319 4389 2555 4445 atrocius
2582 4397 2831 4460 pereunt,
2863 4394 3064 4461 quanto
3106 4404 3139 4444 a
3167 4404 3227 4445 se
3261 4388 3451 4445 oculos
3479 4404 3642 4445 aver-

340 4458 596 4514 membra
623 4474 682 4514 se
713 4460 889 4530 erigit,
916 4459 1074 4530 quasi
1092 4457 1362 4531 generalis
1383 4475 1449 4514 ac
1470 4457 1692 4529 pestifer
1720 4458 1943 4511 morbus
1972 4460 2024 4519 D
2048 4488 2182 4535 tum.
2216 4477 2521 4550 Aliquando
2578 4457 2761 4533 intem
2814 4457 2952 4533 tul—es
2999 4478 3199 4533 subdiu
3237 4486 3495 4549 proterva
3520 4492 3641 4549 qum

342 4570 548 4626 corpus
591 4570 753 4610 omne
791 4556 1110 4626 corrumpit,
1144 4563 1202 4609 ut
1244 4555 1504 4626 quidquid
1533 4554 1622 4610 illa
1650 4552 1941 4609 invadente

340 4642 541 4715 agitur,
575 4643 738 4698 etiam
767 4642 814 4697 si
842 4659 964 4698 esse
993 4643 1163 4699 virtus
1208 4642 1530 4708 ostenditur,
1570 4658 1678 4697 non
1712 4658 1811 4713 per
1837 4641 1942 4696 hoc

337 4731 476 4799 Deo,
509 4731 608 4786 sed
637 4731 740 4786 soli
771 4748 925 4787 vana:
953 4731 1142 4801 gloria
1172 4731 1427 4786 servitur.
1480 4730 1648 4798 Quasi
1678 4730 1822 4785 enim
1848 4736 1938 4800 ty-

339 4835 547 4874 rannus
602 4819 822 4891 quidam
864 4820 1149 4874 obsessam
1196 4820 1468 4875 civitatem
1498 4818 1785 4888 intercipit,
1818 4833 1942 4873 cum

338 4915 580 4962 mentem
610 4908 869 4978 superbia
896 4907 1163 4978 irrumpit,
1199 4915 1250 4962 et
1269 4924 1376 4978 quo
1406 4907 1655 4962 ditiorem
1675 4922 1941 4979 quemque

341 5004 567 5074 ceperit,
626 5019 692 5059 eo
721 5004 777 5059 in
830 5004 1071 5060 dominio
1128 5004 1314 5059 durior
1369 5004 1633 5075 exsurgit,
1683 5003 1807 5074 quia
1836 5016 1943 5072 quo

338 5092 577 5162 amplius
606 5108 697 5147 res
730 5092 942 5147 virtutis
972 5093 1090 5147 sine
1133 5091 1430 5147 humilitate
1458 5092 1656 5164 agitur,
1689 5107 1755 5146 eo
1783 5089 1943 5144 latius

338 5180 447 5236 ista
470 5180 798 5235 dominatur.
836 5180 1097 5252 Quisquis
1126 5195 1258 5237 vero
1289 5180 1405 5249 ejus
1432 5180 1489 5234 in
1518 5196 1578 5235 se
1596 5178 1945 5249 tyrannidem

340 5268 555 5339 captiva
582 5277 766 5323 mente
793 5268 1117 5339 susceperit,
1149 5269 1256 5325 hoc
1282 5268 1517 5339 primum
1559 5267 1818 5321 damnum
1844 5281 1943 5336 pa-

333 5357 485 5421 titur,
525 5357 671 5428 quod
713 5357 902 5412 clauso
958 5357 1139 5412 cordis
1184 5356 1343 5413 oculo
1383 5355 1572 5425 judicii
1627 5354 1944 5425 aequitatem

343 5444 545 5516 perdit.
577 5445 721 5501 Nam
749 5453 943 5501 cuncta
973 5461 1095 5516 qua;
1122 5444 1191 5499 ab
1232 5444 1351 5499 aliis
1388 5443 1475 5499 vel
1513 5442 1651 5497 bene
1688 5450 1947 5512 geruntur

348 5533 656 5604 displicent,
690 5541 743 5588 et
773 5533 889 5589 sola
917 5534 967 5588 ei
996 5549 1119 5604 qua:
1151 5533 1269 5605 ipse
1295 5531 1381 5589 vel
1425 5545 1593 5603 prave
1624 5529 1798 5601 egerit
1826 5530 1946 5600 pla-

581 5640 822 5695 Parnon.
854 5638 1097 5695 CXXVI.

2040 4568 2276 4623 sentiunt
2304 4581 2657 4637 nequaquam
2694 4564 2952 4637 produnt,
2984 4573 3038 4622 et
3076 4566 3154 4635 hi,
3182 4581 3415 4637 quorum
3443 4564 3639 4636 loqua-

2042 4658 2177 4713 citas
2209 4656 2297 4711 vix
2329 4656 2709 4725 compescitur,
2744 4670 3132 4725 nonnunquam
3161 4669 3227 4709 ex
3256 4653 3374 4707 sola
3430 4652 3637 4707 amari-

2041 4745 2226 4800 tudine
2270 4743 2444 4798 intimi
2500 4743 2745 4799 rancoris
2774 4744 3149 4799 obmutescunt
3179 4758 3193 4795 :
3240 4739 3332 4811 qui
3360 4755 3461 4811 per
3485 4740 3640 4797 dolo-

2041 4850 2158 4888 rem
2213 4832 2411 4888 mentis
2448 4831 2792 4901 procacitatis
2848 4846 2961 4885 suae
3017 4828 3180 4884 verba
3221 4828 3627 4897 subtrahentes,

2043 4936 2165 4977 cum
2193 4920 2332 4975 male
2362 4920 2513 4990 loqui
2531 4920 2759 4986 soleant,
2794 4918 2947 4988 pejus
2977 4924 3173 4982 tacent,
3196 4915 3323 4987 quia
3351 4932 3476 4973 cum
3502 4933 3635 4988 pec-

2044 5018 2228 5064 cantes
2255 5007 2460 5078 aliquid
2516 5008 2585 5062 de
2631 5005 2967 5062 correctione
3010 5003 3253 5071 audiunt,
3284 5004 3633 5077 indignantes
3718 5008 3719 5011 “

2044 5097 2207 5151 etiam
2281 5094 2656 5166 responsionis
2712 5093 2883 5147 verba
2940 5092 3297 5163 suspendunt.
3358 5093 3493 5149 Cum
3548 5082 3665 5150 his.

2046 5185 2263 5256 quando
2284 5198 2479 5254 aspere
2503 5183 2696 5253 agitur,
2730 5195 2875 5251 saepe
2895 5180 2963 5235 ad
2993 5180 3230 5252 querela:
3250 5197 3415 5238 voces
3437 5181 3506 5238 de
3526 5182 3631 5238 hac

2044 5274 2162 5344 ipsa
2189 5272 2477 5342 asperitate
2506 5268 2827 5339 prosiliunt;
2859 5283 2985 5323 cum
3013 5286 3144 5326 vero
3161 5285 3257 5325 eos
3273 5267 3523 5342 magistri
3552 5267 3637 5323 sui

2047 5360 2245 5415 blande
2267 5356 2619 5428 praeveniunt,
2655 5355 2724 5410 de
2750 5354 2866 5425 ipsa
2888 5356 3208 5427 humilitate,
3235 5374 3343 5428 qua
3373 5354 3637 5428 praeventi

2048 5456 2205 5511 sunt,
2255 5443 2473 5515 gravius
2530 5442 2898 5515 indignantur,
2931 5453 2982 5499 et
3037 5452 3182 5500 tanto
3239 5459 3427 5499 eorum
3483 5457 3639 5498 mens

2047 5535 2251 5593 vastius
2304 5530 2619 5589 accenditur
2650 5575 2666 5599 ,
2700 5542 2902 5602 quanto
2983 5532 3377 5589 consideratius
3425 5530 3641 5586 infirma

3227 5639 3292 5690 16
