4164 6364
562 327 660 393 491
1511 313 1853 377 HINCMARI
1881 310 2281 373 RHEMENSIS
2308 302 2859 367 ABCHIEPISCOPI.
3746 296 3853 355 492

558 457 848 527 judicatur.
882 451 1100 508 Cunctis
1126 463 1363 521 namque
1392 445 1627 517 superba
1675 442 1821 514 apud
1850 457 1910 496 se
1943 439 2152 510 cogita-
2174 437 2229 497 A
2258 435 2415 491 valeo
2468 433 2824 527 respondere,
2854 429 3065 527 face-res
3096 425 3280 527 utique
3340 424 3477 527 sicut
3518 423 3765 522 patriotae
3794 429 3849 477 et

561 510 707 607 tione
738 540 1067 596 tumentibus
1110 537 1250 592 inest
1276 510 1502 591 'clamo-r
1529 533 1585 587 in
1629 510 1916 598 locutione,
1950 525 2154 583 amari-
2256 521 2548 595 propinqui
2577 520 2655 576 tui
2701 519 2830 575 laici
2878 517 3101 587 faciunt,
3137 515 3342 572 scilicet
3368 511 3671 569 voluntarie
3697 510 3849 607 vive-

563 604 692 705 tudo
745 629 802 683 in
854 626 1089 691 silentio,
1121 622 1402 678 dissolutio
1459 621 1516 675 in
1570 618 1836 673 hilaritate
1866 657 1880 686 ,
1913 615 2063 671 furor
2100 613 2156 668 in
2256 627 2343 666 res
2370 611 2510 665 inter
2547 617 2667 664 tuos
2721 616 3110 664 conterraneos
3155 611 3315 675 atque
3358 600 3567 658 vicinos
3593 597 3843 696 paciﬁce,

561 701 798 782 tristitia,
826 714 1138 769 inhonestas
1166 711 1222 765 in
1246 709 1458 765 actione
1487 751 1500 773 ,
1534 708 1793 762 honestas
1812 704 1869 759 in
1895 701 2150 772 imagine,

562 804 764 861 erectio
809 802 865 855 in
918 801 1155 864 incessu,
1189 812 1379 852 rancor
1433 796 1488 849 in
1538 791 1916 864 responsione.
1950 790 2155 844 Horum

561 905 718 947 mens
746 903 964 959 semper
991 895 1074 942 est
1099 885 1168 940 ad
1194 882 1519 957 irrogandas
1563 878 1918 937 contumelias
1949 875 2149 940 valida,

562 979 633 1034 ad
689 974 998 1032 tolerandas
1050 971 1281 1038 inﬁrma,
1313 971 1385 1025 ad
1429 968 1793 1024 obediendum
1845 964 2005 1036 pigra
2036 1006 2049 1030 ,
2081 962 2152 1017 ad

563 1063 918 1121 lacessendos
946 1076 1078 1117 vero
1105 1059 1244 1115 alios
1283 1057 1607 1128 importuna,
1639 1054 1707 1109 ad
1731 1068 1795 1109 ea
1824 1067 1945 1123 qua
1971 1050 2151 1106 facere

561 1159 615 1208 et
642 1152 804 1208 debet
831 1157 885 1205 et
910 1146 1167 1220 praevalet
1207 1145 1422 1218 ignava,
1453 1144 1524 1198 ad
1552 1157 1619 1198 ea
1676 1156 1798 1213 quae
1826 1139 2003 1196 facere
2049 1152 2154 1194 nec

564 1240 728 1296 debet
764 1253 866 1294 nec
894 1234 1152 1308 praevalet
1178 1240 1382 1304 parata.
1417 1233 1546 1287 Haec
1574 1230 1631 1285 in
1678 1244 1744 1285 eo
1780 1227 1928 1300 quod
1958 1232 2150 1298 sponte

562 1343 674 1383 non
701 1324 903 1398 appetit
928 1322 1090 1378 nullis
1145 1318 1603 1376 exhortationibus
1659 1316 1915 1381 ﬂectitur,
1947 1313 2016 1369 ad
2045 1314 2150 1369 hoc

566 1422 745 1471 autem
774 1411 921 1484 quod
957 1410 1183 1466 latenter
1233 1407 1529 1470 desiderat,
1577 1404 1767 1478 quaerit
1791 1410 1850 1458 ut
1901 1408 2144 1473 cogatur,

560 1502 691 1574 quia
736 1501 863 1555 dum
898 1496 1090 1553 metuit
1134 1512 1201 1552 ex
1256 1494 1529 1551 desiderio
1560 1508 1658 1548 suo
1686 1492 1969 1558 vilescere,
2001 1495 2151 1560 optat

560 1590 672 1645 vim
692 1588 747 1642 in
774 1586 892 1658 ipsa
920 1584 1194 1642 voluntate
1223 1582 1477 1638 tolerare.
1498 1579 1846 1651 Quapropter
1873 1578 1978 1633 hoc
1995 1576 2145 1644 vitio,

561 1674 934 1732 laborantibus
964 1672 1227 1728 Dominus
1255 1670 1424 1726 dicit:
1458 1671 1605 1725 Deus
1628 1667 1878 1740 superbis
1906 1665 2144 1730 resistit,

2256 698 2509 769 quoniam
2540 697 2584 751 si
2615 696 2772 751 aliter
2798 708 3179 766 praesumeres,
3220 689 3472 747 fortiores
3502 695 3555 743 et
3583 685 3839 757 superio-

2252 800 2342 841 res
2371 784 2463 856 qui
2489 783 2585 839 tibi
2612 782 2950 851 resisterent,
2969 788 3130 853 teque
3148 778 3526 850 reprimerent,
3550 772 3841 831 invenires.

2852 973 3079 1030 CAPUT
3106 972 3246 1027 LIII.

2249 1109 2328 1165 De
2366 1106 2610 1164 motibus
2654 1106 2903 1179 corporis
2949 1104 3314 1170 inordinatis,
3358 1099 3606 1174 qualiter
3649 1111 3845 1155 cavere

2885 1192 3098 1250 debeat.

2317 1319 2387 1372 Et
2429 1316 2687 1390 quoniam
2737 1314 3158 1388 reprehenderis
3206 1314 3275 1369 de
3318 1310 3557 1368 motibus
3603 1307 3845 1380 corporis

2248 1405 2585 1474 inordinatis,
2633 1403 3022 1460 attendendum
3060 1402 3192 1457 mihi
3218 1408 3273 1457 et
3300 1400 3398 1456 tibi
3427 1406 3510 1455 est
3536 1397 3681 1471 quod
3711 1396 3847 1453 bea-

2248 1500 2333 1547 tus
2376 1492 2677 1563 Gregorius
2706 1491 2856 1558 dicit,
2882 1490 3148 1562 quoniam
3204 1488 3433 1543 interius
3462 1494 3545 1542 est
3573 1484 3842 1551 custodia,

2249 1598 2369 1652 quae
2392 1580 2657 1651 [ordinata
2713 1587 2894 1635 servat
2959 1578 3197 1633 exterius
3253 1575 3513 1630 membra.
3592 1573 3663 1627 Et
3719 1588 3849 1627 san-

2247 1676 2365 1724 ctus
2397 1666 2696 1741 Gregorius
2737 1667 3113 1723 Nazianzenus
3180 1665 3424 1721 habitum
3464 1660 3661 1717 Iuliani
3692 1662 3846 1733 Apo-

564 1763 872 1820 humilibus
911 1764 1106 1817 autem
1135 1759 1234 1814 dat
1275 1758 1523 1830 gratiam
1562 1758 1702 1825 (Jac.
1735 1754 1852 1825 tv);
1885 1760 1939 1809 et
1965 1753 2094 1809 item
2125 1768 2141 1806 :
2172 1778 2227 1839 Β
2249 1763 2402 1812 statas
2429 1754 2689 1811 describit
2717 1754 2905 1811 dicens
2935 1756 3103 1826 (orat.
3128 1757 3178 1808 l.
3204 1755 3270 1810 in
3290 1751 3608 1820 Iulianum)
3640 1766 3656 1804 :
3692 1772 3715 1797 ιι
3740 1749 3845 1839 _Fa-

558 1850 891 1907 Immundas
924 1852 1010 1904 est
1054 1846 1207 1920 apud
1243 1848 1421 1902 Deum
1463 1845 1646 1900 omnis
1677 1844 1774 1914 qui
1801 1842 2028 1898 exaltat
2052 1855 2147 1897 cor
2173 1836 2217 1839 _
2247 1843 2425 1899 ciebat
2478 1859 2566 1899 me
2622 1849 2837 1898 cautum
2872 1841 3010 1897 adeo
3053 1839 3413 1898 inconstantia
3440 1852 3649 1893 morum
3690 1836 3842 1915 ejus,

556 1939 752 2009 (Eceli.
772 1935 949 2007 xvn);
982 1942 1037 1990 et
1053 1935 1182 1990 item
1214 1948 1232 1989 :
1266 1932 1407 2000 Quid
1421 1932 1670 2005 superbit
1691 1934 1845 1986 terra
1872 1933 1929 1986 et
1956 1929 2102 1985 cinis
2127 1932 2149 1983 ?

556 2026 754 2098 (Eccli.
783 2022 872 2094 ι.)
902 2021 1043 2091 Quia
1069 2021 1239 2094 igitur
1259 2020 1591 2091 Redemptor
1610 2026 1798 2074 noster
1817 2015 1987 2073 corda
2005 2014 2149 2086 regit

555 2111 870 2178 humilium,
911 2116 966 2166 et
1017 2109 1315 2164 Leviathan
1369 2124 1477 2164 rex
1528 2105 1725 2162 dicitur
1762 2105 2143 2177 superborum,

551 2206 741 2272 aperte
769 2196 1154 2270 cognoscimus
1185 2194 1331 2268 quod
1351 2193 1818 2251 evidentissimum
1873 2191 2146 2262 reprobo-

553 2302 672 2342 rum
701 2285 919 2358 signum
948 2283 1204 2356 superbia
1220 2289 1320 2348 est,
1345 2282 1416 2337 ad
1445 2288 1636 2338 contra
1655 2279 1932 2335 humilitas
1952 2278 2148 2334 electo-

551 2389 689 2430 rum.
724 2374 860 2429 Cum
902 2386 1034 2444 ergo
1077 2385 1239 2442 quam
1271 2369 1499 2441 quisque
1524 2369 1721 2424 habeat
1772 2366 2141 2440 cognoscitur,

545 2461 646 2518 sub
677 2476 784 2534 quo
840 2475 971 2532 rege
999 2459 1191 2514 militet
1238 2457 1527 2513 invenitur.
1586 2454 1971 2528 Unusquisque
1999 2453 2145 2510 enim

545 2548 704 2622 quasi
761 2547 1052 2618 quemdam
1103 2544 1313 2600 titulum
1350 2551 1529 2616 portat
1556 2542 1738 2614 operis
1769 2585 1783 2609 ,
1835 2557 1943 2613 quo
1984 2540 2144 2597 facile

543 2635 794 2692 ostendat
815 2634 914 2689 sub
942 2632 1094 2702 cujus
1137 2632 1336 2688 serviat
1390 2638 1659 2702 potestate
1715 2629 1967 2686 rectoris.
2005 2648 2028 2679 ι
2061 2629 2143 2684 De

542 2724 649 2780 hoc
686 2723 885 2794 quippe
913 2720 1044 2777 vitio
1088 2719 1358 2791 superbiae
1384 2717 1703 2788 descendit,
1733 2717 1879 2790 quod
1906 2715 2061 2772 multi
2090 2723 2142 2772 te

539 2808 686 2881 apud
713 2810 975 2881 plurimos
999 2807 1187 2883 dicunt
1214 2807 1283 2862 de
1336 2805 1652 2862 fortitudine
1683 2813 1737 2861 et
1789 2804 2032 2877 agilitate
2063 2804 2141 2860 tui

543 2896 791 2969 corporis
812 2895 1056 2969 gloriari,
1090 2902 1145 2950 et
1172 2894 1242 2950 de
1272 2892 1507 2965 praeliis,
1540 2900 1705 2965 atque
1731 2900 1789 2946 ut
1816 2891 2140 2947 nostratium

541 2984 728 3058 lingua
774 2983 988 3051 dicitur,
1021 2982 1089 3037 de
1118 2982 1413 3039 vassaticis
1459 2979 1771 3052 frequenter
1803 2994 1868 3036 ac
1909 2978 2141 3035 libenter

2248 1938 2301 1986 et
2353 1946 2611 1987 excessus
2676 1929 2915 1986 uberior.
2975 1929 3141 1985 Vates
3211 1927 3357 1985 enim
3431 1924 3692 1996 egregius
3737 1930 3840 1988 est,

2249 2018 2339 2090 qui
2395 2018 2535 2073 bene
2583 2016 2905 2074 considerat.
2961 2016 3184 2072 Nullum
3231 2014 3379 2071 enim
3434 2012 3654 2084 signum
3709 2009 3845 2065 mihi

2243 2104 2305 2159 in
2336 2120 2401 2161 eo
2444 2105 2576 2162 utile
2631 2104 2918 2161 videbatur
2940 2147 2954 2173 ,
2987 2103 3173 2161 cervix
3253 2100 3562 2158 inﬂexibilis
3587 2143 3600 2167 ,
3630 2097 3846 2155 humeri

2241 2193 2545 2262 jactabiles,
2601 2193 2743 2250 oculi
2791 2199 3072 2249 currentes
3097 2234 3112 2259 ,
3204 2190 3315 2246 huc
3360 2189 3598 2261 illucque
3650 2186 3846 2244 directi

2247 2289 2300 2337 et
2352 2280 2558 2337 furiose
2614 2280 2989 2353 respicientes,
3047 2278 3218 2352 pedes
3267 2275 3630 2349 impatientes,
3681 2290 3843 2331 nares

2246 2368 2518 2441 spirantes
2574 2368 2797 2438 injurias
2866 2374 3030 2440 atque
3111 2373 3459 2438 contemptun
3487 2408 3505 2433 ,
3564 2364 3843 2420 schemata

2245 2456 2494 2528 risibilia,
2552 2464 2605 2513 et
2676 2457 2782 2512 hoc
2825 2456 3005 2527 ipsum
3083 2470 3302 2526 semper
3361 2451 3619 2509 habentia
3648 2493 3663 2521 ,
3694 2452 3839 2508 risus

2243 2544 2585 2601 incontinens
2615 2550 2666 2600 et
2708 2543 2867 2617 quasi
2920 2541 3277 2610 subbulliens,
3333 2556 3632 2597 consensus
3662 2547 3716 2595 et
3741 2555 3838 2596 ne-

2243 2632 2391 2704 gatio
2419 2631 2598 2698 simul,
2633 2631 2773 2687 ratio
2819 2630 2968 2686 nulla
3023 2630 3235 2686 ratione
3288 2628 3592 2686 consistens
3617 2671 3631 2696 ,
3661 2628 3838 2683 inter-

2241 2720 2453 2792 rogatio
2480 2719 2807 2786 inordinata,
2831 2726 2994 2791 atque
3023 2717 3311 2790 responsio
3338 2716 3485 2772 nulla
3513 2714 3839 2773 convenien-

2239 2806 2315 2862 tia
2352 2806 2457 2862 sibi
2503 2805 2855 2864 conveniens.
2894 2827 2916 2857 ι
2949 2807 3019 2863 Et
3065 2812 3287 2862 sanctus
3340 2820 3484 2877 papa
3539 2803 3838 2878 Gregorius

2239 2894 2525 2966 quemdam
2554 2894 2871 2951 describens
2911 2894 3200 2967 potiusque
3226 2892 3530 2966 depingens
3552 2892 3831 2962 juvenem,

2237 2982 2308 3038 de
2336 2997 2402 3039 eo
2431 2982 2558 3039 dicit
2589 2997 2603 3039 :
2640 3003 2664 3033 ι
2699 2982 2840 3050 Quia
2867 2989 2986 3038 erat
3006 2981 3276 3055 superbus
3297 2988 3350 3038 et
3370 2980 3628 3048 lubricus,
3649 2979 3838 3037 verbis

540 3086 847 3128 sermonem
876 3070 1099 3139 habere,
1138 3077 1192 3126 et
1219 3069 1454 3142 qualiter
1471 3083 1664 3141 ageres
1693 3067 1741 3122 si
1758 3066 1925 3124 laicus
1940 3065 2137 3124 fuisses
2167 3120 2212 3142 η
2236 3068 2375 3125 levis
2406 3112 2421 3138 ,
2451 3070 2671 3125 nutibus
2724 3070 2991 3126 instabilis
3025 3114 3039 3138 ,
3093 3077 3276 3125 mente
3357 3068 3598 3125 tumidus
3631 3110 3645 3135 ,
3685 3075 3840 3124 veste

538 3160 904 3216 irreverenter
956 3156 1178 3224 referre,
1226 3163 1280 3211 et
1321 3155 1427 3211 alia
1482 3155 1653 3211 multa
1705 3171 1829 3227 quas
1883 3154 1979 3210 tibi
2025 3170 2135 3211 non

539 3247 867 3305 conveniunt
909 3245 1090 3302 dicere
1134 3252 1190 3300 et
1238 3259 1424 3316 agere,
1484 3258 1588 3299 nec
1632 3242 1766 3298 mihi
1829 3242 2133 3298 enuntiare.

544 3335 726 3390 Debes
757 3334 903 3389 enim
950 3332 1232 3390 attendere
1262 3331 1408 3404 quod
1436 3331 1696 3402 scriptum
1724 3338 1809 3387 est
1864 3347 1879 3385 :
1924 3331 2046 3388 Non
2074 3331 2139 3386 in

535 3423 876 3494 fortitudine
925 3436 1032 3476 sua
1059 3419 1408 3479 roborabitur
1422 3420 1509 3474 vir
1524 3419 1575 3489 (Ι
1597 3422 1725 3490 Reg.
1763 3418 1867 3490 11);
1897 3425 1954 3476 et
1984 3419 2137 3474 :Non

541 3510 800 3567 salvatur
812 3525 921 3566 rex
931 3524 1035 3581 per
1043 3508 1290 3564 multam
1299 3507 1656 3575 virtutem,et
1667 3509 1824 3578 gigas
1835 3521 1950 3562 non
1961 3506 2139 3561 salva-

543 3596 697 3656 bitur
713 3600 776 3654 in
790 3596 1166 3654 multitudine
1190 3594 1556 3667 fortitudinis
1575 3609 1694 3650 sua
1726 3593 1898 3663 (Psal.
1923 3593 2132 3664 χχχιι).

537 3685 695 3742 Unde
724 3685 870 3756 apud
899 3700 959 3739 se
987 3683 1163 3740 David
1190 3698 1355 3738 manu
1376 3681 1550 3751 fortis,
1569 3680 1847 3737 humiliter
1869 3679 2135 3751 inﬁrmus,

537 3779 591 3828 et
610 3772 734 3828 ideo
761 3771 1026 3827 veraciter
1053 3770 1206 3826 fortis
1225 3811 1239 3839 ,
1273 3770 1364 3841 qui
1393 3770 1669 3842 gigantem
1695 3768 1875 3824 multa;
1922 3767 2136 3823 fortitu-

535 3858 678 3915 dinis
707 3858 926 3924 occidit,
960 3865 1015 3911 et
1040 3873 1230 3929 regem
1261 3872 1327 3912 ac
1353 3856 1605 3912 virtutem
1634 3856 1904 3912 exercitus
1923 3855 2040 3925 ejus
2068 3854 2137 3910 ab

537 3945 831 4018 opprobrio
884 3943 1151 4011 liberavit,
1214 3944 1447 3999 Domino
1494 3943 1670 4000 dicit:
1720 3944 2136 4000 Fortitudinem

537 4049 729 4090 meum
758 4032 830 4088 ad
858 4036 913 4089 te
941 4032 1254 4089 custodiam
1274 4031 1448 4103 (Psal.
1479 4032 1653 4103 Lvm).
1699 4031 1768 4088 Et
1795 4031 2013 4097 Paulus,
2044 4031 2139 4103 qui

541 4119 746 4177 audivit
774 4136 804 4175 a
831 4119 1063 4176 Domino
1092 4137 1106 4174 :
1160 4121 1345 4176 Virtus
1368 4120 1432 4175 in
1474 4119 1816 4189 inﬁmitate
1838 4119 2137 4192 perﬁcitur

542 4210 619 4280 (Π
629 4210 747 4266 Cor.
764 4207 863 4281 xn)
883 4206 1176 4280 ,gloriatur
1202 4207 1259 4263 in
1286 4206 1690 4263 inﬁrmitatibus
1723 4207 1857 4275 suis,
1894 4206 2087 4264 dicens
2117 4224 2132 4262 :

543 4296 776 4365 Quando
795 4297 1074 4366 inﬁrmor,
1099 4301 1238 4353 tunc
1256 4298 1462 4368 fortior
1478 4313 1607 4353 sum
1618 4300 1676 4353 et
1687 4300 1887 4369 potens
1914 4296 1994 4366 (II
2012 4296 2131 4354 Cor.

538 4385 649 4456 xu)
674 4403 689 4451 ;
712 4392 792 4440 et:
819 4385 1038 4456 Castigo
1067 4400 1268 4456 corpus
1284 4400 1494 4450 meum,
1519 4388 1576 4441 et
1588 4385 1855 4441 servituti
1876 4383 2132 4455 subjicio,

2164 3120 2214 3183 C

2238 3157 2590 3229 compositus,
2615 3158 2828 3214 actione
2847 3158 3169 3230 dissipatus.
3213 3177 3237 3209 »
3269 3156 3427 3213 Unde
3446 3154 3839 3212 attendendum

2235 3253 2319 3303 est
2345 3245 2522 3315 nobis,
2556 3246 2686 3318 quia
2713 3246 2760 3302 si
2787 3247 2872 3301 has
2927 3245 3387 3319 reprehensiones
3433 3244 3491 3300 in
3518 3243 3675 3302 laicis
3705 3243 3832 3317 qui-

2236 3333 2550 3406 buscunque
2631 3334 2992 3406 potestatibus
3047 3333 3294 3406 praeditis
3348 3333 3424 3393 ita
3478 3334 3825 3402 denotantur,

2235 3436 2399 3492 quam
2445 3421 2786 3478 damnabiles
2813 3423 2870 3478 in
2897 3421 3056 3479 nobis
3086 3422 3361 3494 episcopis
3387 3420 3709 3488 habeantur,
3742 3419 3837 3492 qui

2233 3508 2325 3565 lux
2352 3510 2561 3577 mundi,
2592 3517 2647 3565 et
2674 3510 2900 3581 lucerna
2946 3525 3108 3582 super
3134 3508 3524 3568 candelabrum
3547 3509 3745 3581 posita,
3776 3516 3837 3564 ut

2233 3596 2515 3654 luceamus
2544 3597 2796 3654 omnibus
2825 3598 2918 3671 qui
2946 3598 3004 3654 in
3033 3598 3196 3656 domo
3224 3596 3348 3665 Dei,
3379 3597 3434 3653 id
3463 3604 3545 3653 est
3586 3596 3834 3653 Ecclesia

2235 3692 2360 3740 sunt
2383 3685 2566 3757 positi,
2616 3702 2741 3743 esse
2781 3686 3032 3743 videmur
3050 3688 3078 3742 ?
3105 3688 3235 3743 Haec
3280 3685 3398 3753 tibi,
3432 3685 3604 3741 frater
3631 3700 3698 3741 ac
3733 3683 3831 3753 ﬁli,

2235 3772 2417 3829 scribo
2443 3773 2613 3830 multo
2641 3774 2833 3831 dolore
2861 3789 2926 3831 ac
2953 3774 3272 3831 confusione
3299 3782 3672 3848 compunctus,
3704 3772 3833 3829 hor-

2233 3868 2353 3916 tans
2382 3869 2440 3917 ut
2466 3862 2522 3917 in
2568 3861 2758 3931 lutere,
2792 3878 2958 3935 quem
2991 3863 3207 3934 Moyses
3249 3862 3447 3933 (Exod.
3478 3862 3732 3931 xxxvm)
3762 3861 3831 3919 de

2235 3949 2469 4020 speculis
2496 3949 2786 4006 mulierum
2816 3958 2943 4008 ante
2970 3949 3381 4007 tabernaculum
3408 3949 3630 4006 Domini
3661 3965 3830 4006 excu-

2232 4035 2475 4093 bantium
2504 4037 2745 4110 fecerat,
2779 4038 2835 4094 in
2864 4055 2972 4112 quo
3029 4039 3339 4096 sacerdotes
3395 4037 3747 4094 ministraturi
3774 4038 3832 4094 in

2234 4125 2429 4182 eadem
2454 4125 2617 4183 domo
2645 4125 2863 4183 Domini
2897 4143 3089 4183 manus
3119 4135 3173 4183 et
3212 4127 3382 4199 pedes
3411 4126 3676 4195 lavarent,
3708 4143 3829 4182 me-

2233 4227 2358 4269 cum
2395 4220 2449 4268 te
2493 4213 2801 4286 conspicias
2818 4253 2835 4285 ,
2869 4222 2922 4271 et
2964 4214 3194 4272 interius
3224 4223 3386 4287 atque
3443 4214 3682 4271 exterius
3733 4214 3830 4270 ibi-

2232 4300 2378 4369 dem,
2406 4301 2462 4357 id
2490 4310 2573 4358 est
2603 4301 2661 4358 in
2698 4317 2870 4360 sacrae
2918 4303 3206 4376 Scriptum
3246 4304 3537 4375 praceptis
3566 4320 3670 4375 per
3699 4318 3826 4359 san-

2233 4396 2350 4446 ctos
2377 4389 2477 4445 Dei
2506 4389 2664 4445 nobis
2693 4389 2997 4462 explanaris
3018 4431 3033 4461 ,
3068 4399 3122 4448 et
3148 4391 3204 4448 in
3234 4391 3551 4448 eorumdem
3609 4399 3824 4448 sancto-

533 4488 608 4530 ne
637 4473 771 4528 aliis
796 4472 1116 4544 praedicans
1143 4473 1262 4543 ipse
1289 4473 1551 4544 reprobus
1580 4473 1794 4542 eﬂiciar
1812 4470 1859 4542 (Ι
1874 4471 1994 4527 Cor.
2020 4469 2122 4541 rx).
2154 4464 2206 4524 D
2227 4492 2348 4531 rum
2378 4477 2640 4549 exemplis
2658 4520 2673 4545 ,
2704 4486 2891 4535 nostra
2944 4478 3396 4551 reprehensibilia
3435 4480 3743 4551 abluamus,
3773 4485 3824 4533 et

537 4559 649 4617 Sed
669 4566 724 4616 et
749 4575 873 4615 cum
901 4559 959 4613 in
986 4558 1092 4624 his,
1123 4559 1180 4613 in
1209 4557 1406 4630 quibus
1433 4556 1840 4629 infatigabiliter
1866 4572 2125 4630 pugnan-

534 4647 624 4715 do,
656 4662 768 4702 non
799 4645 951 4718 quasi
980 4661 1161 4701 aerem
1199 4645 1575 4716 verberantes,
1606 4644 1703 4700 sed
1734 4651 1921 4701 contra
1949 4644 2126 4700 aerias

529 4742 859 4806 potestates,
883 4741 937 4790 et
964 4733 1144 4791 carnis
1200 4732 1507 4799 illecebras,
1566 4748 1628 4788 ac
1680 4732 1869 4787 mundi
1915 4747 2122 4789 concu-

527 4822 821 4892 piscentiae
864 4822 1217 4895 agonizantes
1272 4819 1750 4891 decertaverimus,
1781 4821 1926 4892 quod
1965 4821 2123 4877 nobis

525 4923 559 4963 a
586 4909 819 4964 Domino
846 4908 1152 4980 praecipitur
1170 4924 1237 4965 ex
1265 4908 1457 4963 intimo
1485 4906 1670 4964 cordis
1724 4906 1918 4965 aﬁ‘ectu
1938 4908 2122 4966 dicere

522 4995 787 5051 debemus
802 5013 815 5050 :
833 4997 989 5052 Servi
1002 4997 1239 5053 inutiles
1251 5012 1595 5068 sumus,quaz
1605 4995 1894 5053 debuimus
1909 4999 2118 5069 facere,

520 5084 762 5155 fecimus
801 5083 958 5152 (Luc.
995 5084 1159 5155 xvu).
1200 5085 1339 5153 Quia
1362 5099 1479 5140 non
1503 5100 1699 5140 sumus
1714 5085 2056 5156 suﬁicientes
2085 5102 2122 5142 a

518 5172 675 5229 nobis
704 5172 868 5244 quasi
887 5187 961 5227 ex
995 5172 1171 5238 nobis,
1201 5173 1297 5228 sed
1318 5172 1660 5243 sufﬁcientia
1696 5176 1895 5230 nostra
1915 5189 1989 5229 ea:
2008 5175 2119 5230 Deo

519 5263 624 5325 est,
652 5260 749 5332 qui
777 5259 931 5315 dedit
959 5260 1101 5316 velle
1130 5262 1187 5315 et
1218 5259 1487 5332 perﬁcere
1510 5277 1615 5333 pro
1650 5260 1791 5317 bona
1824 5262 2118 5318 voluntate

515 5347 593 5416 (II
620 5348 740 5404 Cor.
771 5346 890 5417 in);
924 5346 1125 5419 quique
1171 5347 1284 5402 suis
1328 5347 1462 5403 dixit
1492 5365 1506 5401 :
1535 5349 1668 5405 Sine
1715 5364 1807 5404 me
1835 5349 1986 5404 nihil
2009 5365 2115 5421 po-

517 5435 680 5490 testis
710 5436 900 5505 faeere
928 5434 1163 5507 (Philip.
1195 5433 1278 5506 ιι).
1329 5435 1410 5490 De
1438 5435 1673 5491 vanitate
1713 5443 1891 5491 autem
1921 5450 2031 5507 qua
2060 5442 2114 5490 te

507 5520 705 5591 jactas,
748 5521 979 5595 qualiter
1004 5520 1214 5579 faceres
1241 5523 1290 5578 si
1321 5522 1497 5580 laicus
1544 5538 1718 5592 esses,
1748 5523 1987 5580 breviter
2017 5522 2114 5579 tibi

2226 4564 2425 4638 dignos
2449 4581 2551 4622 nos
2572 4564 2785 4622 ﬂetibus
2828 4574 2883 4622 et
2902 4567 3103 4624 sanctis
3122 4567 3553 4638 operationibus,
3581 4577 3639 4624 ut
3659 4567 3823 4641 digne

2223 4651 2301 4708 illi
2355 4653 2669 4709 ministrare
2722 4654 3031 4726 possimus,
3063 4655 3432 4713 exhibeamus.
3493 4656 3633 4713 Hinc
3678 4655 3821 4712 enim

2223 4739 2579 4811 omnipotenti
2619 4741 2852 4798 Domino
2908 4759 3010 4815 per
3054 4742 3398 4799 Psalmistam
3454 4743 3656 4800 dicitur
3700 4762 3715 4798 :
3757 4744 3821 4800 In

2223 4831 2501 4885 internum
2528 4845 2644 4886 non
2663 4830 2958 4888 obliviscar
2966 4832 3408 4903 justiﬁeationes
3432 4835 3579 4900 tuas,
3605 4833 3739 4906 quia
3755 4833 3820 4888 in

2221 4916 2361 4989 ipsis
2419 4917 2717 4986 viviﬁcasti
2762 4935 2852 4975 me
2880 4919 3057 4991 (Psal.
3116 4918 3333 4991 cxvnr).
3397 4918 3819 4977 Justiﬁcationes

2221 5003 2366 5060 enim
2407 5013 2677 5076 praecepta
2708 5006 2810 5062 Dei
2857 5005 3129 5076 dicuntur,
3159 5007 3216 5063 in
3258 5008 3454 5080 quibus
3500 5023 3602 5065 nos
3646 5007 3821 5065 corri-

2219 5091 2400 5162 gendo
2422 5091 2695 5162 justiﬁcat,
2733 5094 2803 5151 de
2833 5093 3030 5167 quibus
3067 5094 3212 5152 idem
3244 5096 3531 5153 Psalmista
3583 5093 3818 5169 apertius

2218 5179 2350 5235 dicit
2369 5195 2382 5235 :
2399 5182 2464 5236 In
2485 5182 2599 5238 tuis
2613 5183 3113 5252 iustiﬁcatiunibus
3133 5185 3462 5257 meditabor,
3483 5202 3599 5243 non
3621 5186 3814 5242 oblivi-

2217 5283 2346 5324 scar
2373 5284 2656 5327 sermones
2688 5274 2811 5328 tuos
2842 5272 3017 5343 (Psal.
3076 5275 3265 5344 xvm).
3297 5274 3357 5329 In
3388 5273 3469 5337 eis
3498 5276 3683 5348 itaque
3710 5289 3812 5332 nos

2215 5355 2469 5427 viviﬁcat,
2505 5358 2632 5430 quia
2676 5375 2777 5431 per
2815 5361 2933 5417 haec
2976 5360 3136 5417 nobis
3192 5361 3485 5434 spiritalem
3515 5363 3682 5419 vitam
3708 5363 3810 5419 de-

2213 5452 2507 5516 monstrat,
2538 5461 2767 5519 eamque
2820 5465 2922 5521 per
2967 5448 3291 5507 aﬂlationem
3347 5449 3573 5522 spiritus
3611 5450 3810 5507 nostris

2211 5533 2483 5590 mentibus
2512 5533 2764 5593 infundit.
