4164 6306
265 317 374 372 493
1017 314 1264 371 OPUSC.
1327 315 1418 370 ET
1469 313 1667 370 EPIST
1679 355 1691 369 .

873 437 1101 494 CAPUT
1138 439 1272 493 LW.

324 529 391 584 Ut
418 542 532 584 non
562 543 620 582 se
643 526 946 598 permittat
975 527 1158 597 decipi
1187 543 1221 580 a
1247 528 1384 594 ﬂore
1408 526 1730 597 juventutis
1761 529 1818 580 et

479 616 728 670 sanitate
757 616 1027 686 corporis,
1061 618 1119 669 et
1137 614 1337 669 mundi
1366 614 1662 668 illecebris.

344 702 589 758 Tandem
617 703 806 758 hortor
845 709 916 766 te,
951 701 1124 756 frater
1149 717 1214 757 ac
1243 701 1337 769 fili,
1372 708 1425 755 et
1455 716 1650 755 moneo
1677 708 1735 754 ut
1759 715 1870 755 non

269 798 327 846 te
373 790 652 860 permittas
699 789 879 859 decipi
924 804 957 843 a
997 788 1133 843 ﬂore
1182 788 1496 857 juventutis,
1551 796 1603 842 et
1639 787 1869 843 sanitate

272 878 541 949 corporis,
575 885 627 932 et
655 877 843 932 mundi
889 876 1181 944 illecebris,
1232 877 1441 943 habens
1486 892 1702 947 semper
1747 883 1869 929 ante

271 966 472 1020 mentis
519 965 704 1020 oculos
749 965 894 1036 quod
940 965 1066 1020 hinc
1098 972 1316 1018 sanctus
1348 964 1578 1034 Spiritus
1609 979 1708 1034 per
1735 963 1870 1017 bea-

273 1063 390 1108 tum
419 1053 521 1108 Job
551 1052 717 1108 dicit:
741 1055 906 1108 Homo
935 1056 1109 1106 natus
1126 1052 1191 1106 de
1211 1053 1468 1116 muliere,
1501 1052 1651 1106 brevi
1679 1053 1870 1105 vivens

276 1147 545 1213 tempore,
566 1142 822 1212 repletur
835 1141 1034 1194 multis
1053 1141 1299 1194 miseriis
1317 1159 1335 1194 :
1353 1141 1515 1210 quasi
1532 1140 1633 1207 ﬂos
1654 1139 1872 1209 egredi-

277 1232 395 1294 tur,
416 1233 474 1284 et
493 1229 830 1293 conteritur,
851 1229 1066 1298 etfugit
1086 1228 1238 1282 velut
1259 1229 1475 1294 umbra,
1501 1231 1557 1281 et
1577 1244 1871 1298 nunquam

275 1319 342 1372 in
375 1317 564 1373 eodem
583 1320 740 1370 statu
757 1319 1074 1386 permanet.
1094 1317 1291 1370 Breves
1312 1316 1428 1369 dies
1449 1316 1692 1370 hominis
1712 1319 1866 1381 sunt,

275 1420 554 1460 numerus
576 1405 857 1458 mensium
874 1405 993 1474 ejus
1016 1403 1166 1475 apud
1189 1407 1242 1457 te
1263 1407 1366 1467 est,
1392 1404 1743 1459 constituisti
1761 1407 1874 1457 ter-

276 1495 465 1547 minos
486 1494 625 1560 eius,
650 1492 744 1563 qui
765 1491 1046 1562 prateriri
1066 1507 1181 1546 non
1193 1494 1462 1562 poterunt
1483 1492 1618 1559 (Job.
1637 1492 1779 1559 xxv).
1805 1490 1873 1543 Et

275 1596 381 1652 per
394 1578 763 1634 Psalmistam:
786 1581 1180 1635 Verumtamen
1201 1579 1264 1632 in
1286 1579 1534 1650 imagine
1556 1579 1874 1650 pertransit

280 1670 462 1733 homo,
505 1668 599 1722 sed
633 1671 688 1722 et
724 1670 945 1738 frustra
985 1667 1376 1722 conturbatur.
1426 1667 1788 1721 Thesaurizat
1819 1669 1874 1720 et

276 1759 506 1828 ignorat
552 1756 648 1810 cui
693 1757 1048 1826 congregavit
1089 1771 1154 1809 ea
1193 1754 1367 1825 (Psal.
1400 1753 1668 1823 xxxvm).
1720 1752 1869 1806 Habe
1898 1781 1950 1841 Β

277 1860 501 1914 semper
545 1850 668 1898 ante
713 1842 909 1897 mentis
952 1842 1158 1910 oculos,
1207 1857 1371 1912 quam
1413 1841 1670 1896 terribilis
1702 1841 1870 1909 judex

277 1939 469 1986 noster
499 1931 566 1984 sit
594 1931 649 1984 in
676 1929 915 1996 consiliis
945 1946 1109 2000 super
1137 1928 1276 1983 ﬁlios
1306 1929 1602 1995 hominum,
1627 1937 1680 1984 et
1707 1945 1869 2000 quam

278 2019 557 2074 districtus
598 2018 667 2072 ad
695 2018 1043 2087 judicandum
1091 2017 1289 2084 veniet,
1326 2017 1479 2073 caelis
1509 2024 1560 2072 et
1588 2017 1744 2073 terris
1774 2032 1869 2071 ar-

276 2106 554 2173 dentibus,
613 2113 667 2160 et
713 2104 980 2161 universis
1023 2105 1284 2161 ccelorum
1342 2105 1650 2172 virtutibus,
1712 2112 1871 2176 atque

279 2195 532 2251 omnibus
575 2194 838 2249 creaturis
867 2193 921 2246 in
951 2193 1269 2264 obsequium
1312 2193 1395 2248 sui
1442 2193 1670 2248 terroris
1716 2208 1870 2248 com-

277 2283 462 2338 motis.
513 2282 740 2350 Quando
786 2280 929 2351 ignis
976 2289 1098 2336 ante
1145 2281 1325 2351 ipsum
1369 2281 1660 2352 praecedet,
1705 2288 1756 2335 et
1784 2280 1872 2334 in-

278 2371 581 2428 ﬂammabit
609 2370 666 2424 in
693 2369 918 2426 circuitu
939 2369 1183 2424 inimicos
1207 2371 1322 2437 ejus
1347 2385 1360 2424 :
1383 2371 1656 2424 advocans
1677 2368 1874 2423 malum

279 2461 595 2525 desursum,
653 2465 707 2514 et
760 2465 959 2512 terram
1016 2457 1326 2513 discernere
1381 2458 1636 2529 populum
1693 2473 1871 2524 suum,

281 2548 502 2620 quando
551 2546 732 2603 veniet
778 2561 877 2601 nos
919 2545 1253 2614 judicaturus
1307 2545 1376 2600 de
1432 2545 1871 2618 cogitationibus,

280 2635 487 2704 verbis,
544 2642 598 2689 et
656 2633 858 2689 actibus
923 2633 1124 2688 nostris
1154 2638 1174 2688 :‘
1201 2650 1363 2704 quem
1435 2633 1877 2704 przeveniendum

280 2723 442 2779 nobis
474 2729 556 2778 est
596 2722 652 2776 in
701 2721 1061 2791 confessione,
1114 2729 1166 2777 et
1209 2721 1534 2792 plorandum
1582 2729 1707 2776 ante
1755 2737 1878 2776 eum

285 2811 380 2884 qui
409 2811 537 2866 fecit
580 2825 681 2866 nos
710 2810 884 2879 (Psal.
915 2810 1092 2880 xcrv).
1126 2809 1523 2865 Attendendum
1568 2818 1649 2864 est
1695 2810 1874 2877 etiam,

282 2916 408 2972 qua
451 2898 610 2954 nobis
653 2897 986 2953 verecundia
1026 2905 1152 2952 tunc
1178 2897 1278 2953 erit
1306 2898 1361 2952 in
1393 2906 1688 2968 conspectu
1718 2897 1881 2952 totius

283 2987 510 3042 humani
566 2986 802 3058 generis,
863 2985 1212 3057 omniumque
1269 2985 1528 3042 virtutum
1582 2985 1880 3041 caelestium

286 3074 566 3141 confundi,
599 3082 653 3129 et
680 3081 804 3145 post
849 3073 1223 3130 confusionem
1270 3091 1389 3144 quae
1437 3090 1538 3129 nos
1580 3090 1744 3145 poena
1789 3090 1881 3129 se-

287 3172 502 3236 quetur,
548 3178 672 3218 cum
715 3163 950 3217 animam
993 3162 1367 3217 immortaliter
1409 3164 1729 3218 morientem
1758 3178 1886 3217 rea-

287 3261 375 3308 tus
417 3251 674 3318 involvet,
727 3259 779 3306 et
825 3250 1196 3306 indeficienter
1259 3250 1602 3307 deiicientem
1664 3267 1890 3305 carnem

289 3341 548 3412 gehenna
592 3347 894 3406 consumet,
941 3339 985 3393 si
1031 3339 1242 3394 radices
1288 3340 1470 3396 cordis
1523 3339 1649 3395 huic
1691 3339 1889 3394 saeculo

289 3436 708 3500 perseveranter
736 3425 930 3482 infixas
960 3427 1310 3482 habuerimus
1332 3445 1343 3482 :
1366 3427 1494 3499 quia
1508 3444 1669 3483 nemo
1689 3434 1889 3498 potest,

290 3524 350 3572 ut
371 3517 631 3587 scriptum
669 3524 768 3582 est,
795 3517 883 3571 hic
913 3516 1154 3586 gaudere
1176 3533 1305 3572 cum
1326 3519 1546 3582 saeculo,
1569 3520 1625 3571 et
1648 3516 1768 3571 illic
1796 3531 1891 3571 re-

289 3621 470 3678 gnare
505 3621 635 3661 cum
670 3605 923 3660 Domino.
958 3601 1136 3658 Simus
1163 3604 1348 3677 igitur,
1381 3612 1439 3659 ut
1469 3605 1628 3659 docet
1657 3605 1893 3674 Aposto-

290 3694 399 3758 lus,
425 3695 584 3766 quasi
604 3694 926 3759 morientes,
949 3699 1004 3747 et
1025 3709 1148 3748 ecce
1166 3694 1401 3749 vivimus
1417 3697 1514 3749 :ut
1533 3694 1817 3764 castigati,
1840 3696 1897 3747 et

293 3798 413 3838 non
425 3782 757 3850 mortiﬁcati
777 3800 794 3835 :
807 3781 969 3852 quasi
982 3781 1193 3848 tristes,
1210 3798 1432 3854 semper
1445 3786 1637 3836 autem
1650 3781 1896 3853 gauden-

297 3875 379 3926 tes
395 3889 412 3924 :
429 3871 582 3925 sicut
602 3873 842 3941 egentes,
866 3871 1076 3926 multos
1098 3874 1290 3925 autem
1311 3871 1752 3941 locupletantes:
1771 3873 1898 3924 tan-

294 3975 467 4030 quam
488 3959 636 4013 nihil
658 3959 941 4024 habentes,
980 3963 1035 4013 et
1069 3961 1263 4014 omnia
1297 3959 1645 4030 possidentes
1667 3957 1745 4027 (II
1772 3959 1892 4013 Cor.

297 4049 400 4116 Vi).
429 4045 718 4100 Momentis
763 4047 874 4100 suis
918 4046 1065 4101 horas
1111 4045 1342 4117 fugiunt,
1379 4053 1431 4100 et
1459 4053 1706 4116 tempora
1753 4045 1896 4099 dila-

293 4135 517 4189 buntur.
571 4134 894 4205 Satagamus
937 4149 1072 4205 ergo
1128 4142 1186 4188 ut
1224 4133 1280 4188 in
1328 4133 1485 4188 bonis
1534 4141 1586 4188 et
1628 4133 1898 4188 continuis

295 4221 559 4293 operibus
607 4228 894 4276 teneantur
924 4238 940 4276 :
974 4221 1096 4292 quia
1142 4221 1403 4291 scriptum
1457 4229 1538 4276 est
1572 4236 1585 4275 :
1617 4220 1775 4275 Beati
1805 4222 1901 4291 qui

296 4309 630 4366 custodiunt
662 4311 967 4380 judicium,
1002 4314 1057 4364 et
1076 4310 1304 4380 faciunt
1337 4310 1624 4376 justitiam
1655 4310 1716 4363 in
1747 4307 1902 4362 omni

300 4403 552 4468 tempore
581 4397 754 4467 (Psal.
788 4400 898 4468 cv).
932 4398 1000 4452 Et
1047 4397 1330 4468 descriptis
1358 4395 1460 4451 viri
1505 4395 1679 4451 sancti
1723 4394 1900 4450 conti-

1758 312 1833 368 IN
1887 311 2112 368 CAUSA
2167 312 2509 369 HINCMARI
2565 313 2872 376 LAUDUN.

1893 436 2217 506 Axxxvn),
2252 443 2304 490 et
2331 437 2502 492 cauda
2548 436 2763 506 pecoris
2799 435 2854 490 in
2892 435 3160 492 sacrificio
3207 435 3438 491 Domino
3468 434 3557 490 of-

3445 313 3556 368 498

1968 523 2098 580 ferri
2123 524 2452 594 praecipitur,
2505 525 2631 594 quia
2672 527 2767 596 qui
2815 525 3254 595 perseveraverit
3296 539 3465 595 usque
3493 524 3558 577 in

1967 612 2160 680 ﬁnem,
2210 613 2299 667 hic
2355 613 2545 667 salvus
2595 614 2708 667 erit
2745 612 2962 681 (Matth.
2995 611 3077 674 ι).
3108 611 3178 664 Et
3205 610 3557 666 obaudiamus

1969 699 2114 769 quod
2149 699 2422 770 Sapientia
2451 716 2547 769 per
2577 700 2922 755 Salomonem
2951 714 3052 753 nos
3081 698 3327 768 singulos
3355 700 3554 753 exhor-

1967 795 2089 841 tans
2109 786 2241 842 dicit
2264 805 2276 840 :
2308 788 2677 860 Quodcunque
2699 792 2885 859 potest
2901 803 3106 842 manus
3132 790 3228 841 tua
3249 789 3436 856 facere
3463 787 3556 840 in-

1969 879 2191 930 stanter
2207 891 2435 946 operare
2455 895 2473 930 :
2491 876 2622 947 quia.
2637 891 2739 930 nec
2759 892 2912 947 opus,
2937 890 3040 929 nec
3060 876 3228 939 ratio,
3252 889 3354 928 nec
3381 875 3558 928 scien-

1971 964 2072 1029 tia,
2105 979 2208 1018 nec
2237 965 2523 1034 sapientia
2569 967 2740 1019 erunt
2779 963 2929 1034 apud
2956 964 3170 1033 inferos
3200 977 3304 1033 quo
3335 965 3399 1016 tu
3420 977 3558 1033 pro-

1969 1067 2133 1122 peras
2163 1051 2366 1122 (Eccle.
2399 1051 2503 1120 ιχ).

2582 1173 2806 1228 CAPUT
2845 1173 2952 1228 LV.

1973 1279 2263 1335 Conclusio
2319 1279 2566 1350 epistola:
2601 1279 2980 1350 verbis__Eliw,

2632 1348 2736 1403 feci
2773 1347 2887 1402 tibi.

2041 1455 2102 1508 In
2129 1452 2476 1510 conclusione
2525 1460 2700 1508 autem
2741 1454 2940 1508 horum
2986 1451 3224 1508 omnium
3249 1453 3344 1508 tibi
3374 1455 3556 1510 scribo

1971 1541 2115 1612 quod
2143 1541 2334 1596 beatus
2376 1540 2522 1594 Elias
2570 1540 2772 1610 Spiritu
2818 1548 3002 1595 sancto
3050 1541 3288 1610 repletus
3335 1541 3405 1594 ad
3444 1541 3557 1596 Eli-

1971 1645 2122 1683 seum
2153 1629 2346 1684 eodem
2379 1628 2581 1698 Spiritu
2610 1635 2797 1683 sancto
2844 1627 3160 1698 replendum
3194 1627 3327 1682 dixit
3359 1645 3372 1681 :
3408 1628 3561 1694 Quod

1970 1734 2159 1772 meum
2185 1719 2300 1788 fuit
2329 1717 2441 1787 feci
2474 1717 2574 1772 tibi
2603 1716 2705 1786 (III
2723 1719 2852 1787 Reg.
2875 1717 3021 1786 xxx).
3055 1716 3227 1770 Credo
3257 1716 3400 1770 enim
3430 1716 3558 1786 quia

1973 1804 2185 1860 etiamsi
2231 1804 2374 1876 quod
2403 1804 2543 1858 absit
2570 1819 2658 1858 me
2703 1819 2813 1858 non
2842 1803 3171 1869 obaudieris,
3209 1803 3364 1857 labor
3405 1820 3561 1859 meus

3033 1275 3193 1346 Quod
3234 1292 3418 1334 meum
3461 1277 3560 1334 fuit

1969 1908 2077 1947 non
2123 1891 2226 1946 erit
2269 1892 2324 1946 in
2382 1899 2433 1946 te
2475 1892 2618 1961 apud
2661 1893 2835 1946 Deum
2877 1890 3054 1945 inanis
3099 1898 3150 1945 et
3189 1906 3412 1946 vacuus.
3444 1892 3562 1946 Etsi

1969 1980 2113 2034 enim
2149 1979 2393 2050 [Ethiops
2440 1979 2599 2051 niger
2627 1979 2682 2032 in
2719 1978 2974 2033 balneum
3011 1977 3190 2043 intrat,
3225 1985 3276 2032 et
3305 1978 3465 2050 niger
3491 1979 3562 2034 de

1969 2067 2163 2122 balneo
2192 2067 2300 2122 exit
2332 2085 2344 2121 :
2376 2082 2487 2121 non
2515 2074 2697 2122 tamen
2743 2066 3023 2121 balneator
3059 2065 3362 2133 denarium,
3393 2065 3450 2119 id
3481 2073 3566 2120 est

1970 2156 2202 2226 pretium
2252 2153 2336 2209 sui
2380 2153 2563 2208 balnei
2600 2152 2794 2225 perdit.
2827 2155 2943 2208 Nos
2992 2160 3168 2208 autem
3199 2161 3252 2206 et
3278 2167 3563 2208 sermones

1970 2243 2139 2299 nostri
2170 2243 2228 2297 in
2255 2258 2416 2297 manu
2447 2242 2548 2298 Dei
2577 2259 2784 2307 sumus,
2821 2241 2914 2311 qui
2943 2239 3072 2296 dicit
3106 2257 3118 2294 :
3149 2242 3355 2297 Pluam
3394 2257 3564 2312 super

1971 2349 2150 2387 unam
2171 2332 2479 2397 civitatem,
2495 2336 2552 2386 et
2566 2346 2734 2402 super
2752 2331 2995 2384 alteram
3015 2345 3129 2384 non
3139 2329 3339 2400 pluam
3354 2329 3564 2398 (Amos,

1972 2422 2090 2490 1v);
2126 2427 2178 2474 et
2206 2419 2530 2490 quibusdam
2577 2417 2813 2489 loquitur
2859 2433 2961 2486 per
2987 2431 3197 2481 vocem,
3231 2422 3286 2470 et
3314 2414 3564 2485 exigente

1973 2507 2149 2577 culpa,
2183 2505 2396 2562 occulto
2442 2513 2602 2576 atque
2637 2505 2783 2572 justo
2806 2503 3030 2572 judicio,
3062 2517 3171 2558 non
3197 2501 3438 2574 loquitur
3461 2518 3560 2572 per

1973 2593 2284 2648 unctionem
2318 2609 2330 2648 :
2363 2592 2688 2664 quibusdam
2751 2607 2882 2648 vero
2926 2590 3112 2662 gratiae
3170 2590 3407 2661 loquitur
3461 2605 3570 2644 un-

1977 2682 2174 2750 ctione,
2207 2681 2263 2734 id
2292 2688 2373 2735 est
2417 2679 2588 2735 sancti
2631 2678 2860 2750 Spiritus
2889 2677 3242 2748 inspiratione
3263 2691 3388 2732 cum
3411 2690 3569 2733 voce.

1977 2770 2081 2825 Det
2125 2768 2389 2825 Dominus
2431 2785 2539 2834 me,
2586 2774 2640 2822 et
2683 2766 2843 2831 velle,
2891 2773 2944 2820 et
2975 2765 3136 2832 scire,
3184 2771 3236 2818 et
3282 2764 3486 2830 dicere,
3518 2769 3574 2819 et.

1979 2873 2147 2930 agere
2191 2873 2313 2928 quae
2350 2857 2553 2925 jussit:
2588 2862 2641 2910 et
2669 2863 2722 2910 te
2769 2853 2976 2919 audire,
3031 2859 3086 2908 et
3127 2852 3383 2908 exaudire
3429 2851 3579 2924 quod

1980 2945 2214 3017 expedit,
2248 2953 2300 3000 et
2329 2945 2488 3000 nobis
2536 2942 2800 2998 ambobus
2830 2957 2894 2996 ea
2923 2941 3065 2997 velle
3093 2947 3146 2997 et
3174 2939 3410 3011 operari,
3443 2947 3496 2996 et
3523 2939 3583 2994 in

1979 3033 2065 3087 his
2103 3048 2456 3104 perseverare
2501 3048 2623 3102 quas
2669 3029 2931 3102 pracipit,
2982 3036 3041 3084 ut
3084 3043 3392 3085 mereamur
3436 3027 3580 3083 dona

1919 3127 1968 3191 Ο
1989 3121 2272 3193 percipere
2302 3137 2422 3193 quae
2448 3118 2730 3191 promittit.

2204 3390 2546 3448 EPISTOLA
2582 3390 2925 3446 HINCMARI
2970 3387 3374 3446 RHEMENSIS

2324 3511 2397 3550 AD
2435 3511 2766 3552 HINCNARUM
2811 3509 3246 3550 LAUDUNENSEH.

1995 3592 2228 3664 Accepto
2259 3593 2378 3662 ejus
2409 3593 2698 3674 missatico
2726 3605 2830 3715 per
2877 3589 3195 3672 Heddonem
3219 3589 3586 3661 praepositum

2440 3662 2689 3715 ecclesiae
2771 3660 3142 3715 audunensis.

2440 3662 2689 3717 ecclesiae
2726 3660 3142 3716 Laudunensis.

1995 3767 2156 3823 (Apud
2175 3765 2443 3821 Sirmond.,
2479 3775 2540 3811 ex
2559 3765 2717 3811 veteri
2755 3765 2924 3811 codice
2963 3764 3290 3810 bibliotheca
3328 3763 3601 3820 Thuana.)

2067 3875 2415 3942 Hmcmnus,
2450 3874 2784 3929 Rhemorum
2821 3873 3128 3944 episcopus,
3195 3871 3392 3927 dilecto
3437 3869 3596 3925 fratri

1997 3962 2308 4029 Hincmaro,
2338 3961 2600 4017 Ecclesiae
2629 3960 3004 4016 Laudunensis
3037 3960 3313 4031 episcopo,
3340 3958 3587 4014 salutem.

2069 4051 2294 4106 Decimo
2326 4050 2511 4120 quinto
2540 4049 2814 4103 Kalendas
2844 4049 3076 4119 Augusti
3108 4046 3391 4118 praesentis
3422 4047 3596 4104 tertias

1999 4137 2326 4203 indictionis,
2356 4137 2468 4204 jam
2511 4136 2728 4206 vesperi
2757 4136 2902 4191 venit
2931 4135 2997 4188 ad
3026 4150 3114 4188 me
3144 4133 3447 4188 communis
3477 4133 3592 4187 fra-

1999 4233 2084 4279 ter
2112 4233 2165 4278 et
2192 4223 2562 4279 comminister
2605 4231 2792 4277 noster
2829 4221 3040 4284 Heddo,
3083 4221 3407 4292 praepositus
3438 4234 3594 4275 com-

2001 4311 2184 4367 missae
2212 4311 2307 4365 tibi
2337 4309 2601 4375 ecclesiae,
2637 4309 2826 4365 dicens
2873 4308 3005 4363 mihi
3034 4325 3100 4364 ex
3129 4316 3216 4364 tua
3244 4315 3395 4379 parte
3423 4306 3594 4363 missa

2002 4401 2186 4468 ticum,
2221 4399 2360 4454 sicut
2389 4399 2476 4454 hic
2505 4398 2734 4453 habetur
2763 4398 3084 4453 subnexum.

295 4485 424 4541 nuis
451 4483 607 4539 bonis
638 4486 913 4556 Operibus,
949 4485 1210 4556 scriptum
1241 4494 1323 4540 est
1357 4503 1370 4540 :
1404 4487 1494 4542 Sic
1526 4485 1770 4556 faciebat
1800 4484 1893 4539 Job
1923 4473 1980 4536 D
2079 4511 2100 4539 ε
2135 4489 2177 4544 Ι.
2209 4489 2362 4543 Meus
2410 4488 2594 4544 senior
2637 4487 2790 4544 vobis
2831 4486 3056 4543 mandat
3098 4486 3300 4542 salutes
3330 4491 3382 4540 et
3407 4482 3597 4539 ﬁdeles

299 4574 527 4630 cunctis
553 4574 742 4628 diebus
772 4575 887 4643 (Job
916 4575 977 4644 ι).
1014 4574 1160 4629 Sicut
1191 4590 1324 4645 ergo
1354 4572 1690 4645 quotidianas
1722 4579 1773 4626 et
1804 4588 1894 4627 ne-

299 4661 568 4718 cessarias
610 4661 902 4732 pensiones
933 4662 1153 4734 corpori
1181 4662 1482 4727 reddimus,
1516 4661 1590 4716 ita
1622 4661 1895 4732 quotidia-

303 4765 404 4804 nas
473 4757 630 4820 atque
701 4750 985 4805 continuas
1056 4750 1319 4805 bonorum
1385 4765 1630 4820 Operam,
1693 4749 1899 4803 scilicet

299 4837 671 4903 continentiae,
715 4828 1030 4908 lectionum,
1073 4838 1402 4909 vigiliarum,
1463 4845 1516 4892 et
1572 4836 1892 4904 orationum,

301 4935 473 4997 atque
514 4925 897 4996 lacrymarum,
931 4933 984 4981 et
1009 4926 1498 4997 eleemosynarum,
1541 4933 1700 4997 atque
1729 4940 1900 4979 sacrae

301 5014 499 5070 hostia
527 5012 880 5083 oblationum,
915 5014 1213 5086 gemituum
1253 5030 1467 5086 quoque
1498 5030 1563 5068 ex
1591 5012 1899 5084 praeterito-

303 5119 433 5158 rum
493 5101 826 5173 pcenitentia,
885 5109 937 5156 et
992 5111 1176 5158 sancto
1236 5103 1536 5157 futurorum
1608 5101 1897 5167 desiderio,

304 5190 602 5263 pensiones
649 5190 930 5244 animabus
960 5191 1162 5245 nostris
1195 5190 1530 5245 effundentes
1561 5206 1651 5244 eas
1680 5189 1738 5242 in
1765 5204 1902 5244 con-

306 5286 498 5350 spectu
546 5277 763 5333 Domini
809 5277 1035 5334 reddere
1079 5279 1410 5344 studeamus,
1463 5285 1515 5334 et
1560 5277 1614 5331 in
1645 5277 1729 5330 his
1781 5293 1904 5332 cum

305 5368 418 5424 ﬁde
447 5373 611 5433 recta,
644 5383 741 5436 spe
767 5364 935 5436 firma,
971 5375 1024 5422 et
1054 5369 1313 5423 charitate
1353 5365 1608 5437 perfecta,
1644 5380 1905 5434 perseve-

305 5454 623 5512 rantissime
666 5454 975 5528 vigilemus,
1033 5457 1266 5512 scientes
1315 5454 1441 5527 quia
1494 5453 1696 5522 Joseph
1756 5453 1905 5507 solus

307 5545 453 5601 inter
511 5541 710 5599 fratres
760 5542 918 5600 talari
975 5544 1155 5600 tunica
1202 5543 1422 5601 indutus
1492 5539 1690 5613 legitur
1744 5539 1904 5611 (Gen.

1997 4577 2291 4634 orationes.

2075 4689 2096 4713 «
2123 4666 2189 4720 II.
2223 4665 2438 4719 Mandat
2466 4664 2642 4733 vobis,
2676 4663 2802 4735 quia
2829 4679 2929 4720 vos
2956 4661 3139 4733 sapitis
3169 4660 3314 4732 quod
3341 4657 3419 4713 illi
3449 4671 3594 4715 nunc

1999 4753 2196 4811 factum
2225 4753 2324 4808 fuit
2349 4753 2406 4808 in
2433 4753 2716 4818 Attiniaco,
2749 4760 2971 4822 pl‘Opler
3016 4749 3159 4822 quod
3189 4749 3314 4802 inde
3341 4746 3594 4802 ambula-

1997 4842 2090 4907 vit,
2135 4843 2269 4897 sicut
2310 4841 2466 4897 vobis
2515 4857 2612 4911 per
2654 4839 3011 4895 Teutlandum
3053 4834 3348 4901 mandavit,
3396 4842 3449 4890 et
3495 4850 3596 4892 vos

2001 4930 2185 4999 sapitis
2233 4945 2340 4999 quo
2387 4929 2549 4983 modo
2599 4927 2676 4981 illi
2719 4928 2833 4994 jam
2879 4925 3051 4979 altera
3098 4922 3217 4979 vice
3244 4922 3444 4979 factum
3471 4923 3592 4993 fuit,

2001 5018 2217 5088 quando
2249 5033 2343 5070 rex
2371 5016 2524 5070 illum
2553 5014 2797 5069 detinuit.

2078 5126 2099 5155 α
2130 5106 2221 5159 Ill.
2257 5105 2474 5160 Mandat
2501 5103 2674 5168 vobis,
2713 5100 2836 5172 quia
2883 5115 2972 5154 res
3003 5099 3071 5154 de
3112 5115 3208 5154 sua
3255 5098 3491 5156 ecclesia
3516 5099 3597 5155 illi

2004 5193 2206 5248 tollutaa
2233 5201 2374 5259 sunt,
2411 5200 2462 5246 et
2481 5189 2780 5245 Flotharius
2809 5187 2958 5259 regis
2985 5189 3185 5242 missus
3207 5205 3298 5244 eas
3315 5188 3598 5260 consigna-

2005 5282 2079 5336 vit
2107 5279 2424 5336 Nortmanni
2457 5276 2677 5341 homini,
2713 5285 2766 5331 et
2794 5277 2898 5332 hoc
2927 5293 3082 5332 meus
3111 5276 3294 5333 senior
3318 5277 3429 5345 jam
3459 5276 3600 5331 scie-

2007 5369 2117 5434 bat,
2151 5367 2363 5439 quando
2393 5365 2461 5420 de
2492 5364 2760 5420 Attiniaco
2810 5365 3120 5430 ambulavit,
3163 5365 3290 5436 quia
3318 5364 3396 5419 sic
3425 5364 3596 5419 deved

2003 5457 2158 5521 niret,
2193 5455 2316 5526 quia
2338 5454 2500 5508 homo
2524 5453 2853 5508 Nortmanni
2873 5453 3240 5509 l-Ierimundus
3262 5453 3366 5508 hoc
3385 5451 3539 5507 senio
3551 5448 3599 5504 ri

2008 5559 2132 5600 meo
2159 5541 2310 5610 dixit,
2345 5540 2560 5613 quando
2588 5557 2686 5598 rex
2715 5542 2783 5598 de
2813 5542 3135 5599 Silvanectis
3159 5539 3388 5596 revenit.
