4164 6324
603 328 708 386 495

1598 314 1938 376 HINCMARI
1963 307 2364 373 RHEMENSIS
2417 303 2966 364 ARCHIEPISCOPI.

3787 298 3895 351 496

679 474 703 503 ι
737 451 827 507 IV.
858 451 929 505 Et
953 449 1176 505 mandat
1223 446 1398 513 vobis,
1443 445 1571 518 quia
1615 451 1670 500 et
1713 443 1849 499 alias
1877 457 1968 498 res
1997 440 2065 498 de
2093 449 2192 491 sua
2214 432 2273 492 A
2304 448 2439 502 pore
2465 433 2533 486 ab
2563 429 2798 487 ecclesia
2826 424 3169 483 Laudunensi
3189 421 3479 477 subtracta
3502 420 3735 518 fuerant,
3757 433 3898 488 pra-

604 546 839 603 ecclesia
881 552 1067 599 tenent
1112 542 1197 597 sui
1241 540 1491 596 homines
1538 555 1636 610 per
1663 544 1986 609 potestatem
2016 540 2069 588 et
2097 546 2198 601 per

604 635 834 690 verbum
892 631 1064 703 regis,
1113 638 1166 684 et
1217 628 1488 684 mandavit
1537 642 1664 681 suos
1729 622 1978 680 homines
2023 619 2094 675 ad
2138 634 2199 672 se

601 722 791 778 venire
833 719 1108 790 praterita
1149 717 1238 771 die
1288 715 1516 779 sabbati,
1550 721 1602 768 et
1640 711 1809 767 voluit
1851 708 2198 765 considerare

604 809 674 864 de
704 807 927 864 servitio
958 806 1127 878 regis,
1151 813 1203 859 et
1233 804 1302 859 de
1322 804 1416 856 illa
1437 816 1606 871 opera
1625 800 1692 854 ad
1714 814 1865 853 suam
1888 793 2197 858 ecclesiam,

604 905 659 951 et
686 895 764 949 illi
793 904 904 949 nan
933 901 1215 959 venerunt,
1249 898 1302 944 et
1334 905 1429 943 rex
1459 888 1537 942 illi
1565 903 1666 957 per
1694 883 2026 939 Bertharium
2055 894 2200 936 nunc

603 979 895 1047 mandat'it,
947 990 1004 1035 ut
1048 979 1227 1051 Eligio
1275 992 1430 1030 suum
1476 972 1801 1029 beneficium
1838 970 2114 1033 redderet,
2148 974 2203 1022 et

602 1070 816 1142 Eligins
856 1067 985 1123 inde
1024 1066 1169 1138 regis
1216 1063 1511 1118 indiculum
1554 1059 1879 1131 apportavit,
1938 1064 1997 1112 ut
2045 1071 2200 1110 suum

603 1153 927 1212 beneﬁcium
949 1154 1028 1207 illi
1049 1152 1321 1216 redderet,
1347 1158 1401 1205 et
1421 1165 1574 1204 meus
1597 1148 1779 1202 senior
1798 1146 1875 1200 illi
1895 1142 2197 1214 respondit,

603 1251 661 1300 ut
692 1242 962 1299 reveniret
987 1240 1074 1295 die
1103 1238 1288 1307 Lunis,
1320 1245 1371 1292 et
1400 1236 1527 1291 inde
1547 1235 1927 1291 consideraret
1946 1248 2068 1287 cum
2090 1228 2202 1283 suis

604 1330 875 1395 fidelibus,
909 1335 962 1383 et
992 1334 1117 1382 tunc
1145 1325 1223 1380 illi
1252 1323 1612 1394 responderet
1643 1339 1657 1377 :
1686 1322 1802 1392 ipse
1831 1328 2011 1374 autem
2048 1316 2201 1384 dixit,

608 1416 755 1489 quod
782 1417 885 1471 hoc
916 1421 1232 1484 exspectare
1263 1428 1372 1467 non
1391 1410 1689 1475 debuisset,
1716 1408 1840 1479 quia
1858 1421 1963 1461 rex
1981 1405 2059 1459 illi
2077 1419 2203 1459 eum

606 1501 931 1559 beneﬁcium
959 1500 1216 1565 reddidit,
1250 1507 1301 1554 et
1330 1497 1547 1553 intravit
1574 1496 1668 1561 ibi,
1701 1503 1755 1550 et
1784 1501 1931 1549 tenet
1959 1492 2128 1546 illum.

681 1591 804 1667 «‘V.
847 1589 918 1644 Et
969 1588 1094 1661 quia
1136 1603 1235 1643 vos
1277 1586 1408 1641 estis
1455 1600 1585 1640 suus
1631 1581 1928 1639 avunculus
1973 1587 2026 1634 et
2073 1593 2203 1633 suus

605 1661 1068 1748 archiepiscopus,
1123 1675 1168 1730 si
1211 1690 1309 1729 vos
1371 1673 1450 1727 illi
1502 1670 1728 1742 potestis
1783 1670 2080 1739 impetrare
2134 1661 2203 1719 ad

605 1781 816 1837 regem,
848 1772 906 1818 ut
933 1763 1027 1818 ille
1071 1762 1245 1832 possit
1290 1777 1383 1816 res
1411 1760 1479 1814 de
1514 1773 1614 1814 sua
1641 1755 1873 1812 ecclesia
1921 1753 2198 1818 ordinare,

604 1861 659 1909 et
701 1852 780 1907 illi
826 1867 923 1906 eas
963 1850 1122 1906 liceat
1171 1849 1306 1903 sicut
1353 1855 1406 1902 et
1452 1844 1783 1901 simulaverit
1823 1842 2112 1912 disponere
2150 1846 2206 1893 et

605 1941 915 2013 gubernare
948 1955 962 1991 :
995 1937 1120 2009 quia
1169 1936 1317 2007 quod
1361 1934 1451 1989 ille
1493 1933 1638 1998 facit,
1689 1931 1827 1986 alter
1872 1928 2121 1993 disfacit;
2154 1933 2208 1981 et

604 2026 751 2099 quod
795 2025 886 2080 ille
935 2023 1191 2095 disponit,
1246 2023 1386 2078 alter
1433 2019 1712 2092 pervertit.
1765 2019 1915 2073 Tunc
1960 2015 2075 2072 vult
2115 2013 2207 2069 ille

604 2115 763 2170 vobis
805 2111 1051 2177 obedire,
1104 2119 1157 2166 et
1188 2111 1271 2165 "ad
1313 2126 1411 2165 vos
1453 2107 1664 2176 venire,
1711 2113 1765 2161 et
1810 2121 1911 2177 per
1966 2110 2208 2160 vestrum

609 2199 898 2259 consilium
944 2199 1127 2255 facere
1161 2215 1172 2253 :
1208 2198 1337 2269 quia
1380 2195 1644 2269 quidquid
1675 2195 1742 2249 de
1772 2193 1936 2249 rebus
1967 2207 2080 2247 sua
2109 2205 2205 2246 ec-

613 2286 795 2345 clesia
840 2286 967 2343 fecit
1011 2294 1065 2342 et
1105 2285 1395 2352 ordinavit,
1446 2299 1552 2339 non
1601 2299 1702 2353 per
1759 2297 1903 2348 scaz,
1964 2279 2052 2334 vel
2108 2293 2209 2347 per

607 2375 842 2447 aliquam
887 2372 1343 2445 prOpinquitatem
1394 2379 1485 2426 aut
1533 2369 1831 2426 amicitiam
1884 2366 2012 2422 inde
2059 2364 2204 2430 fecit,

604 2465 704 2520 sed
741 2463 878 2519 sicut
906 2461 1101 2517 melius
1130 2460 1223 2516 ille
1253 2458 1541 2525 intellexit,
1575 2459 1621 2512 si
1641 2457 1768 2512 inde
1784 2455 1929 2511 fecit.
1953 2455 2022 2509 Et
2041 2453 2087 2506 si
2104 2453 2208 2507 hoc

602 2565 701 2608 vos
745 2566 855 2606 non
902 2549 1129 2620 potestis
1159 2549 1223 2605 ad
1255 2563 1446 2620 regem
1481 2546 1679 2611 facere,
1714 2552 1842 2600 tunc
1891 2559 2002 2597 non
2026 2546 2208 2612 potest

600 2639 693 2694 ille
722 2638 843 2710 regi
890 2636 1130 2701 obedire,
1179 2651 1281 2691 nec
1312 2635 1391 2688 illi
1418 2634 1639 2699 servire,
1672 2648 1776 2688 nec
1819 2629 2043 2701 aliquod
2072 2636 2207 2683 tem-

599 2725 789 2796 porale
830 2724 1154 2794 obsequium
1200 2722 1402 2789 facere,
1451 2738 1553 2776 nec
1597 2720 1666 2775 ad
1715 2719 1864 2774 illum
1912 2717 2121 2780 venire,
2155 2721 2209 2770 et

602 2828 713 2868 non
743 2819 921 2883 potest
948 2810 1240 2879 dimittere,
1272 2818 1331 2864 ut
1362 2809 1440 2864 sic
1468 2809 1633 2879 longe
1658 2807 1785 2861 inde
1814 2821 1874 2862 se
1902 2820 2013 2859 non
2034 2801 2207 2858 recla-

602 2908 714 2955 met
740 2900 786 2954 si
815 2898 937 2970 plus
965 2898 1071 2953 alte
1099 2905 1297 2969 potest,
1322 2897 1377 2951 id
1405 2904 1487 2953 est
1518 2896 1588 2950 ad
1615 2894 1803 2950 sedem
1830 2891 2204 2963 apostolicam.

600 2987 673 3044 Et
700 3002 811 3043 non
852 2985 1103 3056 dimittet,
1134 2994 1191 3040 ut
1220 2985 1347 3040 inde
1376 3000 1530 3039 suum
1579 2980 1937 3037 ministerium
1984 2994 2093 3033 non
2122 2977 2206 3033 fa-

602 3075 726 3142 ciat,
770 3074 978 3176 idnest.
1002 3072 1491 3176 excommunicabit
1537 3071 1660 3127 illos
1719 3070 1856 3125 sicut
1906 3067 1994 3123 hic
2044 3066 2206 3176 habet
2236 3112 2287 3176 Ο

602 3164 748 3236 quod
788 3161 867 3217 illi
895 3161 1136 3233 episcOpi
1183 3160 1534 3226 diﬂinierunt,
1581 3158 1705 3230 quia
1750 3173 1862 3212 non
1906 3162 2086 3227 potest
2113 3152 2202 3208 di-

598 3251 815 3306 mittere
843 3256 902 3304 ut
932 3249 1054 3303 illos
1091 3264 1202 3304 non
1244 3245 1698 3313 excommunicet,
1732 3243 1991 3316 quoniam
2030 3242 2206 3297 altera

600 3339 740 3404 vice,
774 3337 991 3408 quando
1037 3338 1239 3392 domno
1281 3335 1582 3406 apostolico
1628 3331 1909 3388 mandavit
1938 3330 2007 3386 de
2032 3330 2203 3385 Nort-

604 3440 824 3491 manno,
876 3425 982 3480 hoc
1012 3422 1062 3479 ei
1091 3423 1434 3479 remandavit
1481 3422 1715 3476 domnus
1763 3417 2114 3490 apostolicus,
2146 3424 2208 3471 ut

601 3513 755 3585 prius
780 3513 907 3569 inde
957 3511 1176 3567 fecisset
1215 3527 1372 3565 suum
1401 3508 1783 3577 ministerium,
1807 3515 1860 3562 et
1880 3514 2007 3561 tunc
2038 3521 2097 3559 se
2127 3519 2205 3559 re-

600 3602 912 3659 clamasset.
944 3601 1015 3655 Et
1041 3601 1146 3656 hoc
1173 3600 1299 3655 ideo
1348 3614 1523 3670 usque
1563 3596 1729 3652 modo
1773 3593 2001 3662 dimisit,
2031 3593 2205 3648 donec

598 3689 756 3746 vobis
796 3688 1082 3743 mandaret
1122 3695 1180 3743 ut
1218 3687 1322 3743 hoc
1349 3702 1448 3743 vos
1491 3684 1706 3742 sciretis
1748 3682 1876 3755 quia
1902 3695 2047 3737 nunc
2076 3679 2205 3735 inde

603 3792 768 3833 suum
796 3774 1157 3830 ministerium
1183 3773 1363 3830 faciet.
1402 3794 1425 3824 »

671 3870 827 3927 Unde
855 3869 1026 3924 frater
1066 3884 1175 3924 una
1217 3884 1341 3923 cum
1386 3866 1791 3923 venerabilibus
1849 3863 2120 3936 episcOpis
2150 3870 2204 3918 et

607 3958 819 4015 dilectis
876 3956 1131 4012 fratribus
1177 3955 1374 4011 nostris
1421 3955 1514 4026 qui
1576 3953 1883 4022 adfuerunt,
1950 3951 2200 4023 Remigio

603 4046 830 4115 scilicet,
856 4053 910 4102 et
937 4044 1233 4113 Harduico,
1257 4052 1311 4099 et
1337 4044 1636 4108 Francone,
1660 4057 1725 4098 ac
1755 4041 2002 4107 Hodone,
2036 4047 2198 4110 atque

605 4135 952 4201 Willeberto,
986 4134 1058 4189 ad
1088 4133 1346 4188 domnum
1388 4130 1637 4187 Carolum
1680 4144 1873 4203 regem
1901 4126 2199 4200 gloriosum

601 4222 910 4295 petitoriam
955 4221 1366 4295 suggestionem
1409 4220 1617 4276 referre
1660 4217 1864 4274 curavi.
1906 4216 2011 4285 Qui
2040 4214 2199 4270 nobis

600 4312 900 4383 respondit,
935 4327 995 4367 se
1022 4318 1244 4381 putasse
1290 4308 1389 4364 tibi
1418 4323 1582 4379 posse
1613 4305 1860 4362 sufﬁcere
1899 4303 2042 4375 quod
2073 4302 2200 4357 hinc

594 4400 707 4469 jam
741 4416 753 4454 :
786 4414 971 4454 coram
1001 4397 1272 4467 episcopis
1303 4395 1541 4465 benigno
1579 4394 1760 4449 animo
1790 4398 1842 4446 et
1871 4389 2198 4447 allocutione

2299 519 2578 575 sentaliter
2608 517 2904 588 reciperes,
2934 523 2987 569 et
3015 513 3134 567 illas
3176 511 3315 566 alias
3342 510 3411 564 de
3440 508 3638 579 quibus
3667 506 3733 560 ad
3768 520 3894 560 eum

2297 606 2611 662 reclamatio
2639 604 2805 669 venit,
2838 601 3055 656 interim
3085 616 3195 655 non
3229 597 3524 667 reciperes,
3558 594 3657 649 sed
3684 600 3895 648 tantum

2298 694 2425 748 inde
2446 682 2811 764 exspectares,
2835 690 3010 744 donec
3044 686 3178 741 illud
3197 692 3531 756 praceptum
3549 688 3892 752 apportares,

2300 788 2354 836 et
2381 797 2511 835 suus
2539 794 2606 835 ac
2635 794 2789 833 meus
2816 776 3018 831 missus
3047 774 3103 828 in
3127 773 3305 843 ipsum
3337 786 3544 843 pagum
3572 769 3734 834 irent,
3756 775 3811 822 et
3825 783 3896 821 ex

2299 868 2384 922 his
2412 868 2490 922 rei
2520 865 2799 922 veritatem
2845 862 3242 933 investigarent
3274 876 3289 913 :
3322 865 3376 914 et
3405 856 3670 928 quidquid
3696 854 3897 910 inven-

2300 963 2413 1010 tum
2442 953 2623 1020 fuerit,
2656 951 2803 1024 quod
2832 968 2898 1006 ex
2926 949 3136 1005 eisdem
3164 947 3324 1002 rebus
3349 947 3491 1014 juste
3523 951 3578 998 et
3606 941 3898 998 rationabi-

2300 1043 2423 1097 liter
2438 1042 2508 1096 ad
2529 1040 2942 1095 Laudunensem
2954 1035 3243 1092 ecclesiam
3261 1033 3579 1105 pertineret,
3594 1046 3703 1085 non
3723 1029 3899 1084 solum

2302 1145 2411 1184 non
2427 1129 2757 1198 discuperet,
2772 1141 2959 1183 verum
2975 1132 3029 1179 et
3043 1124 3273 1178 libenter
3283 1136 3380 1176 eas
3394 1120 3497 1192 ipsi
3510 1117 3759 1175 ecclesia
3774 1132 3900 1172 con-

2303 1218 2501 1274 cedere
2530 1216 2711 1281 vellet,
2744 1221 2797 1269 et
2824 1222 2882 1267 tu
2912 1229 2979 1267 ex
2999 1211 3084 1265 his
3106 1209 3238 1264 nihil
3257 1216 3385 1264 tunc
3403 1205 3792 1264 contradixisti.
3815 1205 3898 1260 De

2302 1301 2583 1359 beneﬁciis
2612 1310 2791 1357 autem
2812 1299 3091 1354 hominum
3115 1286 3351 1364 tuorum,
3371 1296 3441 1350 de
3463 1294 3659 1366 quibus
3678 1292 3893 1347 manda-

2304 1391 2390 1457 sti,
2424 1389 2728 1461 respondeo
2759 1388 2887 1458 quia
2916 1388 2990 1441 t'ui
3018 1385 3267 1442 homines
3294 1400 3354 1439 se
3381 1384 3451 1438 ad
3480 1399 3605 1438 eum
3634 1380 3899 1436 reclama-

2305 1486 2514 1545 verunt,
2548 1477 2692 1548 quod
2722 1476 2793 1530 ab
2824 1476 2904 1531 eis
2932 1490 3033 1530 sua
3071 1470 3354 1538 beneﬁcia,
3404 1486 3526 1542 qua
3568 1469 3711 1540 apud
3739 1474 3899 1522 ante-

2305 1582 2557 1622 cessores
2605 1573 2747 1633 tuos,
2778 1571 2831 1619 et
2853 1563 2997 1633 apud
3044 1569 3097 1616 te
3139 1558 3569 1632 proservierunt,
3620 1557 3815 1625 injuste
3845 1561 3902 1609 et

2305 1652 2747 1708 irrationabiliter
2794 1649 3132 1705 abstulisses.
3182 1648 3337 1703 Unde
3381 1645 3679 1701 secundum
3708 1658 3899 1698 sacros

2231 1774 2285 1833 Β
2307 1756 2567 1807 canones,
2600 1747 2653 1794 et
2680 1739 2903 1794 decreta
2945 1745 3147 1792 sancta
3189 1734 3336 1790 sedis
3380 1735 3639 1789 Romana
3675 1730 3898 1802 pontifi-

2306 1845 2427 1885 cum
2455 1845 2522 1882 ex
2553 1828 2757 1882 eisdem
2780 1825 2954 1881 sacris
2985 1823 3285 1880 canonibus
3305 1820 3670 1892 promulgata,
3694 1818 3903 1874 electos

2301 1916 2520 1986 judices
2548 1914 2838 1985 episcOpos
2866 1912 3010 1983 apud
3037 1927 3125 1966 me
3155 1909 3421 1980 expetisti,
3458 1915 3511 1963 et
3532 1922 3726 1963 eorum
3743 1913 3904 1977 atque

2307 2004 2540 2059 aliorum
2566 2004 2742 2056 Deum
2770 2000 3073 2054 timentium
3108 1997 3313 2066 judicio
3347 1997 3416 2052 de
3444 1989 3769 2067 quibusdam
3801 1994 3903 2048 de-

2308 2098 2512 2147 cretum
2562 2089 2679 2156 fuit,
2711 2096 2768 2144 ut
2808 2086 3077 2143 beneficia
3122 2100 3240 2154 sua,
3290 2100 3411 2155 qua
3456 2081 3904 2137 irrationabiliter

2306 2178 2675 2250 perdiderant,
2707 2190 3032 2246 recuperare
3071 2174 3334 2228 deberent
3365 2189 3379 2226 :
3410 2170 3771 2242 quorumdam
3800 2184 3904 2223 au—

2308 2275 2417 2322 tem
2465 2280 2657 2321 eorum
2704 2280 2869 2319 causa
2917 2278 3093 2333 usque
3121 2261 3192 2316 ad
3220 2260 3385 2315 alium
3431 2266 3719 2314 tractatum
3743 2256 3909 2312 certis

2309 2354 2489 2410 causis
2524 2350 3014 2408 intervenientibus
3043 2365 3153 2404 non
3180 2347 3424 2416 diﬁinita,
3461 2347 3558 2401 sed
3576 2345 3911 2417 implacitata

2309 2441 2593 2509 remansit,
2630 2449 2683 2496 et
2714 2448 2771 2495 tu
2800 2446 2925 2494 ante
2956 2437 3353 2502 ditﬁnitionem,
3385 2442 3570 2491 contra
3600 2440 3791 2490 sacrds
3820 2448 3909 2489 ca-

2307 2545 2501 2595 nones,
2533 2529 2652 2583 sine
2680 2527 2788 2582 ulla
2816 2525 3143 2583 necessitate
3180 2523 3267 2579 vel
3296 2522 3507 2579 ratione
3536 2521 3663 2593 fuga
3695 2521 3905 2592 lapsus,

2307 2617 2621 2689 regularem
2679 2614 3053 2669 diﬂinitionem
3113 2619 3428 2682 exspectare
3493 2608 3869 2680 contempsisti
3889 2650 3906 2675 ,

2307 2704 2450 2760 unde
2480 2703 2608 2775 quid
2658 2701 2797 2757 sacri
2844 2702 3138 2757 decernant
3183 2714 3423 2755 canones
3452 2696 3908 2753 suﬁicientissime

2307 2792 2470 2847 nosti.
2501 2792 2660 2846 Nunc
2685 2806 2818 2846 vero
2849 2790 2972 2861 quia
2998 2789 3117 2859 ipse
3140 2788 3253 2857 jam
3283 2787 3338 2841 in
3367 2794 3517 2842 motu
3545 2793 3645 2851 est,
3668 2800 3909 2858 pergens

2309 2880 2527 2935 obviam
2555 2877 2708 2933 fratri
2738 2893 2837 2933 suo
2882 2884 3106 2948 propter
3151 2875 3302 2946 pacis
3351 2873 3734 2945 charitatisque
3765 2887 3906 2928 con-

2308 2967 2569 3035 cordiam,
2619 2973 2671 3020 et
2721 2972 2924 3020 sancta
2969 2962 3236 3020 Ecclesia
3282 2978 3348 3018 ac
3389 2961 3675 3017 Christiani
3719 2959 3908 3031 populi

2307 3054 2659 3109 obtinendam
2714 3053 2989 3124 quietem;
3024 3067 3148 3108 cum
3192 3049 3407 3107 favente
3477 3048 3711 3105 Domino
3775 3047 3906 3101 inde

2317 3158 2572 3197 reversus
2600 3140 2783 3208 fuerit,
2814 3140 2938 3196 veni
2965 3139 3034 3194 ad
3061 3139 3229 3208 illum,
3261 3146 3314 3194 et
3342 3144 3569 3208 apporta
3595 3135 3727 3190 illud
3760 3151 3906 3206 pra-

2307 3237 2545 3301 ceptum,
2577 3244 2676 3299 per
2704 3228 2850 3300 quod
2890 3226 3142 3298 prafatas
3171 3242 3259 3281 res
3288 3224 3534 3282 ecclesia
3563 3223 3910 3278 Laudunensi

2304 3317 2556 3385 restituit,
2586 3317 2701 3373 sive
2750 3316 2990 3382 contulit,
3027 3323 3081 3370 et
3112 3315 3249 3371 sicut
3270 3314 3477 3383 justum
3504 3312 3572 3367 de
3601 3309 3708 3366 illis
3738 3311 3906 3365 rebus

2306 3421 2443 3477 quas
2485 3404 2721 3477 requiris
2777 3403 3055 3461 inventum
3108 3402 3290 3469 fuerit,
3350 3416 3517 3474 agere
3571 3399 3905 3470 procurabit.

2303 3493 2563 3548 Homines
2606 3500 2787 3548 autem
2814 3491 2908 3560 tui,
2943 3507 3176 3563 quorum
3223 3504 3411 3556 causa,
3444 3497 3499 3544 te
3528 3487 3907 3560 irregulariter

2303 3596 2370 3637 ac
2411 3580 2705 3653 illegaliter
2753 3580 3102 3649 abscedente,
3154 3579 3330 3634 adhuc
3377 3592 3487 3633 non
3533 3575 3760 3631 diﬂinita
3807 3574 3905 3630 sed

2301 3668 2627 3739 innplacitata
2664 3668 2943 3735 remansit,
2987 3668 3134 3737 juste
3165 3674 3219 3722 et
3246 3664 3644 3721 rationabiliter
3670 3662 3904 3719 ventile-

2300 3772 2406 3827 μιν,
2439 3764 2491 3812 et
2518 3757 2820 3813 secundum
2849 3771 3031 3812 sacras
3083 3755 3238 3827 leges
3268 3752 3578 3809 diﬂiniatur.
3615 3752 3903 3817 Caterum,

2299 3843 2626 3900 charissime
2650 3843 2834 3911 frater,
2868 3844 2937 3898 de
2968 3842 3186 3899 scedula
3216 3842 3369 3913 quasi
3398 3841 3782 3912 episcoporum
3810 3839 3909 3895 dif-

2300 3931 2602 3988 ﬁnitionem
2643 3932 2973 3998 continente,
3005 3930 3062 3985 in
3092 3930 3303 4002 synodo
3353 3946 3473 4001 qua
3520 3929 3662 4000 apud
3708 3928 3905 3983 Tusia-

2300 4036 2427 4077 cum
2474 4020 2649 4076 fuerat
2688 4019 2894 4089 habita,
2939 4019 3098 4076 valde
3143 4018 3369 4074 miratus
3403 4034 3523 4072 sum
3553 4017 3647 4072 ubi
3674 4024 3729 4072 et
3759 4031 3901 4087 quo-

2298 4108 2462 4162 modo
2503 4108 2643 4163 hanc
2693 4107 3041 4174 adinvenisti,
3093 4122 3256 4179 quam
3303 4113 3597 4177 antequam
3624 4120 3728 4177 per
3754 4104 3906 4159 Hed-

2299 4194 2498 4251 donem
2542 4195 2799 4252 clericum
2836 4203 2990 4250 tuum
3037 4193 3344 4265 acceperim
3383 4209 3660 4265 nunquam
3688 4193 3820 4261 vidi,
3853 4197 3907 4248 et

2297 4298 2574 4354 nunquam
2620 4283 2709 4339 vel
2754 4298 3023 4354 nusquam
3071 4282 3272 4352 audivi,
3324 4282 3422 4337 sed
3470 4297 3574 4337 nec
3619 4281 3712 4352 qui
3739 4280 3902 4336 modo

2304 4366 2599 4425 adfuerunt
2626 4369 2871 4441 episcopi
2901 4386 3022 4425 eam
3050 4385 3110 4424 se
3138 4368 3342 4425 vidisse
3371 4368 3458 4424 vel
3501 4368 3722 4423 audisse
3751 4367 3905 4424 dixe-

600 4455 818 4558 placida
849 4485 947 4540 tibi
974 4455 1325 4538 in‘Attiniaco
1372 4455 1524 4547 ἀίὶίι,
1560 4480 1811 4537 videlicet
1850 4477 2101 4549 quoniam
2132 4475 2203 4531 ad
2229 4461 2283 4523 D
2306 4466 2451 4512 runt-
2494 4458 2656 4558 ‘Illam
2704 4457 2906 4558 quippe
2951 4456 3313 4558 authentifzam
3357 4455 3755 4558 difﬁqitignem.
3785 4472 3905 4528 quae

604 4574 760 4630 illum
806 4570 1071 4644 pervenit,
1105 4579 1158 4627 te
1189 4569 1419 4639 amplius
1463 4566 1878 4639 prasumpsisse
1924 4565 2000 4633 de~
2019 4563 2200 4630 rebus,

605 4663 674 4717 de
703 4660 902 4734 quibus
942 4674 1085 4714 nunc
1114 4656 1342 4712 mandas
1376 4655 1504 4727 quia
1534 4653 1834 4710 Flotharius
1863 4653 2063 4707 missus
2089 4651 2205 4720 ejus

607 4750 949 4804 Nortmanno
991 4743 1412 4819 consignaverit,
1446 4758 1605 4814 quam
1649 4740 1896 4797 ecclesia
1925 4739 2020 4794 tibi
2050 4754 2205 4795 com-

608 4835 793 4892 missa
822 4836 1144 4901 debeantur,
1177 4842 1229 4889 et
1258 4831 1491 4903 amplius
1528 4846 1689 4902 quam
1718 4828 1773 4882 in
1801 4833 2071 4899 pracepto
2099 4828 2203 4882 ha-

608 4924 820 4990 beatur,
852 4940 951 4994 per
981 4924 1125 4995 quod
1152 4922 1249 4977 tibi
1279 4936 1370 4976 res
1400 4936 1434 4975 a
1462 4920 1627 4991 longo
1656 4926 1900 4987 tempore
1928 4916 1997 4971 ab
2027 4914 2204 4971 eccle-

610 5014 695 5069 sia
737 5011 1082 5066 Laudunensi
1129 5011 1436 5065 subtractas
1479 5005 1732 5074 restituit,
1766 5004 1853 5060 vel
1884 5003 2055 5075 gratis
2098 5011 2203 5059 tua

609 5098 856 5172 petitioni
880 5113 1128 5153 annuens
1171 5097 1340 5166 dedit,
1372 5096 1510 5151 sicut
1537 5102 1590 5151 et
1617 5091 2055 5148 manifestissime
2083 5090 2203 5146 cla-

604 5188 709 5244 ruit
735 5188 804 5242 de
832 5185 938 5252 his,
973 5200 1109 5255 quas
1137 5192 1328 5240 contra
1356 5183 1622 5239 rationem
1650 5188 1702 5236 et
1724 5179 1985 5249 justitiam
2013 5179 2206 5252 illega-

606 5275 735 5331 liter
763 5282 924 5345 atque
965 5271 1333 5344 irregulariter
1373 5269 1663 5340 usurpasti,
1695 5284 1818 5339 qua
1847 5268 1901 5322 in
1930 5275 2204 5339 pracepto

609 5380 720 5419 non
750 5360 1112 5426 continentur,
1143 5366 1196 5413 et
1217 5358 1363 5427 juste
1392 5365 1555 5428 atque
1583 5355 1980 5411 rationabiliter
2008 5369 2204 5411 secun-

608 5451 738 5507 dum
764 5450 945 5521 legem
975 5447 1139 5502 homo
1168 5460 1298 5501 suus
1326 5443 1731 5516 reconquisivit.
1763 5444 2055 5515 PrOpterea
2083 5442 2203 5497 illas

609 5554 720 5607 res,
765 5536 1015 5595 videlicet
1055 5533 1240 5593 villam
1285 5532 1618 5601 Pauliacum,
1651 5548 1772 5605 qua
1803 5547 1836 5587 a
1861 5531 2028 5604 longo
2059 5539 2202 5586 tem-

2307 4545 2605 4601 secundum
2636 4561 2815 4601 sacras
2844 4545 3000 4618 leges
3030 4545 3087 4599 in
3106 4544 3299 4600 eadem
3329 4544 3541 4615 synodo
3561 4544 3783 4602 decreta
3802 4551 3901 4608 est,

2305 4632 2391 4688 cui
2445 4640 2498 4688 et
2551 4648 2762 4689 mecum
2811 4632 3123 4699 interfuisti,
3171 4649 3277 4706 ego
3317 4632 3514 4699 habeo,
3557 4639 3612 4688 et
3667 4632 3905 4688 divinare

2304 4735 2413 4775 non
2468 4718 2647 4790 valeo,
2703 4721 2849 4776 unde
2904 4720 3216 4777 adinventio
3263 4720 3368 4776 ista
3408 4720 3714 4788 emerserit,
3763 4735 3902 4792 qua,

2304 4807 2446 4863 sicut
2476 4824 2543 4862 ex
2574 4807 2661 4863 his
2704 4808 2986 4865 evidenter
3025 4816 3182 4880 potes
3231 4824 3586 4880 cognoscere,
3634 4825 3759 4880 qua
3806 4807 3903 4861 tibi

2302 4904 2496 4952 contra
2538 4897 2992 4967 prasumptiones
3020 4904 3144 4952 tuas
3180 4897 3360 4952 studui
3406 4896 3667 4963 scribere,
3699 4900 3758 4952 in
3786 4895 3908 4968 qui-

2303 4983 2534 5040 busdam
2573 4984 2746 5040 sacris
2789 4984 2996 5057 regulis
3038 4984 3241 5052 obviat,
3291 4993 3345 5040 et
3391 4985 3714 5041 mendacem
3756 4985 3903 5040 illam

2304 5097 2427 5137 esse
2471 5079 2724 5136 facillime
2768 5096 2961 5152 posses
3003 5081 3312 5150 advertere,
3344 5081 3390 5136 si
3418 5081 3543 5136 illos
3582 5081 3773 5138 oculos
3801 5082 3903 5136 ha-

2304 5169 2519 5253 buisses
2547 5168 2601 5223 in
2628 5168 2826 5240 capite,
2876 5169 2944 5225 de
2974 5169 3173 5240 quibus
3219 5169 3497 5240 Scriptura
3526 5168 3660 5226 dicit
3691 5188 3705 5223 :
3742 5170 3900 5226 Oculi

2305 5259 2580 5329 sapientis
2607 5257 2671 5313 in
2698 5259 2882 5329 capite
2921 5260 3043 5329 ejus
3071 5257 3277 5329 (Eccle.
3310 5272 3370 5328 ιι,
3405 5259 3514 5327 14).
3556 5258 3627 5312 Εῑ
3658 5256 3903 5311 miranda

2305 5354 2387 5400 est
2414 5352 2507 5400 tua
2546 5345 2849 5416 prudentia,
2896 5359 2993 5401 cur
3038 5345 3143 5400 sibi
3183 5345 3385 5416 placuit
3407 5345 3531 5415 plus
3570 5346 3713 5400 hanc
3741 5361 3898 5400 men-

2302 5433 2514 5500 dacem,
2547 5440 2601 5489 et
2626 5432 2685 5487 in
2712 5432 3059 5505 quibusdam,
3086 5440 3146 5487 ut
3182 5433 3315 5501 dixi,
3354 5432 3525 5488 sacris
3553 5432 3763 5507 regulis
3790 5432 3892 5489 ob.

2303 5522 2545 5579 viantem
2592 5521 3031 5595 compilationem
3077 5520 3305 5589 habere,
3353 5527 3404 5578 et
3442 5520 3577 5579 mihi
3615 5520 3897 5578 transmit-
