4164 6294
277 265 388 318 49³7

922 260 1162 319 OPUSC.
1219 261 1310 316 ET
1356 261 1574 318 EPIST.
1633 262 1705 316 IN
1778 261 2006 316 CAUSA
2052 261 2392 319 HINCMARI
2438 263 2740 320 LAUDUN.

3469 270 3572 324 L98

292 393 434 455 tere,
468 401 628 458 quam
658 401 846 441 veram
877 385 1071 457 synodi
1102 386 1496 453 diﬁinitionem,
1530 394 1583 441 et
1611 385 1778 441 sacris
1810 401 1894 438 re-
1920 386 1976 444 A
1997 401 2094 455 pro
2120 393 2267 441 certo
2300 386 2582 453 debemus,
2618 387 2743 456 quia
2773 386 3032 456 scriptum
3061 398 3179 445 est:
3208 392 3300 449 Ubi
3358 393 3586 462 fuerint

293 475 444 546 gulis
500 483 895 546 congruentem
949 475 1168 541 habere,
1228 482 1281 530 et
1321 491 1350 528 a
1394 491 1481 529 me
1537 473 1898 546 qualicunque

291 563 528 632 primate
575 571 665 616 tuo
702 563 851 630 juxta
896 563 1117 634 regulas
1155 577 1340 616 sacras
1388 561 1677 617 tenendam
1725 569 1775 614 et
1807 575 1898 614 se-

291 650 562 720 quendam
603 649 876 718 accipere,
911 650 1081 718 cujus,
1113 650 1408 704 secundum
1441 650 1662 704 decreta
1693 655 1900 702 sanctae

289 737 442 791 sedis
473 738 728 792 Romana:
775 735 1092 806 pontificum
1122 753 1188 791 ex
1218 737 1386 792 sacris
1432 735 1734 791 canonibus
1765 750 1899 805 pro-

295 824 561 897 mulgata,
613 823 1007 878 ordinationem
1053 840 1272 894 semper
1315 825 1484 878 debes
1513 824 1565 876 in
1599 824 1760 877 rebus
1801 839 1900 875 ex-

295 920 574 981 spectare.
613 913 754 966 Nam
803 911 905 965 etsi
935 911 1155 965 scedula
1185 926 1217 965 a
1247 919 1298 965 te
1329 911 1459 964 mihi
1491 911 1694 965 directa
1737 909 1900 980 quid-

294 999 426 1053 dam
473 999 700 1053 rationis
747 999 832 1053 vel
877 998 1210 1053 auctoritatis
1257 999 1462 1053 habere
1511 998 1740 1062 videtur,
1796 998 1902 1052 hoc

291 1096 478 1141 tamen
518 1087 686 1141 debes
734 1087 1067 1152 discernere,
1112 1087 1238 1156 quia
1284 1086 1438 1141 sicuti
1469 1085 1560 1139 ubi
1590 1085 1901 1140 reclamatio

294 1183 450 1230 certa
491 1174 804 1244 suscipitur,
836 1189 996 1229 causa
1033 1174 1338 1241 ventilatur,
1391 1174 1529 1228 ratio
1580 1173 1898 1243 postulatur,

299 1262 656 1332 praesumptio
685 1262 771 1316 vel
814 1262 1182 1332 usurpationis
1220 1262 1498 1316 temeritas
1537 1277 1645 1314 non
1688 1259 1901 1315 inveni-

294 1357 405 1415 tur,
455 1349 553 1404 sed
599 1349 801 1418 justitia
832 1349 1092 1420 sequitur,
1151 1357 1203 1402 et
1253 1349 1477 1419 tequitas
1523 1355 1899 1415 conservatur,

301 1453 539 1491 censura
580 1436 929 1491 districtionis
978 1437 1255 1491 canonicae
1292 1444 1465 1501 vacat,
1513 1436 1587 1490 ita
1617 1452 1676 1490 se
1717 1436 1786 1489 ad
1817 1435 1904 1488 ul-

295 1525 623 1579 ciscendum
655 1530 838 1578 contra
880 1524 1068 1578 devios
1101 1539 1133 1578 a
1163 1524 1372 1578 ratione
1407 1531 1459 1578 et
1487 1523 1810 1578 auctoritate
1839 1537 1905 1576 ac

293 1612 569 1683 aquitate,
629 1620 680 1666 et
741 1613 795 1665 in
852 1619 1190 1682 contemptus
1251 1611 1554 1682 pertinacia
1615 1610 1904 1665 obduratos

296 1707 617 1771 exaggerat.
683 1699 859 1766 Sedis,
921 1699 1093 1769 inquit
1147 1700 1338 1753 beatus
1405 1700 1534 1764 Leo,
1591 1697 1903 1768 apostolica)

294 1787 605 1842 moderatio
656 1788 793 1841 hanc
843 1786 1259 1857 temperantiam
1318 1795 1516 1853 servat,
1561 1794 1619 1840 ut
1657 1785 1901 1840 severius

293 1883 426 1944 agat
473 1890 595 1929 cum
663 1875 966 1940 obduratis,
1030 1883 1082 1928 et
1137 1876 1353 1930 veniam
1411 1874 1589 1944 cupiat
1645 1880 1903 1944 praestare

295 1962 580 2016 correctis.
635 1961 804 2032 Igitur
849 1962 1122 2032 quoniam,
1156 1969 1214 2016 ut
1255 1963 1383 2016 item
1428 1963 1535 2016 Leo
1578 1961 1727 2027 dicit,
1776 1975 1900 2014 ma-

294 2059 423 2104 tura
471 2049 720 2104 volumus
776 2050 1118 2104 sacerdotum
1179 2066 1301 2104 esse
1350 2049 1598 2114 consilia,
1650 2057 1701 2102 et
1744 2063 1902 2103 sacra

301 2137 588 2207 Scriptura
617 2136 748 2191 dicit
780 2153 796 2191 :
830 2137 938 2204 Qui
963 2137 1211 2208 festinus
1252 2141 1355 2203 est,
1396 2137 1626 2208 pedibus
1666 2136 1904 2206 oﬂendit

295 2227 482 2293 (Prov.
515 2226 668 2293 xix),
708 2223 895 2278 hortor
927 2233 977 2279 et
1015 2241 1212 2279 moneo
1245 2232 1316 2292 te,
1348 2224 1518 2278 frater
1555 2223 1896 2290 charissime,

293 2320 528 2384 paterna
559 2321 612 2368 et
641 2313 1061 2383 metropolitana
1111 2313 1413 2368 secundum
1463 2328 1644 2367 sacras
1685 2312 1902 2382 regulas

293 2401 644 2468 auctoritate,
679 2409 737 2455 ut
786 2416 896 2455 non
943 2417 1044 2472 per
1084 2403 1201 2455 hsec
1245 2409 1570 2466 commenta,
1613 2416 1733 2470 quae
1770 2398 1902 2452 mihi

297 2489 518 2554 misisti,
555 2505 801 2560 praeceps
843 2489 979 2544 sicut
1025 2488 1156 2542 mihi
1199 2488 1468 2542 mandasti
1499 2487 1572 2541 sis
1601 2487 1670 2541 ad
1711 2485 1901 2557 profe-

300 2579 530 2632 rendam
563 2578 910 2642 sententiam,
953 2577 1256 2647 praesertim
1289 2593 1408 2631 cum
1451 2574 1901 2630 sufﬁcientissime

295 2666 415 2734 jam
447 2672 499 2718 te
539 2665 666 2720 hinc
714 2664 1159 2729 commonuerim,
1209 2663 1602 2736 redarguerim,
1652 2671 1704 2717 et
1741 2662 1901 2716 etiam

299 2769 368 2808 ex
395 2753 806 2808 auctoritatibus
849 2751 1050 2806 divinis
1089 2751 1454 2805 instruxerim.
1496 2751 1602 2805 Sed
1633 2750 1902 2820 patienter

296 2840 518 2895 interim
548 2840 716 2896 tolera
744 2857 865 2911 qua:
893 2840 1142 2894 videntur
1170 2848 1277 2894 tuae
1316 2840 1569 2909 potestati
1608 2838 1896 2904 contraria,

273 2928 392 3006 .qui
443 2929 626 2984 dicere
671 2943 794 2984 cum
847 2927 1129 2982 Psalmista
1187 2928 1398 2981 debes:
1441 2929 1623 2999 Supra
1673 2927 1901 2981 dorsum

292 3033 487 3072 meum
502 3017 926 3087 fabricaverunt
940 3019 1277 3088 peccatores,
1293 3016 1767 3087 prolongaverunt
1782 3016 1898 3069 ini—

291 3107 572 3177 quitatem
601 3119 766 3159 suam
794 3103 968 3174 (Psal.
1015 3102 1273 3171 cxxvm).
1299 3103 1362 3156 In
1380 3104 1685 3174 patientia,
1721 3101 1896 3172 inquit

297 3192 584 3260 Dominus,
614 3193 968 3264 possidebitis
985 3192 1208 3246 animas
1225 3194 1438 3246 vestras
1469 3191 1623 3255 (Luc.
1657 3189 1784 3259 XXI)
1808 3207 1822 3254 ;
1847 3197 1896 3243 et

295 3282 428 3336 item
453 3280 719 3350 scriptum
739 3287 822 3334 est
845 3297 858 3333 :
888 3281 1154 3335 Doctrina
1179 3280 1284 3333 viri
1308 3295 1411 3350 per
1425 3278 1768 3350 patientiam
1798 3294 1900 3334 no-

292 3370 479 3424 scitur
507 3369 689 3436 (Prov.
724 3368 869 3437 xix).
906 3367 1121 3435 Quanto
1152 3367 1298 3421 enim
1330 3365 1448 3436 quis
1492 3365 1672 3420 minus
1700 3373 1780 3419 est
1808 3379 1899 3434 pa-

292 3457 459 3518 tiens,
492 3461 643 3510 tanto
671 3455 1010 3511 convincitur
1050 3455 1230 3508 minus
1257 3454 1468 3509 doctus.
1502 3455 1570 3507 Et
1599 3453 1790 3508 melior
1817 3460 1902 3507 est

294 3545 518 3615 patiens
547 3544 665 3598 viro
696 3543 853 3611 forte,
887 3551 939 3598 et
973 3543 1064 3613 qui
1105 3543 1413 3597 dominatur
1454 3541 1636 3596 animo
1668 3556 1768 3596 suo
1799 3557 1898 3594 ex-

293 3639 602 3705 pugnatore
669 3631 910 3686 urbium.
982 3630 1250 3699 Quoniam
1307 3629 1399 3700 qui
1455 3629 1620 3683 urbes
1677 3628 1898 3700 subigit,

294 3729 450 3774 extra
479 3736 539 3775 se
570 3727 654 3774 est
681 3719 832 3790 quod
868 3719 1053 3784 vincit,
1087 3719 1178 3790 qui
1211 3726 1391 3772 autem
1432 3717 1644 3787 patiens
1674 3723 1775 3781 est,
1810 3732 1902 3769 se-

298 3808 596 3879 metipsum
645 3806 966 3877 sibimetipsi
999 3805 1235 3875 subjicit.
1283 3804 1476 3859 Tolera
1521 3804 1690 3875 igitur
1718 3818 1905 3874 aequa-

298 3896 522 3950 nimiter
551 3910 688 3966 quos
727 3894 1026 3950 contrarios
1055 3893 1153 3948 tibi
1195 3894 1444 3963 deputas,
1478 3899 1531 3946 et
1563 3892 1728 3963 dilige
1758 3891 1906 3961 ipsos

299 3999 442 4055 quos
471 3983 694 4051 toleras,
727 3991 780 4037 et
809 3982 930 4053 plus
961 3997 1093 4054 erga
1137 3980 1498 4052 corrigendos
1530 3987 1656 4050 agat
1684 3987 1776 4033 tua
1808 3979 1908 4032 be-

304 4070 623 4127 nevolentia
670 4085 831 4142 quam
882 4069 1165 4137 severitas,
1214 4068 1338 4138 plus
1393 4067 1693 4122 cohortatio
1745 4081 1909 4136 quam

303 4159 620 4224 commotio,
665 4159 788 4229 plus
837 4157 1070 4213 charitas
1110 4173 1269 4227 quam
1307 4163 1637 4226 potestasza
1665 4169 1771 4225 qua
1816 4169 1910 4207 re-

295 4247 432 4321 gula
475 4263 586 4302 non
639 4245 987 4312 exorbitabis,
1022 4245 1067 4299 si
1096 4261 1206 4299 non
1245 4260 1366 4315 quae
1414 4251 1506 4298 tua
1548 4251 1671 4296 sunt
1711 4241 1915 4311 quaesi-

295 4335 430 4402 eris,
465 4334 563 4390 sed
593 4350 712 4405 qua:
740 4335 869 4389 Jesu
899 4333 1120 4388 Christi.
1155 4334 1321 4387 Porro
1352 4331 1398 4384 si
1426 4329 1696 4385 dominari
1725 4328 1902 4400 magis

2002 474 2112 529 duo
2141 476 2227 528 vel
2259 478 2372 530 tres
2402 475 2724 545 congregati
2753 477 2816 529 in
2845 477 3073 531 nomine
3101 494 3238 542 meo,
3273 479 3350 533 ibi
3369 495 3494 534 sum
3527 480 3591 534 in

1999 562 2181 617 medio
2211 577 2402 617 eorum
2432 562 2649 631 (Matth.
2675 563 2859 633 xvm).
2882 563 2937 617 Si
2957 579 3091 635 ergo
3122 565 3316 620 adesse
3336 566 3591 638 dignabi-

2000 656 2087 703 tur
2133 649 2223 702 ubi
2279 649 2386 703 duo
2439 649 2524 703 vel
2574 657 2686 703 tres
2743 649 2960 714 fuerint,
3019 650 3188 705 multo
3250 652 3426 724 magis
3481 667 3592 707 non

2000 736 2174 790 deerit
2203 736 2295 789 ubi
2325 737 2507 806 plures
2537 737 2891 791 convenerint
2922 738 3258 793 sacerdotes.
3291 737 3447 806 Quod
3488 753 3591 792 au-

2001 831 2108 878 tem
2157 823 2288 876 mihi
2327 823 2594 878 mandasti
2639 841 2651 876 :
2695 823 2833 890 Quia
2879 840 2986 879 non
3023 833 3180 895 potes
3226 825 3494 880 dimittere
3536 834 3604 880 ut

2000 911 2122 965 illos
2151 911 2418 977 homines,
2455 910 2545 982 qui
2575 927 2666 965 res
2697 911 2945 966 ecclesiae
2989 919 3094 966 tua:
3125 920 3312 967 contra
3341 912 3595 967 volunta-

2002 1006 2109 1051 tem
2139 1005 2282 1051 tuam
2313 1005 2516 1063 tenent,
2541 1013 2649 1052 non
2668 998 3124 1064 excommunices,
3152 999 3404 1069 quoniam
3423 999 3598 1054 altera

2000 1083 2139 1151 vice,
2184 1085 2399 1156 quando
2447 1085 2648 1140 domno
2687 1086 2987 1155 apostolico
3034 1086 3305 1140 mandasti
3333 1086 3401 1141 de
3430 1087 3597 1141 Nort-

2000 1188 2220 1240 manno,
2266 1174 2368 1226 hoc
2411 1173 2506 1226 tibi
2554 1173 2910 1238 remandavit,
2944 1181 3002 1227 ut
3030 1173 3181 1244 prius
3210 1173 3337 1228 inde
3371 1173 3597 1229 fecisses

2002 1268 2152 1314 tuum
2193 1259 2571 1324 ministerium,
2607 1268 2658 1315 et
2690 1268 2815 1316 tunc
2846 1268 2898 1314 te
2945 1261 3325 1328 reclamasses,
3357 1278 3465 1316 non
3494 1263 3598 1316 hoc

2001 1347 2057 1400 in
2090 1347 2200 1401 suis
2227 1347 2420 1400 litteris
2449 1347 2773 1414 invenimus,
2808 1349 2894 1403 vel
2922 1349 3245 1404 audivimus.
3279 1350 3592 1418 PrOpterea,

2001 1434 2186 1499 frater,
2224 1434 2346 1488 vide
2377 1449 2446 1488 ne
2477 1435 2797 1505 cujusquam
2824 1435 3010 1501 verbo,
3038 1435 3173 1490 forte
3202 1452 3302 1506 per
3331 1436 3596 1491 adulatio-

2002 1538 2126 1577 nem
2157 1521 2227 1576 ad
2256 1521 2490 1592 gratiam
2539 1529 2686 1575 tuam
2712 1522 2808 1574 tibi
2848 1538 3029 1587 suaso,
3062 1530 3115 1576 et
3157 1538 3266 1577 non
3297 1538 3362 1577 ex
3409 1523 3594 1578 domui

2003 1609 2286 1680 apostolici
2316 1609 2634 1664 auctoritate
2673 1609 2883 1678 prolato
2919 1610 3201 1680 pellectus,
3242 1625 3594 1680 praepropere

1929 1705 2055 1784 Bet
2087 1697 2182 1750 tibi
2223 1697 2527 1751 inconsulte
2574 1711 2638 1752 ac
2685 1697 3086 1767 praecipitanter
3132 1697 3454 1752 sententiam
3493 1713 3592 1752 ex-

2002 1784 2504 1840 communicationis
2545 1784 2715 1839 sacris
2760 1785 2966 1856 regulis
3016 1784 3232 1839 obviam
3292 1784 3539 1855 proferas
3575 1801 3588 1838 :

2000 1873 2096 1927 sed
2146 1880 2419 1942 exspecta,
2471 1880 2528 1925 ut
2577 1871 2822 1942 praedixi,
2877 1872 3050 1926 donec
3097 1873 3166 1926 ad
3207 1872 3594 1942 provincialem

1999 1961 2267 2030 synodum
2311 1959 2552 2030 episcopi
2596 1960 2924 2013 Rhemorum
2964 1959 3257 2029 provinciae
3295 1959 3594 2015 convenia-

1997 2064 2137 2115 mus,
2189 2055 2240 2100 et
2282 2047 2325 2100 si
2371 2046 2500 2117 quid
2539 2046 2698 2101 nobis
2737 2046 3025 2112 obstiterit,
3058 2054 3114 2100 ut
3150 2047 3450 2101 secundum
3496 2061 3590 2100 sa-

1999 2150 2122 2189 cras
2164 2135 2384 2205 regulas
2424 2135 2568 2203 juste
2599 2142 2652 2189 et
2683 2135 3072 2188 rationabiliter
3117 2151 3178 2188 ea
3222 2149 3343 2205 qua
3382 2134 3597 2205 agenda

2001 2229 2123 2276 sunt
2153 2222 2374 2292 exsequi
2421 2222 2563 2292 quod
2613 2221 2754 2275 absit
2803 2222 3222 2293 nequiverimus,
3259 2221 3404 2292 quod
3449 2220 3598 2276 nullo

1997 2309 2161 2364 modo
2200 2308 2435 2363 futurum
2471 2309 2584 2364 fore
2601 2317 2874 2379 putamus,
2929 2317 3054 2364 tunc
3076 2309 3121 2362 si
3168 2325 3393 2364 necesse
3429 2307 3592 2363 fuerit

2002 2398 2299 2452 secundum
2331 2412 2516 2452 sacras
2545 2397 2785 2468 regulas,
2808 2405 2896 2450 tua
2918 2397 3254 2464 reclamatio,
3287 2396 3332 2450 si
3356 2397 3499 2465 justa
3519 2395 3595 2448 in-

1999 2493 2160 2539 venta
2213 2483 2388 2550 fuerit,
2418 2485 2486 2538 ad
2532 2485 2718 2540 sedem
2765 2485 3115 2555 apostolicam
3154 2483 3351 2540 nostris
3398 2482 3592 2538 litteris

1998 2581 2285 2644 prosecuta
2313 2571 2610 2643 perveniat.

2140 2843 2482 2899 HINCMARI
2509 2843 2908 2899 RHEMENSIS
2936 2842 3028 2896 AD
3055 2842 3376 2897 EUMDEM.

1999 2969 2081 3024 Ad
2100 2970 2309 3048 mentis
2331 2971 2452 3048 ejus
2480 2969 2665 3048 oculos
2693 2971 2913 3048 revocat
2933 2967 3359 3048 qualiteriilum
3385 2965 3594 3048 prpha-

1929 3067 1978 3130 α
2048 3035 3588 3130 suasaéei'éi'eeﬁee,53wretaéoeéa'titéeria"f{itii

2051 3109 2345 3172 erudierit,
2359 3123 2459 3177 per
2478 3107 2727 3177 singulos
2745 3106 2952 3176 gradus
2973 3106 3382 3159 ecclesiasticos
3415 3120 3586 3175 usque

2047 3179 2118 3232 ad
2138 3179 2488 3248 episcopatus
2519 3177 2736 3247 apicem
2761 3177 3106 3246 provexerit.

2065 3283 2242 3346 Nunc,
2274 3279 2466 3352 inquit,
2509 3280 2897 3335 retribuentem
2938 3278 3068 3332 mihi
3097 3277 3242 3333 mala
3269 3293 3370 3348 pro
3407 3277 3586 3347 bonis,

1999 3378 2050 3425 et
2079 3370 2205 3424 odio
2234 3385 2325 3425 me
2353 3369 2644 3424 habentem
2664 3367 2855 3440 gratis,
2887 3366 3144 3438 quoniam
3173 3382 3283 3420 non
3313 3365 3469 3420 faveo
3489 3364 3594 3419 tuis

1998 3457 2347 3513 infructuosis
2391 3457 2667 3526 Operibus,
2706 3455 2943 3526 quandiu
2969 3462 3023 3509 te
3051 3455 3244 3525 patiar,
3278 3453 3459 3507 multis
3489 3459 3593 3506 ate

2001 3545 2229 3601 afﬂictus
2258 3544 2471 3612 injuriis
2491 3544 2748 3598 ?Etenim
2777 3544 2847 3598 ab
2877 3543 2998 3613 ipsa
3039 3543 3126 3596 die
3156 3549 3263 3596 tua:
3293 3539 3592 3595 ordinatio-

1999 3635 2104 3700 nis,
2138 3641 2248 3688 tam
2277 3632 2461 3688 verbis
2490 3647 2650 3703 quam
2692 3631 2926 3702 scriptis,
2960 3638 3012 3686 et
3039 3627 3359 3685 inordinatis
3387 3627 3596 3682 actibus

2003 3737 2067 3777 ac
2112 3721 2348 3775 motibus
2393 3719 2520 3788 tuis,
2576 3718 2949 3790 frequentibus
2994 3718 3128 3772 adeo
3177 3733 3298 3772 sum
3336 3722 3594 3786 gravatus

2003 3809 2426 3866 lacerationibus
2472 3815 2633 3879 atque
2688 3806 3119 3872 contusionibus,
3170 3813 3227 3860 ut
3272 3803 3466 3860 taedeat
3508 3818 3596 3858 me

2005 3898 2130 3955 vitae
2167 3913 2304 3952 meae
2329 3914 2341 3951 :
2367 3895 2488 3968 quia
2536 3896 2614 3951 sic
2652 3911 2753 3966 pro
2797 3895 2904 3950 loci
2941 3893 3048 3948 mei
3085 3893 3263 3949 oﬂicio
3307 3901 3412 3947 tuae
3451 3891 3597 3946 inso-

2006 3986 2186 4041 lentiae
2217 4002 2336 4040 sum
2367 4000 2663 4048 connexus,
2697 3991 2756 4038 ut
2782 3998 2891 4038 non
2920 3982 3096 4037 solum
3139 3988 3262 4052 post
3289 3979 3517 4052 primam
3548 3985 3602 4032 et

2009 4073 2308 4129 secundam
2357 4072 2776 4142 correptionem,
2825 4071 2976 4138 juxta
3027 4067 3364 4140 Apostolum,
3415 4081 3602 4123 verum

2011 4176 2115 4217 nec
2144 4167 2266 4230 post
2304 4159 2584 4230 plurimas,
2637 4157 2887 4227 privatim
2918 4164 2969 4211 et
2999 4171 3176 4211 coram
3226 4154 3604 4210 communibus

2015 4247 2362 4303 familiaribus
2388 4245 2609 4309 nostris,
2644 4244 2742 4299 sed
2757 4251 2810 4300 et
2837 4259 3019 4300 coram
3044 4258 3197 4315 rege,
3230 4250 3280 4295 et
3310 4241 3601 4312 episcOpis,

2017 4353 2080 4392 ac
2122 4334 2370 4406 plurimis
2409 4333 2548 4397 aliis,
2590 4332 2773 4387 verbis
2816 4339 2869 4386 et
2906 4331 3121 4402 scriptis
3156 4328 3608 4386 commonitiones

294 4439 461 4494 quam
490 4422 776 4478 consulere
807 4421 1038 4476 subditis
1067 4420 1324 4488 volueris,
1357 4421 1533 4472 honor
1561 4417 1766 4471 inﬂabit
1797 4432 1892 4470 su-
1920 4413 1972 4471 D
2006 4433 2057 4480 te
2107 4423 2312 4479 valeam
2357 4421 2620 4476 devitarc.
2664 4420 2732 4475 Et
2773 4419 2900 4475 licet
2937 4427 3209 4490 exoptem,
3259 4425 3318 4472 ut
3354 4417 3613 4472 darentur

295 4511 570 4581 perbiam,
603 4517 656 4565 et
699 4509 843 4580 quod
887 4508 1166 4580 provisum
1216 4515 1299 4562 est
1327 4507 1381 4560 in
1429 4505 1770 4561 ordinatione
1811 4510 1900 4557 tua

297 4599 373 4654 ad
405 4597 777 4665 concordiam,
815 4597 1000 4652 tendet
1042 4597 1110 4650 ad
1147 4611 1362 4650 noxam.
1407 4595 1556 4667 Ergo
1585 4608 1708 4665 age,
1743 4591 1908 4646 frater

293 4686 636 4754 charissime,
669 4686 813 4758 quod
861 4684 1225 4755 episcOpalem
1260 4683 1525 4738 condecet
1562 4680 1905 4754 gravitatem,

295 4781 626 4844 exspectans
673 4775 850 4828 donec
881 4773 948 4827 ad
977 4771 1371 4842 provincialem
1415 4769 1703 4841 synodum,
1755 4769 1910 4836 cujus

291 4864 413 4931 jam
465 4870 677 4932 tempus
723 4861 777 4915 in
817 4860 1064 4930 proximo
1113 4867 1214 4925 est,
1264 4858 1670 4924 conveniamus,
1711 4857 1764 4912 in
1803 4871 1912 4926 qua

301 4950 526 5005 favente
577 4965 641 5004 ac
688 4956 1015 5019 cooperante
1063 4947 1314 5012 Domino,
1357 4946 1654 5001 secundum
1694 4944 1912 4998 decreta

297 5038 444 5094 beati
477 5037 756 5109 Gregorii,
790 5043 842 5092 et
865 5036 934 5091 de
965 5034 1327 5090 incidentibus
1356 5034 1536 5088 causis
1567 5031 1909 5102 disceptatio,

297 5135 356 5182 et
389 5125 458 5180 sit
488 5124 722 5180 salubris
753 5125 821 5180 de
839 5123 1210 5179 ecclesiastica
1237 5121 1615 5177 observatione
1641 5119 1857 5174 collatio
1885 5135 1898 5172 :

297 5222 572 5286 quatenus
601 5213 730 5268 dum
756 5229 854 5283 per
908 5213 1013 5267 hoc
1042 5219 1094 5266 et
1151 5209 1427 5281 praeterita
1467 5209 1825 5279 corrigentur,
1859 5217 1914 5262 et

297 5302 559 5374 regulam
589 5301 773 5355 futura
815 5300 1137 5370 suscipient,
1190 5297 1536 5367 omnipotens
1563 5296 1766 5366 ubique
1799 5297 1912 5349 Do-

296 5390 484 5446 minus
530 5389 763 5445 fratrum
811 5388 1106 5444 concordia
1159 5385 1516 5450 collaudetur,
1565 5383 1718 5452 cujus
1758 5383 1916 5438 nobis

296 5488 503 5545 adesse
546 5485 918 5557 praesentiam,
950 5485 996 5540 si
1034 5486 1153 5541 haec
1200 5481 1637 5547 observabimus,
1687 5479 1916 5535 credere

2007 4511 2137 4566 mihi
2170 4526 2363 4580 pennae
2401 4509 2540 4564 sicut
2581 4508 2866 4574 columba,
2901 4515 2954 4563 et
2984 4507 3254 4563 avolarem
3291 4519 3355 4562 ac
3390 4503 3606 4576 requie-

2009 4615 2219 4656 scerem
2249 4614 2282 4652 a
2314 4607 2364 4653 te
2395 4598 2684 4668 elongatus
2722 4596 2778 4650 in
2808 4596 3045 4667 aliquam
3087 4593 3450 4661 solitudinem,
3496 4607 3608 4648 non

2007 4703 2230 4759 possum
2280 4702 2555 4758 quoquam
2613 4685 2876 4757 effugere,
2926 4692 2983 4738 ut
3030 4687 3123 4737 aut
3177 4690 3269 4736 tua
3311 4679 3611 4751 pertinacia

2011 4775 2346 4832 contumacis
2396 4774 2724 4844 praesentiae,
2757 4779 2850 4827 aut
2878 4771 3168 4825 missorum
3207 4777 3416 4823 tuorum
3456 4767 3612 4823 duri-

2010 4864 2228 4936 loquiis,
2260 4869 2350 4915 aut
2381 4861 2774 4932 scripturarum
2804 4867 3015 4913 tuarum
3068 4855 3512 4929 derogationibus
3558 4863 3613 4911 et

2012 4951 2287 5007 inutilibus
2316 4949 2528 5015 neeniis,
2559 4949 2686 5021 quin
2728 4946 2909 5018 potius
2952 4944 3254 5016 tragcndiis,
3283 4951 3375 4999 aut
3415 4945 3615 5000 talibus

2014 5056 2135 5111 quae
2158 5053 2269 5093 non
2298 5037 2625 5093 conveniunt
2651 5035 2927 5106 episcOpo,
2958 5033 3027 5088 de
3047 5041 3100 5089 te
3119 5032 3484 5087 auditionibus
3506 5047 3617 5088 non

2017 5127 2248 5199 afﬂigar.
2271 5125 2462 5193 Etiam
2481 5124 2696 5178 tandem
2720 5121 2902 5192 putavi
2931 5130 2984 5176 te
3003 5122 3194 5194 pigere
3215 5121 3340 5175 talia
3361 5120 3612 5192 exsequi,

2016 5232 2137 5271 cum
2168 5229 2296 5269 ecce
2326 5227 2469 5266 nunc
2496 5211 2677 5265 idibus
2706 5210 3030 5265 Novembris
3070 5216 3278 5281 quarta:
3307 5204 3634 5265 indictionis'

2016 5301 2436 5373 prolixissimam
2469 5299 2718 5364 rotulam,
2757 5299 3058 5354 mendaciis
3087 5307 3140 5354 et
3166 5297 3609 5353 irrationabilite-

2017 5390 2158 5444 tibus
2186 5404 2252 5443 ac
2289 5387 2631 5458 imprOperiis
2675 5395 2862 5443 contra
2903 5387 3185 5443 veritatem
3215 5394 3269 5441 et
3313 5385 3610 5441 auctorita-

2021 5487 2127 5533 tem
2154 5475 2437 5547 repletam,
2470 5474 2603 5530 mihi
2628 5475 2840 5532 misisti.
2872 5475 2941 5531 Et
2967 5476 3134 5532 miror
3159 5490 3258 5531 cur
3288 5474 3368 5530 sic
3393 5472 3608 5528 exfrons
