4164 6330
612 282 717 336 499

1531 266 1876 325 HINCMARI
1931 264 2334 324 RHEMENSIS
2361 259 2918 345 ARCHIEPISCOPL

3791 257 3895 313 500

612 401 805 467 factus,
837 404 896 453 ut
918 395 988 452 de
1011 394 1201 452 Iudaea
1228 392 1491 451 Dominus
1534 391 1776 465 queritur
1801 391 1936 464 (Jer.
1969 404 2047 459 v1,
2079 392 2146 444 15
2182 408 2197 456 ;
2227 389 2280 451 D
2297 386 2446 442 nires
2466 393 2837 455 contemnens,
2862 384 3001 440 adeo
3024 382 3173 439 illum
3189 382 3260 438 ad
3277 380 3616 438 iracundiam
3634 394 3895 452 provoca-

610 503 733 554 vm,
775 487 883 557 t2),
926 484 1108 541 nescis
1145 483 1493 552 erubescere,
1518 488 1572 536 et
1601 479 1698 535 tibi
1738 494 1848 534 non
1878 485 1960 534 est
1998 489 2207 532 nausea

610 574 736 629 talia
765 582 820 629 et
846 580 994 629 tanta
1022 572 1284 641 scribere,
1304 570 1409 625 nisi
1430 568 1684 641 quoniam
1707 567 1822 637 jam
1849 566 2068 621 utilibus
2094 579 2205 618 non

612 678 674 719 es
700 662 957 730 intentus,
999 675 1180 732 neque
1215 659 1268 713 in
1319 656 1647 714 necessariis
1692 661 2000 725 occupatus.
2049 652 2120 705 Et
2146 657 2206 705 ut

609 749 678 807 de
706 750 827 804 aliis
859 757 1092 816 taceam,
1126 763 1248 818 quas
1277 744 1325 800 si
1346 762 1413 802 ex
1450 745 1640 801 ordine
1666 743 1889 798 voluero
1917 740 2201 810 replicare,

607 845 768 893 antea
797 835 1015 893 deﬁciet
1040 835 1133 891 lux
1163 835 1376 900 diurna,
1410 846 1571 904 quam
1600 830 1836 903 legenda
1856 829 2051 884 exinde
2080 824 2210 883 deﬁ-

609 925 718 982 ciat
765 924 986 997 pagina,
1032 922 1307 994 replicabo
1343 920 1440 974 tibi
1483 920 1683 990 aliqua,
1736 934 1858 989 quae
1903 931 2013 972 non
2052 915 2209 971 valeo

608 1028 712 1069 nec
739 1012 916 1068 debeo
961 1011 1174 1066 silentio
1219 1008 1517 1080 praeterire.
1563 1005 1829 1061 Videlicet
1870 1003 1992 1076 quia
2028 1003 2205 1057 statim

607 1108 670 1156 ut
699 1115 733 1157 a
757 1107 1004 1171 paternae
1029 1099 1158 1154 nido
1186 1094 1517 1151 educationis
1545 1093 1723 1149 factus
1752 1092 2040 1163 episcopus
2069 1106 2205 1147 evo-

606 1188 751 1254 lasti,
786 1196 839 1244 et
869 1203 956 1242 me
977 1194 1032 1242 et
1061 1201 1156 1241 eos
1185 1184 1279 1255 qui
1298 1182 1606 1238 nutrierunt
1633 1179 1939 1248 deseruisti,
1962 1186 2016 1234 et
2043 1193 2210 1234 saecu-

606 1275 752 1332 lares
783 1275 1047 1331 amicitias
1089 1281 1250 1343 atque
1294 1270 1685 1326 familiaritates
1725 1266 1990 1340 quaesisti,
2025 1273 2077 1321 et
2105 1281 2204 1323 ac-

606 1363 837 1437 quisisti,
878 1370 932 1418 et
975 1361 1055 1417 sic
1101 1360 1332 1416 subinde
1378 1358 1513 1414 alios
1561 1365 1614 1413 et
1656 1356 1791 1411 alios
1839 1356 2102 1410 deserens
2153 1362 2208 1410 et

608 1451 922 1524 acquirens,
967 1464 1078 1504 non
1115 1448 1293 1504 solum
1322 1446 1392 1502 de
1420 1443 1783 1515 comparibus,
1824 1442 1923 1498 sed
1964 1441 2124 1497 etiam
2154 1446 2207 1497 et

608 1538 678 1594 de
706 1538 802 1592 tibi
832 1535 1161 1605 commissis,
1195 1536 1265 1589 ad
1285 1535 1390 1590 hoc
1419 1530 1711 1601 emersisti,
1734 1538 1789 1585 ut
1809 1536 1994 1586 contra
2022 1545 2209 1586 sacras

601 1625 970 1682 Antiochenas
1029 1622 1272 1697 regulas,
1334 1620 1713 1692 praecipientes
1758 1626 1818 1674 ut
1861 1626 2056 1689 praeter
2116 1633 2206 1672 me

2304 475 2392 544 sti,
2419 475 2557 531 sicut
2585 489 2774 529 omnes
2802 472 2858 526 in
2884 472 3002 527 istis
3018 471 3334 544 regionibus
3356 470 3551 537 sciunt,
3582 476 3641 523 ut
3670 476 3893 524 coactus

2302 570 2355 618 te
2383 578 2484 633 per
2514 560 2706 616 ﬁdeles
2735 577 2863 615 suos
2893 560 3032 615 sicut
3058 558 3334 614 inﬁdelem
3363 564 3658 628 appeteret.
3690 557 3770 611 Tu
3796 571 3895 610 au-

2303 657 2413 705 tem
2444 657 2568 705 ante
2604 649 2895 704 inauditam
2937 645 3548 703 excommunicationem
3574 644 3629 698 in
3660 659 3810 699 meos
3838 651 3897 698 et

2302 738 2595 792 multorum
2639 736 3171 807 archiepiscoporum
3212 742 3265 789 et
3307 734 3682 804 episcoporum
3721 746 3894 802 paro-

2304 824 2548 895 chianos,
2582 825 2679 879 sed
2708 832 2761 880 et
2788 825 2845 878 in
2871 824 3049 895 ipsum
3076 839 3288 896 regem,
3321 822 3438 876 sine
3467 836 3592 875 mea
3619 819 3899 875 conscien-

2304 914 2375 967 tia
2424 920 2614 969 contra
2672 927 2859 976 sacras
2914 911 3133 983 regulas
3182 908 3453 980 jaculasti.
3502 908 3656 964 Unde
3695 907 3898 962 multos

2306 999 2704 1069 scandalizasti,
2755 1007 2808 1055 et
2853 999 3149 1054 maximum
3202 996 3520 1053 scandalum
3561 1011 3670 1051 non
3717 994 3897 1050 solum

2305 1088 2586 1156 Ecclesiae,
2638 1087 2735 1143 sed
2765 1094 2818 1142 et
2859 1086 2978 1157 regi
3019 1102 3082 1141 ac
3126 1100 3300 1158 regno
3342 1083 3588 1149 intulisti,
3640 1099 3763 1139 cum
3802 1082 3897 1139 lex

2304 1176 2587 1247 prohibeat
2613 1183 2671 1230 ut
2697 1191 2799 1246 per
2840 1174 3076 1230 alienam
3116 1189 3356 1228 messem
3400 1171 3670 1227 transiens
3696 1170 3900 1226 falcem

2306 1280 2417 1320 non
2443 1264 2644 1333 mittas,
2677 1264 2775 1319 sed
2815 1279 2979 1317 manu
3010 1262 3188 1333 spicas
3218 1268 3467 1317 conteras
3514 1268 3567 1314 et
3593 1259 3896 1315 manduces

2308 1354 2497 1423 (Deut.
2526 1366 2690 1417 xxm,
2712 1352 2827 1420 25).
2857 1373 2878 1400 α
2900 1350 3137 1417 Falcem,
3160 1349 3334 1421 inquit
3355 1349 3546 1404 beatus
3569 1347 3893 1420 Gregorius,

2300 1440 2493 1509 judicii
2537 1438 2747 1494 mittere
2792 1454 2904 1494 non
2946 1445 3102 1510 potes
3129 1437 3186 1493 in
3217 1452 3283 1492 ea
3313 1442 3519 1509 segete,
3570 1452 3692 1507 qua;
3737 1434 3900 1490 alteri

2307 1528 2522 1583 videtur
2549 1543 2671 1582 esse
2701 1525 3011 1596 commissa,
3043 1525 3140 1581 sed
3158 1541 3258 1596 per
3286 1523 3536 1581 eﬂ'ectum
3554 1522 3683 1579 boni
3708 1522 3898 1593 operis

2306 1614 2573 1670 frumenta
2600 1613 2882 1670 Dominica
2917 1613 3169 1671 vitiorum
3199 1628 3417 1668 suorum
3452 1610 3626 1683 paleis
3655 1609 3893 1677 excoria,

603 1724 771 1782 agere
820 1708 958 1763 nihil
1000 1706 1225 1775 debeas,
1278 1705 1580 1761 secundum
1634 1703 1912 1774 antiquata
1954 1701 2202 1756 Patribus
2227 1733 2283 1793 B
2310 1710 2363 1757 et
2407 1703 2463 1757 in
2515 1701 2779 1758 Ecclesiae
2834 1717 3032 1772 corpus
3087 1701 3359 1756 monendo
3416 1707 3469 1755 et
3514 1698 3897 1770 persuadendo

599 1795 803 1854 nostris
831 1795 1083 1867 regulam
1119 1793 1484 1860 constitutam,
1514 1791 1621 1847 nisi
1663 1805 1728 1845 ea
1747 1797 1954 1845 tantum
1984 1805 2103 1861 quae
2132 1789 2203 1844 ad
2227 1785 2280 1793 ”
2304 1791 2461 1862 quasi
2489 1790 2801 1845 mandendo
2830 1796 3142 1845 converte.»
3167 1789 3294 1844 Post
3324 1804 3483 1859 quam
3510 1785 3895 1865 praesumptio-

598 1883 1075 1955 tuamparochiam
1096 1881 1388 1953 pertinent,
1402 1878 1897 1952 possessionesque
1910 1877 2197 1947 subjectae,
2300 1894 2448 1945 nem,
2508 1878 2766 1933 adhibitis
2822 1892 3039 1934 mecum
3093 1875 3451 1933 confratribus
3506 1874 3728 1941 nostris,
3760 1882 3814 1930 te
3842 1882 3901 1929 et

602 1971 723 2027 sine
751 1987 874 2027 mea
902 1969 991 2026 vel
1030 1969 1477 2040 coepiscoporum
1515 1973 1830 2023 nostrorum
1873 1963 2205 2021 conscientia

602 2059 1126 2116 administrationem
1150 2057 1206 2111 in
1230 2055 1432 2128 palatio
1462 2054 1648 2111 domni
1676 2053 1825 2125 regis
1854 2052 2153 2108 obtinueris
2185 2071 2200 2108 :

602 2162 767 2219 quam
823 2145 1347 2201 administrationem
1390 2143 1486 2197 tibi
1532 2157 1721 2198 coram
1764 2141 1958 2197 eodem
2002 2141 2202 2196 domno

600 2250 755 2306 rege,
791 2240 845 2290 et
871 2233 993 2289 aliis
1038 2232 1131 2305 qui
1160 2231 1452 2288 adfuerunt
1483 2246 1549 2285 ex
1580 2228 1755 2286 sacris
1795 2227 1999 2301 regulis
2027 2229 2201 2284 inter-

601 2321 734 2389 dixi,
794 2329 848 2377 et
915 2320 1230 2393 aliquandiu
1296 2320 1364 2374 ab
1420 2318 1886 2374 administratione
1955 2316 2198 2373 cessasti.

596 2410 797 2466 Postea
826 2415 1004 2464 autem
1032 2424 1131 2479 per
1167 2414 1402 2473 exteras,
1435 2407 1492 2462 id
1520 2415 1604 2462 est
1634 2405 1926 2462 saeculares
1954 2411 2201 2476 potesta-

596 2506 705 2567 tes,
736 2503 921 2553 contra
958 2495 1317 2552 Sardicenses
1362 2509 1625 2561 canones,
1670 2494 1919 2549 eamdem
1963 2492 2202 2549 admini-

599 2584 921 2640 strationem
966 2599 1091 2640 cum
1138 2582 1357 2639 abbatis
1401 2582 1457 2638 in
1507 2582 1663 2637 tertia
1709 2580 2011 2653 provincia,
2059 2580 2204 2636 ultra

600 2673 966 2730 Rhemensem
994 2672 1351 2743 provinciam,
1397 2670 1517 2726 sine
1544 2686 1665 2725 mea
1695 2669 2029 2726 conscientia
2054 2668 2201 2724 obti-

598 2760 784 2816 nuisti.
815 2761 901 2816 Ad
946 2775 1111 2831 quam
1148 2759 1444 2828 abbatiam,
1478 2758 1595 2813 sine
1632 2774 1753 2813 mea
1788 2756 2025 2823 licentia,
2060 2772 2201 2828 quo-

604 2848 709 2904 ties
751 2847 848 2902 tibi
894 2846 1097 2918 placuit
1142 2846 1451 2917 perrexisti,
1483 2853 1537 2900 et
1577 2846 1815 2917 quandiu
1862 2845 1957 2899 tibi
2005 2843 2204 2915 placuit

601 2935 807 2991 ibidem
854 2934 1003 2990 fuisti
1046 2934 1390 3001 immoratus,
1456 2941 1641 2989 contra
1688 2933 1856 2987 Hilari
1897 2948 2055 3003 papa:
2099 2932 2201 2987 de-

600 3030 751 3081 creta
780 3022 1010 3080 dicentis
1040 3023 1229 3096 (epist.
1250 3027 1281 3077 8
1303 3022 1374 3077 ad
1393 3023 1560 3094 episc.
1600 3020 1849 3091 Gallice):
1878 3041 1901 3070 ι
1926 3020 2065 3074 Illud
2092 3035 2203 3075 non

599 3111 874 3184 potuimus
922 3110 1226 3184 praterire,
1272 3110 1417 3183 quod
1459 3108 1817 3165 sollicitudine
1859 3107 2203 3180 diligentiore

603 3201 907 3257 curandum
939 3207 1042 3267 est,
1073 3216 1143 3255 ne
1188 3206 1387 3271 praeter
1414 3198 1957 3269 metrOpolitanorum
1986 3212 2206 3252 suorum

594 3288 808 3345 litteras
834 3288 1001 3360 aliqui
1034 3288 1276 3359 episcopi
1304 3288 1376 3343 ad
1404 3286 1699 3358 quamlibet
1732 3285 2065 3358 provinciam
2101 3302 2201 3341 au-

600 3377 763 3433 deant
802 3375 1078 3447 proficisci
1102 3394 1115 3430 :
1138 3376 1287 3448 quod
1330 3376 1497 3431 etiam
1521 3375 1578 3430 in
1606 3374 1755 3430 omni
1791 3388 1996 3445 genere
2037 3367 2200 3430 oﬂicii

600 3465 870 3523 clericalis
897 3481 996 3536 per
1045 3463 1290 3537 singulas
1333 3464 1498 3520 debet
1524 3464 1787 3520 ecclesias
1830 3463 2136 3530 custodiri;
2173 3484 2196 3513 ι

600 3561 657 3610 et
699 3553 780 3610 sic
823 3561 985 3610 antea
1028 3553 1295 3620 Zosimus,
1328 3560 1381 3608 et
1406 3559 1600 3624 postea
1640 3558 1861 3607 sanctus
1907 3550 2200 3621 Gregorius

600 3641 981 3699 decreverunt.
1042 3642 1312 3697 Praeterea
1359 3656 1594 3713 quoque,
1645 3638 1816 3694 semel
1854 3654 1918 3693 ac
1963 3638 2202 3693 secundo

598 3728 796 3785 litteris
824 3728 1101 3785 canonicis
1144 3736 1400 3785 evocatus
1426 3729 1496 3783 ad
1536 3727 1930 3783 ordinationem
1959 3725 2197 3797 episcopi

598 3815 656 3871 in
677 3816 912 3872 ecclesia
928 3817 1309 3873 Cameracensi
1324 3816 1648 3871 Rhemensis
1667 3814 1962 3886 provincim
1979 3821 2199 3885 pastore

598 3904 876 3971 destituta,
912 3904 1058 3960 unde
1084 3904 1384 3976 apostolica
1420 3904 1581 3958 sedes
1610 3919 1698 3958 me
1729 3910 2059 3975 suggerente
2086 3917 2197 3957 non

593 3993 810 4049 modice
829 3992 1117 4063 laboravit,
1137 4009 1238 4049 nec
1258 3993 1375 4064 ipse
1395 3992 1610 4058 venisti,
1632 4007 1735 4047 nec
1745 4006 1847 4063 pro
1867 3999 1920 4047 te
1940 3990 2196 4048 vicariam

592 4096 903 4152 personam,
933 4081 1021 4137 vel
1033 4080 1242 4137 litteras
1263 4080 1340 4136 tui
1363 4095 1683 4146 consensus,
1708 4088 1766 4135 ut
1785 4080 1992 4151 regula;
2020 4095 2196 4136 sacrae

592 4169 935 4241 pmcipiunt,
969 4170 1039 4225 ad
1068 4166 1157 4225 me
1187 4170 1449 4225 direxisti.
1481 4170 1637 4226 Unde
1670 4168 2028 4241 Symmachus
2052 4184 2194 4240 papa

591 4258 661 4314 ad
680 4258 932 4314 Eonium
952 4274 1018 4314 ex
1038 4258 1213 4314 sacris
1234 4258 1436 4332 regulis
1451 4258 1818 4331 promulgavit
1839 4259 2023 4331 (epist.
2041 4260 2101 4311 lt
2119 4257 2193 4313 ad

594 4348 947 4418 Casarium),
986 4368 1010 4397 α
1045 4355 1100 4401 ιιι
1130 4346 1177 4401 si
1204 4346 1427 4417 quilibet
1455 4347 1744 4418 episcopus
1773 4345 2193 4416 metropolitano

2301 1981 2422 2022 cum
2455 1981 2520 2022 eo
2552 1965 2858 2037 paciﬁcavi,
2890 1973 2943 2021 et
2963 1964 3253 2036 episcopis,
3279 1980 3505 2035 quorum
3532 1961 3895 2034 parochianos

2302 2053 2800 2120 excommunicasti,
2849 2060 2908 2108 ut
2954 2060 3009 2108 te
3058 2052 3114 2108 in
3160 2050 3412 2123 synodali
3466 2050 3734 2106 sententia
3780 2066 3893 2106 non

2297 2143 2620 2199 inveherent
2659 2140 2907 2213 persuasi
2939 2159 2953 2195 :
2987 2141 3084 2197 sed
3126 2149 3180 2196 et
3226 2139 3450 2195 eosdem
3490 2155 3523 2194 a
3571 2147 3624 2194 te
3666 2155 3892 2195 excom-

2299 2231 2620 2300 municatos,
2679 2230 2806 2286 licet
2859 2245 2965 2285 non
3033 2230 3151 2285 sine
3208 2229 3410 2294 labore,
3468 2227 3891 2283 adminiculante

2301 2319 2502 2375 domno
2531 2335 2683 2390 rege,
2714 2319 3005 2373 adversum
3021 2325 3073 2373 et
3092 2317 3481 2389 conquiescere
3511 2315 3635 2372 feci.
3670 2315 3777 2371 Sed
3808 2323 3885 2385 tu,

2298 2408 2506 2463 addens
2531 2408 2721 2479 pejora
2762 2406 3059 2478 prioribus,
3088 2406 3167 2462 sic
3188 2406 3444 2460 domnum
3484 2420 3695 2475 regem,
3748 2403 3892 2459 sicut

2299 2495 2431 2551 mihi
2477 2496 2702 2567 longum
2744 2502 2827 2549 est
2871 2509 3129 2550 enarrare
3170 2500 3225 2548 et
3250 2492 3405 2547 multi
3445 2492 3641 2558 sciunt,
3691 2491 3890 2547 iterum

2300 2584 2664 2657 exaggerasti,
2696 2590 2753 2638 ut
2782 2598 2950 2638 causa
2996 2589 3103 2637 tuae
3146 2580 3514 2654 castigationis
3543 2588 3595 2636 te
3626 2580 3742 2636 sine
3766 2596 3895 2636 mea

2298 2672 2592 2738 voluntate,
2629 2671 2854 2742 sineque
2881 2686 3005 2726 meo
3032 2685 3320 2738 consensu,
3364 2668 3753 2742 aliquantulum
3784 2669 3888 2724 de-

2296 2759 2457 2815 tineri
2494 2760 2729 2829 juberet.
2772 2760 2852 2815 Tu
2894 2774 3023 2815 vero
3066 2774 3231 2815 causa
3267 2766 3373 2813 tuae
3407 2758 3635 2827 injuriae,
3681 2773 3770 2813 me
3798 2757 3889 2811 in-

2300 2847 2567 2913 consulto,
2594 2855 2647 2902 et
2668 2847 2783 2902 sine
2804 2863 3076 2903 consensu
3097 2846 3547 2918 coepiscoporum
3565 2845 3890 2902 Rhemensis

2298 2936 2613 3008 provinciae,
2661 2935 2800 2992 sicut
2838 2935 3025 3007 petitio
3055 2951 3090 2991 a
3116 2935 3330 2991 clericis
3378 2935 3752 2990 Laudunensis
3790 2950 3889 2992 ec-

2303 3024 2485 3081 clesiae
2531 3024 2664 3079 mihi
2719 3032 2974 3095 porrecta
3026 3024 3380 3093 demonstrat,
3437 3024 3791 3095 presbyteros
3839 3031 3915 3079 et'

2304 3112 2702 3168 comministros
2747 3111 2995 3169 ecclesiae
3036 3127 3102 3169 ac
3145 3112 3421 3183 parochias
3459 3111 3555 3167 tibi
3581 3112 3892 3168 commissa:

2301 3200 2803 3267 excommunicasti,
2844 3208 2902 3255 ut
2931 3216 3090 3257 nemo
3119 3200 3176 3255 in
3217 3200 3411 3256 eadem
3443 3200 3704 3271 parochia
3749 3201 3887 3255 mis-

2301 3304 2484 3344 sarum
2504 3288 2677 3345 otiicia
2704 3289 3025 3355 celebraret,
3049 3289 3322 3345 neminem
3346 3289 3694 3360 parvulorum
3726 3290 3888 3345 etiam

2299 3376 2356 3431 in
2382 3377 2573 3433 mortis
2610 3377 2858 3450 urgentis
2895 3377 3139 3448 periculo
3183 3377 3530 3432 constitutum
3564 3377 3886 3449 baptizaret,

2298 3465 2505 3521 nullum
2551 3466 2620 3521 ad
2663 3465 3035 3536 paenitentiam
3081 3465 3371 3538 quisquam
3418 3464 3735 3536 susciperet,
3783 3481 3888 3522 nec

2298 3553 2460 3607 etiam
2505 3554 2722 3609 obeunti
2778 3554 3156 3610 communione
3208 3553 3399 3610 viatica
3444 3553 3685 3608 muneris
3751 3554 3884 3609 sub-

2297 3640 2525 3707 veniret,
2582 3642 2717 3695 nulli
2763 3641 3017 3698 defuncto
3059 3642 3114 3696 in
3170 3641 3484 3713 sepeliendo
3537 3641 3883 3698 humanitatis

2296 3729 2619 3801 obsequium
2656 3729 2954 3796 exhiberet,
3005 3730 3176 3786 donec
3205 3738 3296 3785 aut
3324 3739 3381 3785 tu
3416 3729 3534 3801 ipse
3562 3730 3629 3785 ad
3659 3746 3753 3786 eos
3784 3747 3881 3787 ve-

2294 3816 2462 3885 nires,
2495 3826 2587 3873 aut
2613 3835 2644 3873 a
2671 3819 2802 3873 sede
2843 3819 3141 3890 apostolica
3168 3819 3294 3875 inde
3311 3818 3626 3875 relationem
3664 3819 3881 3892 recipe-

2294 3913 2430 3961 rent.
2466 3905 2624 3975 Quod
2672 3907 2921 3976 audiens,
2972 3906 3160 3977 fateor,
3207 3908 3558 3963 vehementer
3604 3908 3878 3979 exhorrui,

2293 4002 2346 4049 et
2391 3994 2619 4065 proinde
2645 3996 2717 4049 ad
2744 4003 2797 4051 te
2833 3996 3242 4066 metropolitana
3280 3995 3641 4051 sollicitudine
3676 3994 3881 4052 litteras

2289 4082 2436 4150 misi,
2484 4098 2713 4139 monens
2734 4091 2786 4137 et
2811 4084 3034 4139 hortans
3062 4092 3137 4151 te,
3169 4092 3227 4139 ut
3254 4092 3365 4140 tam
3412 4083 3743 4140 exitiabilem
3781 4102 3880 4140 ex-

2290 4171 2834 4227 communicationem
2890 4179 2944 4226 et
2998 4171 3286 4242 impietatis
3339 4172 3765 4245 colligationem,
3824 4173 3880 4228 in

2291 4266 2438 4314 tuum
2480 4267 2534 4314 et
2579 4260 2866 4316 multorum
2908 4260 3214 4331 periculum
3257 4260 3593 4328 intentatam,
3641 4268 3875 4333 quanto-

2290 4346 2406 4402 cius
2438 4348 2699 4403 solveres.
2746 4348 2855 4404 Sed
2885 4356 2939 4405 et
2967 4349 3038 4404 ad
3063 4349 3338 4405 ministros
3383 4349 3753 4407 Laudunensis
3780 4365 3874 4406 ec-

588 4432 835 4506 pontiﬁci
857 4434 1014 4501 juxta
1058 4434 1373 4489 canonicam
1413 4433 1787 4489 diﬂinitionem
1828 4440 2047 4487 vocatus
2085 4432 2187 4486 ob-
2215 4429 2491 4502 Dclesiae,
2524 4435 2721 4491 timens
2752 4437 2986 4492 immane
3010 4438 3298 4493 multorum
3343 4437 3584 4506 exitium,
3632 4438 3873 4495 certissi-

587 4530 899 4594 temperare
937 4520 1186 4589 noluerit,
1241 4521 1449 4577 noverit
1491 4520 1882 4577 succidendum
1920 4536 1999 4585 se,
2045 4520 2190 4590 quod

584 4626 695 4666 non
725 4615 1000 4680 optamus,
1026 4608 1396 4664 ecclesiastica
1426 4608 1731 4679 disciplina.
1757 4627 1779 4657 ι
1806 4607 1913 4663 Sed
1935 4615 1989 4663 et
2016 4607 2141 4662 hinc
2160 4622 2190 4661 a

582 4713 674 4753 me
729 4703 1049 4766 conventus,
1107 4695 1313 4750 nullam
1364 4694 1807 4761 satisfactionem,
1869 4710 1971 4750 nec
2026 4695 2186 4750 etiam

581 4784 784 4841 humile
828 4799 1156 4856 responsum
1199 4784 1331 4838 mihi
1360 4798 1425 4839 ac
1468 4783 1808 4853 coepiscopis
1844 4782 2047 4837 nostris
2085 4798 2184 4840 ex-

588 4871 830 4931 bibuisti.
864 4872 992 4929 Post
1020 4874 1157 4939 haec,
1188 4888 1341 4928 more
1379 4879 1485 4926 tua;
1512 4870 1876 4926 instabilitatis
1900 4886 1963 4927 ac
1990 4871 2183 4927 incon-

580 4959 816 5028 stantiae,
858 4967 1050 5015 contra
1096 4960 1357 5016 domuum
1405 4974 1596 5032 regem
1639 4959 1696 5013 in
1743 4965 1945 5014 tantum
1986 4967 2039 5015 te
2065 4959 2182 5016 sine

584 5045 795 5103 ratione
840 5048 1230 5104 contumaciter
1282 5047 1520 5111 erexisti,
1560 5054 1618 5101 ut
1658 5054 1710 5102 et
1752 5046 2180 5105 administratio-

584 5149 714 5191 nem
747 5133 1065 5207 palatinam,
1105 5146 1158 5192 et
1188 5138 1362 5209 ipsam
1391 5134 1663 5191 abbatiam
1702 5134 1798 5189 tibi
1825 5135 2081 5202 auferret,
2126 5146 2181 5193 et

576 5239 610 5278 a
638 5230 690 5278 te
717 5232 1083 5295 exaggeratus
1114 5225 1334 5280 duriora
1360 5224 1665 5296 ingerenda
1690 5223 1786 5277 tibi
1813 5233 2137 5296 proponeret
2162 5241 2175 5280 :

580 5310 726 5367 unde
757 5318 811 5366 et
839 5312 1052 5383 scriptis
1089 5320 1142 5368 et
1168 5313 1353 5368 verbis
1387 5327 1488 5383 pro
1518 5318 1570 5368 te
1600 5319 1859 5386 satagens
1898 5313 2049 5368 illum
2081 5311 2177 5367 tibi

584 5398 956 5456 reconciliavi.
1000 5400 1259 5472 Indeque,
1309 5400 1447 5457 sicut
1484 5401 1660 5457 sciunt
1706 5401 1942 5474 plurimi,
1992 5408 2178 5457 contra

580 5496 734 5554 illum
753 5504 807 5554 te
828 5496 1024 5554 iterum
1042 5496 1285 5567 erexisti,
1304 5504 1357 5553 et
1376 5497 1632 5555 mandata
1647 5514 1746 5554 sua
1765 5499 1908 5555 utad
1923 5515 2049 5555 eum
2066 5514 2167 5556 ve-

2286 4540 2404 4579 mas
2433 4530 2487 4579 et
2523 4523 2923 4596 irrefragabiles
2968 4524 3311 4582 diﬁinitiones
3353 4526 3685 4600 evangelicae
3727 4526 3871 4583 veri-

2286 4612 2430 4678 tatis,
2492 4620 2546 4667 et
2599 4614 2910 4683 apostolica:
2963 4615 3316 4683 auctoritatis,
3372 4622 3532 4688 atque
3590 4631 3871 4672 sacrorum

2286 4715 2559 4755 canonum
2588 4709 2641 4755 et
2678 4702 2992 4772 apostolicae
3041 4703 3187 4758 sedis
3232 4703 3422 4772 direxi,
3472 4713 3737 4776 quatenus
3781 4719 3872 4759 se-

2284 4789 2521 4844 cundum
2566 4790 2788 4845 easdem
2835 4790 3202 4858 difﬁnitiones,
3245 4807 3366 4863 quae
3394 4792 3452 4847 in
3496 4793 3645 4849 nullo
3691 4792 3871 4848 divelli

2282 4884 2529 4947 possunt,
2560 4893 2628 4933 ex
2656 4878 2851 4935 eadem
2894 4879 3200 4951 periculosa
3227 4888 3279 4936 et
3305 4880 3600 4953 irregulari
3644 4896 3869 4937 excom-

2280 4965 2640 5023 municatione
2682 4975 2906 5039 agerent
2950 4975 3002 5023 et
3039 4968 3143 5039 ipsi
3205 4969 3357 5024 satis.
3409 4968 3518 5024 Sed
3565 4969 3693 5041 quia
3735 4984 3873 5024 mea

2279 5052 2631 5109 admonitioni
2676 5056 2899 5111 obedire
2929 5071 3038 5113 non
3068 5057 3302 5123 voluisti,
3341 5056 3467 5112 misi
3495 5057 3565 5112 ad
3594 5065 3648 5113 te
3675 5057 3872 5113 iterum

2280 5140 2475 5196 exinde
2518 5141 2745 5213 litteras,
2796 5144 2895 5199 sed
2925 5152 2977 5199 et
3005 5144 3236 5201 clericos
3280 5145 3653 5207 Laudunensis
3699 5159 3872 5217 paro-

2278 5228 2431 5298 chias,
2465 5238 2520 5284 et
2548 5246 2649 5287 nec
2677 5231 2755 5286 sic
2783 5239 2836 5288 te
2863 5232 2933 5287 ad
2970 5233 3335 5289 obediendum
3378 5233 3607 5289 invitare
3648 5250 3870 5305 praeva-

2277 5317 2372 5374 lui.
2422 5319 2551 5376 Post
2592 5319 2727 5387 haec,
2788 5337 3039 5393 quaerens
3075 5322 3485 5379 adinventiones
3520 5331 3579 5377 ut
3607 5330 3659 5378 te
3688 5339 3720 5377 a
3747 5339 3869 5379 me-

2276 5406 2599 5478 tr0politana
2646 5409 2978 5478 subjectione
3016 5426 3211 5481 posses
3258 5427 3475 5480 exuere,
3526 5410 3765 5467 libellum
3794 5410 3867 5467 de

2276 5505 2492 5561 Patrum
2540 5506 2883 5579 antiquorum
2938 5507 3171 5580 scriptis,
3232 5515 3359 5565 ante
3400 5522 3585 5564 sacros
3631 5507 3866 5565 Nicaeus:
