4164 6378
380 319 480 373 501

1049 313 1289 372 OPUSC.
1335 314 1428 370 ET
1470 315 1695 371 EPIST.
1753 315 1828 371 IN
1879 315 2106 372 CAUSA
2157 316 2502 374 HINCMARI
2558 319 2865 374 LAUDUN.

3580 317 3686 376 502

392 440 589 513 synodi
618 447 670 496 et
701 454 933 494 anorum
987 445 1298 495 sanctorum
1319 453 1556 494 canones
1587 437 1768 505 editis,
1809 439 1982 494 colle-
2011 440 2252 511 Aagere
2298 455 2540 510 possem,
2589 447 2642 494 et
2691 441 2801 506 illa,
2854 457 2975 511 quae
3013 442 3111 496 tibi
3156 457 3222 498 ac
3262 441 3538 512 parochias
3582 448 3687 496 tum

390 529 537 601 gisti.
564 529 623 582 In
641 527 833 598 quibus
852 527 1152 582 sententias
1172 526 1315 581 inter
1347 542 1406 581 se
1429 526 1704 592 dissonas,
1723 533 1774 580 et
1799 534 1989 581 contra

391 616 766 687 evangelicam
827 623 880 669 et
935 614 1293 685 apostolicam
1349 622 1510 686 atque
1572 614 1885 669 canonicam
1935 623 1988 669 et

391 704 703 774 apostolicae
737 703 883 758 sedis
904 702 1285 758 auctoritatem
1306 702 1664 768 immiscuisti,
1726 710 1778 756 et
1809 702 1986 757 eidem

388 791 596 857 libello,
631 792 746 846 sine
794 790 1197 860 metropolitani
1227 797 1278 844 et
1334 790 1786 860 coepiscoporum
1833 791 1982 844 Rhe-

385 879 595 934 mensis
622 878 918 950 provinciae
949 879 1276 934 conscientia
1296 894 1359 933 ac
1399 893 1690 943 consensu,
1743 878 1984 932 subscri-

387 966 564 1038 psisti,
600 975 651 1021 et
680 982 713 1021 a
761 966 971 1022 clericis
1001 965 1266 1022 Ecclesiae
1297 973 1402 1020 tuae
1457 973 1514 1020 et
1561 982 1592 1019 a
1637 965 1980 1036 parochianis

381 1054 721 1126 presbyteris
751 1053 1021 1110 subscribi
1051 1053 1244 1119 fecisti,
1270 1054 1458 1108 volens
1499 1061 1552 1108 te
1573 1069 1605 1107 a
1644 1053 1978 1122 subjectione

376 1152 481 1198 tuae
533 1141 849 1212 metropolis
904 1149 1125 1196 exutum
1178 1148 1474 1209 ostentare,
1524 1148 1576 1196 et
1631 1140 1976 1211 privilegium

378 1231 810 1302 metropolitanaa
851 1229 996 1284 sedis
1030 1229 1314 1285 annulare.
1370 1228 1540 1296 Quasi
1587 1245 1697 1283 non
1756 1244 1973 1299 possem

381 1318 676 1388 impietatis
719 1326 821 1371 tum
865 1317 1240 1389 colligationes
1307 1317 1564 1371 canonica
1631 1315 1968 1385 auctoritate,

380 1405 501 1460 sine
525 1414 614 1460 tuo
630 1421 903 1460 consensu
932 1419 995 1459 ac
1025 1404 1140 1458 sine
1175 1404 1421 1474 synodali
1460 1411 1728 1460 conventu
1776 1404 1832 1457 in
1875 1419 1973 1474 pa-

380 1494 573 1548 rochia
612 1500 702 1548 tuo
742 1492 1060 1557 dissolvere,
1110 1507 1233 1547 cum
1269 1491 1336 1546 de
1386 1491 1547 1546 certis
1589 1499 1641 1546 et
1668 1491 1971 1546 manifestis

378 1581 576 1647 causis,
635 1598 754 1651 qua:
805 1581 860 1634 in
889 1580 1038 1634 nullo
1068 1579 1225 1634 nobis
1258 1586 1380 1633 sunt
1402 1579 1568 1633 dubia
1600 1579 1686 1635 vel
1716 1579 1967 1646 obscura,

376 1677 429 1724 et
458 1670 528 1724 de
562 1668 756 1740 quibus
779 1667 1008 1722 tinitivas
1031 1667 1348 1732 sententias,
1374 1683 1496 1738 quae
1539 1667 1595 1720 in
1645 1667 1795 1721 nulla
1835 1683 1970 1738 pos-

374 1764 502 1810 sunt
531 1756 741 1811 ratione
762 1755 1011 1824 convelli,
1047 1771 1080 1809 a
1110 1755 1308 1809 sanctis
1325 1755 1570 1808 Patribus
1597 1754 1968 1827 promulgatas

371 1845 657 1913 habemus,
711 1842 968 1914 synodale
1031 1843 1339 1898 consultum
1382 1842 1472 1897 vel
1518 1842 1968 1913 coepiscoporum

372 1940 576 1987 nostrae
602 1931 897 2003 provinciae
920 1930 1204 1985 consilium
1244 1930 1332 1985 vel
1361 1945 1689 1984 consensum
1727 1946 1836 1984 non
1865 1931 1967 1984 de-

368 2020 530 2075 beam
560 2026 895 2090 exspectare,
930 2025 1031 2072 eta
1058 2017 1264 2090 regulis
1294 2017 1626 2088 praestitutis,
1658 2025 1714 2071 ut
1748 2026 1966 2073 sanctus

366 2109 478 2163 Leo
500 2107 665 2163 dicit:
693 2129 715 2154 u
756 2106 902 2160 nulla
925 2113 1016 2160 aut
1039 2105 1378 2178 negligentia
1407 2113 1498 2159 aut
1541 2105 1966 2175 praesumptione

367 2195 674 2262 discedere,
715 2209 816 2250 nec
863 2193 1024 2249 etiam
1074 2193 1261 2248 sedem
1309 2193 1666 2264 apostolicam
1710 2193 1835 2248 inde
1879 2193 1967 2247 in-

360 2283 630 2356 quietare,
664 2282 801 2338 sicut
824 2281 993 2352 ipsius
1026 2289 1227 2336 sanctae
1259 2281 1408 2336 sedis
1461 2281 1602 2336 beati
1657 2280 1962 2352 pontifices,

365 2370 737 2436 Innocentius,
796 2369 1060 2439 Zosimus,
1117 2369 1463 2436 Coelestinus,
1532 2370 1658 2437 Leo,
1728 2370 1962 2435 Hilarus,

361 2459 643 2524 Gelasius,
683 2458 1012 2531 Gregorius,
1045 2465 1097 2512 et
1129 2457 1219 2512 alii
1248 2457 1437 2529 plures
1467 2458 1712 2527 ejusdem
1762 2465 1966 2513 sanctm

357 2549 508 2604 sedis
541 2555 776 2602 rectores
805 2547 862 2600 in
889 2545 1132 2601 decretis
1160 2546 1272 2600 suis
1325 2546 1634 2615 ostendunt,
1677 2569 1698 2593 η
1735 2553 1788 2600 et
1829 2545 1963 2600 reli-

360 2651 490 2709 qua.
524 2636 659 2690 Item
690 2633 830 2689 datis
861 2633 1268 2690 auctoritatibus
1313 2633 1518 2688 Gelasii
1567 2649 1743 2704 papae.
1792 2653 1813 2683 n
1836 2635 1965 2688 Post

356 2723 572 2796 prmfati
600 2723 854 2794 denique,
886 2721 1078 2794 inquit,
1109 2722 1434 2776 monstruosi
1456 2720 1644 2787 libelli,
1676 2738 1706 2774 a
1733 2728 1785 2775 te
1801 2737 1963 2776 mon-

364 2820 580 2868 struose
627 2811 860 2877 collecti,
913 2818 1063 2866 tuam
1101 2816 1428 2882 tuorumque
1489 2809 1960 2880 subscriptionem,

353 2901 392 2954 li
409 2900 564 2955 tteris
588 2915 822 2971 quarum
845 2899 1131 2969 exemplar
1152 2897 1331 2954 habeo
1347 2898 1528 2952 denuo
1559 2904 1610 2951 te
1653 2897 1964 2953 commonui

357 2996 416 3043 ut
446 3004 510 3044 ea
540 3004 662 3059 qua:
691 2987 763 3059 {in
792 2987 1053 3058 parochia
1086 2993 1176 3039 tua
1214 2994 1401 3041 contra
1459 2985 1722 3040 rationem
1778 2993 1831 3039 et
1861 3001 1962 3040 au-

351 3075 660 3131 ctoritatem
691 3091 912 3147 egeras,
949 3074 1197 3128 studeras
1243 3073 1559 3144 corrigere:
1595 3074 1694 3129 sed
1726 3073 1964 3128 admoni-

353 3164 490 3220 tioni
515 3179 654 3219 mea:
674 3179 784 3218 non
807 3162 1054 3234 paruisti.
1089 3161 1298 3217 Deinde
1326 3178 1392 3216 ex
1423 3161 1660 3232 praefatis
1712 3161 1958 3232 epistolis

348 3254 612 3309 Romanae
641 3252 785 3307 sedis
802 3251 1136 3322 pontificum,
1166 3257 1289 3305 ante
1339 3250 1618 3306 Nicaenam
1693 3251 1961 3320 synodum

348 3340 594 3410 scriptis,
629 3339 870 3394 libellum
912 3356 944 3393 a
1003 3346 1056 3394 te
1107 3339 1418 3404 collectum,
1479 3345 1532 3392 et
1579 3337 1864 3393 versiculis
1905 3337 1960 3391 in

344 3427 566 3482 nomine
614 3425 799 3480 domui
857 3442 920 3481 re
939 3426 1026 3498 gis
1086 3425 1264 3482 Caroli
1319 3425 1604 3492 titulatum,
1657 3441 1757 3495 per
1795 3441 1960 3480 vene-

347 3514 580 3570 rabilem
630 3514 901 3585 quondam
972 3515 1451 3585 archiepiscopum
1497 3513 1847 3569 Wanilonem
1903 3514 1959 3568 in

344 3601 604 3659 Gundulfi
637 3602 765 3657 villa
794 3618 982 3658 coram
1014 3602 1289 3673 episcopis
1348 3602 1441 3672 qui
1482 3601 1772 3656 adfuerunt
1828 3601 1959 3662 mihi

341 3691 612 3746 direxisti.
669 3691 748 3745 De
779 3706 885 3762 quo
919 3689 1029 3745 tibi
1060 3690 1262 3761 scripto
1281 3689 1560 3760 respondi,
1587 3690 1740 3758 cujus
1762 3706 1962 3745 exem-

341 3779 466 3851 plar
493 3779 694 3845 habeo,
728 3794 960 3834 monens
998 3785 1050 3833 te
1083 3786 1140 3832 ut
1163 3778 1334 3833 sacris
1373 3779 1674 3834 canonibus
1720 3779 1960 3848 promul-

339 3866 487 3940 gatis
516 3865 682 3921 ﬁdem
712 3867 1176 3936 accommodares,
1209 3873 1263 3921 et
1292 3865 1536 3920 debitam
1590 3866 1954 3921 obedientiam

337 3955 449 4010 illis
469 3955 831 4026 dependeres.
884 3955 1015 4009 Inde
1059 3954 1115 4008 in
1188 3953 1457 4009 Attiniaco
1487 3955 1809 4010 Rhemensis
1860 3971 1956 4025 pa-

339 4043 567 4112 rochias,
601 4043 697 4097 tibi
726 4059 913 4099 coram
945 4042 1215 4114 episcopis
1235 4043 1361 4097 debi
1381 4043 1626 4097 libellum
1671 4043 1727 4096 in
1803 4043 1951 4114 quin-

343 4131 602 4204 quaginta
649 4131 886 4202 quinque
933 4131 1201 4201 capitulis,
1271 4131 1618 4187 auctoritates
1675 4131 1941 4186 ecclesia-

341 4221 509 4276 sticas
555 4219 938 4284 continentem,
990 4226 1180 4275 contra
1242 4219 1335 4273 illa
1401 4236 1521 4290 quae
1583 4218 1637 4272 in
1695 4218 1934 4289 praefatis

333 4309 444 4364 tuis
509 4309 722 4363 duobus
773 4308 1097 4380 collegeras,
1163 4323 1393 4362 monens
1455 4315 1583 4361 uta
1631 4307 1830 4360 talibus
1880 4315 1948 4362 et

331 4396 648 4465 hujusmodi
720 4395 1242 4466 reprehensionibus
1291 4403 1344 4450 te
1407 4395 1713 4461 cohiberes,
1782 4402 1836 4449 et
1887 4403 1940 4449 te

2090 534 2277 582 contra
2298 528 2676 600 colligationes
2704 535 2808 582 tuae
2828 528 3122 599 impietatis
3145 529 3472 594 direxeram,
3497 543 3683 584 coram

2085 613 2192 669 illis
2238 615 2410 686 relegi
2452 615 2575 671 feci.
2628 616 2784 671 Unde
2831 623 2883 669 et
2911 616 2979 669 ab
3009 616 3217 671 eisdem
3247 616 3518 686 episcopis
3543 629 3680 686 prmo

2083 701 2241 756 dictis
2286 702 2426 758 sacri
2469 711 2766 758 conventus
2814 704 3248 771 auctoritatibus,
3303 704 3557 774 quoniam
3585 703 3676 758 in-

2075 788 2220 856 juste
2265 806 2328 845 ac
2366 790 2751 862 irregulariter
2781 799 2960 846 tantas
2983 799 3034 846 et
3062 792 3200 846 tales
3230 790 3668 846 excommunica-

2080 877 2256 932 tiones
2300 892 2467 948 agere
2513 878 2928 948 praesumpsisti,
2962 887 3014 933 et
3042 895 3072 931 a
3101 878 3302 932 domno
3332 893 3466 949 rege
3497 878 3671 947 impe-

2079 964 2225 1032 titus,
2259 965 2516 1035 quoniam
2542 965 2851 1034 juramenta
2881 966 2958 1020 illi
2986 982 3019 1020 a
3047 973 3100 1021 te
3129 981 3293 1035 super
3338 980 3495 1020 sacra
3525 980 3672 1034 prm-

2079 1051 2202 1105 stita
2232 1067 2340 1107 non
2361 1053 2690 1122 observasti,
2715 1054 2812 1108 sed
2844 1060 2897 1108 et
2918 1054 3045 1124 quia
3075 1070 3166 1108 res
3183 1069 3294 1107 suae
3320 1050 3671 1123 proprietatis

2074 1147 2261 1194 contra
2290 1140 2444 1212 leges
2468 1140 2680 1195 divinas
2711 1147 2765 1195 et
2793 1142 3059 1195 humanas
3091 1140 3415 1207 invasisti,et
3442 1155 3475 1194 a
3502 1141 3669 1194 Nort-

2074 1243 2271 1282 manno
2312 1227 2368 1281 in
2397 1228 2606 1298 synodo
2636 1237 2940 1293 accusatus,
2969 1229 3227 1299 quoniam
3260 1245 3385 1282 eum
3405 1228 3474 1282 de
3505 1227 3668 1283 rebus

2074 1322 2160 1368 tua
2209 1316 2564 1370 concessione
2593 1325 2755 1387 atque
2785 1317 3147 1372 consensione
3175 1333 3205 1369 a
3237 1316 3438 1370 domno
3473 1315 3670 1369 Carolo

2073 1402 2175 1456 sibi
2217 1402 2567 1468 beneficiatis,
2616 1404 2732 1458 sine
2776 1404 3093 1459 auctoritate
3133 1404 3303 1475 regia,
3336 1410 3544 1457 armata
3560 1402 3662 1456 mi-

2070 1489 2212 1545 litari
2259 1507 2439 1560 manu,
2488 1499 2542 1546 et
2583 1492 2741 1546 turba
2788 1492 2937 1563 vulgi
2967 1492 3198 1547 collecta
3223 1507 3347 1547 cum
3378 1491 3578 1563 gladiis
3608 1497 3664 1545 et

2068 1579 2319 1646 fustibus,
2365 1579 2600 1650 primum
2648 1581 2867 1652 quidem
2931 1596 3157 1635 uxorem
3199 1595 3350 1634 suam
3400 1597 3522 1651 qua
3565 1579 3662 1635 tibi

2069 1667 2186 1721 sine
2216 1667 2325 1722 ullo
2350 1675 2481 1736 erat,
2515 1676 2568 1722 et
2598 1677 2787 1738 postea
2816 1669 2970 1722 illum
3007 1669 3191 1738 ipsum
3219 1675 3408 1724 contra
3431 1667 3586 1739 leges
3608 1676 3661 1721 et

1996 1785 2048 1844 B
2070 1756 2290 1827 regulas
2335 1755 2603 1826 repulisti,
2640 1765 2693 1811 et
2721 1756 2905 1812 omnia
2935 1773 3031 1811 sua
3060 1773 3179 1828 quae
3202 1757 3278 1810 ibi
3307 1756 3496 1810 habuit
3525 1756 3660 1810 abs-

2070 1843 2254 1909 tulisti,
2317 1845 2415 1898 sed
2477 1851 2530 1898 et
2581 1858 2614 1898 a
2680 1845 2786 1898 tuis
2825 1844 3133 1898 hominibus
3175 1850 3479 1907 accusatus,
3539 1842 3662 1914 quia

2068 1938 2259 1986 contra
2305 1931 2460 2003 leges
2509 1931 2722 1985 divinas
2754 1940 2805 1987 et
2825 1932 3128 1986 mundanas
3159 1933 3238 1987 eis
3273 1947 3372 1986 sua
3395 1930 3664 1986 beneﬁcia

2069 2018 2355 2084 abstulisti,
2390 2027 2445 2072 ut
2477 2019 2793 2089 synodalem
2813 2035 3098 2075 censuram
3148 2019 3428 2086 evaderes,
3467 2017 3664 2073 dedisti

2067 2107 2188 2176 regi
2234 2114 2286 2160 et
2313 2107 2444 2161 mihi
2475 2107 2530 2160 in
2575 2108 2768 2162 eadem
2808 2109 3018 2178 synodo
3060 2106 3415 2177 professionis
3449 2114 3554 2160 tuas
3596 2105 3662 2160 li-

2067 2194 2270 2248 bellum
2301 2195 2368 2249 de
2413 2194 2656 2266 regulari
2706 2195 3017 2249 obedientia
3060 2203 3167 2259 tua,
3202 2209 3361 2266 quem
3382 2194 3576 2261 habeo,
3611 2200 3665 2247 et

2068 2289 2124 2336 tu
2154 2298 2356 2352 negare
2387 2298 2495 2337 non
2524 2289 2722 2353 potest,
2757 2283 3016 2354 quoniam
3046 2282 3221 2353 ipsius
3270 2281 3550 2352 exemplar
3589 2281 3660 2335 de

2067 2386 2229 2425 manu
2257 2387 2379 2425 mea
2407 2371 2463 2425 in
2514 2371 2708 2426 eadem
2739 2372 2949 2442 synodo
2980 2371 3254 2441 accepisti,
3289 2371 3426 2425 sicut
3453 2369 3510 2424 in
3535 2383 3658 2439 pro-

2067 2474 2226 2515 cessu
2271 2459 2611 2514 monstrabo.
2663 2459 2772 2513 Sed
2814 2466 2873 2513 ut
2915 2459 2998 2513 vir
3031 2457 3229 2528 duplex
3267 2457 3447 2512 animo
3481 2464 3535 2510 et
3569 2456 3658 2509 in-

2067 2555 2323 2602 constans
2354 2546 2407 2601 in
2458 2546 2709 2601 omnibus
2751 2546 2855 2602 viis
2897 2547 3022 2612 tuis,
3071 2546 3252 2601 statim
3319 2546 3376 2599 in
3424 2543 3657 2599 crastina

2065 2635 2263 2691 misisti
2298 2634 2430 2690 mihi
2467 2651 2568 2704 per
2597 2635 2910 2701 Arduicum,
2961 2633 3331 2689 venerabilem
3361 2632 3653 2688 Vesontio-

2063 2739 2290 2779 nensem
2329 2723 2665 2793 episcopum,
2720 2723 2790 2777 ad
2831 2722 3196 2793 profitendum
3225 2729 3276 2776 et
3306 2720 3652 2776 subscriben-

2064 2811 2192 2866 dum
2238 2811 2355 2876 tibi,
2402 2810 2739 2866 breviculum
2781 2811 2856 2864 ita
2902 2827 2961 2865 se
3019 2811 3344 2866 habentem:
3383 2832 3403 2856 ιε
3439 2809 3506 2862 Et
3536 2823 3642 2880 ego

2071 2921 2093 2950 α
2129 2898 2452 2954 Hincmarus
2498 2899 2829 2954 Bhemorum
2876 2898 3322 2968 archiepiscopus
3362 2896 3461 2950 tibi
3493 2895 3655 2951 Hinc-

2069 3010 2089 3033 ‹‹
2127 3003 2278 3041 maro
2323 2985 2668 3041 Laudunensi
2714 2986 2972 3057 episcopo
3024 2993 3172 3040 tuum
3203 2984 3442 3039 debitum
3485 2983 3658 3039 sacris

2069 3098 2090 3122 ιι
2129 3075 2430 3131 canonibus
2473 3074 2819 3146 privilegium
2865 3074 3220 3138 conservabo,
3245 3080 3298 3128 et
3326 3073 3381 3126 in
3420 3072 3646 3142 quibus-

2069 3186 2089 3210 «
2128 3179 2344 3234 cunque
2393 3162 2775 3218 ecclesiasticis
2814 3162 3050 3233 negotiis
3103 3160 3426 3232 indigueris,
3453 3175 3654 3214 secun-

2067 3271 2088 3300 α
2124 3251 2252 3304 dum
2300 3266 2482 3305 sacras
2525 3249 2748 3321 regulas
2795 3249 3033 3304 debitum
3063 3249 3159 3303 tibi
3183 3249 3307 3316 jure
3333 3246 3654 3316 adjutorium

2065 3361 2086 3386 «
2121 3338 2568 3409 archiepiscopali
2599 3337 2916 3393 auctoritate
2947 3337 3239 3391 adhibebo.
3267 3356 3290 3386 ιο
3326 3335 3459 3404 Quae
3487 3349 3656 3390 causa

2059 3437 2168 3477 non
2199 3423 2372 3476 solum
2403 3437 2513 3476 non
2550 3422 2618 3476 de
2646 3421 2854 3486 humili,
2888 3436 3081 3476 verum
3111 3420 3292 3476 necde
3321 3434 3456 3474 sano
3487 3433 3652 3474 sensu

2059 3519 2352 3589 processit.
2393 3519 2657 3588 Injustum
2679 3518 2875 3590 quippe
2905 3533 2967 3574 ac
3002 3516 3371 3572 irrationabile
3417 3517 3648 3583 videtur,

2058 3614 2115 3661 ut
2149 3607 2612 3678 archiepiscopus,
2656 3622 2688 3660 a
2737 3606 2904 3662 sacris
2947 3606 3247 3660 canonibus
3285 3620 3395 3660 non
3425 3604 3648 3660 exorbi-

2057 3703 2197 3762 tans,
2230 3695 2514 3752 excedenti
2561 3695 2820 3765 episcopo
2852 3692 3202 3765 suﬁ‘raganeo
3229 3708 3263 3747 a
3296 3708 3357 3747 se
3399 3693 3648 3749 ordinato

2055 3783 2413 3854 professionis
2444 3797 2510 3838 ac
2539 3782 2954 3853 subscriptionis
2980 3781 3186 3850 libello,
3236 3781 3373 3836 sicut
3401 3780 3646 3852 postula-

2055 3889 2236 3938 veras,
2287 3871 2644 3928 satisfaceret.
2687 3871 2836 3928 Sicut
2856 3871 3000 3926 enim
3047 3870 3346 3926 secundum
3404 3869 3649 3940 Scriptu-

2056 3977 2171 4014 ram
2199 3960 2376 4015 minor
2403 3977 2432 4014 a
2466 3960 2670 4028 majore
2713 3959 3071 4025 benedicitur,
3109 3959 3182 4012 ita
3213 3975 3438 4029 prorsus
3468 3957 3649 4013 minor

2053 4063 2082 4101 a
2111 4048 2319 4116 majore
2349 4056 2400 4104 et
2431 4065 2538 4103 non
2561 4065 2593 4102 ε,
2621 4049 2792 4116 major
2817 4065 2847 4101 a
2874 4047 3086 4103 minore
3104 4046 3392 4116 judicatur,
3423 4045 3642 4118 ligatur,

2053 4136 2136 4190 vel
2165 4136 2404 4204 solvitur,
2440 4136 2579 4190 sicut
2622 4144 2674 4190 et
2704 4136 2757 4188 in
2789 4136 3020 4191 decretis
3053 4135 3259 4189 Gelasii
3291 4135 3642 4190 demonstra-

2050 4230 2152 4277 tur.
2201 4224 2351 4277 Juste
2385 4224 2552 4295 igitur
2584 4231 2637 4278 et
2683 4222 3072 4277 rationabiliter
3106 4222 3203 4275 tibi
3244 4222 3370 4278 hinc
3400 4239 3634 4291 respon-

2050 4311 2209 4365 detur
2233 4327 2299 4365 ex
2326 4311 2532 4366 Iacobo
2562 4309 2709 4383 (cap.
2758 4310 2858 4380 ιν),
2891 4309 3078 4365 Petisti
3115 4317 3167 4364 et
3195 4325 3305 4364 non
3352 4309 3632 4380 accepisti,

2049 4415 2114 4453 eo
2150 4399 2295 4470 quod
2322 4399 2462 4453 male
2500 4398 2699 4469 petisti.
2736 4398 2844 4455 Sed
2874 4406 2926 4454 et
2969 4398 3023 4452 in
3054 4413 3118 4453 eo
3150 4397 3295 4468 quod
3327 4397 3424 4451 tibi
3476 4413 3507 4452 a
3545 4413 3636 4452 me

332 4484 509 4541 sacris
536 4483 744 4556 regulis
770 4484 1032 4550 subdens,
1057 4497 1249 4554 pacem
1279 4491 1330 4537 et
1375 4482 1794 4538 sanctimoniam
1840 4499 1932 4538 se-
1964 4479 2015 4538 D
2041 4487 2308 4542 subscribi
2335 4486 2653 4558 poposcisti,
2687 4495 2746 4541 ut
2788 4495 2941 4542 tuum
2977 4487 3219 4542 debitum
3269 4486 3440 4542 sacris
3487 4501 3633 4556 prae-

333 4573 576 4629 cundum
617 4571 933 4642 Apostolum
979 4571 1134 4642 sequi
1181 4570 1451 4626 studeres.
1485 4572 1564 4625 Tu
1593 4577 1773 4624 autem
1803 4570 1929 4626 nul-

330 4661 447 4716 lam
503 4660 631 4716 inde
705 4675 843 4714 mea
909 4658 1262 4713 admonitioni
1325 4658 1739 4714 satisfactionem
1788 4659 1933 4714 exhi-

327 4748 516 4804 buisti:
563 4747 694 4820 quin
742 4747 923 4818 potius
965 4747 1198 4802 rotulam
1256 4747 1700 4819 prolixissimam,
1747 4755 1932 4804 contra

329 4836 622 4893 veritatem
671 4842 724 4891 et
754 4834 1132 4891 auctoritatem
1180 4849 1246 4891 ac
1294 4836 1560 4890 rationem
1593 4843 1927 4904 contextam,

325 4926 388 4980 in
418 4924 609 4980 eadem
655 4923 866 4994 synodo
911 4922 1173 4989 obtulisti,
1207 4930 1260 4978 et
1287 4923 1576 4994 praefatum
1595 4931 1744 4979 tuum
1771 4940 1933 4980 mon-

322 5021 599 5069 struosum
645 5011 888 5067 libellum
943 5027 974 5065 a
1021 5018 1073 5066 te
1113 5018 1166 5066 et
1193 5027 1226 5066 a
1287 5012 1394 5067 tuis
1454 5013 1818 5082 subscriptum
1875 5013 1932 5067 in

321 5100 518 5156 eadem
572 5099 783 5172 synodo
837 5098 1126 5170 protulisti,
1189 5115 1352 5172 quem
1405 5100 1609 5156 ibidem
1657 5101 1933 5170 accipiens

321 5191 589 5245 hactenus
627 5202 809 5244 servo.
856 5188 925 5242 Et
971 5203 1094 5243 cum
1134 5203 1224 5243 me
1267 5188 1377 5243 vidi
1425 5197 1549 5260 post
1576 5196 1653 5244 tot
1681 5189 1932 5244 admoni-

315 5278 499 5333 tiones
567 5275 703 5331 nihil
767 5275 914 5347 apud
953 5283 1007 5331 te
1058 5291 1224 5347 posse
1277 5277 1566 5347 proiicere,
1617 5278 1932 5334 schedulam

315 5364 546 5438 porrexi
583 5363 641 5419 in
704 5363 916 5435 synodo
959 5364 1341 5436 episcoporum
1375 5365 1564 5419 decem
1613 5365 1928 5436 provincia-

319 5469 464 5520 rum,
496 5452 568 5508 ab
588 5451 799 5508 eisdem
828 5452 1154 5509 venerandis
1183 5452 1456 5523 episcopis
1499 5468 1749 5524 quaerens
1805 5470 1932 5509 con-

317 5542 529 5612 silium,
553 5540 685 5615 quid
726 5547 915 5599 contra
953 5547 1101 5597 tuam
1130 5541 1465 5614 pertinacem
1529 5542 1930 5598 contumaciam

2029 4574 2351 4645 cipientibus
2378 4576 2672 4630 canonibus
2691 4576 3040 4649 privilegium
3081 4591 3484 4644 conservarem,
3527 4589 3629 4643 pe-

2031 4662 2138 4717 tisti
2167 4664 2312 4735 quod
2333 4664 2568 4729 voluisti,
2601 4664 2699 4719 sed
2726 4664 2949 4721 nescisti
2984 4665 3127 4736 quod
3164 4663 3384 4717 dixisti:
3422 4663 3459 4709 ‹‹’
3479 4677 3619 4732 quo-

2025 4751 2188 4816 niam,
2219 4758 2276 4805 ut
2305 4760 2520 4807 sanctus
2552 4753 2915 4822 Hieronymus
2955 4752 3104 4816 dicit,
3131 4749 3618 4822 privilegiasingu-

2031 4839 2206 4894 lorum
2223 4841 2756 4913 communemlegem
2772 4840 2951 4896 facere
2964 4855 3073 4894 non
3103 4846 3350 4909 possunt.
3383 4839 3452 4892 Et
3485 4837 3630 4894 sacri

2026 4943 2262 4983 canones
2295 4928 2717 4998 provincialibus
2749 4928 3038 4999 episcopis,
3074 4934 3124 4981 et
3156 4942 3346 4982 eorum
3383 4927 3632 4982 ecclesiis

2028 5015 2116 5071 vel
2164 5016 2405 5080 sedibus,
2453 5017 2757 5088 privilegia,
2801 5016 3008 5071 scilicet
3063 5015 3303 5087 privatas
3352 5015 3506 5088 leges
3549 5017 3637 5072 vel

2026 5091 2154 5159 jura
2179 5103 2389 5173 privata
2435 5105 2768 5175 generaliter
2808 5119 2919 5159 non
2964 5104 3253 5169 dederunt,
3303 5104 3432 5175 quia
3485 5104 3632 5176 quod

2032 5207 2224 5246 omnes
2245 5192 2574 5263 generaliter
2594 5193 2810 5258 habent,
2835 5193 2925 5261 jus
2971 5193 3208 5263 speciale
3260 5201 3314 5249 et
3354 5192 3635 5266 dignitatis

2026 5280 2113 5334 lex
2144 5281 2356 5350 privata
2384 5297 2504 5335 esse
2537 5296 2645 5335 non
2674 5281 2835 5336 valet.
2878 5281 2988 5336 Sed
3040 5283 3475 5353 metrOpolitanis
3518 5282 3635 5354 epi-

2031 5369 2210 5438 scopis
2241 5384 2303 5423 ac
2340 5369 2770 5439 metropolitanis
2818 5370 3041 5426 sedibus
3094 5371 3380 5443 privilegia
3425 5371 3634 5426 tribue-

2037 5463 2178 5520 runt,
2226 5477 2247 5505 ιο
2300 5463 2352 5510 et
2398 5465 2596 5512 caetera
2645 5458 2712 5513 de
2752 5459 2920 5515 sacris
2969 5461 3273 5516 canonibus
3309 5468 3362 5516 et
3399 5459 3632 5516 decretis

2033 5543 2229 5600 Leonis
2289 5559 2444 5616 papa:
2467 5545 2730 5603 subnexa.
2751 5548 2881 5604 Post
2899 5565 3019 5621 quae
3067 5548 3375 5604 subinfert:
3431 5569 3454 5600 ι
3481 5548 3633 5616 Qua-
