4164 6320
550 268 655 321 503

1554 260 1898 340 HINCMARI
1924 255 2324 316 RHEMENSIS
2355 253 2908 312 ARCHIEPISCOPI.

3736 255 3842 310 ε)οᾶ

546 394 771 459 propter
818 385 1036 458 quando
1078 384 1206 441 talia
1241 384 1374 440 mihi
1422 384 1493 440 ad
1521 384 1884 455 profitendum
1913 362 1967 438 et
1994 382 2129 437 sub-
2158 379 2215 441 A
2234 378 2864 436 communicatione.«De
2883 377 3239 434 sacramentis
3251 384 3433 433 autem
3449 385 3545 433 ate
3557 377 3675 451 regi
3686 394 3837 449 pra-

545 474 894 531 scribendum
936 474 1156 541 misisti,
1207 474 1350 530 scire
1398 473 1670 528 debueras
1713 473 1860 544 quod
1914 471 1975 525 in
2022 472 2140 527 istis

547 562 865 636 regionibus
907 578 1068 616 nemo
1116 560 1257 633 p‘ene
1314 561 1548 634 ignorat,
1622 561 1751 632 quia
1791 559 2143 631 municipium

547 649 787 705 Lauduni
814 693 827 717 ,
861 650 919 704 in
949 666 1056 722 quo
1089 666 1149 704 es
1178 649 1455 705 ordinatus
1484 648 1792 720 episcopus,
1825 648 1893 702 ab
1921 648 2142 703 exordio

549 738 650 804 sui,
698 745 991 809 postquam
1036 754 1069 792 a
1137 738 1442 794 Marcobrio
1484 744 1739 808 praetore,
1804 743 1881 790 utr
1907 736 2143 805 produnt

546 826 808 893 historia,
872 826 1148 882 conditum
1177 826 1294 892 fuit,
1326 841 1606 897 nunquam
1643 824 1784 878 inter
1816 824 1976 878 sedes
2004 840 2140 894 pro-

547 913 809 970 vinciales
840 914 1175 969 Rhemorum
1202 913 1518 984 provinciae,
1544 913 1600 966 in
1626 911 1948 983 paganismo
1978 912 2065 966 vel
2086 910 2142 965 in

550 1000 983 1069 Christianismo,
1014 1017 1212 1056 nomen
1241 1001 1328 1056 vel
1347 1001 1526 1055 locum
1566 999 1769 1069 habuit,
1805 999 1981 1055 donec
2011 1015 2139 1053 san-

550 1097 669 1145 ctus
693 1089 1013 1162 Rhemigius
1060 1090 1304 1144 decimus
1346 1089 1563 1160 quintus
1592 1089 1921 1143 Rhemorum
1958 1087 2140 1143 archi-

550 1177 857 1249 episcOpus,
904 1177 1064 1233 certis
1127 1177 1452 1248 quibusdam
1515 1176 1890 1231 accidentibus
1940 1175 2137 1242 causis,

549 1266 757 1337 primus
805 1264 1005 1319 ibidem
1036 1264 1302 1319 ordinavit
1328 1265 1664 1335 episcOpum,
1717 1271 1770 1319 et
1800 1264 1946 1318 idem
1965 1262 2143 1317 muni-

551 1353 714 1425 cipio,
739 1353 808 1409 de
836 1352 999 1407 rebus
1024 1352 1347 1408 Rhemensis
1364 1352 1680 1423 metropolis
1711 1351 1844 1407 satis
1868 1367 2141 1423 superque

547 1440 737 1508 ditato,
782 1442 960 1513 ipsum
1000 1441 1332 1508 comitatum,
1377 1441 1431 1496 in
1466 1456 1571 1512 quo
1607 1440 1875 1509 consistit,
1928 1447 2140 1511 partem

550 1529 757 1585 scilicet
785 1545 852 1585 ex
880 1529 1173 1584 Bhemensi
1217 1529 1476 1601 parochia
1495 1529 1772 1601 delegavit
1797 1548 1809 1595 ;
1843 1527 1942 1583 sed
1980 1544 2132 1583 sem-

547 1632 649 1687 per
694 1616 791 1671 fuit
841 1617 1165 1674 Rbemensis
1227 1616 1525 1687 provincia
1573 1615 1946 1686 municipium,
2000 1615 2139 1671 sicut

2244 467 2383 521 stitis
2413 482 2523 522 non
2544 474 2627 522 est
2654 467 2786 521 mihi
2810 483 3035 522 necesse
3065 467 3272 538 aliquid
3303 466 3559 536 scribere,
3580 466 3836 537 quoniam

2242 571 2382 627 pene
2412 571 2602 611 omnes
2616 555 2811 624 sciunt,
2834 555 2965 628 quid
2994 555 3062 610 de
3088 553 3349 625 perjurio,
3367 554 3561 609 siforte
3591 554 3723 608 illud
3738 554 3836 608 ad-

2241 643 2455 708 misisti,
2481 643 2744 698 Dominus
2757 644 2811 698 in
2829 643 2953 714 lege
2967 651 3017 697 et
3039 642 3340 715 prophetis,
3356 642 3472 696 etin
3514 642 3829 715 Evangelia,

2243 738 2296 786 et
2321 747 2420 803 per
2447 732 2725 801 apostolos
2770 746 2834 788 ac
2863 731 3126 787 Ecclesia
3175 732 3431 786 doctores
3460 738 3623 801 atque
3655 731 3833 803 magi-

2243 827 2382 873 stros
2412 819 2572 876 dicat.
2602 821 2668 874 Et
2689 820 2834 891 quia,
2876 828 2934 873 ut
2979 819 3034 873 in
3063 819 3300 875 decretis
3348 818 3660 889 apostolica
3685 819 3832 874 sedis

2243 906 2457 973 dicitur,
2482 907 2753 962 noluimus
2783 923 3121 979 exaggerare
3170 907 3317 978 quod
3365 914 3582 980 gestum
3627 915 3727 974 est,
3761 923 3831 963 ne

2242 1010 2509 1067 cogamur
2534 996 2779 1064 judicare
2819 997 2964 1067 quod
2993 1003 3075 1051 est
3116 995 3340 1065 justum,
3389 995 3647 1067 quoniam
3685 995 3830 1067 quod

2242 1082 2368 1137 inde
2385 1083 2479 1137 tibi
2508 1083 2564 1136 in
2593 1084 2805 1154 synodo
2848 1090 3159 1154 reputatum
3191 1091 3292 1150 est,
3321 1083 3608 1152 judiciario
3639 1083 3829 1138 ordine

2241 1170 2669 1242 comprobatiam
2697 1186 2805 1225 non
2837 1178 2938 1241 est,
2973 1171 3069 1227 sed
3098 1171 3251 1243 regia
3291 1168 3624 1244 benignitate
3654 1171 3827 1225 inter-

2241 1259 2468 1313 missum
2511 1266 2611 1325 est,
2657 1258 2815 1314 omisi
2854 1259 2982 1316 hinc
3030 1259 3279 1331 regulare
3305 1259 3571 1328 judicium
3600 1275 3823 1330 ponere,

2240 1354 2298 1400 ut
2331 1354 2382 1401 te
2423 1347 2492 1401 ad
2536 1347 2921 1403 consciendum
2966 1355 3118 1402 tuam
3157 1347 3514 1402 remitterem.
3572 1348 3826 1403 Pervasio

2241 1443 2416 1489 autem
2446 1451 2632 1490 rerum
2660 1435 3003 1506 pr0prietatis
3024 1435 3192 1509 regia
3221 1451 3254 1490 a
3285 1443 3336 1489 te
3367 1442 3678 1507 perpetrata
3706 1451 3828 1490 ma-

2240 1522 2589 1577 nifestissime
2640 1522 2851 1590 clariut,
2903 1524 3030 1594 quia
3077 1539 3352 1595 nunquam
3396 1540 3487 1579 res
3534 1522 3666 1594 ipsa
3688 1524 3827 1592 juris

2243 1610 2490 1667 ecclesia
2516 1610 2893 1665 Laudunensis
2922 1610 3091 1667 fuisse
3121 1611 3371 1684 legaliter
3395 1612 3644 1682 probata
3682 1620 3823 1682 sunt,

547 1703 817 1776 hodieque
847 1705 956 1760 alia
982 1704 1275 1775 municipia
1302 1704 1357 1758 in
1388 1703 1680 1759 Rhemensi
1698 1703 1972 1773 parochia,
2020 1719 2139 1775 qua
2167 1726 2221 1785 Β
2240 1714 2343 1754 nec
2373 1715 2469 1753 sua
2506 1700 2594 1754 vel
2619 1700 2997 1770 cujuscunque
3038 1699 3264 1769 alicujus
3287 1700 3510 1755 alterius
3537 1701 3828 1757 donatione

547 1791 604 1847 in
635 1792 984 1862 subjectionis
1012 1793 1135 1849 loco
1164 1808 1229 1848 ac
1256 1792 1474 1848 nomine
1504 1799 1846 1862 permanent.
1879 1792 2002 1846 Non
2044 1791 2143 1863 igi-

550 1880 1011 1953 turprivilegium,
1035 1881 1133 1935 sed
1154 1880 1542 1950 municipatum
1574 1879 1671 1932 tibi
1703 1879 1905 1934 debere
1936 1879 2142 1934 servari

550 1976 881 2024 convenerat
900 1975 1104 2039 petere,
1130 1968 1257 2040 quia
1286 1969 1424 2023 sicut
1451 1974 1638 2038 patres
1671 1966 1840 2022 nostri
1870 1982 1933 2022 ac
1961 1967 2141 2040 magi-

552 2055 651 2109 stri
680 2056 943 2113 Ecclesia
972 2055 1206 2123 tradunt,
1265 2056 1463 2110 Paulus
1499 2056 1778 2126 apostolus
1820 2071 1925 2110 non
1963 2070 2023 2111 se
2067 2054 2144 2111 ci-

552 2158 697 2210 vem,
741 2145 841 2200 sed
882 2144 1207 2214 municipem
1254 2143 1494 2215 appellat
1556 2144 1782 2199 dicens:
1821 2145 1931 2215 Ego
1982 2144 2141 2201 homo

557 2247 685 2287 sum
696 2232 919 2304 quidem
933 2232 1160 2289 Iudaeus
1177 2249 1211 2288 a
1239 2234 1403 2289 Tarso
1439 2232 1669 2298 Ciliciae,
1702 2248 1823 2288 non
1842 2234 2046 2303 ignota:
2063 2233 2146 2288 ci-

556 2320 755 2375 vitati:
784 2321 1075 2390 municeps
1104 2320 1248 2391 (Act.
1283 2335 1428 2386 χχιι,
1463 2322 1536 2390 3).
1561 2321 1733 2375 Natus
1764 2319 1982 2391 quidem
2004 2334 2143 2390 apo-

554 2407 727 2462 stolus
755 2408 810 2462 in
838 2409 1038 2479 oppido
1070 2408 1294 2463 Galilea
1313 2408 1515 2463 Giscali
1544 2407 1659 2475 fuit,
1698 2424 1805 2479 quo
1828 2424 1860 2462 a
1886 2408 2144 2463 Romanis

554 2501 730 2566 capto,
764 2511 885 2552 cum
913 2497 1230 2567 parentibus
1262 2496 1376 2551 suis
1403 2497 1624 2551 Tarsum
1657 2496 1860 2553 Cilicia
1910 2497 2144 2552 commi-

553 2584 750 2657 gravit.
784 2586 829 2640 Α
859 2584 1055 2657 quibus
1102 2586 1172 2641 ob
1192 2585 1429 2640 studium
1475 2585 1617 2656 legis
1640 2586 1841 2640 missus
1883 2585 2144 2641 Hieroso-

552 2671 776 2743 lymam,
811 2690 842 2727 a
872 2673 1168 2729 Gamaliele
1197 2673 1312 2730 viro
1341 2674 1677 2745 doctissimo,
1712 2674 1847 2730 sicut
1877 2675 1934 2728 in
1961 2675 2149 2730 subse—

556 2761 846 2834 quentibus
864 2762 982 2832 ipse
1025 2771 1311 2831 memorat,
1358 2763 1598 2817 eruditus
1643 2770 1766 2818 est:
1801 2771 1854 2818 et
1884 2763 2007 2818 ideo
2035 2779 2146 2819 non

555 2865 616 2904 se
635 2848 834 2915 civem,
883 2850 979 2904 sed
1023 2850 1353 2920 municipem
1381 2866 1412 2903 a
1439 2850 1751 2921 municipio,
1776 2850 1833 2905 id
1854 2858 1937 2905 est
1978 2850 2145 2905 terri-

553 2936 694 2993 torio
734 2938 980 3007 ejusdem
1026 2938 1273 3007 civitatis,
1307 2938 1365 2992 in
1394 2954 1502 3009 quo
1549 2946 1632 2994 est
1659 2939 1904 3006 nutritus,
1954 2939 2145 3010 appel-

554 3025 647 3082 lat.
672 3025 883 3082 Dictum
904 3034 1082 3082 autem
1109 3026 1477 3098 municipium,
1512 3027 1659 3098 quod
1683 3021 1891 3082 tantum
1935 3027 2140 3096 munia,

2241 1786 2327 1843 vel
2358 1785 2711 1842 concessione
2741 1787 2810 1842 ab
2842 1787 3032 1853 eadem
3062 1787 3296 1843 ecclesia
3331 1804 3615 1858 possessas
3659 1787 3828 1845 fuisse

2239 1882 2595 1929 monstratum
2616 1882 2717 1929 est.
2747 1876 2903 1931 Unde
2933 1892 3099 1946 super
3142 1877 3420 1931 hominem
3447 1884 3597 1931 tuum
3633 1876 3830 1931 Tedui-

2224 1971 2390 2028 ‘num,
2415 1963 2502 2019 cui
2522 1964 2744 2018 easdem
2761 1980 3024 2034 pervasas
3045 1963 3400 2032 beneficiasti,
3425 1964 3672 2039 legaliter
3692 1982 3825 2021 con-

2241 2051 2499 2123 quisitum
2520 2059 2621 2106 est.
2647 2051 2754 2107 Sed
2774 2060 2826 2107 et
2859 2052 3211 2123 proclamatio
3247 2053 3539 2108 adversum
3560 2061 3613 2109 te
3658 2054 3825 2109 Nort-

2242 2139 2425 2194 manni
2456 2155 2586 2195 vera
2611 2138 2778 2194 fuisse
2799 2140 3007 2207 clariut,
3031 2156 3134 2197 nec
3154 2141 3383 2195 testibus
3409 2141 3657 2213 indiguit,
3689 2157 3826 2214 quo-

2238 2227 2386 2282 niam
2405 2235 2516 2282 tam
2535 2227 2977 2284 manifestissime
3002 2229 3106 2284 hoc
3138 2228 3288 2300 quod
3331 2228 3457 2284 inde
3500 2237 3692 2285 contra
3753 2231 3825 2286 le-

2242 2332 2341 2388 ges
2366 2324 2418 2371 et
2447 2316 2670 2386 regulas
2700 2315 2876 2387 egisti,
2912 2316 3052 2371 adeo
3082 2317 3333 2371 omnibus
3362 2317 3418 2371 in
3445 2316 3562 2372 istis
3592 2318 3827 2391 regioni-

2242 2402 2345 2458 bus
2372 2405 2561 2475 patuit,
2594 2411 2652 2458 ut
2680 2404 2827 2458 nulla
2856 2404 3306 2476 tergiversatione
3337 2405 3538 2461 factum
3595 2406 3707 2479 tegi
3738 2416 3829 2463 aut

2243 2492 2489 2571 excusari
2520 2491 2743 2547 valeret.
2777 2493 2920 2547 Nam
2948 2500 3159 2548 constat
3205 2493 3387 2548 multis
3435 2509 3556 2550 esse
3612 2495 3827 2550 notissi-

2243 2596 2412 2644 mum,
2447 2588 2500 2635 et
2530 2587 2585 2635 tu
2628 2580 2685 2634 in
2715 2580 2933 2651 scriptis
2951 2580 3055 2636 tuis
3081 2582 3281 2637 domno
3307 2583 3423 2653 regi
3446 2590 3497 2638 et
3525 2583 3657 2637 mihi
3684 2583 3828 2639 dire-

2245 2667 2344 2723 ctis
2372 2668 2476 2724 hoc
2509 2667 2805 2735 conﬁteris,
2829 2669 3086 2740 quoniam
3117 2670 3187 2725 ad
3240 2670 3680 2740 deprecationem
3711 2671 3824 2727 Ro-

2245 2755 2376 2810 dulfi
2406 2764 2458 2811 et
2493 2756 2728 2812 Conradi
2750 2757 2972 2814 easdem
3002 2773 3109 2826 res,
3141 2765 3433 2829 postquam
3472 2760 3703 2815 domnus
3730 2778 3826 2817 rex

2244 2842 2364 2897 illas
2406 2859 2440 2898 a
2470 2843 2638 2915 longo
2666 2852 2912 2916 tempore
2942 2845 3010 2901 de
3059 2845 3292 2901 ecclesia
3311 2846 3647 2902 Laudunensi
3695 2848 3827 2904 abs-

2246 2938 2446 2986 tractas
2491 2931 2669 2988 eidem
2724 2932 2968 2989 ecclesia
3032 2948 3132 2989 sua
3186 2933 3386 3004 pietate
3444 2935 3694 3002 restituit,
3726 2935 3831 3007 ipsi

2246 3019 2448 3074 domno
2480 3020 2599 3093 regi
2637 3019 2780 3087 illas,
2816 3021 2933 3076 sine
2957 3036 3084 3077 meo
3113 3037 3179 3077 ac
3208 3022 3659 3094 coepiscoporum
3694 3040 3829 3079 nos-

554 3075 647 3082 7—77
672 3075 883 3082 ——-7-—-—
906 3075 1082 3082 ——--——
1110 3075 1309 3083 -----ν-
1351 3075 1477 3095 ----,
1557 3075 1659 3082 -ν-
1688 3075 1891 3082 η---η-
1935 3075 2119 3082 -----
2544 3075 2576 3093 υ
2767 3075 2779 3087 ι
2916 3075 2923 3076 7
3030 3075 3037 3076 7
3064 3075 3073 3077 7
3122 3075 3127 3076 7
3159 3075 3171 3077 7
3216 3075 3229 3077 7
3250 3075 3263 3077 7
3288 3075 3375 3092 7.7
3406 3075 3489 3094 --ε
3510 3075 3553 3078 77
3575 3075 3659 3078 777—7
3695 3075 3791 3079 --τ

551 3114 609 3171 id
647 3122 729 3170 est
770 3115 970 3170 tributa
1011 3115 1197 3171 debita
1215 3075 1574 3171 velrmune;a
1603 3115 1813 3171 reddat,
1846 3116 1983 3170 Nam
2011 3075 2147 3171 hbe:
2175 3075 2224 3139 Ο
2245 3114 2454 3162 trorum
2467 3116 2518 3162 et
2533 3108 3026 3165 comministrorum
3069 3117 3291 3165 tuorum
3324 3111 3652 3167 conscientia
3672 3119 3831 3186 atque

550 3203 697 3260 rales
725 3211 780 3260 et
824 3203 1202 3261 famosissima
1242 3219 1438 3273 causa,
1500 3212 1554 3260 et
1610 3220 1731 3276 qua
1777 3220 1843 3259 ex
1900 3203 2142 3276 principe

548 3290 982 3364 proﬁciscuntur,
1029 3293 1101 3348 ad
1148 3292 1469 3365 dignitatem
1531 3292 1805 3349 civitatum
1848 3293 2138 3364 pertinent.

546 3379 665 3435 Nec
693 3378 909 3446 mirum,
946 3379 992 3433 si
1020 3395 1081 3436 se
1117 3381 1441 3436 Tarsensem
1476 3388 1529 3436 et
1557 3396 1668 3435 non
1709 3380 2029 3437 Giscalitem
2058 3380 2141 3436 di-

551 3474 657 3533 cat,
689 3482 814 3524 cum
843 3467 1106 3523 Dominus
1135 3466 1255 3539 ipse
1292 3467 1349 3522 in
1372 3468 1647 3524 Bethleem
1686 3474 1863 3537 natus,
1909 3485 2020 3525 non
2047 3469 2141 3525 Be-

548 3555 875 3624 thleemites,
909 3556 1008 3611 sed
1055 3556 1376 3612 Nazarenus
1405 3573 1437 3612 a
1466 3556 1587 3613 loco
1616 3556 1709 3612 ubi
1749 3556 1981 3612 nutritus
2029 3565 2140 3612 erat

548 3644 967 3717 cognominatus
996 3652 1096 3700 est.
1149 3646 1216 3700 Et
1245 3652 1301 3699 tu
1342 3660 1477 3717 ergo
1520 3645 1577 3699 in
1606 3645 2139 3702 dioecesiRhemensi

546 3739 724 3801 natus,
758 3740 811 3788 ct
839 3733 895 3786 in
949 3733 1237 3804 metropoli
1281 3733 1615 3790 Rhemorum
1670 3733 1921 3800 nutritus,
1981 3741 2034 3790 et
2080 3733 2137 3789 in

544 3818 837 3890 municipio
866 3818 1113 3875 Lauduni
1159 3820 1459 3888 ordinatus,
1526 3836 1635 3876 non
1697 3829 1750 3877 te
1785 3822 2001 3878 civilem
2048 3822 2136 3878 vel

542 3907 797 3976 civicum,
825 3908 925 3963 sed
954 3908 1302 3979 municipem,
1348 3908 1601 3965 videlicet
1632 3909 1988 3980 tributariam,
2037 3927 2134 3967 seu

541 3995 933 4067 munerarium,
974 3996 1175 4052 utinam
1220 3996 1540 4069 spiritalium
1578 3998 1867 4067 donorum,
1915 3998 2132 4070 episco-

540 4100 691 4157 pum,
716 4093 769 4141 et
799 4093 1024 4157 excepto
1054 4086 1201 4158 quod
1238 4101 1271 4140 a
1297 4086 1548 4158 pluribus
1570 4087 1842 4159 episcOpis
1874 4103 1933 4143 es
1983 4088 2131 4144 ordi-

538 4181 718 4241 natus,
751 4189 893 4245 pene
913 4173 1171 4230 vicarium
1201 4174 1538 4248 episcopum,
1571 4192 1735 4248 quem
1767 4176 1944 4233 Graeci
1963 4177 2129 4233 chor-

537 4263 854 4335 episcopum
870 4270 1083 4331 vocant,
1104 4264 1376 4320 debueras
1396 4280 1889 4338 recognoscere,ac
1912 4280 2013 4337 per
2024 4266 2128 4323 hoc

536 4367 646 4407 non
674 4350 1022 4422 privilegium
1049 4350 1146 4406 tibi
1177 4352 1515 4419 ascribi,sed
1563 4353 1952 4424 municipatum
1978 4372 1991 4408 :
2025 4370 2126 4410 nec

2242 3211 2517 3252 consensu
2566 3196 2922 3265 beneﬁciasti,
2988 3204 3253 3270 quatenus
3284 3198 3462 3254 eidem
3495 3200 3831 3259 Nortmanno

2242 3283 2366 3340 illas
2394 3283 2763 3342 beneﬁciaret.
2790 3306 2812 3336 »
2837 3287 2971 3342 Item
2992 3293 3045 3341 et
3074 3294 3197 3357 post
3225 3286 3434 3358 aliquas
3465 3288 3618 3343 datas
3639 3299 3829 3345 aucto-

2242 3372 2445 3427 ritates.
2487 3394 2509 3423 κ
2540 3375 2609 3429 Et
2637 3376 2741 3430 hoc
2772 3382 2879 3431 ate
2910 3375 2983 3429 ita
3014 3374 3458 3432 irrationabiliter
3533 3376 3735 3432 factum
3763 3377 3833 3433 ir-

2242 3460 2611 3517 rationabilius
2640 3462 2936 3518 dissolvisti
2966 3481 2979 3518 :
3013 3463 3106 3536 qui
3135 3469 3341 3519 arrriata
3372 3464 3613 3535 militare
3643 3482 3828 3536 manu,

2243 3557 2297 3604 et
2323 3550 2583 3621 permista
2613 3551 2763 3624 vulgi
2792 3551 3139 3608 multitudine
3170 3568 3293 3608 cum
3325 3553 3494 3609 armis
3524 3560 3577 3609 et
3595 3552 3829 3610 fustibus

2242 3644 2296 3692 et
2323 3638 2553 3694 tumultu
2600 3639 2854 3707 maximo,
2908 3639 3047 3697 sicut
3090 3640 3278 3696 dicunt
3326 3642 3415 3713 qui
3458 3640 3659 3698 factum
3697 3643 3831 3698 illud

2240 3725 2490 3783 viderunt
2519 3735 2572 3781 et
2599 3728 2908 3794 audierunt,
2954 3729 3206 3787 eumdem
3261 3731 3685 3800 Nortmannum,
3739 3731 3831 3804 qui

2239 3813 2385 3884 ipsas
2414 3831 2504 3870 res
2534 3831 2566 3870 a
2594 3823 2676 3886 te-
2697 3817 2816 3889 regi
2862 3832 3154 3874 concessas
3196 3834 3297 3890 per
3338 3819 3487 3891 regis
3508 3818 3832 3876 beneﬁcium

2240 3903 2527 3974 retinebat,
2561 3903 2829 3960 violenter
2858 3912 2912 3960 et
2940 3905 3056 3961 sine
3087 3906 3235 3978 regis
3249 3907 3571 3964 auctoritate
3600 3923 3667 3965 ac
3708 3924 3833 3964 ver-

2240 3990 2311 4046 bo
2338 3991 2425 4047 vel
2453 3991 2650 4048 litteris
2689 3993 2960 4064 expulisti,
2994 3995 3222 4065 expulso
3268 3995 3361 4051 illo
3402 3995 3526 4051 illas
3565 3996 3828 4065 invasisti,

2241 4086 2291 4135 et
2322 4079 2376 4133 in
2404 4095 2499 4137 eas
2526 4080 2757 4149 intrasti,
2789 4098 2853 4138 ac
2878 4082 3187 4154 possedisti,
3204 4099 3328 4140 cum
3355 4084 3461 4139 sint
3482 4085 3635 4158 leges
3664 4093 3715 4142 et
3746 4102 3834 4142 re-

2238 4167 2399 4241 gula,
2433 4169 2503 4223 sit
2531 4168 2694 4224 etiam
2716 4185 2810 4226 rex
2857 4178 3081 4241 portans
3122 4172 3361 4244 gladium
3409 4173 3479 4227 ad
3538 4172 3829 4230 vindictam

2237 4256 2665 4326 malefactorum,
2700 4259 2807 4314 sint
2836 4259 3079 4331 episcopi
3108 4268 3157 4317 et
3188 4275 3427 4316 canones
3444 4260 3511 4315 ad
3536 4261 3825 4330 judicanda

2232 4344 2464 4402 erimina
2495 4347 2908 4421 sacrilegorum,
2942 4356 2999 4403 ut
3028 4348 3072 4403 si
3102 4348 3218 4420 ipse
3245 4350 3616 4405 Nortmannus
3642 4365 3827 4423 perva-

537 4447 731 4495 contra
744 4438 1096 4512 privilegium
1124 4447 1228 4495 tua
1256 4440 1572 4511 metropolis
1604 4449 1656 4497 te
1703 4450 2018 4513 oportuerat
2044 4459 2131 4498 re-
2162 4430 2215 4491 D
2238 4449 2329 4489 sor
2348 4451 2531 4491 rerum
2554 4436 3053 4493 ecclesiasticarum
3091 4437 3252 4509 foret,
3270 4438 3477 4511 gladio,
3510 4438 3567 4495 id
3595 4447 3678 4494 est
3719 4439 3833 4495 vin-

534 4528 765 4596 bellare,
797 4528 940 4599 quod
970 4543 1080 4582 non
1127 4543 1345 4600 ageres,
1399 4529 1446 4584 si
1476 4529 1658 4585 animo
1689 4530 1887 4585 Paulus
1925 4530 2132 4587 scilicet

532 4615 764 4688 pusillus
785 4623 837 4671 et
857 4615 1075 4671 humilis
1099 4632 1270 4673 esses.
1292 4616 1447 4672 Unde
1497 4616 1793 4672 timendum
1836 4626 1935 4685 est,
1966 4635 2033 4673 ne
2079 4627 2131 4674 et

532 4703 586 4758 in
606 4703 1044 4776 hocperditionis
1065 4702 1232 4758 filium
1265 4704 1514 4771 imiteris,
1561 4705 1653 4776 qui
1704 4705 2027 4762 adversatur
2077 4714 2130 4761 et

534 4792 811 4849 extollitur
839 4808 1004 4865 supra
1034 4808 1195 4848 omne
1225 4793 1372 4863 quod
1406 4792 1600 4847 dicitur
1648 4793 1817 4860 Deus,
1851 4801 1943 4848 aut
1984 4794 2130 4865 quod

531 4879 764 4935 colitur:
798 4881 891 4954 qui
919 4888 1185 4953 quantum
1215 4897 1281 4936 ex
1316 4889 1368 4935 te
1394 4879 1487 4935 fuit
1518 4880 1795 4936 tradidisti
1843 4897 1959 4950 eos,
1992 4899 2129 4954 quos

528 4967 898 5039 irregulariter
961 4977 1019 5024 ut
1061 4969 1303 5040 pramisi
1356 4969 1854 5039 excommunicasti,
1898 4986 2009 5025 non
2072 4980 2126 5026 ut

530 5055 833 5112 secundum
854 5057 1174 5126 Apostolum
1191 5058 1417 5128 spiritus
1438 5073 1626 5112 eorum
1639 5057 1792 5123 salvi,
1834 5061 1931 5114 sed
1951 5075 2126 5132 quan-

528 5140 645 5200 tum
675 5142 829 5201 furor
849 5151 901 5200 et
926 5144 1227 5216 indignatio
1260 5154 1347 5201 tua
1360 5146 1663 5217 praevalere
1709 5146 1901 5216 potuit,
1932 5148 2125 5219 perditi

530 5240 717 5290 essent
746 5248 801 5287 1n
824 5231 911 5288 die
942 5232 1177 5288 Domini.
1199 5233 1346 5302 Quas
1364 5234 2127 5306 colligationesimpietatis,ut

532 5338 678 5393 sape
699 5321 897 5377 dictum
920 5328 1022 5391 est,
1049 5329 1101 5376 et
1130 5338 1349 5393 semper
1398 5321 1689 5377 dicendum
1735 5330 1837 5391 est,
1871 5324 2126 5397 quoniam

527 5409 859 5483 regulariter
889 5417 1079 5489 contra
1100 5416 1282 5466 votum
1313 5418 1461 5465 tuum
1478 5410 1720 5478 dissolvi,
1753 5418 1803 5467 te
1833 5413 2124 5469 adversum

524 5515 613 5556 me
642 5499 878 5556 erexisti.
918 5519 939 5549 ι
975 5500 1106 5556 Item
1128 5507 1254 5572 post
1271 5499 1618 5557 auctoritates
1639 5516 1803 5576 super
1824 5500 2006 5558 illicita
2022 5518 2123 5557 ex-

2232 4523 2374 4579 dicta
2402 4524 2555 4596 regia
2584 4526 2886 4596 puniretur,
2926 4525 2971 4579 si
3004 4527 3303 4599 sacrilegus
3325 4527 3707 4599 comprobatus
3746 4543 3831 4583 es-

2232 4619 2332 4678 set,
2367 4612 2661 4684 episcOpaIi
2691 4621 2743 4668 et
2772 4615 3034 4671 canonico
3077 4615 3281 4684 judicio
3302 4615 3659 4684 judicaretur.
3692 4616 3825 4671 Sunt

2232 4699 2396 4754 etiam
2418 4700 2649 4771 judices,
2668 4709 2720 4756 et
2750 4710 2872 4757 sunt
2892 4702 3065 4776 leges,
3090 4718 3316 4775 quorum
3349 4712 3402 4759 et
3429 4720 3657 4776 quarum
3681 4703 3828 4774 judi-

2230 4786 2337 4853 cio,
2366 4787 2411 4841 si
2440 4788 2570 4859 quid
2601 4787 2735 4844 forte
2767 4790 2861 4845 tibi
2892 4798 2943 4844 et
2972 4790 3219 4847 ecclesia
3264 4791 3362 4847 tibi
3391 4792 3698 4848 commissa
3741 4793 3828 4847 in-

2222 4875 2369 4943 juste
2399 4875 2598 4931 factum
2628 4885 2765 4945 erat,
2813 4878 3068 4952 legaliter
3102 4887 3155 4935 et
3192 4879 3520 4951 regulariter
3567 4880 3828 4937 emenda-

2227 4970 2396 5021 retur.
2436 4988 2456 5013 ιι
2493 4965 2626 5020 Item
2648 4973 2770 5036 post
2793 4967 3063 5038 quadam,
3097 4967 3372 5039 pracipue
3399 4968 3543 5024 beati
3573 4967 3831 5042 Gregorii

2222 5053 2645 5124 praceptionum
2693 5054 2937 5111 decreta.
2977 5079 2999 5103 ››
3047 5056 3294 5128 Denique
3344 5074 3411 5112 ex
3457 5073 3524 5113 eo
3576 5058 3720 5129 quod
3748 5056 3826 5111 tui

2224 5140 2476 5199 homines
2506 5157 2564 5198 se
2611 5142 2682 5198 ad
2702 5159 2894 5217 regem
2938 5144 3392 5214 reclamaverunt,
3459 5146 3713 5218 quoniam
3759 5146 3831 5200 ab

2224 5229 2309 5284 eis
2341 5246 2435 5284 sua
2456 5230 2741 5299 beneficia,
2774 5248 2895 5304 qua
2922 5233 3064 5303 apud
3106 5241 3483 5289 antecessores
3533 5242 3653 5289 tuos
3694 5250 3836 5297 pra-

2226 5318 2552 5389 servierunt,
2622 5319 2817 5389 injuste
2880 5328 2931 5376 et
2978 5320 3427 5387 irrationabiliter
3480 5322 3828 5388 abstulisses,

2224 5415 2349 5476 post
2378 5408 2566 5462 datum
2595 5408 2709 5480 regi
2734 5417 2785 5464 et
2815 5409 2947 5463 mihi
2974 5409 3217 5467 libellum
3236 5410 3291 5464 in
3324 5411 3534 5482 synodo
3563 5411 3633 5466 de
3688 5427 3844 5482 regu-

2224 5501 2321 5557 lari
2352 5504 2656 5561 obedientia
2687 5512 2775 5560 tua
2805 5506 3102 5565 secundum
3134 5521 3324 5564 sacros
3362 5521 3605 5564 canones
3654 5516 3704 5564 et
3745 5506 3814 5562 de
