4164 6324
379 277 482 329 505

1065 269 1314 326 OPUSC.
1367 270 1458 326 ET
1511 269 1732 326 EPIST.
1764 268 1837 324 IN
1885 266 2111 325 CAUSA
2166 267 2506 324 HINCMARI
2552 268 2856 326 LAUDUN.

3584 274 3688 329 506

389 406 537 454 creta
563 403 754 453 sancta
784 395 931 452 sedis
960 396 1221 452 Romanae
1239 393 1574 466 pontiﬁcum,
1594 411 1658 450 ex
1677 393 1885 448 eisdem
1903 407 1991 447 sa-
2017 392 2075 453 A
2096 391 2186 462 qui
2217 391 2286 447 de
2317 409 2375 447 se
2398 391 2631 461 judicari
2663 408 2772 447 non
2799 393 3084 466 prospicit.
3116 396 3254 451 Nam
3286 396 3517 452 velimus
3546 397 3687 453 noli-

387 487 498 542 cris
530 484 833 542 cauouibus
863 483 1224 556 promulgata,
1286 483 1488 538 electos
1511 482 1724 551 judices
1772 481 1986 553 episco-

385 589 488 645 pos
520 573 668 644 apud
696 589 785 627 me
816 571 1086 642 expetisti,
1120 580 1172 626 et
1203 579 1312 626 tres
1342 570 1641 626 secundum
1672 568 1986 624 Africanum

383 661 698 730 concilium,
753 660 964 715 scilicet
1005 659 1325 726 Actardum,
1375 659 1784 729 Rageuelmum,
1826 666 1984 729 atque

381 751 671 815 Joannem,
704 763 737 803 a
765 764 853 802 me
884 747 980 801 tibi
1010 747 1326 820 designatos
1357 746 1664 817 suscepisti,
1715 754 1768 801 et
1797 761 1984 800 eorum

381 845 542 908 atque
586 836 816 891 aliorum
859 837 1032 890 Deum
1083 835 1387 890 timentium
1430 834 1656 903 judicio,
1707 834 1761 887 in
1800 834 1984 888 domui

385 924 556 996 regis,
597 925 736 979 sicut
767 923 1076 994 postulasti,
1108 923 1404 994 praesentia
1435 923 1502 977 de
1526 922 1848 994 quibusdam
1882 922 1982 976 de-

381 1021 590 1069 cretum
621 1011 734 1077 fuit,
772 1019 828 1066 ut
876 1010 1144 1067 beneficia
1191 1026 1305 1080 sua,
1359 1027 1480 1081 quae
1538 1010 1987 1065 irrationabiliter

382 1100 753 1172 perdiderant,
776 1115 1103 1170 recuperare
1121 1099 1412 1154 deberent:
1433 1099 1790 1170 quorumdam
1805 1106 1983 1152 autem

379 1204 570 1243 eorum
600 1203 768 1243 causa
791 1203 962 1258 usque
994 1187 1064 1241 ad
1096 1187 1260 1241 alium
1291 1195 1581 1242 tractatum
1612 1186 1775 1241 certis
1806 1186 1984 1241 causis

380 1275 864 1330 intervenientibus
887 1291 994 1329 non
1027 1274 1270 1341 diﬂiuita,
1296 1275 1393 1330 sed
1425 1275 1511 1328 die
1542 1274 1650 1329 alia
1677 1273 1985 1330 diﬂiuienda

381 1363 661 1429 remansit,
697 1371 750 1418 et
782 1371 837 1417 tu
875 1371 996 1416 ante
1030 1361 1404 1418 diﬁiuitionem
1451 1370 1642 1417 contra
1672 1377 1859 1417 sacros
1889 1377 1984 1417 ca-

381 1467 576 1517 nones,
610 1459 663 1506 et
685 1450 800 1505 sine
823 1450 932 1504 ulla
949 1451 1276 1506 necessitate
1298 1451 1384 1505 vel
1405 1450 1634 1516 ratione,
1654 1449 1783 1520 fuga
1800 1450 1985 1520 lapsus

381 1539 689 1609 regularem
718 1538 1088 1594 diﬂinitionem
1143 1547 1462 1610 exspectare
1513 1538 1902 1609 contempsisti.
1958 1560 1980 1588 ι)

378 1628 534 1693 Item,
568 1636 690 1696 post
721 1626 903 1697 aliqua
933 1627 1000 1681 de
1045 1627 1370 1682 canonibus.
1422 1649 1443 1677 α
1478 1627 1546 1680 Et
1593 1627 1659 1680 ab
1693 1627 1985 1682 electorum

2088 496 2229 545 mus,
2264 488 2355 536 aut
2384 481 2464 534 eis
2493 480 2828 551 purebimus,
2881 490 2971 536 aut
3003 499 3192 538 eorum
3233 485 3438 554 judicio
3465 486 3686 556 percel-

2085 568 2283 634 lemur,
2339 584 2573 640 quorum
2620 569 2893 624 neminem
2961 570 3129 642 aliqui
3159 573 3358 645 quique
3388 575 3687 645 reprobare

2085 657 2351 712 valemus.
2387 658 2468 711 De
2514 657 2945 728 archiepiscOpis
2994 667 3174 713 autem
3206 661 3455 734 Remigio
3493 679 3554 718 ac
3584 665 3686 718 Ar-

2086 744 2264 810 duico,
2312 745 2457 816 quod
2505 745 2635 799 mihi
2679 761 2780 816 per
2821 745 3178 801 Teutlandum
3209 748 3496 804 diaconum
3522 765 3683 806 mau-

2083 833 2278 902 dastis,
2338 833 2624 904 privilegio
2689 841 2895 889 sancta:
2941 835 3200 890 Romanae
3254 836 3517 893 Ecclesiae
3577 853 3686 894 non

2085 919 2424 990 praejudicat,
2477 921 2574 975 sed
2611 923 2757 992 quod
2803 921 2882 975 eis
2928 922 3126 976 eadem
3175 931 3360 978 sancta
3410 925 3570 980 sedes
3615 927 3686 982 de

2085 1024 2172 1062 me
2226 1009 2395 1063 voluit
2444 1023 2510 1064 ac
2549 1009 2816 1080 disposuit
2860 1011 3201 1065 committere
3251 1012 3536 1066 commisit.
3577 1014 3686 1068 Vos

2085 1112 2214 1151 vero
2245 1097 2388 1168 quod
2417 1104 2660 1152 vestrum
2699 1106 2780 1152 est
2811 1097 2956 1170 agite
2975 1138 2988 1150 .
3012 1099 3072 1152 In
3102 1099 3337 1154 Domino
3367 1100 3495 1155 Iesu
3526 1101 3689 1156 Chri-

2086 1191 2169 1238 sto
2200 1184 2338 1239 bene
2368 1186 2560 1240 valete.
2599 1207 2621 1234 «
2649 1185 2768 1255 Ego
2785 1185 3114 1241 Hincmarus
3137 1195 3343 1243 sanctae
3365 1188 3690 1244 Laudunen-

2083 1271 2158 1326 sis
2189 1273 2432 1328 ecclesiae
2481 1273 2770 1344 episcopus
2801 1282 2996 1344 sponte
3046 1275 3370 1347 subscripsi.
3411 1297 3433 1326 ι
3472 1278 3552 1332 De
3579 1293 3688 1349 quo

2086 1359 2301 1430 pittacio
2330 1360 2428 1414 tibi
2454 1360 2632 1414 distuli
2665 1362 3020 1432 respondere,
3053 1371 3250 1433 putans
3281 1371 3333 1420 te
3374 1372 3684 1434 retractare,

2088 1455 2138 1502 et
2204 1464 2233 1502 a
2282 1455 2374 1502 tua
2417 1449 2753 1504 contumacia
2797 1450 3120 1520 resipiscere
3174 1467 3186 1505 :
3249 1458 3307 1506 tu
3347 1459 3528 1507 autem
3575 1469 3689 1509 non

2089 1535 2358 1608 quievisti,
2393 1537 2532 1592 sicut
2565 1551 2728 1592 causa
2759 1537 3037 1592 brevitatis
3064 1538 3272 1594 omitto.
3305 1539 3373 1594 Et
3403 1548 3525 1610 post
3568 1541 3689 1597 hac

2085 1641 2187 1695 per
2216 1624 2477 1680 clericum
2508 1632 2657 1680 tuum
2691 1626 3030 1681 Bertharium
3077 1626 3278 1682 domno
3331 1628 3450 1700 regi
3480 1627 3688 1684 litteras

373 1714 601 1786 judicio,
631 1723 689 1770 ut
716 1713 963 1786 praedixi,
997 1714 1207 1770 incaute
1229 1731 1290 1770 ac
1311 1715 1594 1770 inhoneste
1626 1714 1756 1787 fuga
1776 1715 1982 1786 lapsus,
2014 1743 2068 1802 B
2090 1721 2208 1766 tuas
2241 1713 2507 1779 direxisti,
2543 1729 2810 1768 excusans
2857 1722 2930 1781 te,
2966 1715 3220 1786 quoniam
3255 1714 3324 1770 ad
3354 1715 3507 1770 illum
3551 1717 3690 1772 sicut

379 1801 689 1858 abscedens
756 1801 1068 1871 pitaciolum
1134 1801 1580 1857 irrationabiliter
1654 1801 1983 1869 confectum,

382 1897 436 1942 et
468 1905 632 1943 manu
663 1896 754 1943 tua
776 1889 1162 1959 subscriptum,
1190 1905 1252 1944 ac
1271 1888 1511 1960 praefatae
1532 1889 1862 1960 professioni
1889 1897 1992 1943 tua:

380 1993 778 2048 usquequaque
808 1978 1158 2043 contrarium,
1209 1994 1310 2048 per
1362 1977 1754 2032 Ermenoldum
1803 1977 1991 2032 diaco-

383 2081 517 2120 num
576 2073 728 2120 tuum
776 2081 830 2118 vx
890 2066 1078 2119 Nonas
1125 2065 1292 2119 Julias
1360 2081 1420 2119 ιιι
1481 2066 1802 2121 Indictionis
1863 2065 1996 2120 mihi

383 2152 602 2220 misisti,
637 2154 779 2224 quod
817 2152 889 2207 ita
935 2169 992 2208 se
1041 2153 1221 2208 habet.
1257 2156 1722 2210 Reuerentissimo
1764 2154 1995 2210 Rhemo-

381 2259 512 2298 rum
543 2243 954 2313 archiepiscopo
984 2243 1304 2307 Hincmaro,
1338 2247 1549 2298 sanctae
1601 2242 1992 2298 Laudunensis

383 2330 984 2400 ecclesiwﬂincmarus
998 2331 1106 2385 Deo
1119 2331 1427 2386 miserante
1439 2332 1727 2402 episcopus
1740 2331 1984 2384 debitam

383 2418 447 2473 in
484 2417 700 2474 Christo
717 2418 1082 2474 devotionem.
1121 2419 1229 2472 Vos
1249 2418 1416 2484 scitis,
1453 2419 1580 2489 quia
1599 2419 1666 2471 ab
1687 2417 1990 2473 universali

387 2512 590 2561 sanctae
621 2506 880 2562 Romanae
911 2506 1170 2562 Ecclesiae
1189 2522 1350 2578 papa,
1382 2515 1537 2576 patre
1564 2523 1780 2578 quoque
1808 2514 1993 2561 nostro

383 2600 437 2649 et
464 2593 724 2666 magistro
755 2594 1026 2650 Hadriano
1091 2595 1174 2649 bis
1206 2603 1430 2650 vocatus
1459 2595 1650 2661 existo,
1685 2603 1736 2648 et
1762 2611 1861 2650 vos
1892 2595 1994 2666 ipsi

385 2681 442 2736 in
482 2682 948 2754 quateruionibus,
992 2683 1124 2738 mihi
1153 2697 1185 2738 a
1231 2683 1388 2738 vobis
1418 2683 1472 2738 in
1501 2683 1770 2738 Attiniaco
1795 2683 1997 2754 palatio

385 2785 573 2826 coram
604 2771 1034 2844 archiepiscopis
1065 2779 1116 2827 et
1137 2771 1408 2842 episcopis
1455 2771 1548 2843 qui
1576 2771 1861 2827 adfuerunt
1889 2771 1992 2825 da-

395 2857 484 2926 tis,
522 2859 669 2929 quod
700 2859 771 2913 ad
800 2859 1051 2914 eamdem
1084 2859 1272 2914 sedem
1302 2859 1489 2914 venire
1523 2860 1748 2914 totidem
1767 2867 1992 2915 vocatus

393 2947 712 3012 detrectem,
744 2962 832 3001 me
863 2947 1311 3016 reprehendistis,
1349 2947 1394 3001 si
1441 2948 1569 3002 vitio
1585 2947 1866 3018 scriptoris
1891 2963 1991 3018 pro

390 3034 712 3100 detrectem,
747 3035 898 3106 quod
928 3043 1009 3090 est
1037 3035 1391 3106 _dissimulem
1445 3036 1533 3090 vel
1588 3034 1853 3102 differam,
1896 3036 1992 3090 de-

390 3129 640 3188 tractem,
676 3123 822 3194 quod
846 3123 1006 3179 valde
1037 3131 1263 3180 tractem
1283 3139 1393 3178 non
1423 3124 1492 3178 ab
1522 3123 1769 3194 reiaccipi
1788 3131 1984 3193 potest,

389 3210 876 3266 intercharaxatum
907 3227 1016 3266 non
1043 3211 1158 3266 fuit.
1193 3211 1347 3267 Unde
1375 3228 1473 3267 vos
1503 3227 1646 3267 nunc
1673 3227 1771 3282 pro
1801 3227 1986 3266 amore

389 3299 492 3355 Dei
523 3300 905 3370 omnipotentis
936 3308 988 3354 et
1019 3301 1320 3356 reverentia
1351 3301 1523 3356 sancti
1551 3300 1696 3356 Petri
1725 3315 1982 3370 exposco,

389 3387 531 3444 sicut
565 3389 622 3443 in
668 3389 860 3444 eadem
902 3389 1111 3459 synodo
1152 3388 1206 3442 in
1237 3389 1428 3443 eodem
1459 3388 1723 3444 Attiuiaco
1769 3403 1802 3444 a
1831 3389 1986 3442 vobis

389 3483 709 3541 convocata,
742 3477 886 3549 quod
919 3484 971 3531 et
1019 3477 1309 3547 impetrare
1353 3492 1463 3531 non
1501 3476 1666 3545 valui,
1725 3484 1986 3547 expostu-

391 3563 521 3631 lavi,
555 3579 620 3620 ac
651 3565 762 3632 jam
783 3564 944 3620 etiam
966 3581 1062 3636 per
1091 3565 1365 3638 integrum
1379 3563 1904 3638 eﬂlagitaviauuum,
1937 3571 1987 3618 et

395 3651 672 3724 praecipue
703 3652 756 3706 iu
795 3653 1004 3724 synodo
1034 3653 1180 3723 apud
1214 3653 1542 3708 Vermeriam
1575 3653 1830 3723 palatium
1859 3651 1988 3707 olim

390 3739 460 3794 ab
491 3755 626 3795 orno
655 3740 838 3796 habita
869 3741 1207 3798 obsecrando
1237 3741 1553 3810 declamavi,
1596 3756 1740 3796 nunc
1771 3756 1989 3812 quoque

392 3835 445 3886 et
467 3828 714 3894 obsecro,
739 3837 792 3883 et
826 3829 952 3885 item
988 3829 1254 3896 declamo,
1304 3837 1360 3882 ut
1405 3837 1456 3884 et
1476 3830 1736 3885 hactenus
1753 3828 1861 3901 egi,
1882 3844 1988 3900 quo

391 3923 578 3972 vestra
609 3917 1055 3988 archiepisc0pali
1073 3916 1392 3974 auctoritate
1420 3917 1771 3988 apud_domni
1786 3915 1991 3988 glorio-

390 4003 594 4062 sissimi
627 4005 776 4076 regis
805 4005 986 4060 Caroli
1013 4005 1352 4062 clementiam
1383 4005 1690 4073 obtineatis,
1725 4012 1990 4076 quatenus

394 4093 582 4148 domui
627 4101 678 4147 et
720 4094 1048 4150 universalis
1104 4111 1258 4166 papae
1320 4094 1547 4149 Adriani
1590 4093 1876 4165 praeceptis
1925 4107 1990 4147 ac

395 4180 822 4238 institutionibus
855 4182 1244 4240 ecclesiasticis
1274 4182 1426 4249 mihi,
1461 4191 1519 4237 ut
1549 4182 1799 4238 omnibus
1828 4197 1990 4252 expe-

395 4273 495 4344 dit,
531 4275 678 4328 velut
723 4272 772 4326 ei
793 4272 882 4343 qui
923 4272 991 4326 de
1037 4271 1182 4326 omni
1235 4271 1481 4326 Ecclesia
1528 4270 1609 4324 fas
1656 4271 1817 4324 habet
1839 4269 1988 4338 judi-

397 4363 580 4432 candi,
618 4363 773 4416 liceat
803 4360 1050 4428 obedire,
1091 4359 1346 4415 videlicet
1374 4367 1430 4413 ut
1459 4358 1645 4413 limina
1675 4365 1991 4412 sanctorum

2093 1799 2190 1856 tibi
2221 1801 2572 1856 mandaverat
2603 1801 2785 1856 venire
2833 1817 2941 1856 non
2971 1818 3182 1872 posses,
3217 1803 3345 1874 quia
3376 1803 3688 1860 febricitans

2093 1897 2150 1942 ut
2171 1896 2221 1943 te
2243 1889 2324 1944 sol
2369 1897 2617 1960 tangeret
2639 1888 2870 1945 suﬂ'erre
2893 1890 3158 1961 nequibas
3181 1909 3194 1945 :
3220 1891 3316 1945 sed
3339 1891 3434 1945 tibi
3457 1893 3686 1948 Romam

2096 1977 2258 2032 eundi
2284 1977 2560 2032 licentiam
2606 1979 2762 2034 daret
2791 1979 3089 2035 secundum
3133 1988 3316 2034 votum
3358 1989 3506 2035 tuum
3539 1982 3687 2052 quod

2095 2065 2309 2131 vovisti,
2345 2067 2559 2137 quando
2605 2067 2776 2122 altera
2813 2067 2933 2122 vice
2977 2066 3190 2122 febrem
3231 2068 3485 2134 habuisti,
3517 2076 3576 2124 ut
3619 2069 3690 2123 ad

2096 2161 2400 2208 sanctorum
2453 2155 2824 2225 apostolorum
2885 2155 3068 2210 limina
3133 2155 3272 2211 sicut
3315 2171 3544 2212 voveras
3585 2172 3686 2212 ve-

2094 2241 2270 2310 niens,
2305 2241 2506 2296 ibidem
2535 2243 2600 2296 ab
2632 2243 2824 2298 eadem
2853 2243 3006 2298 febre
3055 2243 3391 2299 liberareris.
3425 2246 3476 2298 ls
3506 2252 3688 2299 autem

2094 2329 2327 2384 domnus
2356 2347 2472 2397 rex,
2506 2347 2689 2387 coram
2720 2331 2994 2403 episcopis
3043 2340 3095 2386 et
3127 2332 3248 2386 aliis
3280 2333 3392 2386 suis
3437 2331 3687 2388 ﬁdelibus

2095 2419 2188 2489 qui
2219 2417 2526 2486 adfuerunt,
2559 2419 2656 2474 tibi
2685 2436 2781 2491 per
2820 2421 3074 2475 eumdem
3125 2420 3387 2476 clericum
3419 2428 3568 2475 tuum
3598 2437 3686 2477 re-

2092 2507 2391 2573 mandavit,
2425 2507 2619 2562 mirum
2653 2515 2704 2562 et
2732 2523 2841 2562 non
2885 2523 3074 2563 verum
3106 2524 3230 2563 esse
3273 2508 3421 2580 quod
3449 2508 3682 2577 diceres,

2095 2595 2350 2666 quoniam
2397 2595 2467 2650 ad
2513 2595 2662 2650 illum
2709 2596 2898 2651 venire
2944 2612 3054 2651 non
3099 2611 3312 2668 posses,
3362 2603 3413 2651 et
3460 2598 3686 2652 Romam

2095 2683 2245 2737 adire
2291 2683 2524 2739 valeres.
2583 2685 2812 2739 Venires
2851 2692 3029 2740 autem
3073 2685 3144 2739 ad
3191 2684 3363 2754 illum,
3413 2692 3464 2740 et
3495 2685 3541 2739 si
3567 2684 3687 2755 ipse

2091 2787 2194 2841 pro
2225 2786 2388 2826 causa
2426 2771 2727 2826 rationabili
2779 2779 2830 2827 te
2875 2771 3003 2828 illuc
3033 2773 3110 2828 ire
3155 2772 3296 2827 velle
3345 2787 3686 2842 cognoscere

2093 2867 2297 2929 posset,
2336 2859 2433 2913 tibi
2485 2859 2762 2915 licentiam
2805 2876 2918 2915 non
2953 2860 3273 2932 denegaret.
3320 2861 3400 2916 Tu
3442 2875 3574 2915 vero
3617 2849 3685 2915 ad

2095 2963 2217 3001 eum
2248 2946 2432 3003 venire
2450 2947 2702 3026 noluisti,
2754 2948 2928 3003 donec
2958 2948 3099 3004 circa
3129 2947 3405 3003 Kalendas
3442 2949 3687 3018 Septem-

2094 3034 2205 3089 bris
2235 3034 2405 3092 tertiae
2434 3035 2744 3091 indictionis
2799 3037 2867 3090 ad
2914 3036 3187 3092 Silvacum
3233 3036 3302 3091 de
3330 3035 3689 3092 collocutione

2089 3121 2267 3177 fratris
2299 3123 2382 3177 sui
2411 3123 2672 3180 Ludovici
2703 3124 2877 3179 rediit.
2913 3123 3034 3192 Quo
3072 3124 3288 3179 obviam
3330 3123 3406 3178 illi
3436 3123 3682 3190 veniens,

2085 3210 2219 3264 nihil
2250 3226 2372 3265 cum
2394 3227 2478 3279 eo,
2515 3211 2614 3266 sed
2642 3227 2742 3266 nec
2771 3227 3007 3277 mecum,
3025 3227 3124 3282 per
3154 3220 3207 3266 te
3237 3211 3322 3267 vel
3337 3211 3534 3267 missos
3565 3218 3686 3266 tuos

2089 3298 2156 3352 de
2187 3297 2403 3353 licentia
2431 3307 2522 3353 tua
2550 3300 2781 3354 Romam
2808 3299 2972 3354 eundi
3003 3298 3202 3354 dixisti.
3247 3299 3354 3355 Sed
3384 3306 3436 3354 et
3465 3298 3684 3370 quando

2088 3385 2242 3440 missi
2270 3387 2456 3442 domui
2487 3387 2772 3458 apostolici
2800 3387 3022 3443 Rhemis
3051 3386 3286 3458 fuerunt,
3321 3386 3561 3460 quotidie
3585 3403 3686 3459 per

2090 3483 2294 3546 septem
2327 3475 2443 3530 dies
2490 3491 2612 3530 cum
2657 3492 2788 3549 rege
2834 3483 2887 3532 et
2915 3491 3132 3531 mecum
3169 3476 3384 3532 locutus
3432 3475 3598 3540 fuisti,
3633 3483 3688 3529 et

2087 3562 2215 3618 inde
2259 3563 2391 3620 nihil
2436 3562 2637 3618 dixisti.
2691 3563 2851 3632 Quod
2898 3564 3037 3621 dicis
3090 3572 3143 3619 te
3190 3564 3246 3618 iu
3292 3564 3504 3634 synodo
3542 3563 3685 3634 apud

2090 3651 2445 3717 Vermeriam,
2506 3652 2741 3724 indeque
2813 3651 2960 3723 apud
3017 3651 3346 3708 Attiniacum
3412 3651 3688 3707 licentiam

2090 3739 2253 3794 eundi
2299 3741 2525 3795 Romam
2565 3740 2789 3811 petisse,
2839 3749 2891 3795 et
2931 3740 3228 3812 impetrare
3275 3755 3386 3796 non
3423 3739 3689 3812 potuisse,

2090 3841 2282 3884 omnes
2314 3828 2576 3900 episcopi,
2609 3828 2701 3901 qui
2733 3827 2790 3884 in
2819 3829 3028 3884 eisdem
3083 3828 3309 3901 synodis
3349 3827 3587 3896 fuerunt,
3617 3827 3688 3883 li-

2091 3915 2256 3986 quido
2313 3916 2506 3982 sciunt,
2560 3916 2813 3989 quoniam
2856 3933 2980 3973 cum
3025 3917 3093 3972 de
3123 3918 3230 3972 tuis
3260 3915 3562 3972 insolentiis
3610 3915 3692 3971 in-

2091 4003 2424 4074 crepabaris,
2481 4003 2678 4060 timens
2739 4005 2995 4077 regulare
3041 4005 3326 4074 judicium,
3391 4004 3479 4060 vel
3543 4004 3692 4077 regis

2089 4092 2519 4163 castigationem,
2551 4093 2824 4149 licentiam
2845 4092 3008 4147 eundi
3028 4094 3255 4148 Romam
3284 4093 3532 4165 petebas.
3557 4093 3692 4148 Cum

2089 4196 2222 4236 vero
2269 4180 2511 4247 videbas,
2576 4180 2701 4252 quia
2757 4188 2810 4236 et
2862 4196 2958 4235 rex
3003 4188 3056 4235 et
3099 4180 3342 4251 episcopi
3388 4187 3541 4236 erant
3594 4180 3692 4234 tibi

2090 4267 2410 4340 placabiles,
2442 4268 2509 4323 de
2537 4266 2655 4338 ipsa
2685 4267 2905 4324 licentia
2950 4267 3084 4322 nihil
3129 4267 3368 4336 dicebas,
3418 4267 3559 4323 sicut
3587 4283 3692 4323 nec

2091 4351 2255 4408 modo
2310 4351 2466 4418 facis,
2529 4351 2703 4407 donec
2767 4350 3004 4424 aliquam
3049 4352 3366 4422 novitatem,
3417 4357 3476 4405 ut
3522 4349 3688 4419 soles,

396 4451 768 4525 apostolorum
782 4448 926 4504 Petri
940 4448 1144 4503 scilicet
1162 4457 1214 4503 et
1229 4448 1380 4504 Pauli
1398 4455 1695 4517 merear,ut
1719 4446 1992 4511 devovi,et
2017 4442 2071 4502 D
2093 4456 2257 4514 quam
2279 4456 2492 4512 semper
2510 4439 2748 4496 timendo
2770 4448 3046 4512 exspecto,
3074 4440 3268 4496 iterum
3287 4439 3474 4509 facias,
3500 4439 3568 4494 de
3583 4454 3692 4511 qua

397 4542 470 4598 ab
482 4540 676 4597 eodem
693 4539 917 4608 insuper
930 4545 1151 4592 vocatus
1163 4553 1303 4604 sum,
1325 4543 1627 4608 penetrare.
1645 4534 1896 4606 Alioquin
1908 4549 1995 4590 me

398 4628 558 4686 vobis
586 4627 804 4693 abhinc,
836 4634 892 4680 ut
940 4625 1352 4696 archiepiscopo
1393 4624 1752 4695 coepiscopus
1780 4623 1996 4678 obtem-

397 4733 590 4790 perare
603 4716 786 4780 debet,
810 4713 1072 4769 canonice
1093 4713 1274 4768 sciatis
1296 4713 1526 4784 obsequi
1543 4728 1651 4768 non
1667 4727 1850 4783 posse,
1871 4711 1999 4783 quia

401 4814 461 4861 ut
490 4804 734 4860 decernit
764 4803 952 4858 beatus
985 4817 1130 4874 papa
1161 4801 1435 4868 Gelasius,
1469 4800 1715 4856 nesciunt
1745 4800 1872 4871 quid
1912 4801 1996 4854 lo-

399 4901 656 4968 quuutur,
690 4891 781 4963 qui
811 4889 1044 4946 decretis
1072 4897 1272 4944 sanctae
1294 4890 1551 4945 Romanae
1566 4888 1828 4945 Ecclesia:
1850 4888 1999 4942 sedis

401 4981 701 5054 praesulum
731 4981 884 5052 quasi
916 4994 1153 5034 canones
1181 4987 1480 5050 opponunt,
1517 4979 1709 5049 quibus
1730 4976 2000 5032 contraire

405 5079 593 5126 contra
633 5085 868 5125 canones
903 5075 986 5122 est
1006 5067 1156 5137 ipsos
1192 5083 1251 5120 se
1283 5067 1517 5138 erigere.
1544 5088 1564 5115 ι
1609 5067 1714 5120 Iste
1750 5064 2001 5120 Gelasius

404 5175 548 5232 papa
570 5156 897 5213 venerabilis
924 5164 975 5211 et
990 5163 1210 5211 sanctus
1231 5171 1421 5210 omnes
1433 5155 1730 5210 decretales
1748 5154 2004 5225 epistolas

405 5246 790 5304 venerabiliter
819 5245 993 5299 sanxit
1031 5243 1426 5315 suscipiendas,
1456 5259 1557 5298 nec
1586 5259 1678 5298 eas
1707 5241 2000 5298 venerabi-

407 5335 534 5390 liter
564 5333 808 5404 suscipit,
841 5333 966 5388 licet
995 5333 1063 5386 ad
1093 5339 1297 5388 tomum
1325 5339 1488 5401 caput
1527 5330 1763 5398 inclinet,
1793 5331 1884 5402 qui
1922 5329 2002 5385 eis

404 5439 515 5478 uou
543 5423 728 5477 obedit
759 5423 856 5476 sed
886 5421 1065 5492 potius
1107 5436 1269 5492 porro
1298 5420 1488 5475 obvias
1517 5435 1711 5473 manus
1739 5418 1997 5485 inferens,

407 5511 554 5586 quod
587 5510 703 5566 sine
733 5510 977 5582 periculo
1023 5509 1113 5582 agi
1160 5523 1269 5564 non
1297 5516 1492 5580 potest,
1559 5507 1778 5579 respuit,
1818 5515 2002 5579 utpote

2096 4529 2452 4601 compellatus
2499 4529 2715 4585 solitam
2763 4529 3073 4586 cantionem
3119 4529 3188 4586 de
3232 4528 3452 4585 licentia
3490 4535 3576 4582 tua
3607 4543 3690 4583 re-

2095 4626 2298 4674 cantes.
2333 4618 2526 4674 Petitio
2554 4626 2732 4674 autem
2752 4625 2846 4673 tua
2872 4619 3014 4689 apud
3043 4618 3300 4674 domuum
3331 4631 3521 4688 regem
3565 4615 3689 4670 talis

2099 4705 2215 4773 fuit,
2265 4707 2482 4778 quando
2529 4708 2599 4762 ad
2643 4723 2765 4763 eum
2799 4706 3014 4776 venisti,
3061 4706 3190 4778 quia
3237 4705 3374 4760 sicut
3421 4704 3607 4775 plures
3639 4711 3695 4760 et

2097 4811 2237 4867 pene
2284 4811 2475 4851 omnes
2517 4794 2570 4849 in
2619 4795 2738 4850 istis
2787 4793 3078 4864 provinciis
3145 4792 3283 4848 scire
3325 4793 3594 4860 dicuntur,
3641 4801 3696 4848 et

2097 4891 2263 4954 patet,
2303 4883 2509 4939 addens
2554 4883 2814 4956 gravibus
2861 4882 3130 4955 graviora,
3183 4881 3330 4937 velut
3358 4880 3475 4953 ipsa
3503 4897 3694 4938 sacro-

2099 4989 2222 5027 rum
2271 4987 2536 5028 cauonum
2586 4972 2961 5027 demonstrant
2993 4969 3219 5040 judicia,
3267 4970 3454 5026 nescio
3498 4970 3693 5042 quibus

2099 5061 2590 5117 machinationibus
2633 5058 2912 5131 exquisitis
2957 5073 2989 5112 a
3020 5067 3071 5113 te
3095 5058 3270 5128 jussio
3299 5066 3383 5114 est
3410 5058 3691 5131 principa-

2099 5149 2165 5203 lis
2201 5149 2396 5216 elicita,
2441 5157 2500 5204 ut
2547 5148 2614 5204 de
2645 5147 2730 5202 his
2776 5147 2845 5202 de
2885 5146 3083 5218 quibus
3131 5147 3336 5204 electos
3358 5146 3573 5217 judices
3603 5163 3696 5202 se-

2101 5238 2340 5294 cundum
2367 5251 2556 5293 sacros
2583 5250 2823 5292 canones
2851 5235 3128 5307 eXpetisti,
3159 5251 3270 5291 non
3299 5233 3475 5292 solum
3506 5249 3698 5290 eorum

2103 5326 2345 5398 querela,
2391 5340 2620 5397 quorum
2661 5339 2830 5381 causa
2875 5339 3050 5398 usque
3089 5324 3160 5379 ad
3207 5323 3374 5379 alium
3412 5330 3696 5379 tractatum

2101 5413 2411 5468 diﬂinieuda
2453 5413 2732 5483 remansit,
2801 5429 2991 5468 verum
3040 5420 3094 5469 et
3151 5428 3292 5486 quae,
3341 5418 3398 5466 ut
3439 5409 3576 5476 dixi,
3640 5409 3696 5463 in

2102 5513 2286 5570 domui
2314 5513 2461 5591 regis
2489 5513 2778 5585 praesentia
2805 5513 3098 5572 electorum
3135 5513 3375 5584 iudicum
3431 5509 3698 5570 sententia
