4164 6320
517 309 625 363 50⁸7
1406 304 1748 363 HINCMARI
1784 303 2187 363 RHEMENSIS
2232 303 2783 363 ARCHIEPISCOPI.
3708 309 3813 363 508

513 428 740 486 diﬁinita
767 430 1002 497 fuerunt,
1024 429 1141 486 sine
1160 430 1569 502 metropolitani
1589 430 1943 500 conscientia,
1963 430 2107 485 sine—
2138 431 2195 491 A
2220 431 2463 486 tribuam
2482 432 2562 486 eis
2578 432 2642 486 in
2660 434 2924 503 tempore,
2943 435 3008 486 ut
3031 431 3258 487 tabatur
3273 446 3372 504 pes
3385 446 3580 487 eorum
3601 447 3612 486 :
3627 434 3809 504 juxta

511 536 617 592 que
645 518 910 576 canonico
941 527 993 575 et
1023 518 1323 591 episcOpali
1360 519 1585 589 judicio,
1631 535 1732 590 per
1753 519 1968 589 judices
2001 535 2109 574 sae-

511 606 745 677 culares,
803 608 1196 681 Helmigarium
1253 607 1460 664 scilicet
1506 608 1737 664 mercati
1786 607 1976 679 palatii
2022 614 2109 662 te-

508 692 834 763 lonearium,
898 704 952 751 et
996 695 1329 751 Flotharium
1379 711 1446 752 ac
1499 696 1789 752 Ursionem
1854 694 2107 751 villarum

509 783 786 855 regiarum
836 785 1095 855 majores,
1158 783 1546 840 refricarentur
1600 791 1790 840 contra
1848 798 2105 848 canones,

510 871 603 943 qui
649 872 715 926 ab
762 872 1150 928 ecclesiasticis
1195 872 1266 927 ad
1294 872 1515 940 majoris
1546 871 1877 927 auctoritatis
1925 870 2106 926 eccle—

505 957 752 1016 siasticos
793 960 1027 1030 judices,
1062 968 1114 1016 et
1160 976 1269 1015 non
1311 976 1343 1014 a
1385 958 1680 1028 majoribus
1727 959 1797 1013 ad
1846 958 2103 1026 minores,

504 1063 607 1103 nec
636 1048 705 1103 ab
727 1048 1109 1105 ecclesiasticis
1129 1048 1199 1103 ad
1229 1047 1543 1114 saeculares,
1567 1064 1744 1119 neque
1782 1062 1816 1102 a
1834 1062 2107 1103 consensu

504 1135 743 1207 partium
774 1136 961 1192 electis
1004 1135 1286 1207 provocari
1329 1134 1666 1206 permittunt.
1710 1136 1757 1190 A
1786 1134 1985 1206 quibus
2010 1134 2106 1202 ju-

504 1223 717 1280 dicibus
737 1224 1088 1280 saecularibus
1120 1239 1154 1278 a
1181 1231 1234 1278 te
1259 1223 1495 1295 partitis,
1529 1222 1778 1295 quadam
1810 1239 1876 1278 ex
1905 1221 2105 1277 difﬁni-

502 1311 571 1366 tis
601 1310 856 1368 refricata
887 1319 941 1367 et
969 1311 1265 1377 immutata,
1301 1311 1551 1383 quaedam
1583 1327 1711 1367 vero
1739 1327 1805 1367 ex
1833 1309 2104 1365 diﬁinien-

500 1398 587 1455 dis
618 1407 742 1455 sunt
768 1398 1008 1465 ditiinita,
1053 1399 1406 1455 adinventitia
1452 1398 1814 1471 reputatione,
1852 1398 1991 1455 sicut
2036 1399 2105 1453 ab

499 1479 635 1557 ipsis
680 1487 771 1559 qui
812 1487 872 1542 in
913 1487 1109 1543 eodem
1158 1486 1358 1558 placito
1388 1485 1605 1542 fuerunt
1633 1486 1852 1554 dicitur,
1898 1486 1966 1541 de
1995 1502 2104 1542 non

497 1574 827 1630 necessariis
872 1583 926 1629 et
969 1574 1476 1631 inconvenientibus
1496 1574 1822 1645 juramentis
1864 1583 2099 1645 reperta,

494 1669 545 1718 et
574 1677 604 1716 a
632 1669 685 1717 te
714 1677 901 1718 coram
928 1662 1206 1734 praedictis
1229 1662 1529 1733 judicibus,
1564 1662 1700 1733 ipsis
1728 1662 1839 1721 tuis
1870 1678 2101 1719 accusa-

2211 521 2295 574 est
2336 518 2453 574 dies
2497 519 2852 591 perditionis,
2899 522 2956 573 et
2997 518 3188 575 adesse
3224 521 3507 591 festinant
3552 523 3807 592 tempora

2211 606 2396 676 (Deut.
2422 609 2737 676 xxxu,34).
2786 606 2992 662 Etcum
3034 607 3809 680 tantarumtransgressionum

2209 693 2506 749 invenieris
2528 693 2812 763 obnoxius,
2833 711 2944 750 non
2963 709 3150 753 cessas
3178 711 3265 750 me
3294 710 3615 766 provocare,
3645 704 3703 749 ut
3734 696 3805 752 de

2207 781 2479 852 promisso
2506 781 2726 852 pittacio
2756 790 2862 837 tuae
2890 782 3245 853 professionis
3275 791 3437 854 atque
3492 791 3596 838 tua;
3669 784 3807 838 sub-

2210 869 2536 940 scriptionis,
2561 870 2630 925 de
2650 885 2755 941 quo
2768 870 2881 937 tibi,
2904 870 3219 941 utpraedixi,
3241 870 3574 941 respondere
3611 872 3802 927 hacte-

2207 973 2309 1012 nus
2339 957 2542 1025 distuli,
2577 958 2674 1012 sed
2717 965 2770 1013 et
2823 958 2893 1013 de
2910 958 3029 1013 aliis
3059 958 3162 1013 tuis
3188 957 3616 1030 professionibus
3644 967 3807 1031 atque

2208 1045 2696 1116 subscriptionibus
2725 1046 2811 1101 vel
2840 1045 3124 1102 lacessitus
3164 1046 3482 1111 rescribam,
3542 1055 3804 1119 quatenus

2208 1131 2609 1205 professionum
2646 1142 2701 1188 et
2755 1134 3213 1205 subscriptionum
3283 1142 3500 1190 tuarum
3549 1134 3801 1190 historias

2206 1220 2395 1292 plures
2422 1220 2691 1294 legentes,
2724 1220 2770 1276 si
2799 1220 2936 1278 forte
2966 1230 3090 1276 sunt
3120 1221 3211 1294 qui
3258 1222 3436 1278 adhuc
3489 1237 3586 1278 eas
3641 1222 3801 1296 igno-

2206 1316 2346 1378 rent,
2381 1324 2566 1365 earum
2596 1309 2951 1381 diligentiam,
2984 1310 3251 1366 cautelam
3279 1325 3492 1382 quoque
3522 1318 3573 1365 et
3596 1311 3798 1366 utilita-

2207 1404 2318 1452 tem
2342 1404 2695 1470 cognoscant.
2728 1398 2795 1453 Et
2822 1398 3056 1468 primum
3087 1398 3309 1470 quidem
3329 1398 3676 1469 respondebo
3695 1398 3793 1454 tibi

2207 1484 2275 1540 de
2306 1484 2533 1556 praefato
2562 1501 2593 1540 a
2623 1492 2677 1541 te
2704 1485 3007 1557 subscripto
3036 1485 3281 1557 pittacio,
3312 1486 3369 1540 in
3399 1502 3506 1557 quo
3523 1486 3719 1542 scribis
3740 1486 3797 1540 in

2205 1571 2532 1628 adminiculo
2561 1579 2652 1628 tuo
2685 1581 2737 1628 te
2764 1586 2799 1628 a
2826 1589 2914 1628 me
2944 1575 3360 1644 reprehensum,
3421 1580 3475 1629 et
3528 1589 3652 1629 esse
3705 1590 3795 1629 me

2204 1659 2446 1715 ostendis
2477 1660 2979 1731 reprehensibilem,
3012 1661 3110 1716 sed
3138 1677 3243 1734 ego
3273 1668 3454 1733 spreta
3495 1662 3796 1732 reprehen-

494 1749 723 1818 toribus,
748 1767 888 1823 quos
919 1759 1109 1807 contra
1140 1752 1346 1808 electos
1369 1750 1583 1820 judices
1613 1750 1752 1806 sicut
1793 1751 2098 1822 expetieras
2126 1776 2180 1838 B
2204 1746 2357 1803 sione
2384 1755 2494 1815 tua,
2531 1764 2638 1819 qua
2666 1765 2772 1816 me,
2806 1749 2960 1821 quasi
2988 1750 3090 1804 sub
3146 1749 3381 1821 quodam
3434 1749 3798 1806 excusationis

496 1839 804 1911 suscepisti,
838 1839 1122 1911 proposita
1154 1857 1167 1894 :
1203 1847 1468 1911 quatenus
1497 1846 1550 1894 et
1578 1839 1646 1907 is,
1679 1838 1749 1894 de
1780 1855 1886 1910 quo
1915 1838 2101 1911 legali-

494 1932 577 1982 ter
614 1934 667 1983 et
715 1927 1043 1999 regulariter
1085 1926 1371 1983 diﬂinitum
1414 1926 1610 1993 fuerat,
1679 1934 1738 1981 ut
1777 1925 2099 1983 beneﬁcium

494 2030 657 2071 suum
698 2016 946 2083 haberet,
990 2016 1134 2087 quod
1163 2023 1351 2072 contra
1397 2016 1658 2071 rationem
1690 2023 1743 2070 et
1790 2016 2097 2087 aequitatem

492 2102 825 2175 perdiderat,
884 2104 1078 2159 eadem
1117 2103 1501 2160 adinventione
1547 2103 1842 2159 dimitteret
1874 2120 1888 2158 :
1919 2111 1971 2157 et
1996 2103 2092 2175 illi,

496 2189 692 2264 quibus
715 2190 1018 2260 judicatum
1040 2192 1236 2262 fuerat,
1269 2199 1329 2246 ut
1357 2192 1614 2264 quoniam
1642 2200 1698 2246 tu
1728 2199 1853 2263 post
1882 2191 2094 2263 expeti-

491 2285 603 2335 tum
665 2279 963 2335 electorum
1004 2279 1271 2348 judicium
1319 2280 1465 2335 idem
1507 2280 1775 2349 judicium
1817 2278 2092 2335 subterfu-

489 2365 639 2439 gisti,
694 2365 956 2423 beneficia
996 2382 1097 2423 sua
1152 2384 1327 2440 usque
1355 2368 1425 2422 ad
1455 2366 1690 2441 legalem
1720 2365 2092 2423 diﬁinitionem

490 2461 761 2524 tenerent,
794 2454 1068 2512 beneficia
1094 2455 1214 2527 ipsa
1243 2456 1583 2524 desererent,
1609 2464 1661 2511 et
1689 2464 1745 2511 tu
1776 2455 1920 2527 quod
1951 2455 2094 2512 ince-

487 2541 617 2615 pisti
644 2542 1003 2612 evindicares,
1035 2560 1159 2599 cum
1192 2544 1329 2600 sicut
1358 2543 1453 2599 tibi
1474 2560 1584 2601 non
1612 2544 1738 2600 licet
1768 2544 1837 2599 de
1865 2560 2092 2601 accusa-

2202 1835 2488 1903 velamine,
2521 1836 2590 1891 de
2621 1836 2898 1908 scriptoris
2925 1836 3056 1893 vitio
3084 1853 3240 1893 more
3269 1845 3363 1893 tuo
3393 1838 3670 1894 evidenter
3696 1855 3791 1894 re-

2197 1923 2541 1994 prehendere
2571 1924 2800 1997 satagis,
2835 1924 2927 1996 qui
2956 1932 3047 1980 aut
3092 1923 3450 1981 differentiam
3496 1925 3650 1981 verbi
3690 1926 3794 1983 de-

2197 2018 2439 2081 tractem,
2500 2012 2644 2083 quod
2699 2012 2756 2067 in
2809 2012 2949 2067 meis
3002 2012 3217 2084 scriptis
3273 2013 3371 2068 tibi
3415 2012 3556 2069 datis
3611 2014 3790 2085 posui,

2197 2098 2461 2165 nesciam,
2494 2106 2585 2153 aut
2608 2099 2888 2171 scriptoris
2915 2099 3103 2156 vitium
3133 2101 3190 2155 in
3219 2099 3299 2156 eis
3354 2101 3629 2174 corrigere
3682 2116 3792 2158 non

2198 2186 2490 2257 sapuerim,
2524 2187 2612 2242 vel
2641 2187 2933 2243 emendare
2961 2187 3319 2261 neglexerim,
3354 2196 3406 2244 et
3435 2205 3502 2244 ex
3529 2205 3653 2245 mea
3698 2206 3792 2246 re-

2194 2274 2560 2344 prehensione
2590 2282 2735 2329 tuam
2783 2283 3060 2331 ostentare
3114 2277 3399 2332 scientiam
3452 2277 3619 2333 Cham
3674 2278 3791 2334 Noe

2194 2359 2335 2416 filius
2364 2362 2602 2430 voluisti,
2634 2379 2743 2418 non
2774 2363 2949 2418 solum
2978 2364 3034 2418 in
3063 2365 3216 2421 verbi
3263 2364 3407 2420 illius
3461 2365 3786 2432 differentia,

2192 2450 2290 2505 sed
2321 2457 2373 2505 et
2401 2450 2456 2504 in
2485 2450 2591 2505 alio
2618 2450 2808 2517 verbo,
2843 2452 2991 2523 quod
3017 2452 3086 2506 ad
3143 2453 3554 2509 ostentationem
3607 2455 3684 2510 tui
3734 2454 3791 2509 in

2190 2538 2295 2594 tuis
2325 2537 2797 2593 adinventionibus
2826 2539 3079 2595 iteratum
3112 2540 3314 2608 inveni,
3372 2549 3427 2597 et
3481 2558 3606 2599 cum
3660 2541 3785 2598 hinc

486 2629 652 2697 tione,
704 2631 819 2687 sive
865 2632 1166 2689 criniinalis
1226 2648 1427 2700 causa,
1478 2632 1594 2689 sive
1645 2632 1839 2700 civilis,
1900 2633 2088 2689 relicto
2189 2642 2366 2681 meam
2394 2625 2757 2698 insipientiam
2785 2627 3003 2683 voluisti
3032 2630 3340 2696 ostendere,
3365 2638 3510 2685 tuam
3530 2629 3778 2686 studuisti

485 2719 878 2787 ecclesiastico,
912 2721 1128 2791 publico
1165 2721 1396 2794 purgari
1420 2721 1646 2789 judicio,
1680 2722 1755 2776 ita
1784 2720 1948 2777 etiam
1976 2738 2088 2777 non
2189 2714 2334 2785 apud
2364 2714 2720 2771 scholasticos
2752 2715 3028 2770 stultitiam
3056 2718 3359 2788 propalare.
3412 2719 3516 2774 Pro
3561 2735 3649 2775 me
3701 2718 3776 2774 nil

481 2805 609 2863 licet
669 2807 784 2873 tibi,
842 2809 1149 2879 postposito
1210 2809 1299 2864 vel
1358 2817 1671 2880 contempto
1716 2809 2085 2868 ecclesiastico
2188 2818 2320 2858 ουΓο
2348 2802 2534 2858 dicere
2570 2821 2583 2857 ε
2613 2803 2746 2858 mihi
2776 2804 2920 2859 enim
2948 2821 3050 2876 Pro
3080 2805 3304 2861 minimo
3334 2814 3416 2861 est
3445 2814 3503 2861 ut
3523 2814 3622 2862 ate
3641 2807 3785 2876 judi—

480 2893 709 2964 judicio,
743 2894 813 2950 ad
842 2895 1129 2952 saecularia
1150 2896 1353 2965 judicia
1382 2896 1694 2964 convolare,
1753 2896 1841 2953 vel
1897 2912 2086 2969 quem-

485 2996 719 3055 cunque,
773 2999 877 3038 nec
931 2983 1094 3039 etiam
1141 2983 1334 3040 laicam
1380 3000 1673 3056 personam
1742 2986 2080 3056 pertrahere,

479 3084 657 3143 neque
687 3071 758 3127 ad
784 3069 964 3127 forum
993 3088 1152 3127 suum
1184 3072 1361 3144 sequi,
1413 3072 1459 3127 si
1513 3072 1634 3144 ipsa
1671 3073 1807 3128 laica
1842 3089 2082 3144 persona

481 3159 824 3216 consenserit
853 3158 1286 3217 ecclesiasticum
1316 3160 1501 3216 subire
1525 3161 1810 3230 judicium,
1835 3160 1975 3218 sicut
1994 3161 2080 3217 lex

478 3246 866 3315 Valentiniani,
918 3262 1082 3320 quam
1127 3249 1323 3320 probat
1385 3248 1655 3316 Ecclesia,
1725 3249 2077 3305 demonstrat.

478 3335 612 3389 Item
649 3342 772 3407 post
820 3343 1072 3392 ostensas
1138 3337 1503 3392 auctoritates.
1551 3358 1573 3387 α
1641 3337 1712 3391 Et
1774 3353 1885 3393 non
1946 3354 2080 3409 per-

476 3429 722 3479 transeat
751 3424 916 3479 etiam
946 3431 1095 3479 tuam
1125 3424 1637 3494 considerationem,
1697 3441 1794 3480 cur
1845 3426 2080 3480 domnus

474 3526 572 3567 rex
626 3518 731 3567 tuae
783 3512 1034 3583 petitioni
1089 3512 1360 3579 annuerit,
1412 3520 1471 3568 ut
1526 3512 1671 3568 unde
1700 3512 1757 3567 in
1787 3514 2079 3584 praesentia

473 3598 617 3655 illius
646 3599 849 3656 electos
871 3599 1087 3670 judices
1118 3600 1407 3672 episcopos
1436 3601 1732 3656 secundum
1763 3616 1952 3657 sacros
1986 3617 2079 3657 ca-

474 3701 648 3742 nones
675 3687 954 3758 accepisti,
987 3688 1106 3744 sine
1134 3688 1465 3744 conscientia
1476 3688 1899 3760 metrOpolitani,
1925 3690 2077 3745 sine-

475 3790 581 3846 que
611 3773 986 3830 ecclesiastico
998 3776 1227 3843 judicio,
1260 3777 1601 3832 consenserit
1653 3785 1712 3832 ut
1784 3778 2075 3833 seculares

466 3861 683 3931 judices
711 3862 782 3916 ad
812 3864 1156 3919 retractanda
1185 3880 1249 3918 ea
1277 3880 1398 3936 qua
1426 3863 1656 3921 diffinita
1702 3864 1940 3934 fuerunt,
1988 3864 2075 3922 vel

474 3949 545 4005 ad
575 3949 910 4021 difﬁnienda,
944 3950 1014 4007 de
1043 3952 1240 4024 quibus
1261 3952 1475 4021 judices
1505 3968 1821 4025 acceperas,
1855 3954 2075 4010 demum

472 4036 773 4111 acciperes.
808 4039 935 4096 Scio
964 4039 1109 4095 enim
1137 4048 1190 4096 et
1220 4048 1405 4098 certus
1433 4058 1554 4096 sum
1581 4042 1708 4099 hinc
1738 4042 1889 4098 illum
1909 4059 2072 4100 cano-

467 4125 649 4183 nicum
679 4125 819 4184 scire
842 4127 1125 4200 judicium,
1160 4136 1212 4186 et
1238 4129 1409 4186 miror
1439 4146 1501 4188 ac
1531 4130 1690 4187 doleo
1720 4147 1819 4188 cur
1858 4140 1914 4187 tu
1967 4133 2072 4188 hoc

465 4214 651 4272 videre
675 4232 786 4273 non
815 4216 1052 4284 voluisti,
1084 4227 1176 4274 aut
1204 4219 1321 4275 Deo
1345 4219 1527 4288 judice
1558 4220 1872 4294 arrogantia
1890 4236 2068 4277 caeca-

466 4311 553 4360 tus
581 4318 693 4361 non
719 4305 960 4375 potuisti.
994 4306 1202 4379 Inunge
1233 4307 1402 4379 igitur
1430 4308 1727 4364 secundum
1781 4308 2066 4365 consilium

463 4391 825 4463 Apocalypsis
854 4393 1079 4448 Joannis
1110 4394 1253 4465 (cap.
1302 4410 1383 4461 III,
1448 4396 1536 4466 t8)
1595 4396 1823 4467 collyrio
1878 4396 2066 4452 oculos

2186 2906 2300 2959 cer,
2333 2898 2424 2944 aut
2452 2890 2571 2946 sine
2599 2891 2888 2947 dilectione
2918 2909 2948 2946 a
2976 2900 3065 2947 tua
3114 2893 3340 2949 scientia
3393 2895 3777 2966 reprehendar.

2186 2977 2295 3033 Sed
2321 2994 2390 3032 ne
2418 2978 2561 3049 apud
2588 2978 2729 3047 illos,
2763 2980 2855 3051 qui
2896 2987 3076 3036 tecum
3132 2982 3477 3039 rumusculos
3536 2990 3773 3054 captant,

2186 3065 2443 3136 glorieris
2475 3067 2627 3137 quasi
2657 3083 2745 3123 me
2775 3076 2983 3124 mutum
3013 3067 3261 3125 effeceris
3290 3078 3344 3125 et
3372 3070 3670 3143 elinguem,
3689 3071 3780 3143 qui

2183 3154 2333 3209 solus
2361 3154 2562 3210 nostris
2589 3156 2922 3227 temporibus
2942 3158 3226 3214 thesauros
3241 3159 3520 3230 sapientiae
3537 3167 3592 3215 et
3607 3159 3773 3216 scien-

2179 3242 2267 3298 tiae
2297 3251 2591 3314 penetrans
2619 3244 2868 3313 introisti,
2902 3244 2990 3301 hic
3018 3261 3184 3302 causa
3211 3248 3521 3319 compendii
3562 3256 3780 3319 praeter-

2179 3331 2419 3399 mittens,
2455 3348 2578 3388 cum
2606 3333 2737 3388 mihi
2768 3335 3046 3390 vacaverit
3076 3336 3358 3391 ostendam
3388 3336 3520 3408 quid
3548 3337 3775 3411 regula-

2178 3436 2301 3474 rum
2330 3420 2705 3492 grammaticae
2735 3422 2866 3476 artis
2895 3430 3163 3490 auctores,
3199 3424 3327 3497 quid
3372 3426 3775 3497 orthographia

2178 3507 2451 3575 doctores,
2486 3509 2617 3580 quid
2661 3518 2863 3565 sanctae
2920 3510 3217 3582 Scriptum
3274 3520 3594 3569 tractatores
3648 3514 3774 3569 inde

2178 3597 2412 3651 sentiant
2442 3605 2605 3669 atque
2634 3598 2835 3654 dicant.
2867 3618 2890 3649 ι
2917 3600 3055 3656 Item
3104 3608 3229 3671 post
3270 3601 3546 3658 nonnulla.
3584 3625 3606 3651 κ
3663 3603 3773 3659 Sed

2175 3683 2278 3738 alia
2307 3693 2431 3739 sunt
2458 3685 2583 3741 hinc
2612 3702 2678 3741 ex
2708 3687 2883 3742 sacris
2899 3688 3198 3744 canonibus
3220 3696 3274 3744 et
3293 3690 3605 3761 apostolicae
3625 3690 3771 3746 sedis

2175 3773 2432 3838 decretis,
2457 3790 2580 3844 qua:
2598 3774 2729 3828 mihi
2758 3775 2847 3831 hic
2866 3792 3074 3846 ponere
3104 3776 3330 3848 longum
3350 3777 3465 3848 fuit,
3489 3786 3541 3833 et
3561 3778 3616 3833 in
3638 3795 3773 3850 opu-

2174 3861 2326 3915 sculo
2354 3860 2752 3934 quinquaginta
2781 3863 3020 3935 quinque
3061 3865 3440 3936 capitulorum,
3499 3866 3645 3938 quod
3700 3867 3770 3922 ad

2172 3955 2323 4003 tuam
2352 3950 2829 4006 commonitionem
2860 3960 2913 4007 et
2939 3953 3338 4009 correctionem
3365 3961 3526 4026 atque
3555 3954 3761 4010 instru-

2171 4036 2405 4092 ctionem
2433 4037 2531 4092 tibi
2559 4037 2704 4107 dedi,
2738 4047 2895 4110 potes
2927 4041 3195 4113 relegere,
3254 4051 3455 4112 praeter
3508 4041 3767 4114 epistolas

2168 4125 2484 4196 praemissas
2512 4142 2649 4198 quas
2681 4126 2778 4181 tibi
2808 4127 2989 4183 direxi
3017 4130 3086 4184 ad
3136 4130 3573 4203 redarguendam
3619 4140 3764 4186 tuam

2168 4213 2548 4281 temeritatem,
2580 4222 2772 4271 contra
2801 4216 3178 4289 evangelicam
3214 4217 3512 4286 veritatem,
3546 4227 3600 4274 et
3628 4235 3761 4291 apo-

2169 4301 2410 4358 stolicam
2438 4310 2599 4375 atque
2649 4303 2967 4360 canonicam
3017 4305 3411 4373 auctoritatem,
3464 4316 3759 4380 contraque

2167 4390 2313 4444 sedis
2341 4391 2651 4462 apostolica:
2682 4391 2917 4458 decreta,
2943 4393 2999 4447 in
3026 4399 3176 4449 tuam
3206 4403 3257 4449 et
3284 4394 3584 4466 perniciem
3622 4395 3761 4451 mul-

462 4486 603 4549 tuos,
637 4487 695 4535 ut
723 4479 913 4536 videas
954 4487 1008 4534 et
1048 4480 1364 4552 albuginem
1412 4483 1738 4553 arrogantiae
1776 4483 1845 4538 de
1901 4484 2060 4540 oculo
2088 4475 2143 4536 D
2165 4484 2343 4533 torum
2372 4487 2781 4550 praesumptam,
2818 4480 2955 4536 sicut
2984 4480 3038 4535 in
3069 4482 3277 4554 synodo
3305 4483 3596 4553 plurimum
3640 4484 3758 4555 epi-

459 4568 676 4635 mentis,
735 4568 793 4623 id
850 4575 933 4622 est
985 4566 1260 4623 intellectu
1300 4576 1390 4624 tuo
1428 4569 1660 4638 abjicere
1721 4571 1950 4627 valeas:
2011 4580 2063 4627 et

460 4671 648 4726 pensa,
680 4671 752 4711 ne
782 4654 925 4712 forte
956 4656 1189 4711 domnus
1220 4672 1337 4725 rex,
1400 4673 1561 4728 quem
1615 4657 1775 4714 toties
1834 4675 2061 4715 exacer-

462 4742 621 4811 basti,
653 4744 834 4800 sciens
866 4744 1047 4800 divina
1070 4744 1278 4814 judicia
1334 4752 1497 4816 atque
1552 4745 1785 4817 eloquia,
1848 4746 1976 4803 hinc
2005 4748 2061 4802 in

462 4831 749 4887 annuendo
780 4832 921 4888 votis
952 4832 1059 4887 tuis
1090 4832 1413 4904 cogitaverit
1442 4840 1630 4888 contra
1676 4850 1736 4889 se
1766 4834 2060 4890 sententias

458 4915 691 4984 divinas,
724 4917 793 4974 de
820 4919 906 4975 his
952 4919 1041 4992 qui
1099 4919 1249 4976 dura:
1307 4919 1538 4976 cervicis
1594 4930 1646 4976 et
1702 4921 2058 4980 indomabiles

456 5005 621 5062 corde
649 5013 793 5061 sunt.
820 5007 926 5074 Qui
955 5012 1121 5064 nocet
1140 5012 1343 5065 noceat
1373 5008 1578 5079 adhuc,
1612 5014 1669 5065 et
1699 5013 1797 5084 qui
1825 5012 1889 5067 in
1934 5030 2055 5069 sor-

452 5093 613 5150 dibus
642 5098 726 5149 est
755 5095 1044 5152 sordescat
1069 5097 1255 5152 adhuc
1288 5097 1482 5170 (Apoc.
1543 5114 1688 5169 xxu,
1750 5100 1839 5172 11)
1872 5119 1887 5169 ;
1948 5109 2003 5157 et
2036 5120 2049 5157 :

459 5183 524 5241 Ut
552 5183 839 5254 impleant
863 5188 1098 5255 peccata
1127 5201 1231 5241 sua
1259 5201 1480 5258 semper
1509 5188 1559 5259 (Ι
1590 5189 1743 5245 Thes.
1791 5204 1851 5258 ιι,
1913 5193 1978 5244 16
2011 5190 2051 5260 );

470 5277 523 5325 et
553 5286 567 5326 :
598 5272 804 5328 Dimisi
831 5286 921 5327 eos
950 5272 1263 5329 secundum
1291 5273 1569 5332 desideria
1592 5277 1780 5334 cordis
1834 5294 2047 5348 eorum,

474 5358 639 5416 ibunt
666 5359 731 5415 in
759 5360 1250 5418 adinventionibus
1290 5364 1410 5419 suis
1463 5363 1640 5436 (Psal.
1698 5380 1875 5432 Lxxx,
1912 5367 2000 5438 13)
2033 5385 2048 5435 ;

459 5454 559 5504 et:
608 5449 804 5506 Nonne
861 5449 977 5506 haec
1033 5450 1260 5508 condita
1297 5456 1434 5508 sunt
1488 5454 1640 5527 apud
1693 5471 1800 5522 me,
1862 5460 1919 5511 et
1965 5457 2049 5512 si-

447 5540 623 5615 gnata
654 5537 718 5594 in
749 5537 1030 5599 thesauris
1062 5540 1250 5597 meis?
1277 5556 1405 5598 mea
1434 5545 1520 5600 est
1546 5543 1691 5601 ultio
1722 5546 1780 5600 et
1807 5559 1900 5616 ego
1948 5561 2044 5602 re-

2164 4581 2455 4637 scoporum
2485 4574 2566 4621 est
2623 4569 3081 4638 comprobatum:
3141 4570 3235 4625 sed
3263 4578 3315 4625 et
3369 4579 3567 4642 praeter
3622 4572 3756 4627 alias

2162 4654 2423 4724 epistolas
2453 4669 2518 4710 ac
2547 4654 2657 4709 alia
2685 4656 2887 4727 scripta
2918 4673 3040 4728 quae
3069 4657 3162 4712 tibi
3192 4658 3384 4729 direxi,
3415 4660 3502 4715 vel
3533 4660 3659 4715 dedi
3688 4660 3757 4715 ad

2161 4742 2624 4813 comprimendam
2653 4750 2797 4798 tuam
2827 4744 3189 4815 insolentiam,
3230 4754 3281 4801 et
3298 4749 3749 4803 commonendam

2159 4845 2223 4885 ac
2252 4830 2620 4885 instruendam
2649 4838 2795 4886 tuam
2826 4833 3193 4903 dilectionem,
3244 4842 3301 4889 ut
3356 4851 3554 4908 ageres
3604 4837 3751 4906 juxta

2157 4917 2374 4973 Domini
2407 4917 2607 4972 dictum
2637 4920 2821 4989 (Deut.
2856 4936 3017 4988 xxvr,
3051 4925 3143 4993 27)
3169 4921 3344 4991 :Quid
3361 4924 3552 4995 quatit
3573 4925 3755 4980 Domi-

2155 5022 2260 5060 nus
2290 5007 2439 5061 Deus
2466 5013 2589 5061 tuus
2619 5023 2652 5062 a
2680 5014 2753 5077 te,
2784 5007 2889 5063 nisi
2916 5017 2974 5064 ut
3003 5010 3191 5066 timeas
3230 5011 3521 5067 Dominum
3579 5014 3749 5068 Deum

2154 5102 2326 5160 tuum,
2360 5102 2414 5150 et
2442 5092 2608 5150 facias
2637 5096 2967 5153 voluntatem
3000 5099 3133 5167 ejus,
3192 5099 3525 5172 obediasque
3581 5101 3749 5172 ipsius

2152 5181 2381 5252 imperio
2409 5182 2437 5236 ?
2460 5182 2612 5253 Quae,
2642 5183 2831 5251 frater,
2868 5186 3097 5242 sollicita
3119 5187 3302 5242 cordis
3326 5187 3622 5246 intentione
3670 5204 3752 5246 re-

2151 5269 2326 5339 volve,
2361 5278 2415 5325 et
2455 5272 2701 5345 recogita
2744 5273 2872 5345 quid
2917 5274 2986 5328 sit
3030 5275 3177 5346 quod
3221 5275 3401 5331 dixisti
3435 5293 3449 5331 :
3502 5276 3641 5346 Quia
3684 5293 3745 5332 ex

2150 5366 2275 5415 tunc
2308 5359 2526 5431 quando
2555 5361 2687 5415 mihi
2717 5360 2926 5417 litteras
2952 5361 3073 5417 illas
3131 5362 3346 5431 misisti,
3375 5372 3434 5419 ut
3477 5363 3745 5437 archiepi-

2148 5461 2314 5519 scopo
2344 5447 2701 5521 coepiscopus
2732 5450 3109 5522 obtemperare
3139 5452 3301 5508 debet
3322 5454 3601 5523 canonice,
3636 5453 3738 5511 sci-

2147 5558 2265 5600 rem
2318 5545 2547 5618 obsequi
2601 5545 2734 5602 mihi
2792 5553 2844 5603 te
2889 5563 3001 5604 non
3034 5564 3220 5622 posse,
3262 5558 3317 5607 et
3358 5565 3559 5608 revoca
3621 5556 3740 5607 ante
