4164 6310
401 255 506 308 509

1115 245 1358 304 OPUSC.
1417 246 1508 302 ET
1558 246 1776 304 EPIST.
1837 246 1912 301 IN
1965 243 2195 301 CAUSA
2237 246 2580 305 HINCMARI
2629 249 2931 306 LAUDUN.

3586 255 3690 309 810

409 374 595 432 oculos
636 372 784 446 quod
825 387 1010 429 coram
1055 371 1326 442 episcOpis
1370 371 1560 427 decem
1599 369 2004 442 provinciarum
2029 367 2266 430 Adicio.
2299 372 2424 428 Non
2449 371 2595 427 enim
2623 371 2690 427 de
2718 388 2806 428 me
2831 388 3019 429 verum
3062 389 3187 431 esse
3213 374 3426 431 valebis
3451 386 3693 448 unquam

409 462 689 535 professus
717 478 798 527 es,
829 468 881 515 et
909 475 1073 514 manu
1114 459 1335 530 propria
1377 458 1763 529 subscripsisti,
1798 458 2006 514 scilicet

408 552 536 624 quia
563 549 850 622 privilegio
885 547 1282 618 metropolitani
1329 547 1625 618 provincia
1671 548 2004 603 Rhemorum

412 638 677 704 ecclesia,
702 637 1004 693 secundum
1034 651 1216 691 sacros
1246 649 1500 701 canones,
1535 643 1588 690 et
1611 635 1828 690 decreta
1857 636 2004 690 sedis

408 726 718 798 apostolica
747 724 921 780 sacris
948 724 1246 779 canonibus
1275 723 1626 795 promulgata,
1650 738 1752 794 pro
1781 723 1923 780 scire
1953 731 2005 778 et

410 830 574 886 posse
615 821 667 868 te
709 812 1050 867 obediturum
1095 810 1466 882 profitereris,
1516 818 1568 865 et
1615 810 2000 882 subscripsisti.

409 902 528 968 Dic,
561 900 744 967 frater,
779 901 1017 971 quando,
1056 906 1109 953 et
1141 899 1253 964 ubi,
1287 898 1374 954 vel
1402 899 1458 952 in
1486 899 1681 970 quibus
1701 914 1734 953 a
1756 907 1809 954 te
1829 898 2003 970 requi-

410 989 512 1046 sivi
541 989 628 1044 vel
657 995 981 1059 extorquere
1008 985 1173 1052 volui,
1205 993 1264 1041 ut
1290 986 1423 1041 mihi
1465 995 1650 1042 contra
1678 987 1795 1042 hac
1823 987 1880 1041 in
1909 986 2004 1040 ali-

413 1092 518 1148 quo
539 1076 788 1131 obedires
803 1075 830 1128 ?
853 1074 946 1146 qui
965 1089 1244 1145 nunquam
1266 1082 1374 1142 tua,
1401 1075 1498 1128 sed
1511 1075 1664 1144 juxta
1685 1075 2004 1144 Apostolum

409 1172 462 1219 te
493 1162 744 1235 quasivi,
779 1169 829 1216 et
857 1161 948 1232 qui
977 1176 1129 1216 meas
1177 1161 1398 1229 injurias
1418 1204 1430 1227 ,
1482 1161 1688 1216 scilicet
1716 1177 1853 1217 mea
1879 1178 2005 1232 per-

412 1267 580 1316 sona,
612 1249 768 1304 facile
796 1250 913 1304 Deo
941 1248 1149 1321 gratias
1195 1265 1419 1319 possum
1467 1249 1754 1315 dimittere,
1789 1249 1924 1305 sicut
1953 1257 2007 1304 et

411 1353 509 1409 pro
539 1345 590 1392 te
618 1337 854 1408 quotidie
901 1335 1344 1406 omnipotentiam
1389 1336 1607 1392 Domini
1653 1337 1848 1392 devote
1876 1353 2004 1393 exo-

411 1442 540 1480 rans
569 1423 730 1492 facio,
761 1423 985 1494 injurias
1027 1423 1379 1479 ordinationis
1425 1423 1650 1492 divina,
1701 1441 1822 1495 qua
1850 1440 1883 1479 a
1913 1433 2007 1480 tua

411 1513 704 1569 insolentia
748 1512 1120 1584 exquiruntur,
1165 1520 1223 1565 ut
1266 1512 1677 1583 metropolitano
1719 1513 2006 1585 privilegio

413 1600 674 1658 canonice
703 1616 813 1655 non
841 1600 1115 1670 subdaris,
1139 1600 1194 1654 in
1216 1616 1340 1654 eum
1367 1599 1753 1667 redundantes,
1780 1601 1871 1672 qui
1893 1601 2008 1672 Spi-

2104 456 2191 512 vel
2221 474 2450 530 usquam
2477 459 2713 530 probare
2743 461 2888 530 quod
2934 460 3090 527 dicis,
3123 462 3193 516 ab
3223 463 3328 530 his,
3359 463 3630 535 inquiens,
3662 480 3698 520 ι

2103 545 2301 617 quibus
2330 563 2432 618 pro
2460 547 2771 618 apostolica
2798 546 2945 603 sedis
2993 549 3315 622 privilegiis,
3348 567 3467 622 qua
3498 552 3696 608 Christi

2104 641 2261 700 sunt,
2305 651 2477 707 usque
2505 636 2573 690 ad
2602 643 2831 691 mortem
2867 635 2947 691 fas
2989 645 3104 692 erat
3144 638 3442 706 decreturi,
3488 640 3690 710 pradi-

2103 730 2258 778 catur
2285 731 2337 778 et
2364 724 2608 790 docetur,
2634 724 2690 778 in
2709 725 2794 779 his
2824 741 2945 796 qua
2971 725 3166 780 eadem
3193 726 3354 782 sedes
3384 729 3584 794 statuit,
3607 727 3696 784 vel

2105 817 2163 865 ut
2192 811 2560 882 respuendum
2603 812 2841 883 probari.
2874 813 2984 868 Sed
3010 820 3066 867 tu
3097 813 3350 884 probaris
3379 815 3494 882 ejus
3521 814 3695 885 privi-

2105 897 2250 969 legio
2278 899 2562 965 resultare,
2596 900 2687 971 qui
2705 901 3013 956 secundum
3059 909 3531 957 sacrosanctorum
3558 916 3696 959 con-

2106 985 2357 1041 ciliorum
2387 1001 2626 1042 canones
2655 1002 2825 1058 supra
2851 988 3080 1058 positos,
3102 989 3171 1043 ab
3199 989 3316 1059 ipsa
3338 989 3517 1060 prima
3545 991 3694 1057 sede,

2107 1078 2270 1142 atque
2301 1071 2366 1125 ab
2397 1071 2543 1126 omni
2570 1071 2821 1128 Ecclesia
2850 1072 3111 1129 catholica
3140 1075 3542 1145 comprobatos,
3566 1082 3623 1130 ut
3642 1090 3701 1131 re

2107 1173 2241 1214 vera
2268 1159 2459 1230 spiritu
2488 1160 2590 1215 Dei
2619 1160 2889 1227 conditos,
2913 1169 2967 1216 et
2990 1161 3150 1216 totius
3179 1162 3367 1217 mundi
3394 1163 3703 1218 reverentia

2109 1255 2477 1313 consecratos,
2510 1256 2564 1302 et
2583 1248 2732 1316 juxta
2761 1248 2981 1304 decreta
3025 1249 3196 1320 ipsius
3226 1257 3428 1306 sancta
3457 1250 3604 1306 sedis
3636 1265 3703 1306 ex

2111 1334 2317 1389 eisdem
2346 1335 2518 1390 sacris
2548 1336 2849 1392 canonibus
2891 1337 3255 1410 promulgata,
3288 1338 3703 1409 metropolitano

2107 1421 2398 1494 privilegio
2445 1423 2614 1478 semel
2659 1431 2712 1478 et
2741 1424 2981 1480 secundo
3026 1439 3094 1480 ac
3135 1425 3297 1480 tertio
3343 1425 3704 1481 commonitus

2112 1509 2336 1565 obedire
2363 1509 2695 1576 detrectasti,
2725 1519 2784 1566 ut
2811 1512 3190 1583 colligationes
3225 1512 3537 1584 impietatis,
3568 1527 3705 1584 quas

2113 1604 2301 1652 contra
2329 1598 2704 1670 evangelicam
2732 1599 3034 1670 veritatem,
3067 1607 3121 1656 et
3147 1600 3501 1671 apostolicam
3542 1607 3705 1672 atque

409 1691 517 1745 ritu
545 1697 735 1745 sancto
764 1703 882 1753 suo,
919 1703 950 1742 a
977 1705 1080 1759 que
1127 1688 1456 1760 promulgati
1499 1687 1756 1761 leguntur
1793 1696 1844 1743 et
1880 1704 2006 1744 cre—
2036 1716 2090 1775 B
2111 1685 2490 1756 propheticam
2517 1687 2905 1754 auctoritatem,
2937 1696 3234 1760 contraque
3263 1697 3576 1745 sanctorum
3606 1703 3706 1744 ca-

413 1777 611 1832 duntur
657 1792 912 1843 canones,
943 1776 1188 1842 instituit,
1219 1776 1488 1846 patienter
1532 1775 1676 1831 ferre
1723 1793 1831 1832 non
1881 1792 2010 1848 pos-

414 1881 574 1935 sum,
623 1881 722 1920 nec
751 1865 960 1931 debeo,
1010 1865 1141 1936 quin
1186 1871 1388 1918 tantum
1435 1865 1561 1919 inde
1606 1881 1717 1920 non
1765 1873 2010 1936 satagam

416 1960 675 2026 quantum
724 1960 935 2024 potero.
968 1953 1107 2006 Nam
1137 1952 1276 2007 sicut
1306 1952 1610 2007 sollicitudo
1653 1961 1706 2008 et
1750 1953 2010 2024 primatus

414 2041 577 2097 totius
604 2040 869 2096 Ecclesiae
898 2041 1178 2096 catholicae
1205 2048 1406 2096 sancta
1427 2040 1574 2095 sedis
1593 2042 1853 2096 Romana
1883 2057 2013 2112 pon-

413 2128 546 2184 tiﬁci
589 2127 845 2183 divinitus
873 2137 954 2183 est
983 2129 1195 2195 collata,
1230 2128 1302 2182 ita
1331 2135 1384 2182 et
1412 2129 1710 2201 uniquique
1739 2137 2012 2201 metropo-

412 2217 578 2272 litano
606 2233 668 2272 ac
697 2215 914 2288 primati
943 2215 1238 2287 provincia
1286 2215 1591 2271 sollicitudo
1620 2217 1721 2271 sibi
1751 2218 2013 2290 delegata

415 2305 710 2377 provincia
752 2321 853 2375 per
900 2319 1088 2359 sacros
1131 2319 1368 2359 canones
1397 2304 1585 2374 Spiritu
1614 2305 1714 2360 Dei
1741 2306 2029 2372 conditos,‘

418 2401 472 2449 et
497 2393 659 2449 totius
692 2393 882 2447 mundi
910 2391 1211 2446 reverentia
1239 2401 1591 2447 consecratos
1619 2393 1862 2448 noscitur
1891 2411 2013 2449 esse

419 2480 729 2546 commissa,
768 2504 788 2528 »
823 2487 876 2534 et
903 2487 1118 2534 catera.
1151 2479 1464 2550 Sequuntur
1493 2480 1729 2552 denique
1757 2482 1916 2552 plura
1945 2483 2014 2538 de

418 2568 847 2641 professionibus
868 2575 920 2623 et
940 2567 1429 2637 subscriptionibus
1451 2568 1694 2637 ejusdem
1714 2569 2011 2637 Hincmari,

415 2667 470 2714 et
497 2656 930 2729 correptionibus
960 2656 1096 2726 ejus,
1128 2671 1301 2727 usque
1330 2656 1401 2711 ad
1431 2655 1595 2711 finem
1625 2658 1826 2728 operis.

583 2859 920 2918 EPISTOLA
957 2859 1304 2915 HINCMARI
1349 2859 1841 2915 LAUDUNENSIS

789 2972 862 3012 AD
900 2970 1232 3011 HINCMARUM
1271 2970 1633 3010 RHEMENSEM.

418 3045 727 3127 Respondet
748 3046 827 3127 _ad
851 3045 1189 3127 napi-{aculam
1209 3046 1622 3127 quinquaginta
1652 3045 1894 3127 quiaque
1924 3059 2017 3127 ea:
2044 3064 2092 3127 α

489 3115 676 3242 putum
705 3120 760 3172 et
789 3117 861 3171 ad
890 3117 1007 3171 alia
1037 3131 1158 3187 qua
1200 3115 1401 3171 contra
1446 3115 1635 3184 ipsum
1682 3117 1896 3184 scripta
1926 3117 2013 3171 vel

492 3205 557 3242 ac
588 3206 640 3242 a.

492 3205 640 3244 ασια.

550 3274 710 3346 (Vide
739 3272 1081 3346 Patrologia,
1114 3281 1244 3328 tom.
1279 3272 1523 3338 CXXIV,
1555 3271 1660 3326 col.
1695 3274 1880 3342 1027.)

772 3369 1114 3425 HINCMARI
1167 3368 1660 3424 LAUDUNENSIS

1048 3472 1120 3511 AD
1157 3472 1389 3512 EUMDEH

417 3551 493 3606 De
523 3563 798 3606 consensu
826 3549 890 3603 in
919 3547 1570 3602 exeommunicationem
1609 3545 1677 3600 ab
1705 3559 1765 3601 eo
1793 3546 2014 3616 factum

945 3633 1107 3689 quem
1142 3617 1418 3687 exigebat.
1771 3655 1775 3658 .

791 3705 950 3776 (Vide
979 3705 1073 3759 ubi
1104 3720 1288 3775 supra,
1325 3703 1430 3760 col.
1464 3701 1647 3772 1069.)

639 3810 980 3868 EPISTOLA
1017 3809 1357 3865 HINCMARI
1394 3808 1794 3864 RHEMENSIS

775 3914 846 3954 Αῐ)
885 3912 1216 3953 HINCMARUM
1253 3911 1686 3952 LAUDUNENSEM.

567 3988 731 4045 (Apud
753 3986 1020 4041 Sirmond.,
1047 3997 1107 4032 ex
1129 3985 1412 4038 Flodoardi,
1437 3985 1523 4030 lib.
1545 3995 1616 4039 Ill,
1647 3994 1755 4040 cap.
1780 3984 1870 4038 22.)

493 4080 821 4134 Hmcnnus
851 4078 1184 4132 Rhemorum
1215 4075 1504 4146 episcOpus
1537 4075 1834 4128 Hmcmao
1881 4073 2020 4128 Lau-

419 4167 680 4224 dunensis
708 4166 987 4237 episcOpo.

494 4256 591 4311 Vir
618 4254 848 4310 diversis
879 4251 1113 4325 ﬂagellis
1133 4268 1164 4306 a
1185 4251 1418 4308 diversis
1448 4249 1689 4305 attristus
1717 4248 1849 4304 dicit
1872 4267 1885 4303 :
1912 4247 2020 4316 Qui

420 4362 511 4400 me
569 4343 862 4400 comedunt
912 4357 1020 4395 non
1078 4339 1382 4406 dormiunt;
1441 4353 1504 4394 ac
1561 4338 1608 4392 si
1653 4338 1876 4402 diceret,
1907 4352 2018 4392 non

2109 1787 2333 1839 nonum,
2367 1781 2419 1828 et
2447 1774 2664 1830 decreta
2693 1775 2864 1845 ipsius
2892 1777 3220 1831 veneranda
3256 1776 3422 1842 sedis,
3454 1776 3705 1831 exitiabi-

2109 1854 2232 1910 liter
2259 1855 2316 1910 in
2345 1864 2495 1911 tuum
2526 1856 2899 1914 et'multorum
2928 1860 3230 1930 periculum
3260 1860 3556 1932 colligasti,
3587 1860 3706 1914 dis-

2112 1943 2376 1999 solveres.
2402 1946 2629 2016 Insuper
2649 1955 2839 2002 contra
2859 1963 3045 2002 sacras
3065 1947 3287 2020 regulas
3317 1948 3580 2003 adversus
3598 1962 3708 2004 me-

2112 2032 2499 2102 tropolitanum
2544 2034 2890 2106 privilegium
2915 2035 3098 2091 libello
3126 2035 3436 2106 perniciose
3463 2036 3708 2091 subscri-

2111 2119 2288 2189 psisti,
2313 2128 2365 2175 et
2385 2121 2654 2177 subscribi
2682 2121 2874 2178 fecisti.
2903 2124 3058 2180 Unde
3086 2123 3141 2178 in
3171 2124 3381 2194 synodo
3411 2131 3708 2180 conventus

2113 2207 2181 2262 ab
2203 2207 2476 2279 episcopis
2492 2209 2686 2266 decem
2705 2211 3132 2280 provinciarum,
3145 2211 3390 2267 libellum
3405 2211 3708 2282 professio-

2113 2293 2200 2350 nis
2230 2296 2298 2350 de
2326 2295 2503 2351 futura
2529 2305 2619 2352 tua
2648 2298 2975 2364 obedientia,
3008 2299 3371 2369 subscriptum
3393 2315 3553 2354 manu
3582 2314 3710 2369 pro-

2113 2383 2253 2454 pria,
2291 2385 2434 2455 quod
2478 2386 2674 2453 habeo,
2707 2387 2991 2457 porrexisti
3021 2404 3036 2442 :
3069 2395 3258 2442 contra
3305 2404 3467 2458 quem
3513 2387 3709 2442 iterum

2115 2472 2567 2543 resubscripsisti.
2617 2474 2755 2528 Nam
2803 2491 2908 2547 ego
2954 2475 3250 2531 decretales
3293 2474 3524 2546 epistola
3561 2473 3709 2530 sedis

2114 2560 2444 2630 apostolica,
2488 2561 2710 2617 divertis
2753 2563 3088 2633 temporibus
3116 2579 3218 2634 pro
3247 2563 3587 2618 diversorum
3615 2578 3710 2634 pa-

2111 2655 2255 2702 trum
2285 2649 2656 2704 consolatione
2673 2650 2760 2705 vel
2778 2651 3174 2708 consultatione
3193 2652 3260 2706 ab
3287 2651 3532 2720 ejusdem
3560 2650 3709 2706 sedis

2113 2734 2458 2806 pontificibus
2484 2737 2658 2803 datas,
2693 2746 2747 2793 et
2773 2739 3160 2795 venerabiliter
3187 2739 3446 2810 suscipio,
3481 2746 3536 2795 et
3553 2754 3713 2794 vene-

2114 2823 2359 2879 rabiliter
2386 2825 2761 2896 suscipiendas
2789 2827 2934 2893 dico,
2959 2835 3010 2883 et
3031 2827 3232 2894 scribo,
3265 2834 3320 2883 et
3342 2834 3714 2882 sacrosancto-

2114 2927 2236 2966 rum
2277 2913 2630 2969 conciliorum
2677 2929 2934 2982 canones,
2968 2931 3091 2970 cum
3120 2915 3356 2972 decretis
3403 2914 3714 2986 apostolica

2114 2999 2264 3055 sedis
2293 3017 2360 3056 ex
2389 3001 2598 3056 eisdem
2624 3003 2796 3057 sacris
2824 3003 3121 3059 canonibus
3149 3003 3508 3075 promulgatis
3539 3010 3593 3058 et
3618 3019 3713 3058 re-

2114 3087 2395 3159 cipiendos
2426 3098 2476 3144 et
2509 3091 2896 3145 custodiendos
2927 3099 2980 3146 et
3005 3092 3326 3160 servandos,
3369 3091 3509 3146 sicut
3549 3105 3713 3161 supra

2113 3177 2347 3247 ostendi,
2395 3177 2671 3248 profiteor.
2717 3180 2786 3232 Et
2815 3179 2961 3250 quod
2989 3187 3042 3234 te
3069 3179 3206 3235 dicis
3254 3179 3442 3234 audire
3489 3177 3714 3249 obloqui

2113 3263 2180 3318 de
2202 3264 2406 3332 judicio
2435 3265 2621 3320 domui
2646 3280 2803 3336 papa
2832 3266 3059 3331 Nicolai,
3088 3267 3135 3322 si
3163 3267 3232 3323 de
3259 3283 3346 3322 me
3375 3265 3532 3333 dicis,
3563 3281 3716 3321 men-

2116 3351 2334 3406 dacium
2380 3352 2536 3407 dicis.
2583 3355 2722 3408 Nam
2768 3355 2915 3426 quod
2957 3355 3047 3409 ille
3091 3355 3160 3410 de
3198 3355 3466 3423 Rothodo,
3502 3354 3616 3410 sive
3645 3354 3716 3412 de

2115 3438 2342 3494 Vulfado
2367 3440 2644 3508 judicavit,
2669 3457 2777 3496 non
2808 3442 3130 3508 contradixi,
3155 3443 3252 3497 sed
3277 3443 3416 3499 sicut
3439 3443 3557 3513 ipse
3583 3459 3718 3512 pra-

2115 3527 2258 3598 cepit
2298 3528 2519 3583 obedire
2561 3529 2765 3585 curavi.
2799 3530 2880 3585 De
2910 3546 2975 3585 eo
3005 3530 3151 3601 quod
3182 3530 3319 3586 dicis
3347 3531 3416 3586 de
3445 3529 3714 3599 Rothado,

2116 3615 2245 3686 quia
2272 3615 2327 3670 in
2357 3617 2474 3685 ejus
2505 3617 2845 3688 depositione
2864 3633 2974 3673 non
2995 3618 3340 3684 consensisti,
3373 3617 3717 3689 subscriptio-

2115 3719 2216 3758 nes
2255 3712 2358 3760 tua
2404 3721 2596 3760 manus
2643 3707 2882 3777 propria
2927 3713 2980 3762 te
3025 3707 3332 3763 revincunt.
3378 3706 3526 3762 Nihil
3569 3705 3715 3762 enim

2116 3791 2243 3848 inde
2272 3793 2362 3866 egi
2392 3795 2536 3865 quod
2564 3809 2781 3850 mecum
2827 3810 2938 3850 non
2984 3795 3185 3868 egeris,
3234 3795 3369 3850 nihil
3417 3795 3716 3867 subscripsi

2119 3881 2266 3952 quod
2293 3897 2405 3936 non
2433 3883 2850 3953 subscripseris.
2881 3883 3072 3940 Habeo
3098 3884 3244 3940 enim
3268 3883 3388 3940 illas
3415 3885 3564 3956 ipsas
3590 3899 3715 3940 ma-

2119 3984 2222 4023 nus
2253 3977 2360 4025 tua
2378 3971 2787 4026 subscritiones.

2188 4057 2259 4111 Et
2289 4056 2438 4113 circa
2466 4059 2622 4126 hujus
2650 4059 2834 4128 operis
2863 4057 3044 4114 ﬁnem.
3071 4060 3151 4114 De
3180 4059 3298 4114 aliis
3327 4075 3478 4126 vero,
3511 4075 3632 4131 qua
3659 4059 3715 4115 in

2120 4144 2324 4215 scripto
2371 4145 2514 4214 apud
2559 4145 2884 4201 Attiniacum
2932 4147 3056 4201 dato
3099 4147 3233 4201 mihi
3294 4147 3715 4218 improperando

2119 4232 2454 4287 mendaciter
2484 4232 2640 4301 dicis,
2665 4233 2763 4288 tibi
2784 4234 3117 4305 respondere
3137 4250 3248 4288 non
3266 4249 3417 4290 curo.
3443 4235 3550 4290 Sed
3572 4235 3716 4290 scias

2121 4320 2248 4390 quia
2277 4335 2386 4375 non
2415 4336 2535 4376 sum
2565 4320 2764 4376 oblitus
2794 4323 2938 4393 quod
2964 4322 3224 4393 scriptum
3246 4330 3328 4377 est
3349 4321 3405 4376 in
3423 4321 3566 4377 Isaia
3591 4337 3718 4392 pro-

422 4433 726 4506 quiescunt.
751 4431 822 4485 Et
840 4438 917 4496 tu,
941 4429 1127 4496 frater,
1144 4429 1238 4483 'me
1267 4436 1371 4482 tua
1399 4425 1600 4498 lingua
1629 4425 1858 4496 ﬂagellis
1887 4432 2021 4480 atte-
2045 4409 2104 4472 D
2121 4409 2305 4506 ‘P‘hemf
2341 4409 2598 4506 φιοηίαηξ
2627 4411 3150 4506 ξεξιοίυει-Ῑξῑεξφδίθιε
3178 4417 3415 4506 afﬂatus
3443 4410 3712 4506 ‘fngusua.

421 4537 564 4587 rere,
599 4528 650 4576 et
677 4518 967 4575 venenosis
998 4517 1210 4587 scriptis
1259 4516 1364 4571 tuis
1409 4515 1475 4569 ad
1525 4513 1861 4569 iracundiam
1891 4527 2020 4584 pro-

419 4609 668 4667 vocando
716 4606 940 4664 inficere
979 4622 1088 4661 non
1138 4604 1392 4676 quiescis.
1427 4603 1534 4658 Sed
1565 4603 1655 4657 ille
1685 4601 1776 4673 qui
1807 4617 2023 4656 servum

421 4713 583 4754 suum
611 4695 902 4752 custodivit
928 4711 957 4748 a
987 4692 1526 4758 murmurationibus,
1559 4707 1647 4746 me
1677 4696 2023 4762 peccatorem

422 4795 478 4842 et
506 4785 760 4858 fragilem
787 4783 844 4837 in
873 4799 933 4838 se
964 4780 1322 4838 conﬁdentem
1353 4789 1531 4851 potest
1561 4778 1838 4835 custodire
1856 4793 1886 4832 a
1907 4793 2026 4832 ran-

421 4890 550 4931 core
599 4882 652 4928 et
698 4871 901 4928 malitia
963 4877 1154 4926 contra
1201 4877 1319 4924 tuas
1369 4867 1532 4923 falsas
1593 4866 2020 4924 criminationes.

423 4964 553 5018 Post
587 4961 690 5016 alia
733 4959 903 5015 multa
948 4973 1115 5030 super
1161 4957 1404 5012 dolorem
1447 4956 1733 5013 vulnerum
1782 4970 2025 5010 meorum

422 5051 636 5106 addens
666 5049 803 5105 dicis
837 5064 849 5103 :
885 5048 1034 5103 Sicut
1061 5047 1117 5102 in
1146 5045 1362 5117 scriptis
1401 5046 1504 5100 tuis
1546 5043 1822 5116 perversis
1867 5042 2026 5098 inve-

423 5139 550 5205 nio,
584 5137 709 5210 quia
752 5135 1065 5208 apostolica
1113 5134 1260 5190 sedis
1306 5133 1561 5204 potestati
1609 5134 1837 5202 derogo.
1872 5131 2026 5186 Unde

425 5242 589 5283 nemo
618 5241 812 5280 sanum
831 5224 1046 5294 sapiens
1064 5222 1160 5278 tibi
1182 5237 1422 5292 unquam
1443 5221 1674 5276 credidit
1694 5220 1780 5276 vel
1802 5219 1985 5276 credet
2009 5234 2022 5274 :

423 5315 684 5388 quoniam
712 5322 764 5369 et
792 5313 909 5383 ipsa
939 5311 1144 5384 scripta
1209 5326 1330 5382 quae
1359 5310 1427 5363 ad
1456 5307 1811 5378 apostolicam
1841 5307 2028 5363 sedem

425 5402 727 5474 sapissime
758 5401 900 5468 misi,
927 5408 979 5455 et
999 5400 1091 5455 illa
1112 5415 1232 5471 qua
1261 5397 1356 5453 tibi
1384 5395 1666 5452 resultanti
1696 5411 1842 5466 sape
1863 5403 2027 5450 trans-

427 5491 572 5559 misi,
605 5498 656 5546 te
686 5490 980 5556 revincent,
1014 5496 1066 5545 et
1094 5487 1152 5543 in
1179 5487 1284 5544 isto
1332 5485 1531 5544 saculo
1559 5492 1614 5541 et
1641 5484 1695 5540 in
1723 5484 1904 5540 futuro
1941 5484 2030 5553 ju-

2121 4496 2467 4567 blasphemas
2511 4497 2770 4568 epistolas
2817 4497 2921 4553 sibi
2966 4499 3201 4555 directas
3224 4499 3278 4553 in
3308 4498 3512 4570 templo
3535 4515 3715 4553 coram

2122 4585 2353 4640 Domino
2395 4586 2668 4657 expandit,
2701 4595 2754 4643 et
2780 4587 2846 4641 ad
2875 4602 3002 4642 eum
3047 4587 3318 4653 clamavit,
3355 4594 3406 4642 et
3436 4586 3714 4642 exauditus

2122 4681 2220 4729 est.
2253 4674 2572 4745 Expandam
2599 4683 2776 4730 autem
2797 4691 2989 4730 manus
3008 4691 3161 4730 meas
3183 4675 3250 4729 ad
3272 4673 3563 4730 Dominum
3591 4690 3717 4731 cum

2121 4761 2458 4833 blasphemis
2497 4771 2550 4818 et
2586 4763 2992 4834 superbissimis
3037 4762 3255 4833 scriptis
3300 4761 3406 4817 tuis
3443 4762 3575 4818 mihi
3601 4778 3636 4819 a
3663 4771 3718 4820 te

2124 4849 2379 4919 directis,
2431 4866 2598 4906 orans
2634 4859 2691 4906 ut
2720 4851 2936 4922 quando
2977 4850 3111 4919 scit,
3145 4857 3198 4906 et
3227 4851 3444 4923 quando
3487 4851 3633 4920 vult,
3664 4858 3720 4908 et

2125 4938 2262 4994 sicut
2291 4937 2411 5004 scit,
2445 4947 2497 4994 et
2527 4939 2664 4995 sicut
2693 4939 2832 5004 vult,
2865 4947 2916 4994 te
2947 4945 3222 4994 convertat
3264 4939 3334 4995 ad
3379 4955 3522 4997 vera
3564 4939 3719 5012 pacis

2126 5034 2179 5081 et
2205 5026 2511 5083 dilectionis
2541 5035 2701 5098 atque
2737 5025 2954 5083 debitia
2981 5025 3288 5085 obedienta
3328 5027 3676 5085 dilectionem
3699 5070 3713 5096 ,

2126 5123 2179 5169 et
2207 5131 2294 5170 me
2325 5115 2518 5170 liberet
2548 5130 2581 5170 a
2606 5114 2762 5169 labiis
2790 5114 3008 5187 iniquis,
3039 5123 3094 5172 et
3120 5133 3150 5171 a
3180 5116 3366 5190 lingua
3408 5116 3618 5173 dolosa.
3651 5118 3720 5172 Et

2125 5203 2370 5260 Domina
2395 5219 2532 5258 mea
2560 5203 2730 5259 beata
2750 5211 2802 5258 et
2821 5203 3077 5276 gloriosa
3105 5205 3206 5261 Dei
3231 5205 3509 5277 genitricis
3534 5203 3720 5261 Maria

2125 5291 2352 5360 meritis,
2385 5307 2451 5347 ac
2477 5291 2730 5362 precibus
2757 5293 2933 5349 sancti
2961 5293 3212 5367 Remigii,
3245 5293 3400 5364 cujus
3432 5293 3718 5365 privilegio

2125 5379 2380 5451 derogas,
2414 5379 2658 5436 exaudiet
2691 5396 2780 5436 me
2804 5381 3016 5451 adjutor
3043 5382 3098 5438 in
3127 5382 3614 5454 opportunitatibus
3660 5380 3716 5438 in

2127 5473 2487 5530 tribulatione.
2521 5474 2592 5531 Et
2617 5474 2743 5548 quia
2768 5476 2959 5536 beatus
2988 5476 3348 5552 Hieronymus
3368 5477 3437 5535 de
3457 5476 3562 5544 his,
3591 5489 3721 5552 quo-
