4164 6374
501 362 610 417 507

1390 358 1734 416 HINCMARI
1769 357 2172 416 RHEMENSIS
2217 357 2768 416 A‘RCHIEPISCOPI.

3693 362 3797 417 508

498 481 724 540 diﬂinita
751 483 987 552 fuerunt,
1008 483 1125 540 sine
1145 484 1553 555 metropolitani
1573 484 1928 555 conscientia,
1949 485 2092 539 sine-
2123 485 2180 545 A
2205 484 2447 540 tribuam
2467 485 2546 540 eis
2563 485 2627 539 in
2645 487 2910 557 tempore,
2928 488 2994 539 ut
3016 484 3243 540 tabatu'r
3259 500 3358 557 pes
3371 499 3564 540 eorum
3585 501 3598 539 :
3612 487 3793 557 juxta

495 589 602 645 que
629 572 895 630 canonico
926 580 978 629 et
1008 572 1308 645 episcopali
1345 573 1569 643 judicio,
1615 588 1717 644 per
1738 573 1954 642 judices
1986 589 2094 628 sae-

495 661 730 731 culares,
787 661 1180 734 Helmigarium
1238 660 1444 718 scilicet
1490 661 1721 717 mercati
1771 661 1961 733 palatii
2008 667 2094 716 te-

493 746 818 817 lonearium,
883 757 937 805 et
981 749 1314 804 Flotharium
1364 764 1430 806 ac
1483 749 1773 805 Ursionem
1838 748 2093 805 villarum

493 837 770 909 regiarum
821 839 1079 908 majores,
1142 836 1530 893 refricarentur
1584 844 1774 894 contra
1832 851 2089 901 canones,

495 925 588 996 qui
633 926 699 980 ab
746 925 1135 982 ecclesiasticis
1180 925 1251 980 ad
1278 925 1500 993 majoris
1530 924 1862 981 auctoritatis
1910 923 2091 980 eccle-

489 1011 737 1070 siasticos
778 1014 1012 1083 judices,
1046 1022 1099 1070 et
1144 1029 1253 1068 non
1296 1029 1327 1068 a
1368 1013 1665 1082 majoribus
1712 1012 1781 1067 ad
1830 1011 2087 1080 minores,

490 1116 593 1157 nec
621 1102 690 1157 ab
712 1101 1092 1159 ecclesiasticis
1112 1102 1183 1156 ad
1213 1100 1527 1167 saeculares,
1551 1117 1729 1173 neque
1767 1115 1801 1155 a
1819 1116 2091 1156 consensu

489 1190 728 1261 partium
758 1189 946 1246 electis
987 1187 1271 1261 provocari
1313 1187 1651 1259 permittunt.
1694 1190 1741 1243 Α
1771 1188 1971 1259 quibus
1995 1187 2089 1255 ju-

489 1276 701 1333 dicibus
723 1277 1073 1333 saecularibus
1104 1292 1138 1332 a
1164 1284 1218 1331 te
1243 1276 1480 1348 pertitis,
1514 1276 1762 1348 quaedam
1794 1292 1860 1331 ex
1889 1274 2089 1330 difﬁni-

486 1365 556 1420 tis
586 1364 840 1421 refricata
871 1372 925 1421 et
953 1365 1250 1431 immutata,
1284 1364 1535 1436 quaedam
1566 1379 1696 1420 vero
1724 1380 1790 1420 ex
1817 1362 2089 1419 diﬂinien-

485 1452 572 1508 dis
604 1461 727 1508 sunt
754 1451 993 1518 diﬁinita,
1037 1452 1391 1508 adinventitia
1437 1452 1799 1524 reputatione,
1836 1451 1976 1508 sicut
2020 1451 2088 1506 ab

484 1532 621 1610 ipsis
665 1540 757 1612 qui
797 1541 856 1595 in
897 1540 1092 1597 eodem
1142 1539 1343 1611 placito
1372 1539 1589 1596 fuerunt
1618 1539 1837 1607 dicitur,
1882 1539 1950 1595 de
1979 1555 2088 1596 non

482 1627 812 1683 necessariis
832 1616 837 1621 ’
856 1636 910 1683 et
953 1628 1460 1684 inconvenientibus
1481 1627 1807 1698 juramentis
1848 1636 2083 1699 reperta,

479 1722 530 1770 et
559 1731 590 1770 a
618 1723 670 1771 te
699 1730 885 1772 coram
912 1715 1190 1787 praedictis
1213 1715 1514 1786 judicibus,
1548 1716 1684 1787 ipsis
1712 1715 1824 1774 tuis
1854 1732 2086 1773 accusa-

479 1803 707 1871 toribus,
733 1821 872 1876 quos
903 1812 1094 1861 contra
1124 1804 1330 1861 electos
1353 1804 1568 1873 judices
1598 1804 1737 1860 sicut
1778 1804 2082 1875 expetieras
2110 1830 2165 1891 B

481 1892 789 1964 suscepisti,
822 1892 1107 1964 proposita
1138 1910 1152 1947 :
1187 1900 1453 1964 quatenus
1482 1900 1535 1947 et
1563 1892 1631 1960 is,
1664 1892 1734 1948 de
1765 1908 1870 1964 quo
1900 1892 2085 1964 legali-

479 1986 561 2035 ter
598 1988 652 2036 et
700 1980 1028 2052 regulariter
1069 1980 1357 2036 diﬂinitum
1398 1979 1595 2047 fuerat,
1664 1987 1723 2035 ut
1761 1979 2083 2036 beneficium

479 2084 641 2124 suum
682 2069 930 2137 haberet,
975 2069 1119 2140 quod
1147 2076 1336 2125 contra
1382 2069 1644 2125 rationem
1675 2076 1728 2124 et
1774 2069 2081 2141 aequitatem

476 2156 810 2228 perdiderat,
868 2158 1063 2213 eadem
1101 2157 1487 2213 adinventione
1532 2156 1827 2212 dimitteret
1858 2173 1873 2212 :
1903 2165 1956 2211 et
1981 2157 2076 2228 illi,

480 2243 677 2317 quibus
700 2244 1002 2313 judicatum
1024 2244 1220 2316 fuerat,
1254 2252 1314 2300 ut
1341 2245 1599 2317 quoniam
1626 2253 1683 2300 tu
1713 2252 1837 2316 post
1867 2244 2078 2317 expeti-

474 2338 588 2387 tum
648 2332 948 2388 electorum
988 2333 1256 2402 judicium
1304 2333 1450 2389 idem
1492 2333 1760 2403 judicium
1801 2332 2077 2389 subterfu-

473 2418 623 2492 gisti,
678 2419 940 2477 beneﬁcia
980 2436 1081 2476 sua
1136 2438 1311 2494 usque
1340 2421 1410 2476 ad
1438 2420 1675 2494 legalem
1705 2419 2077 2477 diﬂinitionem

474 2514 746 2578 tenerent,
779 2507 1052 2565 beneﬁcia
1078 2509 1198 2581 ipsa
1227 2510 1568 2577 desererent,
1593 2517 1646 2565 et
1674 2517 1730 2565 tu
1760 2509 1905 2581 quod
1936 2508 2078 2565 ince-

471 2594 602 2668 pisti
628 2596 988 2665 evindicares,
1019 2614 1143 2653 cum
1176 2597 1313 2654 sicut
1343 2598 1439 2653 tibi
1458 2614 1569 2654 non
1596 2598 1722 2654 licet
1753 2598 1821 2653 de
1849 2613 2076 2655 accusa-

471 2683 637 2751 tione,
688 2685 803 2742 sive
850 2685 1150 2742 criminalis
1211 2701 1411 2753 causae,
1463 2686 1578 2742 sive
1630 2686 1824 2754 civilis,
1884 2686 2072 2742 relicto

469 2772 862 2841 ecclesiastico,
895 2774 1112 2845 publico
1150 2775 1380 2848 purgari
1404 2774 1631 2844 judicio,
1666 2775 1739 2831 ita
1768 2774 1932 2830 etiam
1961 2791 2073 2830 non

465 2858 594 2916 licet
652 2861 768 2927 tibi,
826 2862 1133 2932 postposito
1194 2863 1284 2918 vel
1343 2870 1655 2934 contempto
1701 2863 2069 2921 ecclesiastico

464 2947 693 3018 judicio,
727 2948 798 3004 ad
826 2949 1114 3005 saecularia
1134 2949 1338 3019 judicia
1367 2949 1678 3019 convolare,
1738 2950 1825 3007 vel
1882 2966 2070 3023 quem-

469 3050 703 3109 cunque,
758 3052 862 3092 nec
915 3037 1078 3092 etiam
1126 3037 1319 3094 laicam
1364 3053 1658 3110 personam
1727 3040 2064 3109 pertrahere,

463 3137 641 3196 neque
671 3125 741 3181 ad
769 3123 947 3181 forum
976 3142 1136 3181 suum
1168 3126 1345 3198 sequi,
1398 3125 1444 3180 si
1498 3126 1619 3198 ipsa
1655 3126 1791 3182 laica
1826 3142 2067 3198 persona

465 3213 808 3270 consenserit
837 3212 1271 3270 ecclesiasticum
1299 3213 1486 3270 subire
1509 3214 1794 3283 judicium,
1819 3213 1959 3271 sicut
1978 3215 2066 3270 lex

462 3299 850 3368 Valentiniani,
901 3315 1066 3373 quam
1111 3302 1306 3374 probat
1369 3302 1639 3369 Ecclesia,
1709 3303 2061 3359 demonstrat.

462 3388 596 3443 Item
633 3396 756 3459 post
804 3397 1056 3445 ostensas
1121 3390 1487 3446 auctoritates.
1535 3412 1557 3440 α
1625 3391 1696 3445 Et
1759 3407 1869 3447 non
1930 3407 2064 3462 per-

460 3482 705 3532 transeat
734 3477 901 3532 etiam
930 3484 1079 3533 tuam
1110 3477 1622 3548 considerationem,
1682 3495 1778 3534 cur
1830 3479 2064 3534 domnus

458 3578 557 3620 rex
610 3570 715 3620 tuae
767 3564 1018 3636 petitioni
1073 3565 1345 3632 annuerit,
1397 3573 1455 3621 ut
1511 3565 1656 3622 unde
1685 3566 1741 3621 in
1772 3568 2064 3637 praesentia

456 3651 601 3707 illius
631 3652 833 3709 electos
855 3652 1071 3722 judices
1102 3653 1392 3725 episcopos
1420 3654 1717 3709 secundum
1748 3669 1936 3711 sacros
1971 3671 2062 3710 ca-

458 3754 632 3795 nones
659 3740 938 3811 accepisti,
972 3742 1090 3797 sine
1118 3741 1449 3798 conscientia
1461 3742 1883 3813 metropolitani,
1909 3743 2060 3798 sine-

459 3843 566 3899 que
595 3827 969 3883 ecclesiastico
982 3829 1211 3898 judicio,
1244 3829 1586 3886 consenserit
1638 3839 1697 3885 ut
1769 3831 2060 3887 saeculares

450 3914 666 3984 judices
695 3916 765 3970 ad
796 3917 1139 3973 retractanda
1169 3933 1233 3972 ea
1261 3933 1382 3989 quae
1411 3917 1641 3973 diﬁinita
1687 3917 1924 3987 fuerunt,
1972 3917 2060 3976 vel

458 4003 529 4057 ad
559 4002 894 4074 diﬂinienda,
928 4004 998 4060 de
1026 4005 1224 4077 quibus
1245 4005 1459 4075 judices
1488 4021 1806 4078 acceperas,
1839 4007 2058 4063 demum

457 4090 757 4164 acciperes.
792 4092 919 4149 Scio
947 4093 1092 4149 enim
1120 4100 1174 4149 et
1204 4102 1389 4151 certus
1417 4111 1539 4150 sum
1565 4095 1692 4152 hinc
1723 4095 1874 4151 illum
1893 4113 2056 4153 cano-

451 4179 633 4236 nicum
663 4179 802 4236 scire
825 4179 1109 4253 judicium,
1143 4190 1196 4239 et
1222 4182 1393 4239 miror
1423 4199 1486 4241 ac
1515 4183 1675 4240 doleo
1705 4200 1804 4241 cur
1842 4193 1898 4239 tu
1951 4185 2056 4241 hoc

449 4267 635 4325 videre
660 4284 770 4325 non
798 4269 1036 4338 voluisti,
1068 4281 1160 4327 aut
1188 4272 1304 4328 Deo
1328 4271 1512 4342 judice
1542 4273 1856 4347 arrogantia
1875 4289 2052 4330 caeca-

449 4363 536 4412 tus
565 4371 676 4414 non
703 4358 944 4428 potuisti.
978 4360 1186 4432 Inunge
1217 4361 1386 4433 igitur
1414 4361 1710 4417 secundum
1766 4362 2050 4418 consilium

447 4444 809 4516 Apocalypsis
837 4447 1062 4501 Joannis
1093 4448 1237 4519 (cap.
1286 4464 1367 4514 ιιι,
1431 4449 1521 4519 18)
1578 4449 1807 4519 collyrio
1862 4451 2050 4506 oculos

2195 576 2280 628 est
2321 571 2438 627 dies
2482 573 2837 645 perditionis,
2884 576 2941 627 et
2982 572 3174 628 adesse
3210 574 3493 644 festinant
3537 577 3790 646 tempora

2195 660 2381 730 (Deut.
2407 661 2722 730 xxxu,34).
2770 660 2977 715 Etcum
3019 660 3792 733 tantarumtransgressionum

2194 746 2491 803 inveniaris
2513 747 2797 816 obnoxius,
2818 765 2929 803 non
2948 764 3134 807 cessas
3162 765 3250 804 me
3279 763 3600 819 provocare,
3631 757 3688 803 ut
3718 750 3788 805 de

2192 835 2463 905 promisso
2490 834 2711 906 pittacio
2741 844 2847 891 tuae
2875 835 3230 907 professionis
3260 843 3422 907 atque
3478 844 3582 892 tuae
3638 836 3790 891 'sub-

2194 923 2521 993 scriptionis,
2546 923 2614 978 de
2635 939 2740 994 quo
2752 923 2865 991 tibi,
2888 924 3204 995 utpraadixi,
3226 923 3559 995 respondere
3596 926 3785 980 hacte-

2192 1026 2294 1066 nus
2324 1010 2527 1077 distuli,
2561 1012 2658 1066 sed
2701 1019 2755 1066 et
2809 1012 2877 1067 de
2895 1011 3014 1066 aliis
3043 1012 3147 1067 tuis
3173 1011 3601 1083 professionibus
3630 1021 3789 1085 atque

2193 1098 2681 1169 subscriptionibus
2709 1099 2796 1154 vel
2824 1099 3108 1156 lacessitus
3148 1101 3466 1165 rescribam,
3527 1108 3787 1172 quatenus

2192 1185 2593 1258 professionum
2631 1195 2686 1242 et
2740 1187 3197 1259 subscriptionum
3268 1196 3485 1244 tuarum
3534 1188 3784 1244 historias

2190 1274 2379 1346 plures
2405 1273 2676 1347 legentes,
2709 1274 2754 1330 si
2783 1275 2920 1331 forte
2950 1284 3074 1330 sunt
3105 1276 3195 1347 qui
3243 1275 3420 1332 adhuc
3474 1291 3571 1332 eas
3626 1276 3784 1349 igno-

2190 1369 2331 1431 rent,
2366 1378 2551 1418 earum
2580 1363 2935 1434 diligentiam,
2969 1364 3236 1420 cautelam
3264 1379 3477 1436 quoque
3507 1372 3558 1419 et
3581 1364 3781 1420 utilita-

2191 1457 2302 1505 tem
2326 1457 2680 1523 cognoscant.
2713 1453 2780 1506 Et
2807 1452 3041 1522 primum
3071 1452 3293 1523 quidem
3314 1452 3661 1523 respondebo
3681 1452 3777 1508 tibi

2190 1538 2259 1593 de
2290 1537 2518 1609 praefato
2546 1555 2578 1593 a
2608 1546 2661 1595 te
2689 1538 2991 1611 subscripto
3019 1539 3265 1611 pittacio,
3296 1539 3353 1594 in
3383 1556 3490 1611 quo
3509 1540 3704 1596 scribis
3724 1540 3782 1595 in

2189 1625 2516 1681 adminiculo
2545 1633 2636 1681 tuo
2669 1635 2721 1682 te
2749 1640 2783 1682 a
2811 1643 2898 1682 me
2928 1629 3344 1698 reprehensum,
3405 1635 3460 1683 et
3513 1643 3637 1683 esse
3690 1644 3779 1683 me

2188 1713 2430 1769 ostendis
2460 1714 2962 1785 reprehensibilem,
2996 1715 3094 1770 sed
3123 1730 3227 1788 ego
3258 1722 3439 1786 spreta
3480 1716 3780 1787 reprehen-

2188 1800 2342 1858 sione
2368 1809 2479 1869 tua,
2515 1818 2622 1873 qua
2650 1818 2757 1870 me,
2790 1802 2944 1874 quasi
2973 1804 3075 1857 sub
3130 1804 3366 1875 quodam
3419 1804 3782 1860 excusationis

2186 1889 2472 1957 velamine,
2505 1891 2574 1945 de
2605 1890 2882 1962 scriptoris
2909 1890 3040 1947 vitio
3068 1907 3224 1947 more
3254 1899 3348 1948 tuo
3377 1892 3654 1948 evidenter
3680 1909 3775 1948 re-

2182 1977 2525 2048 prehendere
2555 1978 2784 2051 satagis,
2819 1978 2912 2049 qui
2940 1986 3031 2034 aut
3077 1978 3435 2035 differentiam
3480 1980 3634 2036 verbi
3675 1981 3777 2037 de-

2181 2072 2424 2135 tractem,
2484 2066 2628 2137 quod
2683 2067 2741 2121 in
2793 2066 2933 2121 meis
2987 2066 3202 2138 scriptis
3258 2067 3355 2123 tibi
3399 2066 3540 2124 datis
3596 2068 3774 2140 posui,

2181 2152 2445 2219 nesciam,
2478 2161 2569 2207 aut
2591 2153 2873 2224 scriptoris
2901 2153 3088 2210 vitium
3116 2154 3174 2209 in
3204 2153 3283 2210 eis
3338 2155 3613 2229 corrigere
3667 2171 3774 2212 non

2182 2241 2474 2311 sapuerim,
2508 2241 2596 2297 vel
2625 2241 2918 2297 emendare
2945 2241 3304 2315 neglexerim,
3338 2251 3391 2298 et
3420 2260 3486 2299 ex
3514 2259 3638 2300 mea
3682 2260 3774 2300 re-

2178 2328 2544 2399 prehensione
2575 2336 2719 2384 tuam
2767 2337 3044 2386 ostentare
3098 2331 3383 2387 scientiam
3436 2331 3604 2387 Cham
3658 2333 3773 2388 Noe

2177 2413 2319 2470 ﬁlius
2348 2416 2586 2484 voluisti,
2618 2433 2728 2472 non
2758 2417 2934 2472 solum
2962 2418 3018 2472 in
3048 2419 3200 2476 verbi
3248 2418 3392 2474 illius
3446 2419 3769 2487 differentia,

2176 2504 2275 2559 sed
2305 2511 2357 2559 et
2385 2504 2440 2558 in
2469 2504 2575 2559 alio
2603 2504 2793 2573 verbo,
2827 2506 2975 2577 quod
3002 2507 3071 2561 ad
3127 2508 3539 2563 ostentationem
3591 2509 3669 2564 tui
3718 2508 3773 2563 in

2175 2592 2279 2648 tuis
2309 2591 2782 2648 adinventionibus
2810 2593 3063 2649 iteratum
3096 2595 3298 2663 inveni,
3356 2603 3411 2651 et
3465 2612 3589 2653 cum
3644 2596 3767 2652 hinc

2172 2695 2351 2735 meam
2378 2679 2741 2751 insipientiam
2769 2682 2988 2738 voluisti
3017 2684 3325 2750 ostendere,
3349 2692 3495 2739 tuam
3514 2684 3762 2741 studuisti

2173 2768 2318 2839 apud
2348 2769 2704 2825 scholasticos
2736 2770 3013 2825 stultitiam
3040 2772 3343 2843 propalare.
3396 2773 3500 2828 Pro
3546 2790 3634 2829 me
3685 2773 3760 2828 nil

2172 2872 2305 2912 curo
2332 2856 2519 2913 dicere
2554 2875 2567 2912 :
2598 2857 2730 2913 mihi
2760 2858 2904 2913 enim
2931 2875 3034 2930 pro
3064 2859 3288 2916 minimo
3318 2869 3401 2916 est
3431 2869 3487 2916 ut
3507 2868 3606 2916 ate
3625 2861 3769 2930 judi-

2171 2960 2284 3012 cer,
2317 2953 2407 2998 aut
2437 2944 2555 3000 sine
2583 2946 2872 3001 dilectione
2903 2963 2933 3001 a
2961 2955 3049 3001 tua
3098 2947 3324 3004 scientia
3378 2950 3762 3021 reprehendar.

2171 3031 2281 3086 Sed
2306 3048 2374 3086 ne
2402 3032 2545 3103 apud
2572 3033 2713 3101 illos,
2747 3035 2839 3105 qui
2880 3041 3060 3091 tecum
3115 3037 3460 3093 rumusculos
3520 3045 3758 3108 captant,

2170 3119 2428 3190 glorieris
2460 3120 2613 3191 quasi
2641 3137 2729 3178 me
2758 3130 2968 3177 mutum
2998 3121 3246 3179 effeceris
3275 3133 3328 3180 et
3356 3125 3653 3197 elinguem,
3673 3125 3766 3197 qui

2167 3208 2317 3263 solus
2346 3208 2546 3264 nostris
2573 3209 2906 3281 temporibus
2926 3212 3211 3268 thesauros
3225 3214 3504 3284 sapientia
3521 3222 3575 3270 et
3588 3213 3758 3271 'scien-

2163 3296 2251 3351 tiae
2281 3305 2575 3367 penetrans
2603 3297 2852 3368 introisti,
2886 3298 2974 3356 hic
3003 3315 3168 3356 causa
3195 3302 3505 3373 compendii
3545 3311 3765 3373 praeter-

2163 3384 2403 3452 mittens,
2439 3401 2562 3442 cum
2590 3386 2721 3442 mihi
2752 3388 3030 3444 vacaverit
3060 3391 3342 3445 ostendam
3373 3391 3503 3462 quid
3532 3391 3761 3465 regula-

2163 3489 2286 3527 rum
2314 3474 2689 3546 grammaticae
2719 3477 2850 3530 artis
2879 3484 3147 3544 auctores,
3183 3479 3312 3550 quid
3355 3480 3761 3551 orthographia:

2162 3560 2435 3629 doctores,
2471 3562 2601 3634 quid
2645 3572 2847 3619 sanctae
2905 3565 3202 3636 Scriptura:
3256 3574 3578 3624 tractatores
3632 3568 3761 3623 inde

2162 3650 2397 3705 sentiant
2426 3658 2588 3722 atque
2618 3651 2819 3707 dicant.
2851 3672 2873 3702 ι
2901 3653 3039 3709 Item
3089 3662 3213 3725 post
3254 3655 3530 3712 nonnulla.
3567 3679 3590 3705 α
3648 3656 3759 3713 Sed

2159 3737 2262 3792 alia
2291 3746 2415 3793 sunt
2441 3738 2567 3794 hinc
2596 3755 2663 3794 ex
2693 3740 2867 3796 sacris
2883 3742 3182 3798 canonibus
3204 3750 3258 3798 et
3277 3744 3589 3814 apostolicae
3609 3745 3756 3800 sedis

2160 3826 2415 3891 decretis,
2442 3844 2563 3898 quae
2582 3828 2714 3882 mihi
2742 3828 2831 3885 hic
2850 3845 3059 3900 ponere
3087 3830 3313 3902 longum
3334 3830 3448 3903 fuit,
3473 3840 3525 3888 et
3545 3832 3601 3887 in
3623 3849 3758 3904 opu-

2159 3914 2310 3969 sculo
2339 3914 2737 3988 quinquaginta
2765 3916 3005 3989 quinque
3046 3919 3424 3989 capitulorum,
3483 3920 3629 3993 quod
3684 3921 3755 3976 ad

2156 4009 2307 4057 tuam
2337 4003 2814 4060 commonitionem
2844 4013 2897 4060 et
2923 4006 3321 4063 correctionem
3349 4015 3510 4079 atque
3539 4008 3747 4064 instru-

2155 4090 2389 4146 ctionem
2416 4091 2514 4145 tibi
2543 4091 2688 4161 dedi,
2722 4100 2879 4164 potes
2911 4095 3179 4167 relegere,
3239 4104 3438 4166 praeter
3492 4096 3752 4168 epistolas

2152 4178 2468 4249 praemissas
2496 4195 2633 4252 quas
2665 4180 2762 4235 tibi
2792 4181 2972 4237 direxi
3001 4184 3070 4238 ad
3120 4183 3557 4257 redarguendam
3603 4193 3748 4240 tuam

2152 4266 2532 4334 temeritatem,
2564 4275 2756 4324 contra
2785 4270 3162 4343 evangelicum
3197 4271 3496 4340 veritatem,
3530 4281 3585 4328 et
3612 4289 3745 4345 apo-

2152 4354 2394 4411 stolicam
2422 4364 2584 4428 atque
2633 4357 2952 4414 canonicam
3001 4359 3395 4427 auctoritatem,
3448 4370 3743 4434 contraque

2150 4443 2296 4498 sedis
2325 4444 2635 4516 apostolicae
2665 4445 2900 4512 decreta,
2927 4446 2983 4500 in
3010 4453 3160 4502 tuam
3190 4456 3242 4503 et
3268 4448 3569 4520 perniciem
3607 4450 3744 4505 mul-

446 4539 587 4601 tuos,
620 4540 679 4588 ut
706 4532 896 4589 videas
937 4540 992 4588 et
1032 4533 1348 4606 albuginem
1396 4537 1722 4607 arrogantiae
1760 4537 1829 4592 de
1885 4539 2044 4595 oculo
2072 4529 2126 4590 D
2149 4538 2327 4587 torum
2356 4541 2765 4604 praesumptam,
2802 4534 2939 4590 sicut
2969 4534 3023 4589 in
3053 4536 3261 4607 synodo
3288 4537 3580 4608 plurimum
3624 4538 3742 4609 epi-

443 4621 660 4687 mentis,
719 4621 777 4676 id
834 4628 916 4676 est
969 4620 1243 4677 intellectu
1282 4630 1375 4678 tuo
1411 4623 1645 4691 abjicere
1704 4624 1934 4681 valeas:
1995 4634 2047 4682 et

443 4725 632 4780 pensa,
664 4724 736 4764 ne
767 4707 909 4765 forte
940 4709 1172 4765 domnus
1204 4726 1321 4776 rex,
1384 4726 1546 4781 quem
1600 4711 1760 4768 toties
1817 4729 2044 4769 exacer-

444 4796 604 4864 basti,
637 4796 818 4853 sciens
850 4797 1031 4854 divina
1054 4797 1262 4867 judicia
1318 4805 1482 4869 atque
1536 4798 1770 4871 eloquia,
1832 4800 1960 4857 hinc
1988 4802 2045 4856 in

444 4884 734 4941 annuendo
764 4885 906 4941 votis
936 4885 1043 4940 tuis
1074 4885 1398 4957 cogitaverit
1427 4893 1615 4941 contra
1661 4903 1721 4943 se
1750 4889 2044 4944 sententias

441 4970 675 5038 divinas,
708 4970 777 5027 de
805 4972 890 5027 his
936 4972 1025 5045 qui
1083 4972 1233 5028 durae
1291 4972 1522 5030 cervicis
1578 4982 1631 5030 et
1686 4975 2042 5033 indomabiles

440 5059 605 5116 corde
633 5066 777 5114 sunt.
805 5060 911 5127 Qui
940 5064 1105 5117 nocet
1125 5065 1328 5118 noceat
1357 5060 1561 5133 adhuc,
1595 5068 1653 5120 et
1683 5067 1782 5138 qui
1809 5066 1873 5120 in
1919 5083 2040 5123 sor-

435 5148 597 5205 dibus
625 5151 711 5204 est
739 5148 1029 5205 sordescat
1053 5149 1239 5207 adhuc
1272 5150 1465 5224 (Apoc.
1526 5168 1672 5222 χχιι,
1734 5152 1824 5225 11)
1856 5173 1871 5222 ;
1933 5162 1988 5210 et
2021 5173 2034 5210 :

440 5238 508 5296 Ut
535 5237 823 5308 impleant
846 5241 1082 5309 peccata
1111 5255 1214 5296 sua
1242 5255 1464 5313 semper
1492 5242 1543 5312 (Ι
1574 5242 1728 5298 Thes.
1775 5257 1836 5311 ιι,
1898 5247 1963 5297 16
1996 5243 2036 5313 );

453 5333 506 5381 et
536 5340 550 5380 :
582 5326 787 5381 Dimisi
815 5341 904 5381 eos
934 5327 1246 5383 secundum
1274 5327 1553 5386 desideria
1576 5330 1764 5387 cordis
1818 5347 2033 5401 eorum,

457 5414 622 5471 ibunt
650 5413 715 5469 in
743 5414 1233 5473 adinventionibus
1273 5418 1393 5474 suis
1447 5416 1624 5490 (Psal.
1681 5434 1859 5487 Lxxx,
1897 5420 1986 5492 13)
2017 5439 2033 5489 ;

442 5508 542 5559 et:
591 5503 787 5560 Nonne
844 5504 960 5560 hac
1016 5505 1242 5562 condita
1280 5510 1416 5562 sunt
1472 5508 1624 5581 apud
1676 5525 1784 5576 me,
1847 5513 1904 5566 et
1949 5510 2034 5566 si-

430 5593 607 5669 gnata
636 5591 701 5648 in
732 5591 1013 5652 thesauris
1045 5595 1233 5651 meis?
1260 5610 1389 5652 mea
1418 5599 1504 5654 est
1531 5596 1676 5655 ultio
1706 5601 1765 5655 et
1791 5614 1885 5671 ego
1933 5615 2029 5656 re-

2147 4634 2438 4691 scoporum
2469 4628 2550 4675 est
2607 4622 3065 4692 comprobatum:
3125 4624 3220 4679 sed
3247 4632 3299 4679 et
3353 4634 3552 4697 praeter
3606 4626 3740 4682 alias

2146 4708 2407 4778 epistolas
2437 4723 2502 4764 ac
2532 4709 2639 4763 alia
2668 4710 2871 4781 scripta
2902 4728 3024 4783 quae
3052 4712 3147 4766 tibi
3176 4712 3368 4783 direxi,
3398 4713 3485 4769 vel
3516 4714 3643 4770 dedi
3671 4714 3740 4770 ad

2145 4796 2607 4866 comprimendam
2636 4805 2780 4853 tuam
2812 4799 3173 4869 insolentiam,
3214 4809 3266 4856 et
3283 4803 3733 4858 commonendam

2142 4899 2207 4940 ac
2236 4884 2604 4940 instruendam
2633 4893 2780 4941 tuam
2809 4887 3177 4957 dilectionem,
3228 4897 3285 4944 ut
3338 4906 3539 4963 ageres
3588 4892 3735 4961 juxta

2140 4972 2359 5027 Domini
2391 4972 2591 5027 dictum
2620 4975 2805 5044 (Deut.
2840 4990 3001 5043 xxvr,
3035 4980 3127 5049 27)
3153 4976 3325 5046 :Quid
3344 4979 3536 5050 quaerit
3556 4979 3740 5035 Domi-

2140 5076 2244 5114 nus
2275 5061 2422 5116 Deus
2450 5068 2573 5116 tuus
2603 5078 2636 5116 a
2664 5070 2737 5132 te,
2768 5062 2873 5118 nisi
2899 5071 2958 5118 ut
2988 5064 3176 5120 timeas
3214 5066 3505 5122 Dominum
3563 5069 3735 5123 Deum

2139 5155 2310 5216 tuum,
2344 5156 2398 5204 et
2426 5146 2592 5205 facias
2621 5150 2951 5207 voluntatem
2984 5153 3117 5221 ejus,
3176 5153 3508 5227 obediasque
3564 5155 3736 5227 ipsius

2090 5286 2093 5289 .
2136 5235 2365 5307 imperio
2393 5236 2421 5290 ἲ)
2444 5236 2596 5307 Quae,
2627 5238 2815 5306 frater,
2852 5240 3080 5297 sollicita
3103 5242 3286 5297 cordis
3309 5241 3605 5300 intentione
3654 5260 3738 5301 re-

2135 5325 2310 5393 volve,
2345 5332 2398 5380 et
2439 5326 2686 5400 recogita
2728 5327 2856 5399 quid
2901 5328 2971 5382 sit
3015 5329 3161 5401 quod
3205 5330 3386 5386 dixisti
3420 5348 3434 5386 :
3485 5331 3624 5401 Quia
3668 5348 3732 5387 ex

2134 5420 2260 5469 tunc
2291 5414 2510 5485 quando
2539 5414 2672 5470 mihi
2700 5415 2910 5472 litteras
2936 5416 3057 5472 illas
3115 5417 3329 5485 misisti,
3360 5426 3418 5474 ut
3462 5418 3734 5491 archiepi-

2132 5516 2298 5573 sc0po
2328 5502 2685 5576 coepiscopus
2715 5504 3093 5576 obtemperare
3123 5507 3285 5563 debet
3306 5508 3583 5578 canonice,
3618 5508 3728 5565 sci-

2130 5613 2249 5655 rem
2302 5599 2531 5673 obsequi
2586 5600 2718 5657 mihi
2776 5609 2828 5658 te
2873 5618 2985 5660 non
3019 5619 3204 5677 posse,
3246 5612 3300 5661 et
3342 5620 3542 5663 revoca
3604 5612 3730 5663 ante
