4164 6302
393 256 498 309 509

1107 246 1349 305 OPUSC.
1408 247 1499 304 ΕΤ
1549 248 1768 306 EPIST.
1829 248 1904 303 IN
1956 245 2187 303 CAUSA
2229 249 2571 308 HINCMARI
2620 252 2923 309 LAUDUN.

3578 259 3682 312 510

399 375 587 434 oculos
627 373 775 448 quod
816 388 1002 430 coram
1047 371 1318 444 episcOpis
1361 373 1551 428 decem
1591 371 1995 444 provinciarum
2021 370 2258 432 Adicio.
2291 374 2415 430 Non
2441 373 2586 430 enim
2615 375 2683 430 de
2709 391 2797 431 me
2823 391 3011 431 verum
3054 392 3179 434 esse
3205 378 3418 435 valebis
3442 390 3685 452 unquam

400 463 680 536 professus
709 479 789 528 es,
821 469 873 516 et
901 476 1065 516 manu
1106 460 1327 531 propria
1369 459 1754 530 subscripsisti,
1791 460 1997 516 scilicet

399 553 527 625 quia
553 550 842 622 privilegio
876 548 1274 620 metropolitani
1320 549 1616 619 provincia
1663 550 1996 604 Rhemorum

402 639 668 705 ecclesia,
693 639 996 694 secundum
1025 653 1208 693 sacros
1237 651 1492 702 canones,
1526 645 1579 692 et
1602 636 1819 692 decreta
1849 638 1996 692 sedis

398 727 709 799 apostolica
738 726 912 782 sacris
939 725 1237 780 canonibus
1266 725 1618 797 promulgata,
1641 740 1743 795 pro
1773 725 1914 781 scire
1945 733 1996 780 et

400 831 565 887 posse
605 823 658 870 te
700 813 1042 868 obediturum
1087 811 1458 883 profitereris,
1507 820 1559 867 et
1607 812 1991 884 subscripsisti.

400 903 518 968 Dic,
551 901 735 968 frater,
771 901 1008 972 quando,
1047 908 1100 954 et
1133 900 1244 966 ubi,
1278 900 1365 955 vel
1393 900 1449 954 in
1478 900 1672 972 quibus
1692 916 1725 955 a
1747 909 1800 956 te
1821 901 1995 972 requi-

400 990 502 1046 sivi
531 989 618 1046 vel
648 996 972 1060 extorquere
999 987 1164 1053 volui,
1197 995 1254 1042 ut
1281 987 1414 1042 mihi
1455 996 1642 1044 contra
1669 989 1786 1044 hac
1815 989 1871 1043 in
1900 988 1995 1042 ali-

403 1093 510 1149 quo
529 1077 779 1132 obedires
793 1077 822 1130 ?
845 1075 938 1147 qui
956 1090 1235 1147 nunquam
1257 1083 1364 1144 tua,
1391 1076 1489 1130 sed
1502 1077 1654 1145 juxta
1676 1077 1995 1146 Apostolum

400 1172 452 1220 te
484 1164 735 1236 quasivi,
770 1171 820 1218 et
848 1162 939 1234 qui
968 1177 1120 1217 meas
1168 1162 1389 1231 injurias
1409 1205 1421 1228 ,
1473 1163 1679 1218 scilicet
1706 1179 1844 1219 mea
1870 1180 1996 1234 per-

403 1268 571 1317 sona,
603 1250 760 1306 facile
787 1251 904 1306 Deo
932 1251 1140 1323 gratias
1186 1265 1409 1321 possum
1457 1250 1744 1317 dimittere,
1779 1251 1916 1307 sicut
1945 1259 1997 1306 et

401 1354 500 1410 pro
530 1346 581 1394 te
609 1338 844 1410 quotidie
891 1337 1335 1408 omnipotentiam
1381 1337 1598 1392 Domini
1643 1338 1839 1394 devote
1866 1355 1996 1395 exo-

403 1443 530 1481 rans
561 1425 721 1493 facio,
753 1425 976 1494 injurias
1017 1425 1370 1480 ordinationis
1416 1425 1641 1493 divina,
1692 1443 1813 1497 qua
1841 1442 1874 1482 a
1904 1434 1998 1482 tua

401 1514 694 1570 insolentia
738 1513 1111 1584 exquiruntur,
1156 1522 1213 1567 ut
1256 1514 1668 1584 metropolitano
1709 1515 1997 1588 privilegio

403 1601 665 1659 canonice
693 1617 804 1656 non
831 1601 1106 1670 subdaris,
1129 1601 1185 1655 in
1207 1617 1330 1656 eum
1358 1601 1744 1669 redundantes,
1771 1603 1862 1674 qui
1884 1603 2000 1674 Spi-

2096 459 2182 515 vel
2213 477 2442 532 usquam
2468 463 2704 532 probare
2734 463 2880 534 quod
2926 463 3082 530 dicis,
3114 465 3185 520 ab
3215 467 3319 534 his,
3350 467 3622 539 inquiens,
3654 484 3690 523 a

2095 548 2292 620 quibus
2321 566 2424 620 pro
2451 550 2762 621 apostolica
2789 550 2936 606 sedis
2985 552 3306 626 privilegiis,
3339 571 3458 626 qua
3489 556 3688 612 Christi

2095 645 2253 703 sunt,
2296 653 2468 710 usque
2496 638 2564 692 ad
2593 647 2822 694 mortem
2858 639 2938 694 fas
2981 648 3096 696 erat
3135 641 3433 710 decretari,
3479 643 3682 714 pradi-

2095 733 2250 780 catur
2276 734 2327 780 et
2355 727 2599 793 docetur,
2625 727 2682 781 in
2700 727 2785 782 his
2815 744 2936 799 qua
2963 729 3156 783 eadem
3185 729 3346 785 sedes
3375 732 3575 798 statuit,
3598 731 3687 788 vel

2097 819 2154 867 ut
2184 814 2551 884 respuendum
2594 815 2832 886 probari.
2865 817 2975 871 Sed
3001 823 3058 870 tu
3089 817 3342 887 probaris
3371 819 3486 886 ejus
3512 819 3685 889 privi-

2096 899 2241 972 legio
2270 902 2554 968 resultare,
2587 903 2678 974 qui
2697 904 3004 959 secundum
3051 913 3522 960 sacrosanctorum
3549 920 3686 963 con-

2097 988 2348 1044 ciliorum
2377 1003 2617 1045 canones
2646 1005 2816 1062 supra
2843 991 3071 1062 positos,
3094 993 3163 1046 ab
3190 992 3308 1062 ipsa
3331 993 3509 1064 prima
3536 995 3685 1061 sede,

2098 1081 2261 1144 atque
2292 1074 2358 1127 ab
2388 1075 2534 1129 omni
2561 1075 2812 1130 Ecclesia
2841 1075 3103 1132 catholica
3131 1078 3533 1149 comprobatos,
3557 1085 3692 1134 utre

2098 1176 2232 1216 vera
2259 1162 2450 1232 spiritu
2479 1163 2581 1218 Dei
2611 1163 2880 1230 conditos,
2903 1172 2958 1219 et
2981 1165 3141 1220 totius
3170 1165 3358 1220 mundi
3386 1165 3694 1222 reverentia

2099 1258 2468 1316 consecratos,
2501 1259 2554 1306 et
2573 1251 2722 1319 juxta
2751 1252 2973 1308 decreta
3017 1252 3187 1323 ipsius
3217 1261 3420 1309 sancta
3448 1253 3595 1309 sedis
3627 1268 3694 1310 ex

2102 1337 2308 1392 eisdem
2337 1338 2509 1393 sacris
2539 1340 2840 1394 canonibus
2882 1341 3246 1413 promulgata,
3279 1341 3694 1412 metropolitano

2097 1424 2390 1496 privilegio
2435 1427 2604 1481 semel
2650 1435 2703 1481 et
2731 1427 2972 1484 secundo
3017 1443 3084 1484 ac
3126 1428 3287 1483 tertio
3333 1428 3694 1484 commonitus

2103 1511 2326 1567 obedire
2354 1512 2686 1578 detrectasti,
2715 1522 2774 1570 ut
2801 1515 3180 1585 colligationes
3215 1515 3527 1587 impietatis,
3558 1531 3695 1588 quas

2103 1606 2292 1654 contra
2320 1601 2694 1672 evangelicam
2723 1603 3025 1673 veritatem,
3057 1611 3112 1659 et
3137 1604 3490 1674 apostolicam
3532 1611 3694 1675 atque

399 1691 508 1746 ritu
537 1698 726 1746 sancto
755 1704 873 1755 suo,
909 1704 940 1744 a
967 1706 1070 1760 que
1117 1689 1447 1760 promulgati
1489 1690 1746 1762 leguntur
1783 1699 1835 1744 et
1871 1706 1997 1746 cre-
2027 1718 2080 1778 B
2102 1687 2480 1757 pr0pheticam
2509 1689 2896 1758 auctoritatem,
2927 1699 3224 1764 contraque
3253 1700 3566 1749 sanctorum
3596 1707 3696 1748 ca-

405 1778 602 1834 duntur
649 1793 902 1844 canones,
934 1777 1178 1842 instituit,
1209 1777 1478 1847 patienter
1523 1778 1667 1833 ferre
1713 1795 1821 1834 non
1872 1795 2000 1850 pos-

405 1882 565 1936 sum,
613 1882 713 1921 nec
741 1866 950 1932 debeo,
1000 1866 1132 1936 quin
1177 1873 1379 1919 tantum
1426 1866 1552 1921 inde
1597 1883 1708 1922 non
1756 1875 2000 1938 satagam

406 1961 666 2026 quantum
716 1961 925 2024 potero.
959 1954 1097 2008 Nam
1127 1953 1266 2009 sicut
1297 1953 1601 2009 sollicitudo
1644 1962 1696 2009 et
1741 1955 2000 2026 primatus

403 2042 568 2098 totius
595 2041 859 2097 Ecclesia
887 2042 1169 2097 catholica
1195 2049 1397 2098 sancta
1419 2042 1564 2097 sedis
1584 2044 1843 2098 Romana
1873 2059 2004 2114 pon-

403 2129 537 2185 tiﬁci
580 2129 835 2184 divinitus
863 2138 944 2184 est
972 2129 1186 2196 collata,
1219 2129 1292 2184 ita
1321 2137 1374 2184 et
1403 2131 1700 2202 uniquique
1729 2140 2003 2203 metropo-

402 2217 569 2274 litano
597 2234 659 2272 ac
687 2217 904 2288 primati
933 2217 1228 2288 provincia
1276 2217 1581 2272 sollicitudo
1609 2219 1712 2273 sibi
1741 2220 2003 2291 delegata

404 2306 700 2378 provincia
743 2322 843 2376 per
889 2321 1079 2360 sacros
1121 2321 1358 2360 canones
1387 2305 1576 2376 spiritu
1605 2307 1705 2362 Dei
1731 2308 2020 2374 conditos,‘

327 2433 330 2436 -
407 2402 462 2450 et
487 2395 650 2450 totius
683 2393 871 2448 mundi
901 2393 1201 2448 reverentia
1228 2402 1581 2448 consecratos
1610 2395 1852 2450 noscitur
1881 2413 2004 2451 esse

407 2482 720 2548 commissa,
757 2504 778 2530 υ
813 2488 866 2536 et
893 2488 1108 2536 caetera.
1141 2481 1454 2552 Sequuntur
1483 2482 1719 2554 denique
1747 2483 1906 2553 plura
1935 2485 2004 2540 de

406 2569 836 2642 professionibus
858 2576 909 2624 et
930 2569 1419 2639 subscriptionibus
1441 2570 1684 2639 ejusdem
1704 2571 2000 2640 Hincmari,

404 2668 459 2716 et
486 2657 919 2730 correptionibus
949 2657 1086 2727 ejus,
1118 2673 1291 2728 usque
1319 2658 1390 2712 ad
1421 2657 1585 2713 finem
1615 2660 1816 2730 operis.

573 2861 909 2918 EPISTOLA
946 2861 1293 2916 HINCMARI
1339 2861 1830 2917 LAUDUNENSIS

777 2973 850 3013 AD
889 2972 1222 3012 HINCMARUH
1261 2972 1623 3011 RHEMENSEM.

405 3046 717 3129 Respondet
738 3047 817 3129 .ad
840 3046 1178 3129 ppusculum
1198 3048 1612 3129 quiaquaginta
1641 3047 1883 3129 quin-que
1913 3061 2006 3129 ea:
2032 3067 2081 3129 α

477 3121 666 3244 pittum
695 3121 749 3174 et
779 3118 850 3172 ad
879 3118 996 3172 alia
1027 3133 1148 3188 qua
1189 3121 1390 3172 contra
1435 3117 1625 3186 ipsum
1672 3119 1885 3186 scripta
1915 3119 2002 3172 vel

480 3206 546 3244 ac
577 3207 629 3244 a.

480 3206 629 3246 acra.

538 3276 698 3348 (Vide
728 3273 1070 3347 Patrologia,
1103 3282 1233 3330 tom.
1267 3273 1513 3339 CXXIV,
1545 3273 1650 3328 col.
1685 3275 1868 3344 1027.)

761 3370 1104 3426 HINCMARI
1155 3370 1649 3426 LAUDUNENSIS

1036 3473 1109 3512 AD
1146 3474 1378 3514 EUMDEM

403 3553 480 3608 De
512 3565 788 3608 consensu
814 3550 878 3604 in
908 3549 1560 3604 excommunicationem
1598 3546 1665 3602 ab
1693 3561 1754 3603 eo
1782 3548 2003 3618 factum

933 3635 1096 3690 quem
1131 3619 1407 3688 exigebat.
1760 3657 1764 3660 .

779 3706 938 3778 (Vide
969 3706 1061 3761 ubi
1093 3721 1277 3777 supra,
1314 3705 1418 3762 col.
1453 3704 1636 3774 1069.)

627 3812 967 3869 EPISTOLA
1005 3811 1345 3866 HINCMARI
1383 3809 1782 3866 RHEMENSIS

762 3916 834 3955 AD
874 3913 1204 3955 HINCMARUM
1241 3913 1674 3954 LAUDUNENSEM.

555 3989 719 4047 (Apud
741 3988 1009 4043 Sirmond.,
1035 3999 1096 4034 ex
1116 3987 1400 4039 Flodoardi,
1427 3987 1512 4032 lib.
1534 3997 1605 4041 ιιι,
1635 3996 1743 4042 cap.
1769 3986 1858 4040 29.)

481 4081 809 4135 Hmamnus
839 4079 1172 4134 Rhemorum
1205 4077 1493 4147 epiSCOpus
1524 4076 1822 4130 HINCMARO
1871 4075 2008 4130 Lau-

407 4168 668 4224 dunensis
695 4167 975 4238 episcopo.

481 4257 578 4312 Vir
606 4256 836 4312 diversis
867 4253 1101 4327 ﬂagellis
1121 4269 1152 4308 a
1173 4252 1406 4309 diversis
1436 4251 1678 4307 attristus
1705 4251 1837 4306 dicit
1860 4268 1873 4305 :
1901 4249 2009 4318 Qui

408 4362 499 4400 me
557 4344 850 4402 comedunt
900 4359 1009 4396 non
1065 4341 1370 4407 dormiunt;
1429 4355 1493 4395 ac
1549 4340 1595 4394 si
1642 4340 1864 4406 diceret,
1896 4354 2007 4394 non

2101 1789 2323 1841 nonum,
2358 1783 2410 1830 et
2438 1777 2654 1832 decreta
2683 1778 2855 1848 ipsius
2883 1781 3210 1834 veneranda
3247 1780 3412 1845 sedis,
3444 1779 3695 1835 exitiabi-

2099 1856 2222 1912 liter
2250 1858 2307 1913 in
2336 1866 2486 1913 tuum
2517 1868 2570 1916 et
2597 1861 2890 1916 multorum
2919 1863 3220 1932 periculum
3251 1863 3546 1936 colligasti,
3577 1863 3695 1918 dis-

2102 1945 2367 2001 solveres.
2392 1949 2619 2019 Insuper
2639 1957 2830 2004 contra
2849 1965 3036 2004 sacras
3055 1950 3278 2022 regulas
3307 1951 3570 2006 adversus
3588 1965 3697 2007 me-

2102 2035 2489 2104 tropolitanum
2535 2037 2881 2109 privilegium
2906 2037 3088 2093 libello
3117 2038 3426 2109 perniciose
3452 2039 3698 2094 subscri-

2100 2121 2279 2192 psisti,
2303 2130 2356 2178 et
2375 2124 2645 2180 subscribi
2673 2124 2864 2180 fecisti.
2894 2126 3050 2182 Unde
3077 2126 3131 2180 in
3161 2126 3371 2196 synodo
3401 2133 3699 2182 conventus

2103 2209 2172 2264 ab
2193 2209 2466 2281 episcopis
2483 2211 2676 2268 decem
2695 2213 3122 2283 provinciarum,
3135 2213 3381 2269 libellum
3395 2213 3698 2285 professio-

2103 2296 2189 2352 nis
2220 2298 2289 2352 de
2317 2297 2493 2354 futura
2520 2307 2609 2354 tua
2638 2301 2965 2366 obedientia,
2998 2301 3361 2372 subscriptum
3383 2318 3543 2358 manu
3572 2317 3700 2372 pro-

2103 2385 2244 2456 pria,
2281 2387 2426 2457 quod
2468 2388 2664 2456 habeo,
2697 2389 2980 2460 porrexisti
3011 2407 3027 2444 :
3059 2397 3246 2445 contra
3295 2407 3457 2461 quem
3502 2390 3699 2445 iterum

2106 2474 2557 2545 resubscripsisti.
2606 2477 2744 2530 Nam
2791 2493 2897 2549 ego
2943 2477 3240 2533 decretales
3283 2477 3513 2548 epistola
3550 2477 3698 2532 sedis

2104 2562 2435 2632 apostolica,
2478 2563 2699 2619 divertis
2742 2565 3078 2636 temporibus
3106 2581 3208 2636 pro
3237 2565 3576 2622 diversorum
3604 2581 3699 2636 pa-

2101 2657 2245 2704 trum
2275 2651 2646 2706 consolatione
2663 2653 2748 2708 vel
2767 2653 3163 2709 consultatione
3183 2654 3250 2708 ab
3277 2654 3522 2722 ejusdem
3549 2653 3698 2710 sedis

2103 2736 2447 2808 pontificibus
2474 2739 2647 2806 datas,
2681 2748 2735 2795 et
2762 2741 3150 2798 venerabiliter
3178 2742 3436 2813 suscipio,
3471 2749 3525 2798 et
3543 2757 3702 2797 vene-

2104 2825 2348 2881 rabiliter
2375 2827 2750 2899 suscipiendas
2778 2829 2923 2896 dico,
2948 2837 3000 2885 et
3020 2829 3222 2896 scribo,
3255 2837 3310 2884 et
3332 2838 3703 2885 sacrosancto-

2104 2930 2225 2969 rum
2267 2916 2620 2971 conciliorum
2666 2932 2923 2984 canones,
2957 2933 3081 2973 cum
3109 2917 3347 2974 decretis
3393 2917 3704 2988 apostolica

2103 3001 2253 3057 sedis
2282 3018 2349 3059 ex
2379 3004 2588 3059 eisdem
2614 3005 2784 3060 sacris
2813 3006 3110 3062 canonibus
3138 3005 3499 3078 promulgatis
3529 3013 3583 3061 et
3608 3021 3703 3061 re-

2103 3089 2384 3161 cipiendos
2416 3100 2466 3147 et
2498 3093 2884 3148 custodiendos
2916 3102 2970 3148 et
2995 3095 3316 3164 servandos,
3359 3094 3499 3150 sicut
3539 3108 3704 3164 supra

2101 3179 2336 3249 ostendi,
2384 3179 2660 3250 proﬁteor.
2706 3182 2775 3235 Et
2804 3182 2951 3252 quod
2979 3189 3031 3236 te
3057 3181 3196 3238 dicis
3243 3182 3432 3237 audire
3479 3181 3704 3253 obloqui

2101 3265 2170 3320 de
2191 3266 2394 3334 judicio
2424 3267 2610 3322 domni
2634 3282 2792 3338 papa
2821 3269 3048 3335 Nicolai,
3077 3269 3124 3324 si
3152 3270 3222 3326 de
3247 3286 3336 3324 me
3365 3269 3522 3336 dicis,
3552 3285 3706 3324 men-

2105 3353 2323 3408 dacium
2369 3355 2525 3410 dicis.
2572 3357 2712 3410 Nam
2757 3357 2904 3428 quod
2945 3357 3036 3411 ille
3080 3357 3148 3413 de
3188 3359 3456 3426 Rothodo,
3492 3358 3606 3413 sive
3635 3357 3706 3414 de

2103 3441 2331 3496 Vulfado
2357 3442 2632 3510 judicavit,
2657 3459 2766 3499 non
2797 3445 3118 3511 contradixi,
3144 3446 3241 3500 sed
3266 3445 3406 3501 sicut
3429 3445 3546 3516 ipse
3573 3461 3708 3515 pra-

2104 3529 2248 3600 cepit
2287 3530 2508 3585 obedire
2550 3531 2754 3587 curavi.
2787 3532 2868 3588 De
2899 3548 2964 3588 eo
2993 3533 3140 3604 quod
3171 3533 3308 3589 dicis
3336 3534 3406 3588 de
3435 3533 3704 3602 Rothado,

2105 3617 2234 3689 quia
2261 3618 2316 3672 in
2346 3619 2463 3687 ejus
2494 3619 2833 3690 depositione
2853 3635 2962 3676 non
2983 3621 3329 3688 consensisti,
3362 3620 3706 3692 subscriptio-

2104 3721 2204 3761 nes
2244 3714 2347 3762 tua
2393 3723 2585 3762 manus
2631 3709 2870 3779 propria
2916 3716 2968 3764 te
3013 3710 3321 3766 revincunt.
3367 3709 3516 3764 Nihil
3559 3708 3704 3764 enim

2105 3794 2232 3849 inde
2261 3796 2350 3868 egi
2381 3797 2526 3868 quod
2553 3812 2770 3852 mecum
2816 3813 2926 3853 non
2972 3798 3174 3871 egeris,
3223 3797 3358 3853 nihil
3406 3797 3705 3870 subscripsi

2107 3883 2254 3954 quod
2282 3899 2394 3938 non
2422 3885 2838 3956 subscripseris.
2871 3886 3061 3942 Habeo
3087 3887 3233 3943 enim
3257 3886 3376 3944 illas
3405 3887 3554 3960 ipsas
3579 3903 3705 3944 ma-

2107 3987 2210 4025 nus
2241 3979 2348 4028 tua
2366 3973 2775 4029 subscritiones.

2176 4059 2248 4113 Et
2277 4059 2426 4116 circa
2454 4061 2610 4129 hujus
2638 4061 2822 4131 operis
2851 4060 3032 4116 ﬁnem.
3059 4063 3140 4117 De
3169 4061 3288 4117 aliis
3316 4078 3466 4129 vero,
3500 4079 3621 4134 qua
3648 4062 3704 4118 in

2109 4146 2312 4217 scripto
2359 4148 2502 4218 apud
2547 4148 2872 4203 Attiniacum
2921 4149 3044 4203 dato
3087 4149 3221 4204 mihi
3283 4150 3704 4220 improperando

2107 4235 2442 4290 mendaciter
2472 4235 2628 4304 dicis,
2653 4236 2751 4290 tibi
2773 4237 3105 4307 respondere
3125 4253 3236 4292 non
3255 4252 3406 4293 curo.
3431 4238 3540 4292 Sed
3560 4238 3705 4294 scias

2109 4323 2236 4393 quia
2265 4339 2374 4378 non
2403 4340 2523 4379 sum
2553 4323 2752 4380 oblitus
2781 4326 2925 4397 quod
2953 4325 3213 4396 scriptum
3234 4333 3317 4381 est
3338 4325 3394 4379 in
3412 4325 3555 4380 Isaia
3581 4341 3707 4395 pro—

410 4434 713 4506 quiescunt.
739 4433 810 4486 Et
828 4439 904 4497 tu,
929 4430 1115 4496 frater,
1132 4430 1225 4484 'me
1255 4437 1359 4484 tua
1387 4427 1588 4500 lingua
1617 4427 1846 4498 ﬂagellis
1875 4434 2010 4482 atte-
2034 4411 2092 4474 D
2110 4411 2294 4506 Ρξιθῑθς
2329 4412 2586 4506 Quonim!
2615 4413 3138 4506 Saflcms_EZe_9hias
3167 4421 3404 4506 afﬂatus
3432 4413 3701 4506 ξηειιειίε.

410 4515 552 4587 rere,
586 4529 638 4577 et
665 4520 954 4576 venenosis
985 4518 1198 4588 scriptis
1246 4517 1352 4572 tuis
1397 4517 1464 4570 ad
1513 4515 1848 4571 iracundiam
1880 4531 2010 4586 pro-

407 4611 656 4668 vocando
705 4608 927 4664 inficere
966 4623 1074 4662 non
1125 4606 1379 4677 quiescis.
1415 4605 1522 4659 Sed
1552 4604 1642 4659 ille
1673 4604 1764 4675 qui
1796 4619 2012 4658 servum

410 4714 571 4754 suum
599 4697 890 4754 custodivit
915 4712 944 4750 a
974 4693 1514 4759 murmurationibus,
1547 4709 1635 4748 me
1665 4699 2012 4763 peccatorem

410 4795 466 4843 et
495 4786 748 4858 fragilem
775 4784 832 4838 in
861 4801 920 4840 se
951 4781 1309 4839 conﬁdentem
1340 4789 1519 4852 potest
1549 4780 1827 4836 custodire
1845 4795 1876 4834 a
1897 4796 2016 4835 ran-

409 4891 539 4932 core
587 4883 638 4930 et
685 4872 889 4929 malitia
950 4879 1141 4927 contra
1187 4879 1306 4926 tuas
1356 4868 1520 4924 falsas
1581 4868 2010 4924 criminationes.

411 4964 541 5018 Post
574 4962 677 5017 alia
720 4960 891 5016 multa
935 4975 1101 5031 super
1147 4959 1391 5014 dolorem
1434 4957 1722 5014 vulnerum
1771 4971 2014 5012 meorum

409 5051 622 5108 addens
653 5049 790 5106 dicis
824 5065 836 5104 :
873 5049 1020 5104 Sicut
1048 5048 1104 5102 in
1133 5047 1349 5118 scriptis
1387 5047 1491 5102 tuis
1534 5045 1810 5118 perversis
1856 5044 2014 5099 inve-

411 5139 537 5206 nio,
571 5138 696 5211 quia
739 5136 1052 5208 apostolica
1099 5136 1247 5191 sedis
1292 5135 1548 5205 potestati
1597 5136 1825 5204 derogo.
1860 5133 2015 5188 Unde

412 5243 576 5284 nemo
605 5241 798 5282 sanum
818 5225 1033 5295 sapiens
1051 5223 1146 5279 tibi
1169 5239 1409 5294 unquam
1431 5223 1663 5278 credidit
1683 5222 1770 5277 vel
1790 5221 1974 5277 credet
1998 5236 2010 5275 :

411 5316 670 5390 quoniam
699 5323 750 5370 et
778 5313 896 5384 ipsa
925 5312 1130 5385 scripta
1196 5328 1318 5384 qua
1346 5312 1415 5366 ad
1445 5309 1799 5382 apostolicam
1829 5309 2017 5365 sedem

411 5404 713 5475 sapissime
744 5402 887 5471 misi,
914 5409 966 5458 et
985 5401 1078 5456 illa
1099 5417 1219 5473 qua
1247 5400 1343 5455 tibi
1372 5399 1654 5454 resultanti
1683 5414 1830 5469 sape
1851 5405 2016 5453 trans-

413 5493 559 5560 misi,
591 5500 642 5548 te
672 5491 967 5558 revincent,
1000 5498 1052 5547 et
1081 5489 1138 5545 in
1167 5489 1270 5546 isto
1319 5487 1518 5546 saculo
1547 5495 1602 5543 et
1628 5486 1683 5542 in
1711 5486 1893 5542 futuro
1930 5487 2019 5556 ju-

2110 4499 2455 4570 blasphemas
2499 4500 2758 4572 epistolas
2805 4502 2908 4556 sibi
2954 4503 3190 4559 directas
3213 4503 3266 4557 in
3298 4501 3500 4573 templo
3523 4517 3704 4556 coram

2111 4588 2342 4643 Domino
2383 4589 2656 4660 expandit,
2689 4598 2742 4646 et
2769 4591 2835 4644 ad
2863 4606 2990 4646 eum
3035 4591 3307 4656 clamavit,
3343 4598 3395 4646 et
3425 4589 3703 4646 exauditus

2111 4683 2210 4732 est.
2242 4677 2559 4748 Expandam
2587 4687 2764 4734 autem
2785 4695 2977 4734 manus
2997 4695 3149 4734 meas
3171 4679 3239 4734 ad
3261 4677 3552 4734 Dominum
3579 4693 3705 4735 cum

2111 4764 2446 4835 blasphemis
2485 4774 2537 4821 et
2574 4767 2980 4838 superbissimis
3025 4766 3242 4837 scriptis
3288 4766 3394 4821 tuis
3431 4766 3562 4822 mihi
3589 4781 3624 4822 a
3651 4774 3706 4823 te

2113 4853 2367 4922 directis,
2419 4869 2586 4910 orans
2622 4863 2679 4910 ut
2708 4856 2924 4926 quando
2965 4855 3099 4923 scit,
3133 4861 3186 4910 et
3215 4855 3432 4926 quando
3475 4855 3621 4924 vult,
3652 4863 3709 4912 et

2114 4940 2251 4996 sicut
2280 4940 2399 5006 scit,
2432 4950 2486 4997 et
2516 4942 2652 4998 sicut
2681 4943 2820 5009 vult,
2853 4951 2905 4998 te
2934 4949 3210 4998 convertat
3251 4943 3321 4999 ad
3367 4959 3510 5001 vera
3552 4944 3707 5016 pacis

2115 5036 2168 5083 et
2195 5029 2498 5085 dilectionis
2529 5038 2690 5102 atque
2725 5030 2942 5087 debitia
2969 5029 3275 5088 obedienta
3316 5031 3663 5090 dilectionem
3687 5074 3701 5100 ,

2115 5124 2168 5172 et
2196 5133 2284 5172 me
2313 5118 2506 5173 liberet
2536 5133 2569 5173 a
2595 5118 2750 5172 labiis
2778 5117 2996 5190 iniquis,
3027 5127 3081 5176 et
3108 5136 3138 5174 a
3168 5120 3354 5194 lingua
3395 5121 3606 5178 dolosa.
3639 5123 3708 5176 Et

2114 5205 2359 5262 Domina
2383 5222 2520 5261 mea
2548 5206 2726 5262 beata.
2739 5214 2789 5262 et
2809 5207 3066 5280 gloriosa
3093 5208 3194 5264 Dei
3219 5209 3497 5281 genitricis
3522 5208 3708 5265 Maria

2114 5293 2340 5362 meritis,
2374 5309 2439 5350 ac
2465 5294 2718 5365 precibus
2745 5296 2921 5352 sancti
2949 5296 3200 5370 Remigii,
3234 5297 3388 5366 cujus
3421 5297 3705 5370 privilegio

2114 5381 2369 5454 derogas,
2403 5383 2648 5438 exaudiet
2679 5400 2768 5440 me
2793 5384 3004 5454 adjutor
3031 5385 3086 5442 in
3115 5386 3602 5457 opportunitatibus
3647 5384 3704 5440 in

2116 5475 2476 5534 tribulatione.
2509 5477 2581 5534 Et
2605 5478 2731 5552 quia
2757 5480 2947 5538 beatus
2977 5480 3336 5556 Hieronymus
3356 5480 3425 5538 de
3445 5480 3550 5547 his,
3578 5492 3708 5555 quo-
