4164 6324
481 280 582 333 511

1368 274 1709 333 HINCMARI
1744 272 2147 333 RHEMENSIS
2175 272 2727 330 ARCHIEPISCOPI.

3667 280 3769 334 512

479 416 606 458 rum
652 399 937 456 adversum
963 413 1053 455 me
1081 396 1252 472 gratis
1279 400 1567 472 suscepisti
1613 399 1865 467 officium,
1899 399 2028 455 dicit
2059 400 2153 461 :A
2172 398 2341 453 Maias
2359 405 2547 469 pastor
2572 406 2759 453 noster
2786 397 2842 453 in
2870 405 3053 453 monte
3074 399 3333 455 Lauduno
3352 399 3408 455 in
3428 416 3527 457 sua
3556 402 3766 473 synodo

483 510 507 540 ι
542 488 779 544 Audiam
823 503 986 544 canes
1014 488 1142 555 mei,
1175 496 1231 543 tu
1260 488 1352 560 qui
1381 489 1449 544 de
1487 487 1597 544 ﬁlio
1624 488 1681 543 in
1711 488 1953 556 fratrem,
1985 489 2074 543 in-

480 576 658 647 deque
705 576 928 632 crevisti
952 577 1009 631 in
1049 576 1453 648 coepiscopum,
1486 585 1539 632 et
1563 585 1686 648 post
1715 577 1854 632 adeo
1883 575 2073 647 profe-

478 663 600 719 cisti
657 672 715 718 ut
742 664 800 719 in
825 679 1021 720 canem
1077 680 1261 720 meum
1317 665 1648 731 excreveris,
1702 665 1888 735 accipe
1934 666 2075 720 hanc

478 752 728 823 perversi
769 752 1131 809 contumacia
1175 761 1283 808 tua
1327 752 1587 823 pittacioli
1624 753 1876 825 exigente
1905 767 2073 808 causa

478 840 750 912 prolixam
775 841 1212 912 responsionem.
1245 841 1381 895 Cum
1407 848 1587 896 autem
1614 841 1747 894 mihi
1778 840 2070 909 vacaverit,

478 928 808 985 succinctius
837 929 907 984 de
934 929 1054 983 aliis
1082 929 1356 1000 perversis
1378 937 1431 984 et
1450 927 1832 999 incompositis
1850 928 2070 998 scriptis

479 1014 602 1083 tuis,
635 1015 693 1070 in
721 1016 918 1087 quibus
951 1018 1200 1088 quadam
1229 1016 1582 1081 mendaciter,
1606 1016 1857 1087 quadam
1888 1031 2072 1087 repre-

478 1102 820 1159 hensibiliter
848 1120 937 1160 me
964 1104 1432 1176 reprehendendo,
1469 1105 1719 1175 quadam
1746 1103 1867 1159 ficte
1897 1103 2072 1158 humi-

478 1189 605 1247 liter
632 1200 686 1247 et
713 1207 840 1248 vere
870 1193 1108 1263 superbe
1137 1192 1423 1262 scripsisti,
1465 1192 1783 1262 rescribam,
1816 1199 1867 1247 et
1896 1192 1950 1245 in
1979 1192 2073 1247 illo

478 1279 704 1349 scripto,
740 1280 868 1350 quia
884 1280 1010 1350 lego
1030 1279 1232 1335 dixisse
1252 1280 1541 1336 Dominum
1564 1297 1577 1334 :
1600 1281 1717 1334 Jam
1739 1296 1847 1335 non
1866 1280 2074 1335 irascar

477 1366 575 1421 tibi
603 1367 858 1437 amplius,
912 1374 1171 1438 quantum
1201 1367 1331 1422 mihi
1359 1368 1537 1423 adhuc
1576 1375 1747 1439 paret,
1780 1369 1849 1423 de
1877 1368 2072 1436 hujus-

477 1454 626 1509 modi
667 1454 1106 1509 altercationibus
1135 1455 1232 1510 tibi
1262 1455 1539 1511 scribendi
1566 1454 1731 1511 ﬁnem
1778 1456 2071 1526 imponam.

478 1543 559 1598 De
586 1542 691 1597 hoc
721 1542 865 1613 quod
920 1542 1076 1609 dicis,
1110 1543 1238 1615 quia
1292 1544 1480 1599 dicunt
1533 1544 1601 1598 de
1658 1560 1745 1599 me
1773 1544 2022 1598 homines
2056 1560 2069 1598 :

478 1628 670 1697 Qualis
699 1637 782 1683 est
809 1629 899 1684 ille
929 1631 1251 1696 avunculus,
1276 1631 1368 1702 qui
1385 1631 1512 1686 talia
1528 1647 1626 1685 suo
1655 1631 1840 1702 nepoti
1867 1631 2070 1697 scribit,

2173 487 2243 541 de
2296 486 2641 557 perplurimis
2703 486 3019 541 utilitatibus
3074 504 3186 543 sua
3242 496 3444 545 sancta
3497 490 3764 557 ecclesia,

2173 574 2472 629 ordinando
2491 582 2543 629 et
2572 574 2940 630 emeliorando
2972 576 3218 646 quadam
3248 576 3306 630 in
3332 576 3412 631 eis
3428 576 3725 647 disputaret
3750 596 3766 644 ;

2172 662 2409 718 occurrit
2436 677 2537 733 pro
2566 679 2819 719 successu
2848 671 3150 734 temporum
3179 665 3425 735 quadam
3454 680 3584 734 pars
3614 666 3763 734 ejus-

2171 751 2298 805 dem
2338 750 2735 821 disputationis,
2778 767 2878 822 pro
2921 767 3024 823 qua
3081 752 3209 822 quia
3262 752 3551 807 ordinandi
3578 768 3763 809 rerum

2171 837 2662 893 ecclesiasticarum
2709 846 2949 908 potestas
2979 839 3045 893 ab
3076 854 3161 905 eo,
3203 855 3325 894 cum
3347 840 3437 909 jus
3468 848 3520 896 et
3548 840 3635 895 lex
3665 857 3763 897 ca-

2171 940 2376 980 nonum
2408 926 2650 994 jubendo
2694 926 2953 996 pracipit,
2985 934 3042 980 ut
3073 927 3362 998 episcopus
3395 944 3483 982 res
3513 928 3763 984 ecclesia

2173 1028 2285 1067 sua
2315 1013 2511 1084 quibus
2539 1014 2785 1080 voluerit,
2806 1021 2858 1069 et
2883 1015 3154 1086 quomodo
3174 1014 3404 1070 voluerit
3422 1016 3762 1086 disponendo

2170 1100 2483 1171 dispenset,
2568 1100 2910 1168 auferretur;
2995 1102 3345 1173 perplurima
3423 1103 3768 1159 auctoritates

2172 1189 2343 1243 sancti
2401 1188 2539 1242 Petri
2594 1204 3084 1261 successorumque
3141 1191 3276 1259 ejus,
3309 1190 3505 1262 quibus
3534 1191 3765 1261 qualiter

2173 1283 2226 1331 et
2254 1277 2527 1347 quomodo
2554 1276 2680 1331 data
2711 1276 2778 1330 sit
2801 1285 3041 1347 potestas
3074 1277 3286 1349 ligandi
3315 1286 3367 1332 et
3396 1277 3659 1345 solvendi,
3695 1279 3764 1332 ab

2172 1364 2365 1419 eodem
2397 1371 2614 1435 pastore
2642 1373 2827 1419 nostro
2856 1366 2912 1419 in
2939 1365 3226 1435 prasentia
3254 1365 3419 1420 totius
3447 1365 3642 1437 synodi
3672 1382 3765 1421 eas

2173 1451 2467 1521 relegendo
2510 1450 2753 1507 recitata
2800 1459 2944 1505 sunt.
2994 1451 3203 1520 Quibus
3238 1452 3503 1519 recitatis,
3554 1469 3766 1509 memor

2170 1537 2488 1608 injuriarum
2556 1554 2791 1608 suarum,
2852 1555 2973 1610 qua
3030 1540 3081 1594 ei
3133 1540 3398 1595 moderno
3455 1540 3769 1597 acciderant

2170 1633 2414 1697 tempore
2461 1625 2684 1693 addidit,
2717 1626 2864 1697 quod
2916 1626 3225 1682 immineret
3268 1636 3482 1699 tempus
3511 1644 3765 1699 compro-

475 1716 658 1772 dicant
686 1726 737 1771 et
768 1718 837 1772 de
868 1725 920 1773 te
944 1717 1049 1788 ipsi
1097 1719 1346 1775 homines
1377 1736 1390 1774 :
1424 1718 1616 1787 Qualis
1645 1728 1725 1774 est
1754 1719 1845 1774 ille
1877 1735 2070 1790 nepos,
2101 1746 2154 1805 Β
2173 1714 2417 1805 vincialis
2474 1714 2688 1805 synodi,
2747 1730 2868 1805 qua
2898 1714 2953 1769 in
3013 1715 3518 1805 AVermeriagpalatio
3546 1717 3702 1805 regio
3732 1732 3766 1771 a

474 1804 546 1859 ab
575 1806 845 1861 avunculo
899 1821 1000 1861 suo
1057 1806 1178 1860 talis
1207 1815 1266 1860 ut
1295 1814 1420 1862 tunc
1475 1814 1595 1862 erat
1654 1815 1985 1877 assumptus,
2018 1815 2072 1861 et

474 1891 598 1948 talis
626 1892 766 1949 sicut
815 1909 961 1949 nunc
1000 1901 1084 1948 est
1110 1893 1168 1948 in
1197 1893 1420 1964 spiritali
1448 1911 1512 1951 ac
1550 1894 1834 1965 temporali
1862 1895 2070 1950 honore

475 1973 721 2042 eﬁ‘ectus,
753 1976 844 2048 qui
873 1976 1002 2030 talia
1050 1977 1153 2031 sibi
1192 1977 1360 2048 exigit
1384 1978 1454 2032 ab
1482 1978 1650 2033 invito
1679 1977 1968 2042 avunculo,
2001 1994 2069 2033 ne

474 2062 597 2118 talis
627 2064 698 2118 ab
727 2063 869 2130 aliis,
903 2064 1041 2119 sicut
1068 2080 1102 2119 a
1130 2073 1327 2136 nepote
1358 2081 1457 2120 suo
1484 2066 1817 2138 depingitur,
1841 2065 2071 2122 astima-

474 2157 579 2217 tus,
616 2167 714 2221 per
738 2168 863 2207 eum
892 2152 1300 2223 blasphematur
1340 2169 1539 2209 nomen
1570 2154 1805 2219 Domini,
1840 2162 1894 2209 et
1923 2154 2068 2209 vitu-

471 2246 696 2310 peretur
740 2239 1101 2295 ministerium
1146 2241 1297 2310 ejus;
1331 2250 1547 2298 secutus
1575 2241 1896 2312 Apostolum
1923 2241 2068 2298 scri-

470 2326 691 2381 bentem
738 2328 809 2383 ad
855 2328 1161 2384 Corinthios
1209 2337 1398 2385 contra
1428 2346 1487 2385 se
1528 2331 1983 2401 blasphemantes,
2017 2338 2069 2385 et

473 2414 731 2486 vilipendi
784 2416 851 2469 ab
879 2416 999 2471 aliis
1055 2418 1389 2473 laborantes.
1448 2419 1575 2491 Egit
1627 2418 1827 2491 quippe
1875 2419 2069 2474 doctor

470 2504 749 2576 egregius,
784 2512 843 2559 ut
858 2504 987 2559 dum
1008 2505 1125 2576 ipse
1147 2505 1323 2578 qualis
1342 2515 1490 2562 esset
1511 2507 1851 2579 agnoscitur,
1886 2514 1937 2562 et
1958 2508 2069 2562 vita

469 2598 524 2646 et
549 2590 736 2664 lingua
765 2593 906 2647 male
935 2594 1343 2663 pradicantium
1371 2593 1487 2664 ejus
1515 2595 1903 2666 pradicatione
1934 2595 2067 2650 vile-

470 2687 664 2735 sceret.
697 2679 824 2735 lllos
861 2681 1115 2736 videlicet
1160 2684 1585 2749 commendaret,
1637 2683 1685 2737 si
1732 2698 1792 2738 se
1830 2683 2067 2738 abscon-

468 2766 641 2821 deret.
680 2768 924 2839 Cumque
953 2785 1013 2823 se
1041 2785 1149 2824 non
1189 2771 1521 2839 ostenderet,
1555 2771 1725 2825 errori
1754 2771 1936 2826 locum
1964 2771 2067 2826 de-

470 2854 660 2909 disset.
693 2855 890 2911 Dicunt
937 2856 1100 2912 etiam
1125 2857 1230 2928 ipsi
1254 2858 1502 2912 homines
1530 2859 1601 2913 de
1630 2867 1683 2913 te
1716 2876 1730 2912 :
1765 2858 1957 2926 Qualis
1986 2867 2068 2914 est

467 2941 559 2998 ille
587 2958 780 3014 nepos,
817 2944 908 3015 qui
958 2945 1086 2999 talia
1114 2953 1306 3001 contra
1337 2961 1495 3001 suum
1525 2947 1847 3003 avunculum
1878 2955 1932 3002 et
1960 2964 2066 3002 nu-

469 3029 717 3086 tritorem
745 3040 907 3104 atque
933 3032 1301 3089 ordinatorem
1330 3033 1688 3100 machinatur,
1720 3043 1773 3089 et
1802 3043 2065 3106 quantum

465 3125 643 3188 potest
664 3118 946 3192 maliagit,
976 3129 1028 3175 et
1056 3121 1344 3193 plusquam
1375 3129 1551 3193 potest
1579 3138 1745 3194 agere
1776 3123 1958 3194 cupit?
1980 3123 2064 3178 Si-

466 3214 557 3261 cut
578 3215 634 3261 tu
653 3207 709 3262 in
729 3208 818 3263 die
841 3209 1226 3281 magnijudicii
1248 3209 1533 3265 manifeste
1555 3210 1788 3280 videbis,
1814 3211 1860 3265 si
1882 3219 1933 3267 te
1958 3226 2063 3265 an-

465 3301 554 3349 tea
569 3295 695 3349 inde
711 3311 822 3350 non
851 3297 1260 3367 recognoveris,
1281 3305 1335 3352 et
1353 3297 1534 3369 dignis
1554 3298 1886 3368 poenitentia
1907 3298 2062 3355 fruc-

465 3381 609 3437 tibus
625 3398 734 3437 non
754 3383 1149 3439 emendaveris.
1174 3384 1400 3440 Multum
1417 3401 1505 3440 me
1535 3384 1752 3457 fatigas,
1777 3394 1831 3440 et
1846 3387 2059 3452 merito,

462 3484 573 3524 non
591 3470 885 3541 imputetur
920 3470 1037 3526 tibi.
1062 3471 1171 3527 Sed
1201 3471 1577 3543 fatigationem
1605 3488 1781 3527 meam
1804 3474 2063 3528 consola-

464 3563 571 3628 tur,
587 3558 734 3629 quod
744 3558 883 3614 sicut
895 3558 992 3613 tibi
1003 3558 1195 3629 scripsi
1216 3559 1346 3615 dicit
1362 3560 1692 3633 Gregorius:
1712 3582 1734 3611 ι
1751 3561 1818 3615 Ει
1830 3561 1876 3615 si
1888 3561 2063 3616 Ethi-

469 3665 492 3695 ι
518 3660 619 3715 ops
636 3646 797 3719 niger
838 3646 1093 3702 balneum
1126 3647 1313 3713 intrat,
1349 3655 1403 3702 et
1435 3648 1594 3719 niger
1613 3649 1682 3704 de
1714 3649 1910 3705 balneo
1932 3650 2059 3720 exit,

470 3752 493 3783 ι
518 3740 703 3787 tamen
740 3733 1028 3789 balneator
1053 3734 1340 3789 denarium
1370 3735 1549 3790 balnei
1569 3736 1654 3791 sui
1670 3752 1779 3791 non
1800 3738 1995 3806 perdit.
2034 3758 2057 3788 a

462 3818 648 3875 Timeo
677 3821 747 3877 de
774 3827 824 3876 te
870 3837 996 3875 meo
1037 3821 1369 3887 Alexandro,
1419 3823 1568 3894 quod
1615 3824 1683 3879 de
1717 3839 1817 3878 suo
1848 3825 2063 3880 dicebat

462 3907 660 3963 Paulus
691 3925 704 3963 :
735 3908 1046 3964 Alexander
1073 3908 1303 3963 ararius
1332 3909 1504 3966 multa
1536 3910 1681 3966 mala
1713 3911 1843 3967 mihi
1875 3920 2061 3969 osten-

464 3994 561 4062 dit,
595 3996 788 4053 reddet
814 3996 892 4053 illi
921 3995 1206 4052 Dominus.
1244 4016 1268 4046 ι

873 4243 1215 4301 HINCMARI
1252 4245 1657 4302 RHEMENSIS

1081 4383 1154 4423 AD
1190 4385 1442 4425 EUHDEI.

599 4491 685 4546 (Ex
714 4487 947 4535 Conciliis
979 4488 1176 4545 Labbei,
1204 4491 1262 4536 ut
1288 4492 1340 4537 et
1366 4491 1635 4546 sequentes
1664 4490 1927 4547 epistola.)

531 4598 861 4654 Hmcuaaus
881 4596 1217 4654 Rhemorum
1238 4597 1548 4669 episcOpus,
1572 4613 1637 4654 ac
1665 4598 1841 4669 plebis
1861 4600 1962 4656 Dei
1982 4600 2060 4656 fa-

462 4685 662 4755 mulus,
713 4684 1072 4757 presbyteris,
1122 4684 1464 4754 diaconibus,
1515 4701 1581 4741 ac
1625 4687 1836 4758 reliquo
1874 4689 2056 4744 eccle-

459 4773 674 4830 siastico
702 4774 901 4841 ordini,
952 4781 1006 4830 et
1048 4773 1256 4831 cunctis
1299 4773 1355 4828 in
1403 4774 1749 4830 Laudunensi
1794 4777 2058 4847 parochia

465 4860 891 4918 consistentibus
921 4861 1171 4917 salutem.

532 4965 847 5023 Confratres
876 4983 941 5022 ac
962 4967 1383 5023 consacerdotes
1402 4967 1577 5023 nostri
1605 4969 1783 5038 Hetto,
1809 4970 2052 5043 Ermino,
2096 5032 2118 5048 ε

459 5053 740 5121 Hadulfus,
773 5061 827 5110 et
871 5054 1172 5110 Clarentius
1219 5056 1529 5127 presbyteri
1573 5056 1820 5113 ecclesia
1864 5069 2056 5116 vestra

458 5141 600 5215 prid.
635 5143 754 5197 Kal.
787 5142 976 5198 Junias
1004 5143 1290 5214 prasentis
1317 5144 1573 5201 secunda
1591 5145 1900 5203 indictionis
1930 5149 2055 5204 data

457 5230 591 5286 mihi
646 5230 715 5286 ad
771 5231 947 5287 vicem
1001 5231 1244 5287 omnium
1300 5240 1537 5289 vestrum
1590 5234 1868 5305 petitione,
1901 5237 2054 5306 cujus

457 5318 586 5375 hinc
622 5318 818 5389 partim
857 5327 1051 5387 textus,
1097 5328 1357 5391 quantum
1404 5321 1653 5379 sufﬁcere
1709 5324 1837 5393 vidi,
1872 5326 2055 5397 sequi-

457 5414 565 5477 tur,
594 5407 663 5464 de
712 5407 1040 5479 quibusdam
1083 5408 1334 5480 capitulis
1380 5419 1577 5467 vestra
1619 5413 1921 5469 communis
1950 5431 2053 5470 ne-

457 5494 731 5555 cessitatis
771 5497 1180 5565 consuluerunt,
1225 5498 1333 5556 hoc
1378 5498 1543 5556 modo
1574 5517 1587 5555 :
1622 5501 1765 5557 Dum
1792 5517 1896 5558 xm
1928 5502 2050 5559 Kal.

2171 1802 2328 1857 vobis
2356 1801 2658 1873 vestrisque
2702 1800 3058 1874 suifraganeis
3086 1819 3185 1859 vui
3215 1803 3337 1858 Kal.
3378 1804 3549 1858 Maias
3579 1804 3765 1859 habita

2172 1896 2273 1944 est.
2306 1889 2391 1945 Ad
2419 1905 2581 1960 quam
2632 1890 2825 1945 vestris
2857 1890 3048 1946 litteris
3076 1899 3336 1947 evocatus
3367 1891 3556 1947 libenti
3583 1892 3766 1948 animo

2170 1992 2353 2033 coram
2399 1977 2650 2033 omnibus
2694 1977 2975 2047 professus
3003 1986 3105 2048 est,
3139 1995 3200 2035 se
3229 1980 3346 2034 sine
3387 1979 3497 2035 ulla
3523 1979 3764 2035 interca-

2169 2065 2369 2136 pedine
2395 2081 2836 2138 progressurum.
2872 2066 2981 2122 Sed
3009 2067 3135 2138 quia
3164 2067 3424 2122 credebat
3452 2068 3509 2121 in
3537 2068 3654 2139 ipsa
3684 2085 3766 2140 sy-

2169 2154 2335 2220 nodo,
2382 2154 2528 2225 quod
2566 2169 2686 2209 mos
2735 2154 2879 2209 haud
2910 2155 3152 2224 exposcit
3181 2155 3492 2221 canonicus,
3526 2155 3764 2227 aliquam

2169 2241 2483 2296 violentiam
2539 2240 2642 2295 sibi
2690 2241 2981 2314 illegaliter
3009 2249 3062 2297 et
3088 2251 3279 2297 contra
3313 2243 3466 2316 leges
3496 2258 3765 2299 canonum

2170 2345 2203 2383 a
2233 2345 2556 2400 quocunque
2604 2327 2743 2399 ﬁeri,
2782 2346 3036 2385 sermone
3078 2331 3459 2387 contestatorio
3489 2339 3541 2386 et
3571 2339 3764 2387 aucto-

2168 2416 2326 2472 ritate
2385 2416 2559 2472 sancti
2611 2418 2773 2487 Petri,
2834 2419 2980 2488 quod
3037 2417 3084 2473 si
3112 2418 3163 2473 ei
3191 2418 3408 2473 licentia
3454 2420 3616 2474 eundi
3647 2420 3761 2475 Ro-
3823 2428 3831 2437 ‘

2167 2521 2314 2559 mam
2342 2506 2742 2575 prohiberetur,
2775 2514 2866 2559 aut
2894 2506 3015 2576 ipse
3043 2514 3231 2577 captus
3260 2507 3608 2575 obtineretur,
3639 2523 3763 2563 om-

2167 2609 2267 2648 nes
2304 2593 2618 2649 sacerdotes
2673 2594 2835 2649 totius
2884 2595 3153 2663 parochia
3210 2611 3320 2650 sua
3377 2595 3673 2668 colligavit,
3709 2604 3765 2652 ut

2168 2697 2331 2736 nemo
2360 2697 2553 2736 eorum
2579 2683 2634 2735 in
2665 2698 2732 2737 ea
2763 2682 3092 2737 sacerdotali
3120 2682 3420 2738 ministerio
3449 2684 3636 2739 tandiu
3655 2692 3766 2740 ute-

2169 2778 2337 2835 retur,
2371 2787 2544 2841 usque
2574 2770 2703 2824 dum
2718 2770 2810 2825 ille
2831 2770 2947 2840 ipse
2968 2770 3254 2826 nobiscum
3276 2771 3467 2826 iterum
3484 2772 3604 2827 viva
3625 2789 3760 2829 voce

2166 2857 2510 2929 loqueretur;
2543 2866 2635 2912 aut
2689 2858 2886 2913 littera
2939 2875 3004 2912 ex
3032 2859 3153 2929 ipsa
3208 2867 3399 2915 sancta
3455 2860 3586 2915 sede
3615 2861 3761 2916 beati

2166 2945 2312 3000 Petri
2367 2946 2597 3015 apostoli
2652 2946 2811 3001 nobis
2866 2947 3223 3001 mitterentur.
3286 2946 3406 3015 Quo
3449 2946 3590 3003 facto
3618 2949 3763 3020 quod

2164 3040 2289 3088 tunc
2318 3048 2427 3088 non
2456 3033 2669 3100 accidit,
2702 3050 2846 3090 nunc
2877 3034 2933 3088 in
2962 3034 3173 3090 Silvaco
3212 3035 3414 3105 palatio
3446 3050 3480 3089 v
3510 3036 3630 3091 Kal.
3661 3038 3761 3091 Ju-

2164 3120 2284 3176 nias
2312 3129 2597 3191 peractum
2631 3129 2734 3177 est.
2768 3121 2890 3190 Qua
2916 3130 3100 3177 tamen
3128 3122 3217 3177 die
3245 3122 3560 3194 priusquam
3591 3125 3660 3178 ad
3680 3124 3761 3195 ip-

2163 3224 2285 3263 sum
2315 3208 2589 3264 Silvacum
2616 3210 2949 3279 perveniret,
2981 3210 3250 3280 praseius
3282 3218 3522 3266 ventura
3549 3210 3761 3266 violen-

2163 3297 2253 3352 tia
2292 3313 2424 3363 sua,
2482 3297 2731 3367 pradixit
2789 3298 3061 3353 sacerdoti
3119 3305 3306 3353 nostro
3361 3298 3646 3368 Clarentio,
3681 3300 3759 3354 si-

2163 3384 2382 3455 mulque
2429 3384 2661 3439 diacono
2707 3385 3027 3451 Teutlando,
3074 3393 3133 3440 ut
3176 3386 3335 3440 nobis
3382 3387 3760 3442 denuntiarent

2163 3487 2264 3541 per
2292 3472 2476 3526 omnia
2503 3488 2605 3527 nos
2636 3480 2970 3541 servaturos,
3006 3490 3129 3545 qua
3156 3489 3323 3529 causa
3364 3490 3583 3529 suarum
3614 3475 3759 3544 inju-

2163 3558 2387 3629 riarum,
2420 3568 2474 3615 et
2503 3568 2559 3614 ut
2590 3560 2760 3615 satius
2813 3561 3079 3628 dicamus,
3111 3577 3209 3633 pro
3264 3569 3404 3617 statu
3448 3572 3758 3619 sanctarum

2164 3647 2540 3714 ecclesiarum,
2575 3647 2630 3702 in
2686 3649 3002 3720 prascripta
3059 3650 3267 3721 synodo
3306 3665 3412 3704 xm
3441 3652 3562 3706 Kal.
3595 3652 3756 3706 Maias

2163 3736 2417 3791 omnibus
2466 3737 2845 3792 sacerdotibus
2891 3753 3005 3793 sua
3031 3738 3303 3808 parochia
3332 3739 3630 3795 observare
3656 3756 3757 3796 au-

2163 3824 2411 3879 ctoritate
2442 3825 2617 3880 sancti
2648 3825 2792 3880 Petri
2820 3825 2938 3896 ipse
2967 3835 3316 3897 praceperat.

2232 3912 2302 3967 Et
2332 3920 2455 3983 post
2491 3912 2767 3983 aliquanta
2799 3930 2812 3967 :
2846 3912 3181 3985 Quapropter
3216 3914 3345 3986 quia
3373 3916 3626 3971 eumdem
3654 3916 3755 3973 do-

2161 3999 2366 4055 minum
2394 4007 2640 4055 nostrum
2685 4001 2842 4073 regia
2888 4009 3153 4073 potestate
3201 4010 3468 4060 retentum
3495 4011 3548 4059 et
3575 4005 3755 4060 reclu-

2161 4104 2279 4143 sum
2311 4086 2435 4144 viva
2462 4103 2598 4144 voce
2655 4088 2803 4144 adire
2857 4105 2967 4145 non
2994 4098 3327 4161 poteramus,
3361 4099 3414 4145 et
3439 4092 3756 4148 sacerdotali

2161 4175 2463 4231 ministerio
2515 4177 2775 4247 prohibiti
2830 4178 2897 4232 ab
2954 4193 3019 4233 eo
3075 4178 3179 4234 frui
3230 4195 3340 4234 non
3396 4180 3752 4248 audebamus,

2162 4279 2223 4319 ιιι
2254 4265 2371 4320 Kal.
2403 4265 2587 4321 Junias
2616 4265 2686 4321 ad
2718 4265 3025 4336 capitolium
3078 4274 3327 4322 nostrum
3382 4268 3750 4334 convenimus,

2161 4359 2215 4407 et
2260 4352 2462 4408 ibidem
2509 4354 2783 4409 communi
2842 4353 3114 4426 colloquio
3172 4363 3529 4411 retractantes
3583 4364 3753 4411 ratum

2080 4438 2134 4498 D
2156 4438 2272 4496 fore
2313 4441 2583 4511 duximus,
2616 4450 2674 4497 ut
2704 4442 2899 4498 exinde
2942 4443 3228 4499 consilium
3276 4452 3479 4499 nostra
3508 4444 3694 4499 salutis
3722 4460 3753 4499 a

2157 4544 2315 4586 sacra
2356 4530 2675 4601 paternitate
2721 4531 2977 4587 almitatis
3032 4539 3228 4587 vestra
3272 4532 3546 4588 humiliter
3588 4532 3756 4603 depo-

2158 4633 2457 4685 sceremus,
2506 4626 2686 4674 utrum
2716 4619 3075 4675 sacerdotalis
3103 4620 3387 4675 ministerii
3415 4619 3593 4676 oﬂicio
3620 4620 3747 4675 mis-

2158 4722 2249 4761 sas
2278 4707 2630 4772 celebrando,
2663 4715 2716 4762 et
2742 4707 2964 4763 domino
3015 4724 3116 4779 pro
3146 4708 3461 4779 receptione
3517 4708 3749 4780 pastoris

2157 4794 2330 4849 nostri
2374 4810 2438 4849 ac
2478 4794 2752 4850 communi
2796 4796 3023 4851 utilitate
3068 4796 3232 4851 totius
3260 4805 3467 4852 sancta
3494 4796 3750 4853 Ecclesia

2156 4880 2421 4937 sacriﬁcia
2467 4880 2764 4952 offerendo,
2825 4884 3152 4955 baptizando
3216 4899 3433 4955 pueros,
3484 4884 3748 4941 visitando

2153 4968 2402 5025 inﬁrmos
2457 4970 2860 5027 reconciliando
2918 4988 3042 5028 cum
3094 4972 3289 5028 viatico
3315 4989 3543 5029 munere
3570 4970 3745 5043 pani-

2157 5056 2377 5113 tentiam
2404 5065 2670 5129 petentes,
2704 5060 3017 5130 sepeliendo
3066 5069 3330 5125 mortuos,
3382 5077 3507 5117 cum
3536 5060 3747 5132 penitus

2156 5146 2224 5201 ab
2252 5146 2337 5200 his
2367 5146 2620 5202 omnibus
2667 5148 2920 5218 prohibiti
2968 5149 3158 5204 simus.
3191 5151 3256 5204 Et
3297 5149 3461 5219 paulo
3490 5156 3613 5220 post
3644 5166 3657 5202 :
3691 5147 3744 5201 in

2154 5230 2411 5300 parochia
2465 5239 2655 5286 nostra
2710 5230 2787 5286 uti
2841 5231 3058 5299 debeat,
3115 5249 3185 5286 an
3239 5248 3368 5301 non,
3419 5241 3473 5287 et
3520 5231 3744 5303 reliqua.

2155 5317 2334 5387 Quam
2361 5318 2617 5392 relegens
2644 5320 2776 5375 satis
2804 5336 3072 5392 superque
3102 5320 3251 5375 dolui
3281 5320 3469 5388 fateor,
3511 5321 3633 5392 quia
3662 5318 3744 5373 di-

2153 5406 2326 5463 lectus
2355 5406 2521 5463 frater
2548 5415 2602 5464 et
2630 5408 2988 5479 coepiscopus
3007 5416 3194 5464 noster
3212 5408 3536 5465 Hincmarus
3556 5415 3743 5465 contra

2155 5503 2518 5576 episcopalem
2559 5505 2905 5579 gravitatem,
2939 5513 2991 5560 et
3020 5512 3207 5562 contra
3254 5505 3630 5578 evangelicam
3657 5519 3745 5559 ve-
