4164 6310
395 276 497 328 513

1212 269 1454 326 OPUSC.
1510 270 1601 324 ΕΤ
1648 267 1868 325 EPIST.
1932 265 2006 323 IN
2042 263 2270 321 CAUSA
2317 266 2656 322 HINCMARI
2702 265 3004 322 LAUDUN.

3581 267 3687 320 5η

410 395 647 458 ritatem,
676 401 834 464 atque
862 393 1223 463 apostolicam
1251 401 1304 448 et
1334 393 1654 448 canonicam
1711 391 2010 447 auctorita-
2029 391 2088 451 A
2115 405 2280 445 nosse
2308 389 2787 460 metropolitanum
2817 389 3134 459 episcopum
3162 387 3578 444 sollicitudinem
3623 395 3705 443 to-

405 490 515 538 tem
544 482 674 535 talia
704 481 1008 536 inconsulte
1037 497 1202 536 causa
1233 497 1455 536 suarum
1499 480 1821 548 injuriarum
1849 495 2014 550 agere

409 569 792 640 prasumpsit;
827 569 1013 639 qualia
1065 569 1248 622 nullus
1305 577 1430 623 ante
1485 569 1662 638 ipsum
1721 568 2013 637 episcopus

409 658 523 730 egit
555 675 568 711 :
599 673 720 728 qua:
747 672 854 711 non
885 657 1048 711 modo
1069 672 1353 711 sacrarum
1385 656 1783 726 Scripturarum
1816 655 2014 709 tramiti

409 745 700 810 contraria,
737 753 788 798 et
819 745 1054 799 decretis
1083 752 1206 798 sunt
1249 752 1561 800 sanctorum
1612 743 1862 809 adversa,
1913 759 2011 798 ve-

413 849 532 886 rum
592 840 645 887 et
691 832 848 885 saluti
891 833 1145 886 humanae
1194 848 1255 887 ac
1305 833 1574 887 universae
1624 830 2012 885 Christianitati

413 929 535 974 sunt
563 920 813 975 animica.
857 919 1013 987 Quia,
1069 920 1209 975 sicut
1247 920 1457 974 Hilarus
1506 934 1650 989 papa
1687 919 1837 985 dicit,
1902 934 2012 973 non

409 1009 588 1062 minus
618 1008 673 1062 in
703 1023 984 1062 sacrarum
1024 1008 1374 1062 traditionum
1419 1007 1747 1079 delinquitur
1769 1006 2010 1061 sanctio-

409 1112 527 1161 nes,
587 1111 749 1167 quam
797 1095 855 1149 in
909 1095 1161 1163 injuriam
1209 1083 1379 1165 ipsius
1423 1095 1610 1150 domni
1683 1094 2002 1164 prosillitur.

408 1184 656 1238 Vestram
682 1192 858 1238 autem
934 1183 1210 1238 solertiam
1240 1183 1424 1247 laudo,
1458 1182 1552 1236 ﬁlii
1583 1199 1645 1238 ac
1668 1182 1867 1237 fratres
1889 1183 2013 1237 cha-

412 1271 633 1337 rissimi,
665 1287 803 1342 quos
831 1280 1107 1341 praecepta
1139 1287 1418 1326 sacrorum
1452 1286 1723 1326 canonum
1753 1286 1862 1324 non
1883 1286 2010 1340 per-

411 1357 679 1414 functorie
708 1359 910 1431 legisse
926 1375 1221 1432 cognosco.
1261 1360 1348 1414 Ait
1367 1360 1511 1414 enim
1531 1375 1688 1413 sacra
1710 1366 1762 1413 et
1783 1358 2007 1428 mystica

410 1446 630 1502 Nicana
659 1447 899 1517 synodus
934 1465 946 1500 :
984 1468 1006 1496 ι
1029 1448 1266 1518 Antiqua
1286 1447 1620 1502 consuetudo
1652 1453 1898 1501 servetur
1911 1461 2010 1515 per

409 1535 718 1605 Egyptum,
754 1534 978 1605 Libyam
1005 1542 1057 1589 et
1115 1535 1467 1604 Pentapolim,
1528 1535 1599 1588 ita
1656 1543 1712 1588 ut
1768 1533 2009 1588 Alexan-

409 1622 600 1676 drinus
628 1622 917 1692 episcopus
947 1623 1144 1677 horum
1165 1622 1405 1677 omnium
1424 1623 1620 1677 habeat
1638 1628 1963 1692 potestatem
1990 1640 2004 1687 ;

2115 478 2223 532 tius
2253 477 2548 548 provinciae
2579 493 2795 550 gerere.
2831 478 3062 547 Propter
3089 477 3234 548 quod
3263 476 3333 532 ad
3362 475 3705 547 metropolim

2113 567 2351 637 undique
2381 566 2470 637 qui
2501 565 2718 636 negotia
2745 565 2996 620 videntur
3023 565 3228 619 habere
3285 571 3628 620 concurrant.

2185 655 2358 721 Unde,
2395 653 2593 708 fratres
2615 652 2942 718 charissimi,
2975 653 3205 707 docente
3235 668 3335 707 nos
3367 653 3527 707 beato
3558 639 3705 706 Gre-

2113 742 2270 812 gorio
2297 757 2362 797 ac
2391 741 2623 808 dicente,
2656 763 2676 790 α
2715 740 2806 812 qui
2835 756 2944 794 non
2976 739 3201 812 corrigit
3222 740 3536 802 resecanda,
3564 753 3707 794 com-

2112 829 2290 896 mittit,
2332 851 2352 877 ι»
2388 829 2456 883 ad
2478 828 2761 899 prrefatum
2794 827 3020 884 fratrem
3049 835 3103 882 et
3161 828 3545 897 coepiscopum
3601 841 3707 882 no-

2114 925 2282 971 strum
2312 917 2662 972 Hincmarum
2691 917 2791 971 has
2819 931 2939 987 quae
2997 923 3296 987 sequuntur
3352 915 3558 969 litteras
3611 929 3707 969 au-

2125 1005 2369 1060 ctoritate
2401 1005 2818 1076 metropolitana
2856 1004 3094 1078 dirigere
3139 1003 3510 1060 necessarium
3539 1002 3704 1069 duxi;

2113 1109 2341 1148 monens
2372 1093 2522 1147 illum
2580 1101 2808 1164 paterna
2864 1109 2928 1148 ac
2986 1092 3225 1148 fraterna
3279 1091 3590 1156 dilectione,
3647 1098 3707 1146 ut

2105 1182 2254 1250 juxta
2285 1182 2431 1236 beati
2459 1197 2612 1252 papae
2641 1181 2810 1236 Hilari
2841 1183 3060 1237 decreta
3089 1181 3205 1251 ipse
3229 1179 3554 1252 quantocius
3595 1178 3706 1232 ini-

2112 1286 2278 1340 quum
2307 1269 2504 1325 factum
2535 1285 2693 1324 suum
2724 1268 3195 1336 dissolvat.-Quod
3228 1269 3274 1323 si
3303 1284 3470 1338 agere
3516 1266 3708 1322 nolue-

2111 1357 2195 1423 rit,
2254 1365 2307 1411 et
2362 1357 2768 1423 contumaciter,
2837 1357 2981 1428 quod
3036 1357 3194 1422 absit,
3252 1355 3432 1428 magis
3489 1353 3710 1410 differre

2111 1459 2274 1517 quam
2304 1445 2526 1500 obedire
2555 1446 2820 1510 maluerit,
2854 1445 2990 1501 sciat
3019 1443 3350 1518 generalitas
3399 1435 3710 1498 fraternita-

2110 1532 2178 1586 tis
2209 1542 2405 1588 vestrae
2432 1533 2626 1588 virtute
2658 1533 2874 1588 Domini
2903 1533 3070 1589 nostri
3124 1533 3254 1588 Jesu
3311 1531 3529 1600 Christi,
3591 1530 3704 1602 qui,

2109 1629 2167 1674 ut
2197 1621 2314 1692 ipse
2344 1621 2490 1692 dicit,
2523 1621 2669 1676 venit
2697 1621 2905 1676 animas
2935 1621 3171 1686 salvare,
3201 1637 3310 1676 non
3339 1620 3590 1690 perdere,
3650 1625 3705 1673 et

409 1709 538 1780 quia
565 1717 624 1763 ut
653 1709 804 1764 urbis
834 1710 1020 1765 Romae
1050 1710 1308 1780 episcopo
1327 1710 1514 1780 parilis
1546 1725 1664 1764 mos
1696 1718 1800 1765 est.
1848 1709 2008 1763 Simi—
2034 1735 2088 1794 Β
2110 1709 2256 1764 venit
2287 1725 2533 1781 quaerere
2565 1718 2618 1764 et
2646 1709 2860 1764 salvare
2891 1709 3037 1780 quod
3065 1708 3302 1779 perierat
3334 1725 3347 1761 :
3383 1707 3475 1778 qui
3505 1714 3607 1772 est,
3649 1713 3710 1760 ut

410 1797 533 1852 liter
561 1805 741 1852 autem
770 1805 823 1852 et
851 1798 996 1867 apud
1028 1798 1369 1853 Antiochiam
1399 1806 1737 1868 casterasque
1775 1797 2004 1867 provin-

409 1885 526 1940 cias
555 1885 670 1940 suis
699 1885 986 1958 privilegia
1015 1894 1302 1941 serventur
1333 1886 1599 1941 ecclesiis.
1642 1905 1664 1934 ν
1687 1885 1844 1953 Quod
1863 1885 2010 1955 capi-

409 1973 580 2027 tulum
611 1981 830 2030 sanctus
859 1973 1164 2030 Bonifacius
1194 1990 1336 2044 papa
1368 1973 1611 2028 scribens
1643 1974 1710 2027 ad
1741 1973 2008 2028 Hilarium

409 2061 826 2118 Narbonensem
847 2062 1165 2133 episcopum
1187 2063 1407 2132 exponit
1436 2064 1540 2117 hoc
1570 2062 1732 2116 modo
1767 2079 1780 2114 :
1815 2086 1835 2110 α
1870 2061 2010 2116 Con-

411 2149 560 2205 venit
602 2166 704 2204 nos
757 2158 1107 2220 paternarum
1163 2150 1504 2206 sanctionum
1553 2149 1842 2221 diligentes
1889 2165 2011 2204 esse

411 2238 687 2294 custodes.
724 2238 868 2293 Nulli
891 2239 1087 2293 etenim
1119 2239 1332 2294 videtur
1359 2238 1638 2310 incognita
1659 2237 1852 2309 synodi
1873 2252 2010 2293 con-

407 2325 614 2380 stitutio
646 2326 900 2392 Nicaenae,
937 2343 1056 2398 quae
1086 2327 1160 2380 ita
1187 2326 1450 2397 praecipit,
1475 2335 1532 2379 ut
1553 2326 1744 2381 eadem
1788 2326 2010 2396 proprie

410 2414 578 2468 verba
607 2429 908 2484 ponamus;
941 2431 1038 2484 per
1063 2430 1504 2485 unamquamque
1547 2414 1884 2484 provinciam
1922 2414 2011 2482 jus

411 2501 857 2572 metropolitanos
889 2502 1137 2573 singulos
1164 2503 1366 2557 habere
1387 2502 1612 2570 debere,
1636 2518 1736 2557 nec
1758 2502 2010 2572 cuiquam

413 2589 550 2643 duas
575 2605 698 2645 esse
729 2590 1002 2658 subjectas
1036 2607 1048 2644 :
1083 2591 1228 2661 quod
1275 2590 1371 2658 illi,
1421 2590 1549 2661 quia
1590 2589 1746 2644 aliter
1773 2590 2010 2645 creden-

411 2677 541 2732 dum
570 2694 678 2732 non
708 2687 808 2748 est,
843 2679 1189 2743 servandum,
1223 2678 1424 2748 Spiritu
1447 2686 1634 2734 sancto
1656 2686 2010 2750 suggerente,

415 2765 634 2820 sibimet
663 2774 1012 2821 censuerunt.
1055 2787 1076 2815 ι
1121 2767 1189 2820 Et
1234 2774 1358 2836 post
1399 2766 1720 2836 aliquanta:
1779 2789 1800 2814 α
1853 2766 2012 2834 Quod

412 2851 618 2908 idcirco
649 2853 900 2919 dicimus,
935 2861 992 2908 ut
1022 2854 1265 2909 advertat
1296 2854 1534 2909 charitas
1566 2862 1674 2919 tua,
1727 2854 1862 2910 adeo
1913 2869 2012 2908 nos

414 2956 684 2996 canonum
713 2949 988 3012 praecepta
1020 2957 1261 3010 servare,
1283 2949 1337 2995 ut
1356 2941 1428 2995 ita
1455 2941 1763 2996 constitutio
1797 2957 2012 3014 quoque

412 3037 601 3084 nostra
629 3029 885 3095 diffiniat;
919 3037 1182 3101 quatenus
1212 3030 1610 3100 metropolitani
1641 3030 1723 3085 sui
1764 3046 2012 3101 unaqua-

414 3132 522 3188 que
542 3117 818 3187 provincia
837 3117 894 3171 in
913 3117 1162 3173 omnibus
1180 3118 1342 3173 rebus
1371 3118 1766 3173 ordinationem
1801 3134 2018 3189 semper

407 3213 704 3275 exspectet.
746 3227 768 3255 ι
804 3207 870 3260 Et
901 3207 1203 3262 secundum
1234 3207 1548 3262 Africanum
1563 3206 1852 3262 concilium
1874 3206 2015 3261 scri-

408 3292 547 3348 bens
575 3293 645 3348 ad
675 3293 1029 3348 Caelestinum
1065 3310 1263 3365 papam
1296 3313 1308 3348 :
1350 3316 1372 3345 ι
1409 3296 1668 3360 Decreta,
1704 3294 1894 3365 inquit,
1914 3294 2017 3348 Ni-

410 3396 564 3436 caena
595 3381 710 3437 sive
738 3381 1012 3437 inferioris
1031 3384 1234 3455 gradus
1264 3383 1510 3448 clericos,
1565 3383 1678 3438 sive
1728 3382 2018 3453 episc0pos

409 3468 562 3539 ipsos
617 3469 728 3524 suis
798 3470 1227 3542 metropolitanis
1310 3471 1652 3542 apertissime
1729 3470 2020 3527 commise-

417 3565 561 3613 runt.
601 3578 624 3607 ι

483 3646 551 3699 Et
578 3647 953 3702 venerandum
968 3648 1368 3704 Antiochenam
1387 3649 1678 3706 concilium
1699 3667 1712 3704 :
1737 3671 1760 3700 α
1787 3651 1892 3706 Per
1915 3650 2019 3704 sine

414 3732 595 3806 gulas,
645 3735 836 3806 inquit,
887 3736 1144 3808 regiones
1193 3738 1482 3808 episcOpos
1528 3739 1784 3794 convenit
1853 3755 2018 3794 nosse

410 3822 883 3893 metropolitanum
916 3825 1233 3895 episcopum
1261 3825 1684 3881 sollicitudinem
1704 3827 1870 3882 totius
1889 3842 2020 3898 pro-

412 3910 608 3966 vinciae
634 3927 848 3983 gerere.
883 3913 1111 3982 Propter
1141 3913 1287 3984 quod
1314 3913 1383 3968 ad
1434 3914 1776 3985 metropolim
1826 3931 2018 3970 omnes

412 3999 656 4070 undique
701 3999 796 4071 qui
840 4000 1063 4072 negotia
1109 4001 1362 4056 videntur
1408 4003 1612 4058 habere
1662 4011 2013 4060 concurrant.

415 4087 574 4142 Unde
603 4087 802 4158 placuit
856 4104 980 4144 eum
1029 4089 1097 4144 de
1139 4090 1345 4145 honore
1392 4091 1729 4161 praecellere,
1784 4100 1837 4147 et
1883 4091 2018 4146 nihil

415 4175 648 4246 amplius
678 4185 874 4247 praeter
903 4193 1030 4233 eum
1078 4187 1304 4234 caeteros
1350 4179 1640 4252 episcopos
1681 4196 1871 4252 agere,
1924 4195 2016 4234 se-

414 4265 653 4319 cundum
681 4265 959 4338 antiquam
985 4283 1016 4320 a
1044 4267 1289 4337 patribus
1331 4268 1534 4324 nostris
1582 4267 1832 4341 regulam
1878 4283 2016 4323 con-

415 4352 672 4418 stitutam,
734 4354 838 4409 nisi
881 4371 944 4409 ea
988 4361 1200 4410 tantum
1252 4373 1374 4428 quae
1421 4357 1487 4412 ad
1535 4372 1691 4412 suam
1737 4356 2018 4412 dimcesim

2111 1797 2228 1868 ipse
2251 1797 2504 1861 insinuat,
2528 1799 2638 1862 via,
2663 1798 2873 1852 veritas
2895 1801 2950 1852 et
2973 1798 3089 1852 vita
3107 1797 3291 1865 (Joan.
3317 1796 3396 1865 iv)
3419 1813 3431 1848 :
3459 1794 3547 1850 via
3569 1793 3710 1850 scili-

2110 1893 2195 1940 cet
2220 1885 2648 1941 conversationis
2679 1893 2896 1954 sanctae,
2929 1884 3132 1940 veritas
3161 1883 3418 1940 doctrinae
3485 1882 3702 1948 divinae,

2109 1974 2218 2028 vita
2249 1973 2596 2028 beatitudinis
2624 1973 2989 2044 sempiternae.
3014 1975 3060 2027 A
3093 1989 3219 2043 quo,
3281 1980 3334 2027 et
3389 1987 3489 2042 per
3545 1985 3706 2041 quem

2109 2060 2166 2115 in
2192 2059 2624 2129 aedificationem,
2655 2069 2707 2116 et
2729 2077 2838 2116 non
2867 2061 2921 2114 in
2942 2061 3363 2116 destructionem
3385 2074 3547 2114 sacer
3569 2057 3706 2113 ordo

2112 2149 2438 2220 episcopalis
2468 2150 2680 2220 accepit
2735 2149 3035 2204 exordium.
3067 2147 3280 2204 Iudicio
3341 2147 3505 2202 etiam
3534 2144 3712 2201 sancti

2076 2227 2364 2307 'Spiritus,
2400 2253 2508 2308 quo
2555 2238 2698 2293 sacri
2751 2237 3084 2308 promulgati
3142 2243 3266 2290 sunt
3319 2251 3593 2302 canones;
3656 2239 3710 2289 et

2116 2326 2288 2381 sancti
2311 2326 2592 2396 prapheta
2619 2334 2783 2396 atque
2813 2325 3064 2396 apostoli,
3098 2339 3399 2395 eorumque
3430 2337 3712 2379 successo-

2112 2429 2224 2482 res,
2267 2421 2322 2468 et
2349 2413 2659 2483 apostolicae
2688 2414 2829 2468 beati
2861 2413 3001 2468 Petri
3032 2412 3179 2468 sedis
3205 2410 3492 2482 pontiﬁces
3545 2409 3706 2465 nobis

2113 2503 2437 2557 documenta
2468 2501 2654 2556 salutis
2712 2510 2762 2556 et
2820 2501 3038 2572 regulas
3092 2517 3156 2556 ac
3203 2500 3423 2555 decreta
3477 2497 3709 2554 salubria

2113 2590 2420 2655 ediderunt,
2455 2597 2507 2644 et
2535 2589 2804 2645 servanda
2834 2589 3218 2644 inviolabiliter
3245 2588 3606 2654 tradiderunt,
3634 2586 3708 2641 si-

2113 2687 2202 2732 cut
2221 2678 2278 2732 in
2307 2678 2763 2748 subsequentibus
2795 2677 3053 2748 relegetis
3083 2685 3281 2733 cuncta
3307 2693 3427 2747 quae
3483 2676 3553 2730 de
3609 2689 3707 2730 ca-

2111 2767 2296 2837 pitulis
2325 2766 2381 2820 in
2407 2775 2588 2821 vestra
2619 2765 2877 2836 petitione
2913 2765 3238 2836 conscriptis
3288 2763 3562 2820 contraria
3620 2761 3709 2818 di-

2113 2854 2254 2910 vinas
2283 2854 2610 2920 auctoritati,
2645 2871 2766 2926 quae
2789 2861 3003 2910 tenetur
3029 2854 3086 2908 in
3115 2853 3365 2922 subditis,
3394 2859 3486 2906 aut
3541 2851 3709 2906 verbo

2114 2943 2396 3014 praecepit,
2430 2951 2520 2997 aut
2571 2943 2774 3014 scripto
2817 2943 3081 3012 decrevit,
3132 2942 3289 2997 irrita
3338 2949 3391 2997 et
3439 2955 3605 2996 vacua
3655 2946 3709 2994 et

2116 3032 2317 3086 nullius
2348 3032 2562 3087 virtutis
2590 3033 2677 3087 vel
2697 3032 3032 3087 auctoritatis
3061 3047 3184 3086 esse
3212 3029 3500 3101 pronuntio
3545 3037 3710 3100 atque

2044 3082 2094 3146 ϐ
2115 3123 2390 3186 decerno;
2423 3120 2686 3192 vobisque
2715 3120 2975 3174 ministris
3031 3119 3276 3175 ecclesiae
3332 3118 3709 3174 Laudunensis

2115 3208 2390 3281 parochias
2418 3207 2646 3278 praefata
2674 3207 2991 3264 auctoritate
3019 3207 3294 3279 praecipio,
3329 3214 3386 3261 ut
3418 3214 3470 3261 et
3499 3206 3554 3260 in
3583 3205 3712 3260 mis-

2115 3312 2298 3350 sarum
2354 3296 2831 3365 celebrationibus,
2887 3303 2940 3350 et
2977 3296 3031 3350 in
3071 3295 3282 3351 caeteris
3321 3293 3530 3363 ofﬁciis,
3595 3300 3709 3348 tam

2116 3385 2341 3450 diurnis,
2375 3400 2541 3456 quam
2570 3384 2870 3453 nocturnis,
2904 3391 2958 3439 et
2985 3387 3041 3438 in
3069 3383 3446 3439 distributione
3503 3397 3706 3438 secun-

2116 3472 2246 3526 dum
2275 3473 2620 3528 traditionem
2653 3471 2866 3526 Domini
2895 3479 3372 3526 sacramentorum.
3408 3470 3710 3527 caelestium

2115 3560 2369 3616 fratribus
2400 3569 2453 3617 et
2480 3561 2696 3632 populis
2727 3560 3094 3625 consulendis,
3129 3560 3226 3614 sed
3257 3567 3310 3615 et
3339 3560 3394 3614 in
3423 3559 3709 3630 baptizan-

2117 3649 2202 3704 dis
2230 3650 2490 3721 parvulis,
2525 3657 2576 3705 et
2605 3649 2661 3704 in
2691 3648 3054 3720 suscipiendis
3081 3648 3150 3703 ad
3177 3647 3546 3719 pmnitentiam
3574 3647 3707 3702 indi-

2116 3740 2392 3810 gentibus,
2427 3739 2553 3794 etin
2586 3737 2972 3794 subveniendis
2999 3737 3195 3794 viatico
3233 3753 3457 3792 munere
3509 3752 3710 3792 secun-

2118 3828 2247 3883 dum
2279 3843 2465 3884 sacros
2497 3843 2735 3883 canones
2764 3826 3111 3896 obeuntibus,
3169 3833 3222 3881 et
3276 3825 3333 3880 in
3383 3824 3712 3896 sepeliendis

2116 3916 2364 3985 mortuis,
2427 3917 2543 3971 sine
2598 3915 2711 3971 ulla
2762 3915 3140 3991 retractatione
3196 3922 3288 3969 aut
3350 3913 3708 3986 negligentia,

2118 4013 2372 4076 quantum
2403 4004 2602 4075 patitur
2620 4005 2860 4059 humana
2888 4003 3179 4076 fragilitas,
3241 4003 3538 4058 secundum
3593 4009 3711 4056 tra-

2117 4093 2303 4149 mitem
2337 4108 2615 4149 sacrarum
2649 4092 3047 4161 Scripturarum
3076 4091 3532 4162 traditionemque
3587 4105 3712 4144 ma-

2115 4181 2295 4250 jOrum
2326 4180 2506 4235 divina
2535 4180 2722 4234 munia
2751 4179 3102 4250 exsequendo
3133 4178 3392 4233 fratribus
3423 4185 3476 4232 et
3497 4176 3715 4248 populis

2117 4269 2407 4325 consulere
2437 4267 2697 4322 studeatis
2721 4285 2734 4321 :
2757 4267 2992 4324 scientes
3009 4283 3106 4322 vos
3126 4266 3381 4321 ordinum
3402 4272 3712 4321 vestrorum

2117 4357 2387 4412 sustinere
2410 4357 2699 4425 jacturam,
2733 4355 2779 4411 si
2809 4355 3048 4412 confessi
3077 4363 3170 4410 aut
3195 4354 3518 4427 regulariter
3573 4369 3710 4409 con-

410 4441 685 4512 pertinent
727 4443 1220 4516 possessionesque
1262 4445 1553 4514 subjectas.
1629 4445 2016 4516 Unusquisque
2042 4434 2096 4494 D
2118 4447 2245 4501 victi
2276 4445 2484 4501 fueritis
2513 4445 2582 4500 de
2611 4445 2980 4516 proximorum
3012 4461 3112 4517 per
3139 4451 3376 4501 vestram
3419 4441 3713 4514 negligen-

408 4527 556 4584 enim
598 4529 888 4602 episcopus
937 4532 1134 4587 habeat
1188 4549 1300 4588 suae
1343 4533 1621 4602 parochias
1689 4541 2018 4604 potestatem

411 4625 474 4671 ut
501 4627 656 4690 regat
680 4619 834 4688 juxta
864 4620 1226 4675 reverentiam
1247 4620 1477 4692 singulis
1493 4628 1891 4692 competentem
1908 4641 1922 4689 ;
1941 4631 2014 4693 et,

415 4707 816 4776 providentiam
843 4716 1001 4779 gerat
1028 4709 1206 4763 omnis
1235 4709 1600 4780 possessionis
1630 4727 1751 4781 qua:
1768 4712 1869 4766 sub
1899 4711 2018 4780 ejus

417 4801 502 4848 est
531 4802 794 4865 potestate
818 4813 832 4849 :
863 4796 940 4851 ita
970 4804 1026 4851 ut
1053 4798 1402 4869 presbyteros
1424 4807 1475 4854 et
1497 4799 1756 4854 diacanos
1778 4799 2012 4864 ordinet,

415 4889 471 4936 et
500 4882 714 4953 singula
743 4899 843 4940 suo
866 4885 1073 4954 judicio
1094 4886 1538 4956 comprehendat.
1563 4887 1810 4958 Amplius
1833 4894 2017 4942 autem

410 4969 545 5023 nihil
565 4987 731 5043 agere
748 4979 917 5028 tentet
936 4981 1136 5044 praeter
1157 4974 1448 5030 antistitem
1462 4975 1958 5046 metropolitanum.
1988 4995 2011 5026 ι

414 5057 790 5127 Presbyteros,
815 5060 1007 5131 inquit,
1033 5069 1084 5116 et
1105 5060 1368 5118 diaconos
1389 5062 1668 5133 parochize
1680 5080 1793 5119 suae
1810 5063 2015 5133 episco-

408 5161 513 5216 pus
525 5146 758 5217 ordinet,
784 5155 956 5204 etnon
978 5151 1280 5206 exordinet.
1306 5150 1446 5219 Quia
1467 5167 1604 5223 quos
1625 5151 1773 5206 solus
1796 5151 2014 5222 episco-

408 5249 512 5306 pus
533 5235 788 5291 ordinare
804 5244 1004 5307 potest,
1030 5239 1178 5294 solus
1195 5239 1298 5294 nisi
1323 5248 1380 5294 ut
1396 5241 1691 5296 venerandi
1727 5239 2017 5313 praefigunt

405 5337 642 5378 canones
671 5340 701 5378 a
731 5326 902 5380 sacris
932 5325 1125 5383 ofﬁciis
1157 5329 1486 5385 submovere
1531 5329 1614 5383 vel
1679 5329 2016 5399 suspendere

409 5426 751 5484 nequaquam
797 5421 994 5484 potest.
1039 5417 1109 5470 Et
1155 5416 1391 5489 singula,
1445 5416 1638 5488 inquit,
1683 5432 1794 5472 non
1831 5424 2013 5472 autem

408 5501 682 5570 generalia
711 5517 811 5558 suo
832 5502 1039 5573 judicio
1069 5504 1519 5577 comprehendat,
1552 5519 1714 5576 quem
1763 5505 2014 5563 convenit

2117 4534 2264 4600 tiam,
2294 4535 2441 4606 quod
2471 4533 2630 4599 absit,
2662 4533 2923 4605 periculo.
2952 4535 3009 4589 Si
3034 4543 3231 4602 autem,
3268 4533 3414 4604 quod
3461 4547 3570 4586 non
3629 4537 3714 4586 est

2117 4623 2475 4693 credendum,
2509 4622 2677 4679 frater
2707 4632 2758 4678 et
2786 4624 3146 4694 coepiscopus
3174 4629 3357 4678 noster
3385 4620 3714 4676 Hincmarus

2119 4729 2446 4784 quocunque
2499 4720 2745 4784 tempore
2799 4712 3105 4782 cuicunque
3143 4710 3228 4765 vel
3295 4709 3712 4782 quibuscunque

2117 4809 2359 4857 vestrum
2389 4817 2489 4872 pro
2518 4803 2622 4858 hoc
2661 4801 2788 4872 quia
2834 4800 2951 4868 ejus
2998 4798 3242 4853 illicitam
3285 4797 3712 4868 praeceptionem

2114 4907 2223 4946 non
2271 4890 2618 4956 observastis,
2667 4896 2854 4944 contra
2892 4887 3108 4960 regulas
3145 4886 3202 4940 in
3248 4886 3469 4959 antiquo
3499 4887 3710 4957 fecerit,

2117 4979 2418 5035 secundum
2447 4994 2636 5035 sacros
2666 4991 2906 5033 canones
2935 4975 3006 5031 ad
3043 4975 3391 5046 metropolim
3446 4984 3708 5041 vestram,

2115 5068 2204 5124 vel
2231 5068 2298 5122 ad
2328 5067 2660 5139 provinciale
2690 5064 2980 5122 concilium
3009 5065 3102 5136 qui
3131 5064 3295 5120 laesos
3328 5081 3388 5120 se
3427 5064 3710 5120 existima-

2113 5156 2290 5214 verint
2321 5155 2578 5211 festinent
2608 5170 2932 5221 recurrere;
2969 5162 3028 5209 ut
3056 5154 3202 5226 quod
3231 5169 3523 5225 perperam
3578 5152 3706 5219 illis,

2117 5246 2265 5317 quod
2295 5246 2440 5300 Deus
2469 5244 2633 5316 longe
2679 5243 2861 5309 faciat,
2923 5242 3082 5300 fuerit
3136 5243 3455 5316 irrogatum,
3517 5241 3712 5313 synodi

2117 5332 2325 5404 experti
2355 5348 2586 5388 examen
2617 5333 2858 5390 debitam
2887 5340 2940 5388 et
2969 5332 3345 5390 necessariam
3372 5330 3711 5390 emendatio-

2115 5437 2240 5478 nem
2290 5420 2606 5493 suscipiant.
