4164 6324
471 280 572 334 511

1357 275 1699 333 HINCMARI
1734 273 2138 333 RHEMENSIS
2164 272 2717 331 ARCHIEPISCOPI.

3657 280 3758 334 512

470 416 596 458 rum
643 400 927 456 adversum
953 413 1043 455 me
1071 397 1242 473 gratis
1270 400 1556 473 suscepisti
1603 399 1856 468 ofﬁcium,
1889 400 2018 455 dicit
2049 400 2143 461 :A
2162 399 2331 453 Maias
2349 405 2537 470 pastor
2563 406 2748 454 noster
2776 398 2832 454 in
2860 407 3044 455 monte
3065 399 3322 456 Lauduno
3341 400 3398 455 in
3418 416 3517 457 sua
3547 402 3755 473 synodo

473 510 497 540 ι
533 489 769 544 Audiam
813 504 977 544 canes
1003 488 1132 556 mei,
1165 496 1220 543 tu
1250 489 1342 560 qui
1371 489 1439 545 de
1476 487 1588 545 ﬁlio
1613 489 1670 543 in
1701 488 1944 557 fratrem,
1975 489 2064 543 in-

470 576 649 648 deque
695 577 918 632 crevisti
943 577 1000 632 in
1040 577 1443 648 coepiscopum,
1476 586 1529 633 et
1553 586 1677 648 post
1705 578 1844 633 adeo
1873 576 2063 648 profe-

469 664 591 719 cisti
648 672 706 719 ut
733 664 790 718 in
816 679 1011 720 canem
1066 681 1252 720 meum
1307 666 1638 732 excreveris,
1692 666 1879 735 accipe
1924 666 2065 720 hanc

469 752 719 824 perversi
759 753 1122 809 contumacia
1165 762 1273 809 tua
1317 753 1577 824 pittacioli
1614 753 1866 825 exigente
1896 767 2064 809 causa

468 840 740 913 prolixam
766 841 1203 912 responsionem.
1235 841 1372 896 Cum
1397 849 1577 897 autem
1604 842 1737 895 mihi
1768 840 2060 910 vacaverit,

468 928 798 985 succinctius
827 929 898 984 de
924 929 1044 983 aliis
1072 930 1346 1000 perversis
1368 938 1421 985 et
1442 928 1822 1000 incompositis
1840 928 2061 999 scriptis

469 1015 593 1084 tuis,
626 1016 683 1071 in
712 1016 909 1087 quibus
942 1018 1190 1088 quaedam
1220 1017 1573 1083 mendaciter,
1596 1017 1847 1088 quadam
1878 1032 2063 1087 repre-

468 1103 810 1159 hensibiliter
838 1121 927 1160 me
955 1105 1423 1176 reprehendendo,
1459 1105 1709 1175 quadam
1736 1103 1858 1160 ﬁcte
1888 1104 2063 1159 humi-

468 1190 596 1248 liter
622 1200 676 1247 et
703 1207 830 1249 vere
860 1194 1098 1263 superbe
1128 1192 1414 1263 scripsisti,
1456 1193 1773 1262 rescribam,
1806 1200 1857 1247 et
1886 1192 1941 1246 in
1969 1192 2063 1248 illo

468 1280 695 1350 scripto,
730 1280 858 1351 quia
875 1281 1001 1351 lego
1020 1280 1222 1336 dixisse
1242 1281 1530 1337 Dominum
1554 1298 1567 1335 :
1590 1282 1707 1335 Jam
1728 1296 1838 1335 non
1856 1280 2064 1336 irascar

466 1367 564 1421 tibi
594 1368 849 1438 amplius,
902 1376 1162 1439 quantum
1191 1368 1322 1423 mihi
1350 1369 1527 1424 adhuc
1566 1377 1737 1439 paret,
1770 1369 1839 1423 de
1867 1368 2063 1437 hujus-

466 1454 616 1510 modi
657 1455 1097 1510 altercationibus
1125 1456 1222 1510 tibi
1253 1456 1529 1512 scribendi
1557 1455 1721 1511 ﬁnem
1768 1456 2061 1526 imponam.

467 1543 549 1598 De
577 1543 681 1598 hoc
711 1542 855 1613 quod
910 1543 1066 1609 dicis,
1100 1544 1229 1615 quia
1283 1545 1470 1600 dicunt
1523 1545 1591 1599 de
1647 1560 1735 1599 me
1763 1544 2012 1599 homines
2046 1560 2059 1599 :

469 1628 660 1697 Qualis
689 1637 773 1684 est
798 1630 889 1684 ille
920 1632 1241 1696 avunculus,
1267 1632 1501 1703 quitalia
1518 1647 1616 1686 suo
1645 1631 1829 1702 nepoti
1857 1632 2060 1698 scribit,

2164 487 2233 541 de
2287 487 2631 558 perplurimis
2693 487 3010 542 utilitatibus
3064 504 3176 543 sua
3232 497 3434 545 sancta
3487 490 3754 557 ecclesia,

2163 574 2462 629 ordinando
2481 582 2534 630 et
2563 575 2931 630 emeliorando
2962 575 3208 646 quadam
3238 576 3295 630 in
3322 576 3402 631 eis
3418 576 3715 648 disputaret
3740 596 3756 644 ;

2163 663 2399 718 occurrit
2426 678 2528 733 pro
2556 679 2809 719 successu
2838 671 3140 734 tempomm
3169 665 3414 735 quadam
3444 680 3574 735 pars
3604 666 3753 734 ejus-

2161 751 2288 805 dem
2328 750 2725 821 disputationis,
2768 767 2868 822 pro
2911 768 3014 823 qua
3071 752 3200 822 quia
3252 753 3540 807 ordinandi
3568 768 3754 809 rerum

2161 837 2653 894 ecclesiasticarum
2699 846 2939 909 potestas
2969 839 3035 893 ab
3066 855 3152 906 eo,
3193 855 3315 895 cum
3337 840 3428 909 jus
3458 848 3511 896 et
3538 840 3624 895 lex
3656 856 3753 897 ca—

2161 940 2366 980 nonum
2398 926 2641 995 jubendo
2684 927 2944 997 pracipit,
2975 935 3032 981 ut
3063 927 3352 998 episcopus
3385 944 3473 982 res
3504 928 3752 984 ecclesia

2163 1029 2276 1068 sua
2306 1014 2501 1085 quibus
2529 1014 2776 1081 voluerit,
2796 1022 2848 1070 et
2873 1015 3145 1086 quomodo
3165 1014 3393 1070 voluerit
3413 1016 3751 1086 disponendo

2161 1100 2472 1171 dispenset,
2558 1100 2900 1168 auferretur;
2985 1102 3336 1173 perplurima
3413 1103 3757 1158 auctoritates

2163 1189 2334 1243 sancti
2391 1189 2530 1243 Petri
2585 1204 3074 1261 successorumque
3131 1191 3265 1259 ejus,
3299 1190 3495 1262 quibus
3524 1191 3755 1261 qualiter

2162 1284 2216 1331 et
2244 1277 2517 1347 quomodo
2544 1277 2671 1331 data
2701 1276 2769 1331 sit
2792 1285 3031 1348 potestas
3064 1277 3276 1349 ligandi
3304 1286 3357 1333 et
3386 1278 3650 1345 solvendi,
3684 1278 3754 1332 ab

2162 1364 2356 1419 eodem
2387 1371 2604 1435 pastore
2632 1373 2817 1420 nostro
2846 1367 2901 1419 in
2930 1365 3217 1436 prasentia
3244 1367 3409 1420 totius
3437 1365 3632 1437 synodi
3661 1382 3755 1421 eas

2163 1451 2457 1521 relegendo
2501 1451 2743 1507 recitata
2790 1459 2935 1505 sunt.
2984 1451 3193 1521 Quibus
3228 1452 3493 1519 recitatis,
3544 1468 3755 1509 memor

2161 1538 2479 1608 injuriarum
2546 1555 2782 1607 suarum,
2842 1555 2964 1610 qua
3020 1540 3072 1595 ei
3123 1540 3388 1596 moderno
3445 1540 3759 1597 acciderant

2160 1634 2405 1697 tempore
2451 1626 2675 1694 addidit,
2708 1627 2854 1698 quod
2907 1626 3215 1683 immineret
3258 1636 3471 1699 tempus
3501 1644 3755 1700 compro-

466 1717 649 1773 dicant
676 1726 728 1772 et
758 1719 827 1772 de
857 1727 911 1773 te
934 1718 1040 1789 ipsi
1088 1719 1337 1775 homines
1368 1736 1380 1774 :
1415 1718 1606 1787 Qualis
1635 1729 1715 1774 est
1744 1719 1835 1774 ille
1866 1735 2060 1790 nepos,
2091 1746 2144 1806 B
2163 1714 2407 1806 vincialis
2464 1714 2678 1806 synodi,
2737 1730 2859 1806 qua
2889 1714 2943 1770 in
3003 1716 3508 1806 Yermeriapalatio
3536 1717 3692 1806 regio
3722 1732 3756 1771 ιι

464 1805 536 1859 ab
566 1806 835 1861 avunculo
891 1822 991 1861 suo
1047 1806 1169 1861 talis
1198 1815 1256 1861 ut
1286 1814 1411 1862 tunc
1466 1815 1585 1862 erat
1644 1815 1976 1878 assumptus,
2009 1816 2063 1861 et

464 1892 588 1948 talis
617 1892 757 1949 sicut
806 1909 952 1949 nunc
991 1901 1074 1948 est
1100 1893 1158 1948 in
1188 1893 1410 1965 spiritali
1439 1911 1502 1951 ac
1540 1894 1824 1965 temporali
1852 1896 2060 1950 honore

465 1973 711 2043 effectus,
743 1977 835 2048 qui
864 1976 993 2031 talia
1040 1977 1144 2031 sibi
1182 1978 1350 2048 exigit
1374 1978 1444 2032 ab
1473 1978 1640 2034 invito
1670 1977 1957 2042 avunculo,
1990 1994 2059 2033 ne

464 2063 588 2119 talis
618 2064 689 2118 ab
718 2064 860 2131 aliis,
893 2065 1032 2120 sicut
1059 2080 1093 2120 a
1120 2073 1317 2137 nepote
1348 2081 1447 2121 suo
1475 2066 1807 2138 depingitur,
1831 2065 2062 2122 astima-

464 2158 569 2218 tus,
607 2168 705 2222 per
728 2168 853 2207 eum
883 2153 1291 2223 blasphemetur
1330 2169 1529 2209 nomen
1560 2154 1795 2219 Domini,
1831 2162 1885 2209 et
1913 2154 2058 2209 vitu-

462 2247 686 2310 peretur
731 2239 1091 2295 ministerium
1137 2242 1287 2310 ejus;
1322 2250 1537 2298 secutus
1565 2241 1887 2312 Apostolum
1913 2242 2058 2298 scri-

461 2327 681 2382 bentem
728 2329 800 2384 ad
845 2328 1152 2384 Corinthios
1199 2337 1388 2385 contra
1418 2346 1477 2385 se
1519 2331 1973 2401 blasphemantes,
2007 2338 2060 2386 et

463 2415 721 2486 vilipendi
774 2417 840 2470 ab
869 2416 989 2471 aliis
1046 2418 1379 2473 laborantes.
1440 2419 1566 2491 Egit
1617 2420 1817 2491 quippe
1865 2419 2059 2474 doctor

462 2504 739 2576 egregius,
773 2512 834 2559 ut
848 2505 976 2560 dum
998 2505 1115 2576 ipse
1137 2505 1314 2578 qualis
1333 2515 1480 2561 esset
1502 2506 1841 2580 agnoscitur,
1876 2514 1928 2562 et
1948 2507 2060 2561 vita

460 2598 515 2647 et
539 2591 727 2665 lingua
755 2593 896 2648 male
925 2594 1332 2664 pradicantium
1362 2592 1478 2664 ejus
1506 2595 1893 2665 pradicatione
1924 2594 2058 2650 vile-

461 2688 655 2736 sceret.
687 2680 814 2736 Illos
850 2682 1105 2737 videlicet
1150 2684 1575 2749 commendaret,
1628 2683 1674 2737 si
1723 2699 1783 2738 se
1821 2683 2057 2738 abscon-

459 2766 632 2822 deret.
670 2769 913 2839 Cumque
943 2786 1003 2824 se
1031 2786 1139 2825 non
1179 2772 1512 2839 ostenderet,
1545 2771 1716 2826 errori
1745 2771 1927 2826 locum
1954 2771 2057 2826 de-

461 2854 651 2910 disset.
685 2855 880 2911 Dicunt
927 2856 1090 2912 etiam
1116 2858 1221 2928 ipsi
1245 2858 1493 2913 homines
1521 2859 1591 2913 de
1621 2867 1674 2914 te
1706 2876 1719 2912 :
1756 2858 1948 2926 Qualis
1975 2867 2059 2915 est

459 2941 550 2998 ille
579 2959 771 3014 nepos,
807 2945 898 3015 qui
947 2945 1076 3000 talia
1104 2953 1296 3001 contra
1328 2962 1486 3001 suum
1516 2947 1837 3003 avunculum
1868 2955 1921 3002 et
1950 2965 2056 3002 nu-

460 3029 706 3086 tritorem
735 3040 897 3104 atque
923 3033 1293 3089 ordinatorem
1321 3026 1678 3100 machinatur,
1711 3043 1764 3090 et
1792 3042 2055 3107 quantum

456 3125 633 3188 potest
654 3120 936 3192 maliagit,
967 3129 1018 3175 et
1046 3121 1335 3193 plusquam
1365 3129 1542 3193 potest
1570 3139 1735 3194 agere
1766 3123 1948 3194 cupit?
1970 3123 2053 3179 Si-

457 3214 548 3261 cut
569 3214 625 3261 tu
644 3207 700 3262 in
720 3208 809 3263 die
831 3209 1017 3281 magni
1028 3210 1217 3279 iudicii
1239 3209 1523 3265 manifeste
1546 3210 1779 3279 videbis,
1804 3212 1850 3265 si
1873 3219 1924 3267 te
1949 3227 2053 3266 an-

456 3301 546 3350 tea
559 3295 686 3350 inde
702 3311 813 3351 non
842 3298 1251 3368 recognoveris,
1271 3306 1325 3352 et
1343 3297 1524 3369 dignis
1544 3299 1876 3368 paenitentia
1897 3298 2051 3355 fruc-

456 3381 600 3437 tibus
616 3398 725 3437 non
744 3383 1140 3439 emendaveris.
1165 3385 1390 3440 Multum
1408 3401 1495 3440 me
1525 3385 1742 3457 fatigas,
1767 3394 1822 3440 et
1836 3387 2049 3453 merito,

453 3484 564 3524 non
581 3469 875 3541 imputetur
910 3470 1027 3525 tibi.
1053 3471 1161 3527 Sed
1191 3470 1567 3543 fatigationem
1596 3488 1772 3527 meam
1794 3474 2053 3528 consola-

455 3563 562 3627 tur,
577 3558 725 3629 quod
735 3558 874 3614 sicut
886 3558 983 3613 tibi
993 3558 1186 3629 scripsi
1207 3560 1336 3614 dicit
1353 3560 1654 3633 Gregorius
1669 3578 1682 3614 :
1703 3582 1725 3611 ι
1741 3561 1866 3614 Etsi
1878 3561 2053 3617 Ethi-

460 3665 484 3695 ι
509 3660 610 3716 ops
627 3646 787 3719 niger
827 3646 1083 3702 balneum
1118 3647 1304 3712 intrat,
1340 3655 1394 3702 et
1426 3648 1584 3719 niger
1604 3649 1673 3703 de
1704 3648 1900 3704 balneo
1922 3649 2049 3720 exit,

461 3752 484 3783 ι
509 3740 694 3787 tamen
731 3733 1018 3789 balneator
1044 3734 1331 3789 denarium
1360 3735 1539 3789 balnei
1560 3735 1645 3790 sui
1661 3752 1769 3791 non
1790 3738 1985 3806 perdit.
2024 3758 2047 3787 ι

453 3818 639 3875 Timeo
667 3820 737 3877 de
764 3827 815 3875 te
860 3837 986 3875 meo
1027 3821 1359 3887 Alexandro,
1410 3822 1559 3893 quod
1606 3824 1674 3878 de
1708 3839 1808 3878 suo
1839 3825 2054 3880 dicebat

452 3907 650 3962 Paulus
682 3924 695 3963 :
726 3908 1036 3964 Alexander
1064 3909 1293 3963 ararius
1323 3909 1495 3966 multa
1527 3910 1671 3966 mala
1703 3911 1834 3966 mihi
1866 3920 2051 3969 osten-

455 3993 551 4062 dit,
586 3995 779 4053 reddet
804 3996 884 4052 illi
911 3995 1197 4052 Dominus.
1234 4015 1258 4046 ι
1652 4020 1653 4023 η

864 4242 1205 4301 HINCMARI
1242 4244 1647 4302 RHEMENSIS

1071 4384 1145 4423 AD
1181 4385 1411 4425 Εσιωιηι
1420 4412 1431 4425 .

590 4491 675 4546 (Ex
705 4488 938 4536 Conciliis
969 4488 1166 4545 Labbei,
1195 4491 1252 4535 ut
1278 4491 1329 4537 et
1354 4492 1625 4546 sequentes
1655 4490 1916 4549 epistola.)

522 4598 851 4655 Hmcuanus
872 4597 1206 4654 Rhemorum
1228 4596 1538 4669 episcopus,
1562 4614 1627 4655 ac
1655 4599 1832 4669 plebis
1851 4601 1952 4657 Dei
1971 4601 2050 4656 fa-

452 4686 653 4756 mulus,
704 4684 1062 4757 presbyteris,
1112 4684 1454 4755 diaconibus,
1505 4702 1571 4741 ac
1616 4687 1826 4759 reliquo
1864 4689 2046 4744 eccle-

450 4773 665 4830 siastico
692 4774 891 4842 ordini,
942 4782 996 4830 et
1038 4772 1246 4830 cunctis
1289 4773 1346 4828 in
1393 4774 1739 4830 Laudunensi
1784 4777 2048 4847 parochia

456 4860 881 4918 consistentibus
911 4861 1161 4917 salutem.

522 4965 838 5023 Confratres
866 4983 932 5023 ac
952 4967 1373 5024 consacerdotes
1393 4967 1567 5023 nostri
1595 4969 1774 5037 Hetto,
1800 4970 2043 5043 Ermino,

450 5053 731 5122 Hadulfus,
763 5061 818 5111 et
861 5054 1163 5110 Clarentius
1210 5056 1520 5128 presbyteri
1563 5057 1811 5114 ecclesia
1854 5068 2046 5116 vestra

448 5142 590 5215 prid.
625 5143 744 5197 Kal.
778 5142 966 5198 Iunias
995 5144 1281 5214 prasentis
1308 5144 1563 5201 secunda
1581 5145 1891 5203 indictionis
1920 5148 2046 5204 data

447 5230 581 5287 mihi
636 5230 704 5287 ad
760 5231 938 5287 vicem
991 5231 1236 5287 omnium
1290 5241 1526 5289 vestrum
1580 5236 1859 5306 petitione,
1891 5237 2045 5306 cujus

448 5318 576 5376 hinc
612 5319 808 5390 partim
847 5326 1041 5387 textus,
1088 5328 1348 5392 quantum
1393 5322 1644 5379 suﬂicere
1699 5324 1828 5394 vidi,
1862 5326 2045 5397 sequi-

447 5415 554 5478 tur,
585 5408 653 5464 de
702 5407 1031 5480 quibusdam
1074 5408 1325 5481 capitulis
1370 5419 1566 5467 vestra
1609 5414 1911 5469 communis
1940 5431 2043 5470 ne-

447 5495 721 5555 cessitatis
762 5497 1172 5566 consuluerunt,
1217 5499 1323 5555 hoc
1369 5498 1533 5557 modo
1565 5517 1577 5556 :
1612 5501 1755 5557 Dum
1784 5517 1886 5559 xm
1918 5502 2040 5559 Kal.

2162 1802 2319 1857 vobis
2347 1802 2649 1874 vestrisque
2692 1801 3049 1874 suﬁ‘raganeis
3077 1819 3176 1858 vm
3206 1803 3327 1857 Kal.
3368 1803 3540 1859 Maias
3570 1804 3755 1859 habita

2163 1897 2264 1945 est.
2297 1890 2382 1945 Ad
2410 1905 2572 1961 quam
2622 1890 2816 1946 vestris
2846 1890 3038 1945 litteris
3067 1899 3326 1946 evocatus
3357 1891 3545 1947 libenti
3573 1892 3756 1948 animo

2161 1993 2344 2033 coram
2390 1978 2641 2033 omnibus
2684 1977 2965 2048 professus
2994 1986 3095 2049 est,
3130 1995 3190 2034 se
3219 1980 3336 2034 sine
3377 1980 3487 2034 ulla
3514 1979 3754 2035 interca-

2160 2066 2359 2136 pedine
2386 2081 2826 2138 progressurum.
2862 2066 2971 2123 Sed
2999 2067 3126 2138 quia
3155 2067 3414 2122 credebat
3442 2067 3498 2121 in
3528 2067 3645 2139 ipsa
3674 2085 3756 2139 sy-

2160 2154 2326 2219 nodo,
2373 2154 2519 2225 quod
2556 2169 2677 2209 mos
2726 2154 2869 2208 haud
2901 2155 3143 2224 exposcit
3171 2155 3482 2221 canonicus,
3516 2155 3755 2227 aliquam

2159 2241 2473 2296 violentiam
2529 2241 2632 2295 sibi
2680 2241 2971 2314 illegaliter
2999 2249 3052 2297 et
3078 2251 3270 2297 contra
3303 2243 3456 2315 leges
3486 2258 3755 2298 canonum

2160 2345 2194 2383 a
2224 2345 2546 2401 quocunque
2594 2327 2733 2399 fieri,
2772 2346 3025 2385 sermone
3068 2331 3450 2386 contestatorio
3479 2340 3531 2386 et
3561 2339 3754 2387 aucto-

2158 2416 2317 2472 ritate
2376 2416 2549 2472 sancti
2602 2417 2763 2487 Petri,
2824 2418 2970 2488 quod
3027 2417 3074 2472 si
3102 2418 3153 2472 ei
3181 2417 3399 2473 licentia
3445 2419 3607 2473 eundi
3637 2419 3751 2475 Ro-
3814 2428 3821 2437 ‘

2158 2521 2305 2559 mam
2333 2506 2732 2575 prohiberetur,
2765 2514 2855 2559 aut
2884 2506 3005 2576 ipse
3033 2514 3221 2577 captus
3249 2507 3599 2574 obtineretur,
3630 2523 3753 2562 om-

2158 2609 2257 2648 nes
2294 2593 2609 2649 sacerdotes
2663 2593 2825 2649 totius
2875 2594 3142 2664 parochia
3199 2610 3311 2650 sua
3368 2595 3663 2667 colligavit,
3698 2603 3755 2651 ut

2158 2697 2321 2736 nemo
2351 2697 2543 2736 eorum
2570 2682 2625 2735 in
2656 2698 2723 2737 ea
2753 2682 3082 2737 sacerdotali
3110 2682 3411 2737 ministerio
3440 2684 3626 2738 tandiu
3644 2692 3756 2740 ute-

2159 2778 2327 2835 retur,
2361 2787 2535 2841 usque
2565 2770 2694 2824 dum
2709 2770 2800 2824 ille
2820 2769 2937 2840 ipse
2958 2770 3245 2825 nobiscum
3266 2770 3458 2826 iterum
3475 2772 3595 2827 viva
3615 2788 3749 2828 voce

2156 2857 2500 2929 loqueretur;
2533 2866 2625 2912 aut
2679 2858 2876 2913 littera
2928 2874 2994 2912 ex
3023 2858 3143 2928 ipsa
3199 2866 3390 2915 sancta
3446 2860 3576 2915 sede
3606 2860 3752 2916 beati

2156 2945 2303 2999 Petri
2357 2946 2587 3015 apostoli
2642 2945 2802 3000 nobis
2856 2946 3213 3001 mitterentur.
3276 2946 3397 3015 Quo
3440 2946 3581 3003 facto
3608 2949 3754 3019 quod

2154 3039 2279 3087 tunc
2309 3048 2417 3087 non
2447 3032 2659 3099 accidit,
2693 3049 2836 3089 nunc
2867 3033 2923 3088 in
2952 3034 3164 3090 Silvaco
3203 3034 3405 3105 palatio
3436 3050 3470 3088 v
3501 3035 3621 3090 Kal.
3652 3036 3751 3091 Ju-

2155 3119 2274 3177 nias
2302 3128 2588 3191 peractum
2621 3129 2725 3177 est.
2758 3120 2880 3190 Qua
2906 3129 3091 3176 tamen
3118 3122 3208 3177 die
3235 3122 3551 3194 priusquam
3582 3124 3651 3177 ad
3670 3123 3750 3194 ip-

2152 3224 2274 3264 sum
2305 3208 2579 3264 Silvacum
2607 3210 2939 3280 perveniret,
2971 3210 3241 3281 prascius
3273 3218 3512 3266 ventura
3539 3210 3751 3266 violen-

2153 3297 2243 3352 tia
2282 3313 2414 3364 sua,
2472 3298 2722 3367 pradixit
2780 3298 3052 3354 sacerdoti
3109 3305 3297 3353 nostro
3352 3298 3637 3367 Clarentio,
3671 3299 3750 3354 si-

2153 3384 2372 3456 mulque
2420 3385 2651 3441 diacono
2698 3386 3018 3452 Teutlando,
3065 3394 3123 3441 ut
3166 3385 3326 3440 nobis
3372 3387 3751 3442 denuntiarent

2152 3488 2254 3542 per
2282 3472 2467 3527 omnia
2493 3489 2596 3528 nos
2627 3481 2960 3542 servaturos,
2996 3490 3118 3545 qua
3146 3490 3313 3530 causa
3355 3490 3573 3529 suarum
3603 3475 3750 3544 inju-

2153 3559 2377 3630 riarum,
2411 3568 2465 3615 et
2494 3569 2550 3615 ut
2580 3562 2750 3616 satius
2803 3562 3069 3629 dicamus,
3101 3578 3199 3633 pro
3254 3570 3395 3617 statu
3439 3572 3749 3619 sanctarum

2154 3648 2531 3715 ecclesiarum,
2565 3648 2620 3703 in
2676 3650 2992 3720 praescripta
3049 3651 3258 3721 synodo
3296 3666 3403 3705 xm
3430 3652 3551 3706 Kal.
3584 3651 3747 3707 Maias

2153 3736 2408 3791 omnibus
2456 3738 2835 3792 sacerdotibus
2881 3754 2995 3793 sua
3020 3738 3293 3808 parochia
3322 3740 3621 3795 observare
3646 3756 3747 3796 au-

2153 3824 2401 3879 ctoritate
2433 3825 2608 3880 sancti
2638 3825 2782 3880 Petri
2811 3826 2927 3896 ipse
2957 3835 3306 3897 praceperat.

2223 3912 2293 3967 Et
2323 3920 2446 3983 post
2482 3911 2757 3983 aliquanta
2790 3931 2803 3967 :
2836 3912 3171 3985 Quapropter
3206 3914 3335 3986 quia
3363 3916 3617 3971 eumdem
3644 3916 3745 3972 do-

2152 3999 2356 4055 minum
2385 4008 2631 4055 nostrum
2675 4001 2833 4073 regia
2878 4010 3143 4073 potestate
3191 4010 3457 4060 retentum
3484 4010 3537 4059 et
3564 4004 3746 4060 reclu-

2152 4104 2271 4143 sum
2301 4087 2425 4143 viva
2452 4103 2588 4144 voce
2645 4088 2793 4144 adire
2848 4105 2957 4145 non
2984 4098 3317 4161 poteramus,
3350 4099 3403 4145 et
3428 4091 3747 4148 sacerdotali

2150 4175 2452 4231 ministerio
2506 4176 2766 4247 prohibiti
2821 4178 2887 4231 ab
2944 4193 3009 4233 eo
3065 4177 3169 4234 frui
3220 4195 3329 4234 non
3385 4180 3742 4249 audebamus,

2153 4279 2213 4318 ιιι
2244 4265 2361 4319 Kal.
2394 4265 2578 4321 Iunias
2607 4265 2677 4320 ad
2708 4265 3014 4336 capitolium
3068 4274 3316 4321 nostrum
3372 4268 3741 4334 convenimus,

2151 4359 2205 4407 et
2250 4352 2453 4408 ibidem
2499 4353 2774 4410 communi
2833 4353 3104 4425 colloquio
3162 4362 3518 4410 retractantes
3573 4364 3744 4411 ratum

2071 4438 2125 4498 D
2147 4437 2262 4497 fore
2303 4441 2572 4511 duximus,
2605 4450 2665 4498 ut
2695 4442 2889 4497 exinde
2932 4442 3220 4498 consilium
3266 4451 3468 4499 nostra
3497 4444 3684 4499 salutis
3712 4460 3745 4499 a

2148 4544 2305 4587 sacra
2347 4530 2666 4601 paternitate
2712 4530 2968 4586 almitatis
3023 4539 3218 4587 vestra
3262 4531 3536 4587 humiliter
3578 4532 3747 4603 dep0«

2148 4634 2447 4685 sceremus,
2496 4626 2676 4673 utrum
2706 4618 3065 4674 sacerdotalis
3093 4619 3377 4675 ministerii
3405 4618 3584 4675 ofﬁcio
3610 4620 3738 4675 mis-

2148 4722 2239 4761 sas
2269 4706 2620 4772 celebrando,
2653 4714 2706 4762 et
2732 4707 2954 4762 domino
3006 4723 3107 4778 pro
3137 4708 3451 4779 receptione
3507 4708 3740 4779 pastoris

2147 4794 2320 4849 nostri
2363 4810 2428 4849 ac
2468 4794 2742 4850 communi
2787 4795 3013 4850 utilitate
3059 4795 3222 4850 totius
3251 4805 3457 4852 sancta
3482 4796 3742 4853 Ecclesia

2147 4880 2411 4937 sacrificia
2457 4880 2754 4952 oﬂ‘erendo,
2815 4883 3142 4954 baptizando
3206 4898 3424 4954 pueros,
3475 4884 3738 4940 visitando

2143 4968 2392 5025 inﬁrmos
2447 4970 2851 5026 reconciliando
2908 4987 3032 5027 cum
3084 4970 3279 5027 viatico
3306 4988 3532 5028 munere
3560 4970 3736 5043 poeni-

2146 5057 2366 5113 tentiam
2394 5065 2659 5129 petentes,
2693 5059 3008 5129 sepeliendo
3056 5068 3320 5127 mortuos,
3373 5076 3496 5116 cum
3526 5060 3738 5131 penitus

2147 5146 2215 5201 ab
2242 5146 2327 5200 his
2357 5146 2609 5202 omnibus
2656 5147 2911 5219 prohibiti
2959 5148 3148 5203 simus.
3181 5150 3247 5203 Et
3289 5148 3451 5219 paulo
3481 5156 3603 5219 post
3634 5165 3647 5202 :
3681 5147 3734 5201 in

2145 5230 2401 5301 parochia
2455 5239 2644 5286 nostra
2699 5230 2777 5286 uti
2831 5232 3049 5299 debeat,
3105 5248 3176 5286 an
3230 5248 3358 5300 non,
3409 5240 3463 5286 et
3510 5230 3734 5303 reliqua.

2146 5317 2325 5387 Quam
2352 5318 2606 5392 relegens
2633 5319 2765 5375 satis
2794 5336 3062 5393 superque
3092 5320 3242 5376 dolui
3270 5319 3459 5387 fateor,
3501 5320 3623 5391 quia
3651 5318 3735 5373 di-

2144 5406 2317 5463 lectus
2346 5406 2510 5463 frater
2537 5415 2591 5464 et
2619 5408 2979 5480 coepiscopus
2997 5416 3184 5464 noster
3202 5409 3526 5464 Hincmarus
3545 5414 3735 5463 contra

2145 5502 2506 5577 episcopalem
2547 5505 2895 5579 gravitatem,
2929 5514 2982 5562 et
3010 5512 3197 5562 contra
3244 5503 3620 5578 evangelicam
3647 5519 3737 5559 ve-
