4164 6316
401 280 503 332 513

1218 273 1460 331 OPUSC.
1517 275 1607 330 ET
1655 272 1875 329 EPIST.
1939 270 2011 328 IN
2048 267 2276 326 CAUSA
2324 270 3010 327 HINCMARILAUDUN.

3587 273 3692 326 51L

416 399 654 463 ritatem,
683 405 841 468 atque
869 397 1229 468 apostolicam
1258 405 1310 453 et
1341 398 1661 453 canonicam
1718 396 2016 452 auctorita-
2035 396 2094 456 A
2122 409 2285 450 nosse
2313 394 2793 465 metropolitanum
2824 394 3141 464 episcopum
3169 392 3584 449 sollicitudinem
3629 400 3711 448 to-

389 474 521 542 item
551 485 681 539 talia
711 485 1014 540 inconsulte
1043 501 1208 540 causa
1239 501 1462 540 suarum
1505 485 1827 553 injuriarum
1856 500 2021 555 agere

415 573 799 645 praesumpsit;
834 573 1019 643 qualia
1072 573 1254 627 nullus
1311 581 1436 628 ante
1492 573 1668 642 ipsum
1728 573 2020 642 episcopus

417 662 530 734 egit
561 679 575 715 :
605 677 726 732 quae
753 677 860 715 non
892 661 1054 715 modo
1075 677 1359 716 sacrarum
1391 661 1790 730 Scripturarum
1823 659 2020 713 tramiti

415 749 707 814 contraria,
743 757 795 802 et
825 749 1060 803 decretis
1089 756 1212 802 sunt
1255 757 1568 804 sanctorum
1619 748 1868 813 adversa,
1919 763 2017 802 ve-

418 853 539 890 rum
598 844 651 891 et
697 836 855 889 saluti
898 837 1150 890 humanae
1200 853 1261 890 ac
1310 837 1581 891 universae
1630 835 2019 890 Christianitati

419 932 542 978 sunt
569 923 819 979 animica.
863 923 1020 991 Quia,
1074 924 1215 979 sicut
1252 924 1463 978 Hilarus
1512 939 1656 994 papa
1693 923 1844 989 dicit,
1909 939 2018 977 non

415 1013 596 1067 minus
624 1012 680 1065 in
709 1027 990 1066 sacrarum
1031 1011 1381 1066 traditionum
1426 1012 1754 1083 delinquitur
1775 1011 2016 1066 sanctio-

416 1116 534 1165 nes,
593 1116 755 1171 quam
803 1099 860 1153 in
916 1100 1167 1168 injuriam
1214 1088 1386 1170 ipsius
1430 1099 1616 1154 domui
1689 1099 2008 1169 prosillitur.

413 1188 662 1242 Vestram
688 1196 865 1242 autem
941 1187 1216 1242 solertiam
1246 1188 1430 1252 laudo,
1463 1186 1558 1241 ﬁlii
1589 1203 1652 1242 ac
1674 1187 1873 1241 fratres
1895 1188 2020 1242 cha-

417 1275 639 1341 rissimi,
672 1291 810 1346 quos
837 1283 1113 1346 praecepta
1145 1291 1424 1331 sacrorum
1458 1291 1729 1331 canonum
1759 1291 1868 1329 non
1889 1291 2016 1345 per-

419 1361 685 1417 functorie
714 1363 916 1435 legisse
933 1379 1227 1436 cognosco.
1268 1365 1355 1418 Ait
1373 1365 1517 1418 enim
1537 1379 1693 1418 sacra
1716 1371 1768 1418 et
1788 1363 2013 1433 mystica

415 1450 636 1506 Niczena
665 1452 906 1521 synodus
941 1469 952 1504 :
991 1472 1012 1501 α
1035 1452 1272 1522 Antiqua
1292 1452 1626 1506 consuetudo
1658 1458 1904 1506 servetur
1916 1466 2016 1520 per

415 1538 724 1608 Egyptum,
759 1538 984 1609 Libyam
1012 1547 1063 1594 et
1120 1539 1473 1609 Pentapolim,
1534 1540 1605 1592 ita
1661 1547 1718 1593 ut
1774 1539 2015 1593 Alexan-

416 1625 605 1680 drinus
634 1625 924 1696 episcopus
953 1627 1149 1681 horum
1170 1627 1412 1682 omnium
1430 1627 1626 1682 habeat
1644 1633 1969 1697 potestatem
1996 1645 2010 1692 ;

2121 483 2229 537 tius
2259 482 2554 553 provinciae
2585 498 2802 554 gerere.
2839 483 3068 551 Propter
3096 482 3240 552 quod
3269 481 3339 536 ad
3369 481 3711 552 metropolim

2119 571 2357 642 undique
2387 571 2477 642 qui
2508 570 2724 641 negotia
2751 570 3002 625 videntur
3029 570 3234 624 habere
3291 575 3635 650 concurrant.

2190 659 2364 726 Unde,
2402 658 2599 713 fratres
2621 657 2948 724 charissimi,
2981 658 3210 712 docente
3241 673 3341 712 nos
3373 657 3533 712 beato
3565 657 3712 712 Gre-

2120 746 2276 816 gorio
2304 762 2368 802 ac
2397 746 2629 814 dicente,
2662 767 2683 795 (ι
2721 745 2812 816 qui
2841 761 2950 799 non
2982 744 3207 817 corrigit
3228 745 3543 808 resecanda,
3570 759 3713 799 com-

2119 834 2296 902 mittit,
2339 856 2358 882 »
2394 834 2462 888 ad
2485 833 2768 904 praefatum
2801 832 3026 888 fratrem
3055 840 3109 887 et
3167 833 3552 903 coepiscopum
3607 847 3713 886 no-

2119 930 2288 976 strum
2318 922 2668 977 Hincmarum
2696 923 2798 976 has
2826 937 2946 992 quin
3003 928 3303 993 sequuntur
3358 921 3564 974 litteras
3618 935 3714 974 au-

2130 1010 2375 1065 ctoritate
2407 1010 2826 1080 metropolitana
2863 1009 3100 1082 dirigere
3144 1007 3516 1064 necessarium
3545 1008 3710 1075 duxi;

2119 1114 2348 1152 monens
2378 1098 2528 1152 illum
2585 1106 2815 1168 paterna
2870 1114 2934 1153 ac
2992 1097 3230 1152 fraterna
3285 1096 3596 1160 dilectione,
3652 1103 3712 1151 ut

2111 1187 2260 1254 juxta
2292 1187 2438 1240 beati
2464 1203 2618 1257 papa:
2646 1186 2817 1240 Hilari
2847 1187 3066 1242 decreta
3094 1185 3211 1256 ipse
3236 1184 3559 1256 quantocius
3600 1183 3711 1238 ini-

2118 1290 2285 1344 quum
2312 1273 2510 1329 factum
2541 1290 2699 1328 suum
2731 1272 3202 1341 dissolvat.-Quod
3234 1275 3279 1328 si
3308 1289 3476 1344 agere
3522 1271 3714 1328 nolue-

2118 1361 2201 1429 rit,
2261 1369 2314 1416 et
2368 1361 2774 1427 contumaciter,
2845 1362 2988 1432 quod
3043 1361 3200 1427 absit,
3258 1361 3438 1433 magis
3496 1357 3715 1416 differre

2117 1465 2280 1522 quam
2310 1450 2532 1505 obedire
2561 1450 2826 1515 maluerit,
2860 1449 2996 1506 sciat
3026 1449 3356 1523 generalitas
3404 1441 3716 1504 fraternita-

2116 1537 2184 1591 tis
2214 1547 2411 1593 vestrae
2438 1538 2633 1594 virtute
2663 1538 2880 1593 Domini
2909 1538 3077 1593 nostri
3130 1538 3258 1593 Jesu
3317 1537 3535 1605 Christi,
3597 1535 3709 1606 qui,

2115 1634 2173 1678 ut
2203 1626 2320 1697 ipse
2350 1627 2496 1696 dicit,
2529 1627 2676 1682 venit
2703 1626 2911 1681 animas
2941 1626 3177 1691 salvare,
3206 1641 3316 1681 non
3345 1625 3596 1696 perdere,
3656 1631 3711 1678 et

416 1713 544 1784 quia
572 1721 630 1767 ut
659 1713 810 1768 urbis
840 1715 1026 1769 Romae
1056 1715 1314 1785 episcopo
1333 1715 1520 1784 parilis
1551 1730 1670 1768 mos
1702 1723 1806 1770 est.
1854 1713 2013 1767 Simi-
2040 1740 2093 1799 Β
2117 1714 2263 1769 venit
2293 1730 2540 1785 quaerere
2572 1722 2624 1768 et
2652 1715 2866 1769 salvare
2897 1714 3043 1785 quod
3071 1713 3307 1784 perierat
3340 1731 3353 1766 :
3390 1711 3481 1783 qui
3510 1719 3612 1777 est,
3655 1718 3716 1766 ut

417 1801 538 1855 liter
567 1809 747 1856 autem
777 1809 829 1856 et
858 1803 1002 1871 apud
1034 1802 1376 1857 Antiochiam
1405 1810 1743 1873 craterasque
1781 1801 2010 1871 provin-

416 1889 532 1944 cias
561 1889 675 1943 suis
705 1889 992 1962 privilegia
1021 1898 1308 1945 serventur
1339 1891 1604 1946 ecclesiis.
1647 1910 1670 1939 ι»
1693 1889 1850 1958 Quod
1869 1889 2016 1959 capi—

415 1976 586 2031 tulum
617 1985 836 2033 sanctus
865 1977 1170 2033 Bonifacius
1200 1994 1342 2048 papa
1373 1978 1617 2033 scribens
1649 1977 1716 2031 ad
1747 1977 2013 2032 Hilarium

415 2065 832 2121 Narbonensem
853 2065 1171 2136 episcopum
1193 2066 1413 2136 exponit
1441 2068 1546 2121 hoc
1575 2066 1738 2120 modo
1773 2083 1785 2119 :
1821 2090 1841 2114 ι
1876 2066 2015 2120 Con-

418 2154 566 2208 venit
609 2169 709 2208 nos
763 2162 1114 2224 paternarum
1169 2154 1510 2210 sanctionum
1558 2153 1847 2226 diligentes
1894 2170 2016 2208 esse

418 2242 692 2296 custodes.
731 2242 874 2296 Nulli
897 2243 1093 2296 etenim
1125 2243 1338 2298 videtur
1365 2242 1643 2314 incognita
1664 2242 1858 2312 synodi
1878 2257 2016 2297 con-

415 2329 620 2384 stitutio
650 2329 906 2396 Nicaeum,
943 2346 1062 2401 quae
1092 2331 1166 2384 ita
1192 2330 1455 2401 praecipit,
1480 2339 1538 2384 ut
1559 2330 1750 2385 eadem
1794 2330 2016 2400 proprie

417 2417 584 2472 verba
611 2433 913 2488 ponamus;
947 2435 1044 2488 per
1069 2434 1510 2489 unamquamque
1553 2417 1890 2488 provinciam
1929 2418 2017 2486 jus

417 2505 863 2576 metropolitanos
896 2506 1143 2576 singulos
1169 2507 1372 2561 habere
1392 2505 1617 2574 debere,
1641 2522 1742 2561 nec
1763 2505 2015 2576 cuiquam

421 2592 556 2647 duas
583 2609 704 2648 esse
734 2594 1007 2662 subjectas
1042 2611 1054 2648 :
1089 2594 1233 2664 quod
1281 2594 1377 2662 illi,
1427 2594 1555 2665 quia
1596 2594 1752 2649 aliter
1779 2594 2016 2649 creden-

419 2680 548 2735 dum
577 2697 684 2735 non
714 2689 814 2751 est,
849 2682 1195 2748 servandum,
1229 2682 1430 2752 Spiritu
1453 2689 1640 2738 sancto
1662 2691 2015 2754 suggerente,

423 2768 641 2823 sibimet
669 2777 1018 2824 censuerunt.
1061 2790 1082 2819 ι
1127 2771 1195 2824 Et
1240 2779 1364 2840 post
1404 2770 1678 2841 aliquanta
1712 2788 1726 2824 :
1784 2793 1805 2819 «ι
1859 2770 2019 2839 Quod

420 2855 625 2912 idcirco
656 2857 906 2923 dicimus,
941 2865 998 2912 ut
1028 2858 1271 2912 advertat
1301 2859 1540 2914 charitas
1569 2865 1679 2924 tua,
1732 2859 1868 2914 adeo
1917 2874 2018 2913 nos

421 2960 691 3000 canonum
718 2953 992 3016 praecepta
1026 2961 1266 3014 servare,
1288 2954 1343 3000 ut
1360 2945 1434 3000 ita
1460 2946 1768 3001 constitutio
1802 2961 2018 3018 quoque

419 3040 608 3087 nostra
635 3033 891 3099 diffiniat;
925 3041 1188 3104 quatenus
1217 3034 1615 3105 metropolitani
1647 3034 1728 3089 sui
1769 3050 2017 3105 unaqua-

2116 1801 2234 1872 ipse
2257 1801 2510 1867 insinuat,
2534 1804 2645 1867 via,
2669 1803 2879 1857 veritas
2901 1807 2956 1858 et
2978 1803 3095 1857 vita
3113 1802 3296 1871 (Joan.
3322 1802 3402 1870 IV)
3425 1818 3438 1853 :
3464 1799 3553 1856 via
3575 1798 3716 1854 scili-

2116 1897 2200 1946 cet
2225 1890 2654 1946 conversationis
2685 1897 2902 1959 sanctae,
2935 1889 3138 1945 veritas
3166 1888 3423 1944 doctrina:
3491 1887 3708 1953 divinas,

2114 1978 2224 2033 vita
2255 1978 2602 2033 beatitudinis
2630 1978 2995 2048 sempiterna.
3020 1980 3066 2032 A
3099 1994 3224 2048 quo,
3287 1985 3340 2032 et
3394 1992 3494 2047 per
3550 1990 3712 2047 quem

2114 2065 2172 2120 in
2197 2064 2630 2135 aadificationem,
2662 2074 2713 2121 et
2735 2082 2844 2120 non
2873 2065 2928 2119 in
2948 2065 3368 2120 destructionem
3391 2079 3552 2119 sacer
3575 2063 3710 2118 ordo

2117 2153 2444 2224 episcopalis
2475 2155 2685 2225 accepit
2741 2154 3041 2209 exordium.
3073 2153 3286 2208 Judicio
3346 2152 3510 2207 etiam
3540 2149 3717 2206 sancti

2081 2231 2370 2312 'Spiritus,
2406 2258 2514 2312 quo
2561 2242 2702 2297 sacri
2757 2241 3090 2313 promulgati
3148 2249 3271 2296 sunt
3324 2256 3598 2306 canones;
3661 2244 3716 2294 et

2121 2330 2294 2385 sancti
2317 2331 2597 2400 praphete
2626 2339 2788 2400 atque
2819 2330 3070 2400 apostoli,
3104 2345 3405 2400 eorumque
3435 2342 3717 2384 successo-

2119 2434 2230 2487 res,
2273 2425 2328 2472 et
2355 2418 2666 2488 apostolicae
2695 2418 2836 2472 beati
2867 2419 3007 2472 Petri
3038 2417 3186 2472 sedis
3212 2415 3496 2486 pontifices
3550 2414 3711 2470 nobis

2118 2507 2442 2561 documenta
2474 2506 2660 2560 salutis
2718 2515 2767 2560 et
2825 2506 3044 2576 regulas
3099 2521 3163 2561 ac
3209 2506 3428 2560 decreta
3482 2503 3714 2558 salubria

2119 2595 2426 2660 ediderunt,
2461 2602 2512 2649 et
2541 2594 2810 2649 servanda
2841 2593 3224 2648 inviolabiliter
3251 2593 3612 2658 tradiderunt,
3639 2592 3713 2646 si-

2119 2691 2207 2738 cut
2227 2683 2284 2736 in
2313 2683 2769 2752 subsequentibus
2801 2682 3060 2753 relegetis
3090 2690 3286 2738 cuncta
3313 2698 3432 2752 quae
3489 2681 3558 2735 de
3615 2695 3713 2736 ca-

2117 2771 2301 2841 pitulis
2331 2771 2386 2824 in
2413 2778 2594 2825 vestra
2624 2770 2884 2841 petitione
2920 2770 3244 2840 conscriptis
3294 2769 3568 2825 contraria
3625 2767 3715 2824 di-

2119 2859 2260 2914 vina-3
2288 2859 2616 2925 auctoritati,
2651 2876 2772 2930 quas
2795 2866 3009 2914 tenetur
3035 2859 3092 2913 in
3121 2858 3370 2927 subditis,
3399 2864 3492 2911 aut
3545 2857 3714 2912 verbo

2119 2948 2400 3018 praecepit,
2435 2955 2526 3002 aut
2577 2947 2779 3018 scripto
2823 2947 3088 3015 decrevit,
3139 2947 3294 3001 irrita
3344 2954 3396 3001 et
3443 2960 3610 3002 vacua
3661 2951 3714 3000 et

2121 3037 2322 3091 nullius
2352 3036 2567 3092 virtutis
2595 3037 2683 3091 vel
2702 3037 3038 3092 auctoritatis
3067 3052 3190 3091 esse
3218 3035 3506 3106 pronuntio
3551 3043 3715 3106 atque

648 3087 653 3088 ,
881 3087 891 3099 ,
935 3087 959 3104 κ,
1004 3087 1024 3088 η
1065 3087 1094 3088 η
1650 3087 1727 3089 ψ
2121 3087 2318 3091 ___-___
2366 3087 2564 3092 .__-_-__
2608 3087 3035 3092 .-η----ηψπ
3557 3087 3709 3106 n.1,-

421 3136 528 3192 que
548 3121 824 3191 provincia
844 3123 900 3175 in
919 3122 1168 3176 omnibus
1185 3123 1348 3178 rebus
1376 3122 1771 3178 ordinationem
1807 3139 2023 3193 semper
2050 3087 2099 3150 Ο
2121 3127 2357 3181 decerno
2382 3143 2395 3190 ;
2428 3124 2692 3196 vobisque
2719 3125 2981 3179 ministris
3037 3124 3283 3180 ecclesia:
3338 3123 3714 3178 Laudunensis

416 3216 710 3279 exspectet.
751 3231 773 3259 ν
810 3211 875 3264 Et
906 3211 1208 3266 secundum
1239 3210 1554 3266 Africanum
1568 3211 1857 3266 concilium
1879 3211 2021 3266 scri-

416 3296 553 3352 bens
582 3297 651 3352 ad
680 3297 1035 3352 Caelestinum
1071 3314 1269 3369 papam
1301 3317 1314 3353 :
1355 3320 1377 3349 tl
1415 3301 1674 3364 Decreta,
1710 3299 1899 3370 inquit,
1919 3299 2022 3353 Ni-

419 3400 571 3440 caena
601 3385 716 3442 sive
743 3385 1019 3441 inferioris
1037 3388 1239 3459 gradus
1270 3388 1516 3452 clericos,
1570 3387 1684 3442 sive
1734 3386 2023 3457 episcopos

416 3472 568 3543 ipsos
614 3474 734 3529 suis
803 3474 1232 3546 metropolitanis
1315 3475 1657 3546 apertissime
1734 3474 2025 3532 commise-

424 3569 567 3617 runt.
607 3582 629 3611 »

489 3651 558 3704 Et
584 3651 957 3707 venerandum
973 3653 1374 3708 Antiochenum
1393 3653 1718 3710 concilium:
1743 3675 1765 3706 κ
1792 3656 1897 3710 Per
1920 3655 2024 3709 sin-

422 3736 600 3810 gulas,
650 3739 840 3811 inquit,
892 3740 1149 3813 regiones
1197 3742 1488 3812 episcopos
1533 3743 1789 3799 convenit
1858 3759 2022 3799 nosse

417 3826 888 3898 metropolitanum
920 3829 1237 3899 episcopum
1267 3829 1689 3886 sollicitudinem
1710 3831 1874 3887 totius
1894 3847 2024 3903 pro-

419 3913 612 3970 vinciae
639 3931 852 3987 gerere.
886 3917 1116 3986 Propter
1145 3918 1292 3988 quod
1319 3918 1388 3972 ad
1440 3919 1780 3989 metrOpolim
1831 3935 2023 3975 omnes

421 4003 660 4074 undique
706 4005 799 4075 qui
844 4005 1068 4077 negotia
1113 4005 1368 4061 videntur
1413 4007 1618 4063 habere
1667 4015 2018 4064 concurrant.

422 4091 579 4146 Unde
608 4092 806 4163 placuit
861 4109 985 4148 eum
1033 4093 1101 4148 de
1143 4094 1349 4150 honore
1397 4096 1734 4165 pracellere,
1789 4104 1842 4151 et
1888 4095 2022 4150 nihil

421 4179 653 4249 amplius
682 4189 878 4251 praeter
908 4197 1034 4238 eum
1082 4191 1309 4239 caeteros
1355 4184 1645 4256 episcopos
1686 4200 1875 4256 agere,
1928 4200 2020 4239 se-

420 4268 658 4323 cundum
687 4269 962 4342 antiquam
989 4287 1020 4324 a
1048 4271 1293 4342 patribus
1335 4272 1539 4327 nostris
1587 4272 1836 4344 regulam
1883 4288 2020 4328 con-

422 4356 676 4422 stitutam,
738 4358 843 4412 nisi
886 4375 948 4413 ea
991 4366 1204 4414 tantum
1257 4377 1377 4431 quae
1425 4361 1492 4414 ad
1539 4375 1696 4416 suam
1742 4360 2022 4416 dimcesim

2119 3212 2396 3286 parochias
2422 3212 2652 3283 praefata
2679 3212 2997 3268 auctoritate
3024 3211 3300 3283 precipio,
3335 3219 3392 3265 ut
3424 3219 3476 3266 et
3505 3211 3560 3264 in
3588 3211 3717 3264 mis-

2120 3317 2303 3355 sarum
2359 3301 2837 3370 celebrationibus,
2893 3308 2946 3355 et
2983 3301 3037 3355 in
3076 3299 3288 3356 caeteris
3327 3297 3536 3368 ofﬁciis,
3600 3305 3714 3353 tam

2121 3389 2346 3455 diurnis,
2381 3404 2546 3460 quam
2575 3389 2876 3457 nocturnis,
2910 3397 2963 3444 et
2991 3392 3046 3442 in
3074 3387 3452 3444 distributione
3509 3402 3712 3443 secun-

2121 3476 2251 3531 dum
2281 3477 2626 3532 traditionem
2659 3477 2872 3532 Domini
2901 3484 3378 3531 sacramentorum.
3413 3475 3715 3531 caelestium

2120 3565 2374 3621 fratribus
2404 3574 2458 3622 et
2485 3565 2702 3637 p0pulis
2733 3565 3099 3631 consulendis,
3134 3565 3232 3620 sed
3263 3572 3316 3620 et
3344 3565 3400 3618 in
3429 3564 3714 3635 baptizan-

2122 3653 2207 3709 dis
2235 3655 2494 3726 parvulis,
2530 3663 2582 3710 et
2611 3654 2667 3708 in
2697 3653 3058 3724 suscipiendis
3087 3654 3155 3709 ad
3181 3653 3552 3724 paenitentiam
3579 3652 3712 3708 indi-

2121 3744 2397 3814 gentibus,
2431 3744 2559 3798 etin
2591 3742 2977 3799 subveniendis
3005 3742 3200 3799 viatico
3237 3758 3462 3797 munere
3515 3757 3716 3798 secun-

2123 3833 2252 3887 dum
2283 3847 2470 3888 sacros
2502 3847 2740 3888 canones
2769 3831 3116 3902 obeuntibus,
3175 3838 3228 3886 et
3281 3829 3337 3885 in
3388 3830 3718 3901 sepeliendis

2121 3921 2369 3990 mortuis,
2432 3921 2549 3976 sine
2603 3920 2716 3976 ulla
2767 3920 3145 3996 retractatione
3201 3927 3293 3974 aut
3355 3919 3715 3992 negligentia,

2123 4017 2377 4081 quantum
2408 4009 2608 4080 patitur
2625 4011 2865 4064 humana
2893 4008 3184 4081 fragilitas,
3247 4009 3544 4063 secundum
3598 4015 3718 4062 tra-

2121 4098 2308 4154 mitem
2340 4113 2620 4154 sacrarum
2653 4097 3052 4166 Scripturarum
3081 4095 3539 4167 traditionemque
3593 4111 3718 4150 ma-

2119 4186 2309 4255 jbrum'
2331 4185 2511 4241 divina
2541 4185 2728 4239 munia
2757 4185 3107 4256 exsequendo
3137 4183 3398 4238 fratribus
3429 4191 3482 4238 et
3503 4183 3721 4254 populis

2122 4273 2413 4330 consulere
2442 4273 2702 4328 studeatis
2727 4291 2739 4326 :
2763 4272 2998 4328 scientes
3013 4287 3111 4328 vos
3131 4271 3387 4326 ordinum
3407 4278 3717 4326 vestrorum

2122 4362 2392 4418 sustinere
2415 4362 2704 4430 jacturam,
2738 4361 2784 4416 si
2815 4361 3052 4417 confessi
3081 4367 3174 4416 aut
3200 4359 3525 4432 regulariter
3578 4374 3716 4414 con-

417 4445 689 4514 pertinent
731 4447 1224 4520 possessionesque
1266 4449 1558 4517 subjectas.
1633 4449 2020 4521 Unusquisque
2046 4438 2100 4499 D
2121 4451 2250 4507 victi
2281 4450 2488 4506 fueritis
2517 4451 2587 4505 de
2616 4450 2985 4521 proximorum
3016 4466 3117 4522 per
3143 4456 3381 4505 vestram
3424 4447 3717 4519 negligen-

415 4531 560 4587 enim
603 4533 892 4606 episcopus
941 4535 1138 4591 habeat
1191 4553 1304 4592 suae
1348 4537 1626 4607 parochim
1694 4545 2022 4608 potestatem

418 4628 479 4675 ut
507 4630 660 4694 regat
685 4623 839 4691 juxta
869 4624 1231 4679 reverentiam
1251 4625 1481 4696 singulis
1497 4633 1896 4696 competentem
1913 4645 1927 4695 ;
1947 4635 2019 4697 et,

421 4711 820 4780 providentiam
849 4720 1005 4783 gerat
1033 4713 1210 4768 omnis
1239 4714 1604 4784 possessionis
1635 4731 1756 4786 quae
1773 4715 1874 4770 sub
1904 4716 2022 4784 ejus

423 4805 506 4852 est
534 4805 798 4868 potestate
823 4817 837 4853 :
868 4800 945 4855 ita
974 4809 1031 4855 ut
1057 4802 1406 4873 presbyteros
1428 4812 1479 4858 et
1501 4803 1760 4859 diacanos
1784 4803 2016 4869 ordinet,

421 4893 475 4940 et
505 4885 718 4957 singula
747 4903 848 4943 suo
871 4889 1077 4958 judicio
1099 4891 1542 4961 comprehendat.
1567 4892 1814 4962 Amplius
1837 4899 2022 4947 autem

415 4973 550 5026 nihil
569 4990 735 5046 agere
753 4983 922 5032 tentet
941 4985 1140 5047 praeter
1161 4978 1452 5034 antistitem
1465 4979 1962 5050 metropolitanum.
1993 5000 2015 5030 ι

419 5061 794 5131 Presbyteros,
820 5063 1012 5135 inquit,
1037 5073 1089 5120 et
1110 5065 1372 5122 diaconos
1392 5067 1673 5137 parochiae
1684 5084 1797 5123 suae
1815 5068 2020 5138 episco-

413 5165 517 5219 pus
529 5150 762 5221 ordinet,
789 5159 842 5206 et
853 5169 961 5208 non
983 5155 1284 5210 exordinet.
1310 5154 1450 5222 Quia
1471 5171 1608 5226 quos
1629 5156 1778 5210 solus
1800 5155 2019 5226 episco-

412 5253 517 5309 pus
536 5238 793 5294 ordinare
810 5248 1008 5311 potest,
1035 5243 1182 5298 solus
1199 5242 1302 5296 nisi
1326 5251 1383 5296 ut
1400 5245 1695 5299 venerandi
1731 5243 2021 5317 praefigunt

410 5340 647 5382 canones
675 5343 706 5382 a
735 5330 906 5384 sacris
937 5329 1129 5387 ofﬁciis
1162 5331 1489 5388 submovere
1534 5332 1618 5386 vel
1683 5333 2020 5403 suspendere

413 5430 755 5487 nequaquam
802 5424 998 5487 potest.
1043 5421 1114 5474 Et
1159 5419 1395 5492 singula,
1448 5419 1642 5491 inquit,
1686 5435 1797 5477 non
1835 5428 2018 5476 autem

412 5504 686 5573 generalia
715 5521 816 5562 suo
837 5506 1043 5576 judicio
1073 5507 1522 5581 comprehendat,
1555 5524 1718 5580 quem
1767 5509 2018 5568 convenit

2122 4539 2269 4606 tiam,
2299 4539 2447 4611 quod
2475 4539 2634 4605 absit,
2667 4539 2928 4610 periculo.
2957 4539 3014 4594 Si
3039 4547 3236 4607 autem,
3273 4538 3419 4609 quod
3467 4552 3576 4592 non
3634 4542 3719 4590 est

2123 4628 2480 4698 credendum,
2514 4627 2682 4684 frater
2711 4636 2762 4684 et
2791 4628 3150 4699 coepiscopus
3179 4634 3363 4682 noster
3391 4625 3718 4681 Hincmarus

2123 4734 2450 4789 quocunque
2503 4725 2749 4788 tempore
2803 4717 3109 4787 cuicunque
3147 4715 3234 4770 vel
3301 4714 3717 4786 quibuscunque

2121 4815 2364 4864 vestrum
2393 4821 2494 4877 pro
2523 4807 2626 4862 hoc
2665 4806 2792 4877 quia
2839 4805 2955 4873 ejus
3002 4803 3248 4858 illicitam
3290 4801 3717 4874 praeceptionem

2119 4911 2228 4950 non
2275 4894 2622 4961 observastis,
2671 4901 2859 4950 contra
2895 4892 3112 4964 regulas
3150 4891 3207 4946 in
3253 4891 3475 4964 antiquo
3505 4892 3716 4962 fecerit,

2121 4984 2423 5040 secundum
2451 4999 2641 5040 sacros
2670 4997 2910 5038 canones
2939 4981 3010 5036 ad
3048 4981 3396 5052 metropolim
3451 4989 3713 5046 vestram,

2120 5072 2208 5129 vel
2235 5073 2302 5127 ad
2333 5071 2665 5143 provinciale
2695 5069 2984 5127 concilium
3014 5069 3106 5142 qui
3136 5069 3300 5126 laesos
3334 5086 3394 5126 se
3432 5069 3716 5126 existima-

2117 5160 2294 5218 verint
2325 5160 2583 5216 festinent
2613 5175 2898 5216 recurrere
2922 5179 2936 5226 ;
2973 5167 3032 5214 ut
3060 5159 3207 5231 quod
3235 5175 3528 5230 perperam
3583 5158 3712 5224 illis,

2121 5251 2269 5321 quod
2299 5251 2444 5305 Deus
2473 5249 2637 5320 longe
2683 5247 2865 5314 faciat,
2926 5247 3087 5305 fuerit
3140 5248 3460 5322 irrogatam,
3523 5247 3718 5319 synodi

2122 5337 2329 5408 experti
2359 5353 2591 5393 examen
2621 5337 2861 5395 debitam
2891 5345 2945 5394 et
2973 5337 3350 5396 necessariam
3377 5336 3716 5395 emendatio-

2119 5442 2245 5483 nem
2295 5425 2610 5498 suscipiant.
