4174 6314
482 293 589 347 515

887 415 1230 473 HINCMARI
1266 416 1674 475 RHEMENSIS

1096 521 1169 561 AD
1197 518 1454 561 BUIDEM.

556 594 883 649 Hmananus
930 594 1265 650 Rhemorum
1331 594 1618 665 episcopus
1672 592 1871 650 dilecto
1920 591 2078 648 fratri

487 682 783 737 Hmamno
814 682 1161 737 Laudunensi
1182 681 1510 753 coepiscOpo
1538 688 1725 736 nostro
1751 681 2008 736 salutem.

553 771 736 826 Pridie
756 769 877 825 Kal.
908 770 1093 825 Iunias
1118 770 1404 842 prasentis
1435 769 1692 825 secunda
1765 768 2078 824 indictionis

482 859 630 914 misit
656 859 728 914 ad
755 874 844 915 me
872 875 1008 931 grex
1037 857 1412 913 Laudunensis
1433 856 1679 913 ecclesia
1708 871 1808 928 per
1863 856 2076 930 legatos

486 963 636 1016 suos,
668 962 900 1018 quorum
928 946 1149 1002 nomina
1177 946 1381 1017 scripta
1408 945 1691 1010 habemus,
1722 944 1963 1000 oblatam
1981 961 2079 1017 pe-

486 1035 749 1101 titionem,
782 1036 837 1090 in
868 1050 975 1106 qua
1001 1035 1142 1090 inter
1169 1041 1365 1090 caetera
1393 1033 1701 1089 continetur
1733 1050 1746 1086 :
1780 1034 1921 1088 Dum
1973 1048 2077 1087 xm

488 1124 610 1179 Kal.
644 1123 808 1178 Maias
821 1123 967 1179 idem
996 1130 1181 1194 pastor
1230 1128 1416 1177 noster
1470 1121 1525 1175 in
1578 1128 1762 1177 monte
1816 1122 2078 1177 Lauduno

485 1211 545 1267 in
575 1227 669 1266 sua
697 1211 908 1282 synodo
931 1211 1000 1267 de
1027 1209 1376 1281 perplurimis
1401 1209 1721 1264 utilitatibus
1742 1225 1856 1266 sua
1875 1218 2078 1267 sancta

486 1299 748 1356 Ecclesia
776 1299 1076 1355 ordinando
1105 1306 1159 1353 et
1179 1296 1550 1353 emeliorando
1598 1298 1848 1368 quadam
1895 1298 1952 1352 in
1997 1298 2076 1353 eis

484 1387 1058 1460 disputaret,'occurrit
1084 1402 1186 1458 pro
1216 1401 1474 1443 successu
1499 1394 1808 1457 temporum
1828 1388 2079 1458 quadam

485 1492 618 1549 pars
645 1477 886 1546 ejusdem
914 1474 1313 1547 disputationis,
1345 1490 1447 1546 pro
1478 1491 1587 1547 qua
1627 1474 1757 1546 quia
1796 1474 2081 1532 ordinandi

484 1581 670 1621 rerum
699 1564 1194 1621 ecclesiasticarum
1220 1570 1463 1635 potestas
1494 1562 1563 1618 ab
1591 1578 1676 1629 eo,
1710 1578 1833 1619 cum
1884 1564 1973 1633 jus
2029 1572 2082 1619 et

485 1653 574 1709 lex
605 1668 876 1710 canonum
898 1652 1140 1722 jubendo
1167 1651 1434 1724 pracipit,
1466 1659 1526 1706 ut
1537 1651 1829 1723 episcopus
1848 1667 1937 1707 res
1967 1668 2082 1708 sua

1400 289 1744 349 HINCMABI
1795 286 2212 349 RHEMENSlS.
2252 290 2800 351 ARCHIEPISCOPI.

3663 298 3767 356 516

2106 414 2165 475 Α
2182 415 2588 474 reconciliando
2618 432 2742 474 cum
2768 417 2963 476 viatico
2990 433 3217 477 munere
3241 420 3619 492 paenitentiam
3662 439 3768 494 pe-

2180 511 2375 572 tentes,
2409 506 2725 577 sepeliendo
2781 514 3066 575 mortuos;
3123 523 3251 565 cum
3287 510 3502 580 penitus
3552 510 3624 565 ab
3681 510 3769 566 his

2176 592 2430 647 omnibus
2457 594 2717 663 prohibiti
2746 594 2935 650 simus.
2974 615 2996 644 κ
3031 597 3102 651 Et
3127 595 3291 668 paulo
3319 606 3444 669 post
3473 614 3486 652 :
3524 619 3548 649 (ι
3587 601 3645 654 ln
3668 613 3769 669 pa-

2176 680 2359 735 rochia
2383 689 2570 737 nostra
2598 682 2677 737 uti
2709 681 2921 749 debeat,
2954 697 3024 739 an
3051 699 3179 751 non,
3215 693 3271 741 et
3318 685 3545 758 reliqua.
3590 686 3768 756 Quam

2175 767 2468 824 novitatem
2496 784 2531 824 a
2559 770 2761 827 saculo
2791 772 3056 829 hactenus
3086 773 3403 841 inauditam,
3438 773 3609 830 frater
3633 775 3769 831 cha-

2176 855 2411 927 rissime,
2444 857 2576 914 satis
2605 860 3028 916 contremiscens
3056 860 3333 930 exhorrui,
3383 862 3515 917 satis
3569 878 3768 935 super-

2176 960 2282 1016 que
2311 945 2477 1001 dolui.
2510 947 2664 1003 Unde
2694 957 2963 1020 augentur
2989 949 3121 1004 mihi
3177 949 3434 1021 lacryma
3466 968 3480 1005 :
3530 952 3770 1024 gemitus

2177 1048 2237 1087 se
2264 1031 2321 1088 in
2348 1048 2472 1089 meo
2498 1035 2664 1090 corde
2692 1051 2803 1091 non
2828 1036 3065 1107 capiunt,
3098 1044 3258 1109 atque
3278 1053 3346 1093 ex
3366 1037 3555 1095 intimo
3587 1039 3769 1097 visce-

2175 1136 2299 1177 rum
2328 1121 2517 1178 dolore
2544 1123 2787 1193 peccatis
2815 1123 2952 1179 meis
2982 1132 3189 1196 reputo,
3225 1125 3373 1197 quod
3401 1134 3458 1182 tu
3478 1126 3608 1182 talia
3627 1126 3772 1184 ﬁlius

2175 1225 2332 1264 meus
2360 1209 2417 1265 in
2446 1217 2690 1281 tempore
2720 1212 2825 1268 isto
2854 1212 3109 1269 novitatis
3157 1215 3601 1286 praesumptione,
3649 1231 3770 1287 qua

2177 1295 2246 1352 de
2275 1298 2529 1369 superbia
2556 1299 2894 1355 descendere
2922 1301 3184 1367 noscitur,
3217 1302 3357 1374 agis,
3392 1302 3576 1373 qualia
3622 1319 3768 1359 nun-

2177 1400 2342 1456 quam
2395 1385 2541 1441 ullus
2591 1387 2971 1458 episcoporum
3008 1387 3206 1460 legitur
3240 1390 3677 1461 prasumpsisse.
3741 1411 3766 1442 ι

2176 1474 2318 1530 Nam
2347 1474 2487 1530 sicut
2514 1474 2570 1529 in
2600 1489 2760 1531 sacra
2788 1476 3027 1532 Historia
3055 1476 3253 1548 legitur
3287 1480 3525 1535 :Petrus
3545 1479 3769 1552 quidem

2177 1563 2506 1619 servabatur
2537 1563 2602 1618 in
2626 1579 2869 1630 carcere,
2913 1566 3093 1622 oratio
3123 1565 3296 1634 ﬁebat
3324 1568 3449 1622 sine
3483 1568 3773 1623 intermis-

2178 1652 2333 1707 sione
2345 1650 2412 1707 ab
2424 1652 2660 1708 ecclesia
2671 1652 3040 1725 adDeumpro
3079 1652 3294 1725 eo(Act.
3335 1654 3461 1726 xu).
3521 1655 3769 1711 Liberius

483 1741 751 1808 ecclesia,
785 1740 983 1813 quibus
1010 1739 1240 1797 voluerit
1268 1748 1322 1795 et
1350 1739 1624 1811 quomodo
1652 1739 1903 1806 voluerit,
1961 1740 2081 1795 dis-
2104 1762 2158 1824 Β
2177 1753 2336 1810 papa,
2354 1738 2583 1812 Vigilius
2599 1741 3004 1811 papa,Joannes
3020 1755 3180 1812 papa,
3196 1741 3543 1813 etpontiﬁces
3568 1750 3771 1800 sancta

485 1828 740 1901 ponendo
783 1828 1083 1900 dispenset,
1124 1827 1455 1895 auferretur,
1500 1827 1846 1899 perplurima
1890 1835 2082 1884 aucto-

484 1916 667 1973 ritates
698 1916 870 1973 sancti
891 1915 1033 1972 Petri
1062 1931 1549 1987 successorumque
1568 1918 1703 1987 ejus,
1729 1918 1927 1989 quibus
1948 1933 2084 1989 qua-

487 2006 614 2061 liter
640 2012 693 2061 et
722 2006 999 2077 quomodo
1028 2004 1156 2059 data
1173 2004 1219 2059 si
1235 2012 1482 2076 potestas
1503 2004 1709 2078 ligandi
1737 2013 1791 2061 et
1810 2004 2078 2072 solvendi,

488 2094 557 2149 ab
585 2092 778 2149 eodem
806 2100 1024 2164 pastore
1050 2101 1238 2148 nostro
1264 2092 1319 2148 in
1347 2093 1640 2164 prasentia
1668 2094 1834 2149 totius
1890 2094 2083 2166 synodi

485 2197 582 2238 eas
608 2180 906 2254 relegendo
934 2180 1170 2237 recitata
1199 2187 1342 2236 sunt.
1367 2179 1576 2249 Quibus
1592 2182 1852 2249 recitatis,
1871 2198 2084 2239 memor

486 2268 801 2340 iniuriarum
850 2285 1089 2338 suarum,
1144 2285 1265 2341 qua
1328 2269 1380 2325 ei
1444 2270 1711 2326 moderno
1775 2270 2084 2326 acciderant

486 2365 754 2430 tempore,
777 2358 926 2413 addit
956 2357 1103 2429 quod
1130 2356 1440 2413 immineret
1468 2364 1683 2429 tempus
1729 2359 2083 2430 comprovin-

483 2446 636 2504 cialis
663 2446 877 2517 synodi,
910 2462 1030 2518 qua
1057 2445 1113 2499 in
1142 2445 1428 2501 Vermeria
1448 2447 1645 2516 palatio
1689 2448 1845 2519 regio
1901 2464 1935 2503 a
1987 2463 2085 2505 vo-

487 2534 573 2590 bis
598 2534 904 2605 vestrisque
926 2532 1295 2606 suﬁ‘raganeis
1320 2549 1423 2588 vur
1452 2534 1574 2591 Kal.
1589 2535 1760 2591 Maias
1774 2536 1957 2591 habita
1977 2545 2081 2605 est,

486 2623 559 2679 ad
586 2638 748 2696 quam
775 2622 970 2679 vestris
997 2621 1192 2677 litteris
1223 2630 1480 2680 evocatus
1508 2623 1697 2680 libenti
1724 2624 1906 2680 animo
1983 2640 2084 2682 co-

486 2727 606 2767 ram
634 2711 885 2767 omnibus
912 2709 1193 2781 professus
1222 2717 1308 2766 est
1327 2726 1388 2766 se
1419 2711 1537 2767 sine
1549 2712 1656 2767 ulla
1671 2712 2084 2784 intercapedine

486 2815 930 2873 progressurum.
965 2799 1074 2855 Sed
1113 2798 1241 2871 quia
1282 2799 1539 2855 credebat
1583 2800 1640 2856 in
1681 2801 1802 2873 ipsa
1849 2803 2081 2874 synodo,

488 2888 633 2956 quod
659 2903 780 2944 mos
809 2886 956 2944 haud
985 2888 1230 2959 exposcit
1257 2888 1550 2945 canonicus
1578 2889 1817 2961 aliquam
1870 2889 2085 2947 violen-

486 2976 616 3033 tiam
646 2976 749 3032 sibi
777 2975 1064 3049 illegaliter
1091 2983 1144 3031 et
1169 2984 1362 3032 contra
1388 2976 1543 3049 leges
1573 2992 1838 3034 canonum
1862 2994 1894 3033 a
1951 2995 2086 3051 quo-

488 3079 702 3137 cunque
729 3064 866 3134 ﬁeri,
928 3079 1181 3120 sermone
1218 3065 1604 3122 contestatorio
1658 3074 1713 3121 et
1766 3067 2083 3123 auctoritate

2181 1828 2440 1883 Romana
2467 1827 2730 1884 Ecclesia
2757 1828 2815 1884 in
2842 1828 3091 1884 exsilium
3119 1829 3293 1897 missi,
3326 1838 3379 1885 et
3407 1831 3628 1903 quidam
3672 1846 3772 1888 eo-

2181 1931 2301 1971 rum
2331 1930 2546 1971 carcere
2574 1916 2818 1972 conclusi
2847 1916 3065 1972 fuerunt
3096 1935 3110 1972 :
3155 1918 3479 1975 Athanasius
3528 1919 3772 1975 Alexan-

2182 2003 2356 2060 drina
2384 2005 2640 2060 secunda
2667 2005 2814 2060 sedis
2842 2005 3151 2076 episcopus,
3183 2014 3234 2062 et
3263 2014 3479 2063 sanctus
3526 2007 3772 2063 Meletius

2181 2091 2533 2148 Antiochena
2559 2092 2735 2149 tertia
2762 2092 2910 2148 sedis
2940 2093 3247 2166 episcopus,
3283 2102 3338 2150 et
3368 2095 3600 2168 Cyrillus
3640 2097 3773 2153 Hie-

2181 2180 2605 2252 rosolymitanus
2650 2182 2957 2253 episcopus,
3014 2184 3253 2239 Joannes
3282 2184 3773 2257 Constantinopoli-

2181 2276 2341 2325 tanus
2371 2269 2683 2340 episcopus,
2753 2270 3010 2326 Paulinus
3046 2272 3397 2328 Treverensis
3463 2273 3771 2345 episcopus,

2183 2365 2402 2414 sanctus
2440 2357 2676 2413 Hilarius
2713 2358 3069 2414 Pictaviensis
3133 2360 3440 2431 episcopus,
3508 2361 3776 2417 Eusebius

2182 2445 2548 2502 Vercellensis
2575 2445 2866 2517 episcopus
2893 2447 2962 2503 de
2988 2448 3262 2519 parochiis
3288 2448 3403 2504 suis
3449 2449 3668 2505 abducti
3723 2455 3777 2504 et

2182 2532 2240 2589 in
2267 2534 2516 2590 exsilium
2545 2534 2697 2590 missi
2726 2533 2964 2603 fuerunt,
2996 2543 3051 2591 et
3080 2535 3188 2591 tale
3217 2536 3346 2607 quid
3393 2551 3580 2610 agere,
3638 2536 3778 2593 sicut

2184 2621 2364 2694 egisti,
2396 2637 2507 2678 non
2535 2631 3015 2694 prasumpserunt.
3048 2625 3245 2679 Beatus
3274 2624 3594 2681 Ambrosius
3612 2623 3669 2679 in
3690 2640 3778 2680 ec-

2185 2709 2353 2766 clesia
2404 2710 2803 2767 Mediolanensi
2854 2712 3066 2767 Justina
3102 2712 3350 2768 haretica
3434 2712 3775 2784 imperatrice

2182 2797 2552 2870 pracipiente,
2612 2798 2923 2866 conclusus,
2957 2807 3011 2855 et
3055 2800 3279 2856 armatis
3309 2799 3459 2857 circa
3487 2800 3776 2857 ecclesiam

2184 2885 2575 2942 excubantibus
2605 2886 2883 2953 obsessus,
2916 2895 2969 2943 et
3012 2895 3266 2959 carpento
3300 2888 3479 2960 posito
3513 2896 3636 2945 ante
3682 2903 3777 2944 os-

2183 2973 2337 3045 tium,
2369 2989 2476 3046 quo
2505 2973 2561 3029 in
2591 2974 2839 3031 exsilium
2868 2976 3192 3043 traheretur,
3226 2976 3460 3031 animam
3491 2992 3643 3032 suam
3690 2984 3777 3032 te-

2184 3078 2320 3119 nens
2349 3062 2406 3117 in
2429 3063 2679 3119 manibus
2710 3063 2843 3132 suis,
2879 3064 3010 3136 quid
3038 3064 3147 3120 tale
3168 3079 3278 3120 non
3306 3065 3434 3136 egit.
3451 3064 3778 3137 Rigobertus

487 3117 667 3210 5.13.;
679 3117 866 3222 iga:
882 3117 1029 3225 quod
1042 3117 1098 3208 si
1114 3117 1176 3210 2i
1203 3117 1423 3209 agar.
1436 3117 1614 3210 ani
1645 3117 2081 3227 magna;
2112 3117 2162 3182 Ο
2182 3117 2531 3204 manus
2546 3117 2843 3220 episcopus,
2863 3117 3437 3206 caaeii'aoiaa"';
3452 3117 3622 3205 13d;
3639 3117 3780 3204 "3;;

488 3244 727 3309 beretur,
765 3249 860 3298 aut
887 3241 1005 3313 ipse
1034 3248 1223 3313 captus
1251 3241 1601 3310 obtineretur,
1643 3258 1834 3299 omnes
1891 3259 2079 3301 sacer-

486 3332 644 3388 dotes
669 3331 833 3388 totius
862 3330 1138 3401 parochia
1166 3346 1281 3385 sua
1308 3330 1603 3404 colligavit,
1635 3340 1693 3387 ut
1706 3348 1869 3389 nemo
1889 3349 2080 3389 eorum

486 3420 543 3475 in
571 3434 638 3476 ea
666 3418 986 3476 sacerdotali
1027 3418 1326 3473 ministerio
1375 3419 1562 3474 tandiu
1608 3427 1867 3487 uteretur,
1908 3437 2083 3494 usque

486 3507 618 3563 dum
644 3507 737 3563 ille
764 3506 883 3578 ipse
910 3506 1198 3563 nobiscum
1226 3507 1418 3562 iterum
1446 3507 1570 3581 viva
1588 3522 1723 3564 voce
1740 3508 2078 3581 loqueretur,

486 3604 579 3652 aut
596 3575 801 3653 littera
809 3611 876 3652 ex
890 3595 1008 3667 ipsa
1024 3603 1210 3652 sancta
1229 3596 1360 3651 sede
1373 3575 1515 3651 beati
1527 3596 1673 3651 Petri
1681 3575 1913 3668 apostoli
1925 3575 2083 3653 nobis

486 3684 850 3741 mitterentur.
873 3683 993 3753 Quo
1023 3684 1182 3752 facto,
1211 3684 1359 3756 quod
1386 3692 1515 3741 tunc
1543 3700 1653 3740 non
1680 3685 1895 3753 accidit,
1937 3700 2084 3742 nunc

485 3772 544 3828 in
573 3773 789 3829 Silvaco
816 3772 1016 3843 palatio
1044 3772 1199 3844 regio
1227 3787 1284 3826 v.
1316 3772 1438 3827 Kal.
1461 3772 1650 3827 lunias
1677 3780 1959 3844 peractum
1979 3782 2079 3830 est.

488 3860 613 3930 Qua
637 3868 821 3917 tamen
837 3860 928 3916 die
947 3859 1265 3932 priusquam
1283 3860 1352 3915 ad
1367 3860 1547 3931 ipsum
1584 3860 1858 3918 Silvacum
1888 3879 2084 3933 perve-

485 3949 644 4016 niret,
677 3948 936 4021 prascius
981 3956 1219 4005 ventura
1258 3948 1529 4004 violentia
1567 3966 1680 4006 sua
1724 3950 1970 4022 pradixit
1999 3968 2086 4006 sa-

485 4036 695 4095 cerdoti
720 4045 904 4094 nostro
922 4037 1191 4095 Clarentio
1218 4037 1490 4109 simulque
1509 4038 1743 4095 diacono
1761 4040 2080 4108 Teutlando,

488 4134 549 4183 ut
573 4127 731 4183 nobis
758 4127 1141 4184 denuntiarent
1160 4143 1263 4200 per
1285 4125 1465 4184 omnia
1484 4142 1587 4183 nos
1606 4136 1938 4197 servaturos,
1963 4145 2086 4201 qua

487 4231 656 4273 causa
683 4232 904 4273 suarum
930 4217 1265 4287 injuriarum,
1296 4224 1349 4272 et
1378 4224 1438 4272 ut
1465 4215 1633 4272 satius
1661 4217 1928 4288 dicamus,
1986 4232 2086 4289 pro

487 4312 626 4362 statu
645 4313 959 4363 sanctarum
979 4305 1335 4362 ecclesiarum
1354 4305 1410 4360 in
1421 4305 1739 4377 prasaripta
1758 4306 1969 4377 synodo
1980 4320 2086 4360 xm

487 4394 610 4451 Kal.
643 4394 812 4451 Maias
843 4395 1097 4451 omnibus
1126 4393 1505 4450 sacerdotibus
1534 4410 1646 4450 sua
1673 4393 1950 4465 parochia
1977 4394 2084 4449 ob-

488 4499 712 4541 servare
742 4484 1058 4541 auctoritate
1089 4482 1263 4539 sancti
1289 4482 1436 4537 Petri
1455 4482 1572 4553 ipse
1622 4490 1973 4553 praoeperat.

556 4572 626 4628 Et
654 4580 780 4645 post
820 4570 1097 4645 aliquanta
1125 4589 1144 4626 :
1195 4592 1219 4621 ¢
1270 4568 1613 4641 Quapropter
1659 4570 1789 4642 quia
1829 4570 2085 4626 eumdem-

487 4660 769 4716 dominum
798 4668 1045 4717 nostrum
1074 4658 1225 4732 regia
1252 4665 1519 4729 potestate
1569 4665 1839 4715 retentum
1886 4666 1940 4713 et
1985 4675 2081 4714 re-

486 4748 699 4806 clusum
726 4750 850 4807 viva
876 4764 1012 4806 voce
1042 4747 1195 4803 adire
1220 4763 1331 4803 non
1359 4754 1693 4818 poteramus,
1748 4754 1801 4802 et
1828 4747 2082 4803 sacerdo-

486 4835 584 4892 tali
609 4837 916 4894 ministerio
944 4835 1203 4908 prohibiti
1233 4835 1304 4891 ab
1320 4850 1386 4892 eo
1407 4833 1513 4890 frui
1535 4850 1645 4890 non
1667 4834 2004 4891 audebamus
2020 4851 2083 4891 ιιι

486 4924 612 4981 Kal.
643 4925 835 4981 Iunias
862 4927 931 4981 ad
958 4925 1271 4998 capitolium
1301 4931 1553 4980 nostrum
1595 4924 1968 4992 convenimus,
2029 4933 2084 4981 et

485 5012 689 5069 ibidem
717 5014 993 5071 communi
1022 5012 1296 5085 colloquio
1326 5018 1685 5069 retractantes
1730 5019 1907 5068 ratum
1963 5012 2083 5070 fore

485 5101 759 5173 duximus,
792 5109 851 5158 ut
879 5101 1081 5158 exinde
1109 5101 1395 5159 consilium
1420 5108 1618 5157 nostra
1649 5101 1836 5157 salutis
1864 5116 1899 5158 a
1927 5117 2085 5160 sacra

482 5192 809 5264 paternitate
836 5191 1086 5247 almitatis
1114 5199 1312 5247 vestra
1343 5189 1620 5247 humiliter
1636 5191 2082 5263 deposceremus,

483 5286 666 5336 utrum
694 5279 1049 5337 sacerdotalis
1077 5278 1361 5335 ministerii
1379 5278 1554 5336 oﬂicio
1576 5279 1776 5337 missas
1795 5280 2085 5337 celebran-

483 5369 575 5438 do,
616 5377 672 5426 et
707 5370 931 5426 domino
967 5384 1070 5441 pro
1106 5367 1419 5439 receptione
1480 5370 1716 5441 pastoris
1781 5370 1959 5426 nostri
2021 5384 2087 5426 ac

485 5459 762 5518 communi
789 5459 1017 5514 utilitate
1044 5457 1209 5513 totius
1245 5464 1446 5515 sancta
1499 5458 1765 5516 Ecclesia
1820 5456 2089 5514 sacriﬁcia

486 5546 788 5620 offerendo,
820 5547 1142 5621 baptizando
1188 5561 1409 5619 pueros,
1476 5546 1749 5606 visitando
1813 5545 2082 5614 inﬁrmos,

2183 3235 2461 3307 expulsus,
2493 3243 2547 3292 et
2573 3236 2631 3291 in
2652 3237 2983 3308 proprietate
3011 3252 3110 3292 sua
3137 3253 3247 3293 non
3276 3237 3441 3309 longe
3473 3237 3542 3292 ab
3585 3237 3779 3294 eadem

2182 3324 2318 3380 urbe
2345 3340 2470 3380 cum
2499 3340 2704 3398 magna
2730 3324 3031 3397 indigentia
3057 3325 3301 3396 pluribus
3333 3325 3491 3381 annis
3530 3326 3778 3381 residens

2184 3413 2391 3484 deguit,
2426 3413 2523 3470 sed
2550 3414 2683 3485 quid
2711 3413 2820 3469 tale
2848 3430 2973 3471 cum
3004 3413 3341 3487 coepiscopis
3370 3414 3483 3470 suis
3511 3429 3622 3470 non
3643 3414 3776 3486 egit.

2183 3501 2420 3557 Fuerunt
2447 3501 2609 3557 etiam
2637 3502 2728 3557 alii
2757 3509 2947 3558 nostra
2974 3510 3133 3559 atate
3162 3517 3227 3559 ac
3248 3509 3489 3573 tempore
3509 3518 3540 3557 a
3559 3502 3779 3558 sedibus

2184 3589 2297 3645 suis
2324 3605 2427 3661 pro
2455 3589 2684 3647 diversis
2713 3590 2893 3647 causis
2921 3590 2991 3646 ad
3034 3597 3249 3662 tempus
3294 3590 3522 3661 expulsi,
3558 3588 3779 3663 quidam

2183 3677 2345 3734 etiam
2372 3678 2867 3750 irrecuperabiliter
2894 3679 3112 3749 abjecti,
3144 3686 3197 3735 et
3224 3679 3332 3734 tale
3364 3678 3493 3752 quid
3521 3694 3632 3735 non
3651 3695 3779 3752 ege-

2184 3774 2345 3833 runt;
2377 3767 2715 3824 attendentes
2744 3767 2846 3823 sibi
2876 3768 3079 3823 dixisse
3108 3767 3446 3842 Apostolum,
3476 3775 3530 3825 et
3549 3783 3616 3824 ex
3652 3782 3782 3839 pro-

2182 3854 2400 3927 phetico
2416 3854 2723 3912 testimonio
2743 3854 3097 3913 conﬁrmasse
3115 3874 3128 3910 :
3152 3857 3272 3913 Non
3288 3872 3381 3913 vos
3393 3856 3776 3928 defendentes,

2184 3944 2528 4014 charissimi,
2551 3944 2649 4001 sed
2665 3944 2794 4000 date
2815 3945 2999 4001 locum
3018 3945 3140 4001 ira.
3169 3945 3457 4017 Scriptum
3479 3948 3567 4000 est
3603 3946 3776 4000 enim.

2187 4032 2319 4088 Mihi
2334 4032 2603 4102 vindicta,
2623 4048 2718 4104 ego
2737 4034 3069 4103 retribuam,
3107 4032 3252 4089 dicit
3280 4034 3560 4090 Dominus
3596 4033 3775 4104 (Rom.

2185 4134 2269 4175 xu
2293 4121 2486 4186 ;Hebr.
2517 4136 2595 4188 x;
2628 4123 2854 4178 Deuter.
2885 4120 3094 4193 χχχιι).
3127 4122 3195 4176 Et
3224 4120 3269 4174 si
3298 4120 3443 4176 enim
3495 4120 3644 4177 aliud
3694 4119 3783 4176 vel

2184 4208 2290 4264 hoc
2319 4216 2370 4264 te
2400 4208 2470 4264 ab
2499 4209 2601 4265 hac
2629 4210 3052 4281 prasumptione
3080 4208 3339 4265 cohibere
3368 4209 3653 4277 debuerat,
3710 4224 3781 4263 ne

2185 4297 2336 4352 solus
2365 4297 2494 4352 talia
2522 4297 2754 4366 faceres,
2790 4314 2912 4370 qua
2939 4312 3101 4353 nemo
3129 4297 3269 4353 alius
3298 4296 3424 4354 fecit
3457 4313 3470 4353 :
3503 4298 3639 4353 Cum
3654 4296 3780 4352 bea-

2185 4393 2273 4440 tus
2292 4386 2485 4441 Petrus
2506 4386 2785 4458 apostolus
2803 4385 2975 4442 dicat:
3009 4387 3179 4442 Nemo
3220 4389 3473 4442 vestrum
3523 4388 3783 4458 patiatur

2114 4471 2172 4535 D
2199 4476 2471 4546 tanquam
2496 4474 2798 4544 homicida,
2826 4478 2930 4530 aut
2958 4476 3076 4546 fur,
3102 4473 3524 4530 autmaledicus
3536 4473 3589 4546 (Ι
3623 4476 3777 4530 Petr.

2190 4565 2292 4625 IV).
2340 4562 2618 4634 Tanquam
2633 4561 2950 4631 maledicus,
2969 4562 3217 4634 inquiunt
3235 4561 3484 4618 catholici
3512 4562 3780 4627 doctores,

2180 4649 2400 4721 patitur,
2426 4651 2519 4723 qui
2546 4650 2939 4721 persecutionis
2968 4666 3082 4707 sua
3108 4658 3356 4722 tempore
3384 4649 3441 4705 in
3472 4650 3556 4705 sui
3586 4649 3781 4706 saltem

2182 4735 2379 4807 injuria
2406 4738 2773 4811 persecutoris
2795 4738 3109 4795 eﬁ'renatur.
3143 4740 3214 4794 Et
3254 4738 3386 4794 item
3439 4738 3588 4795 idem
3643 4752 3781 4809 apo-

2184 4826 2450 4884 stolorum
2463 4827 2721 4898 princeps
2739 4826 2869 4884 dicit
2893 4845 2906 4881 :
2930 4828 3186 4885 Christus
3192 4844 3400 4901 passus
3421 4832 3507 4883 est
3538 4844 3642 4901 pro
3678 4842 3782 4884 no-

2185 4916 2284 4983 bis,
2292 4916 2439 4973 vobis
2449 4916 2776 4988 relinquens
2789 4917 3208 4989 exemplum,ut
3217 4918 3539 4990 sequamini
3552 4932 3640 4973 ves
3648 4917 3784 4987 tigia

2185 5008 2306 5075 ejus
2324 5023 2344 5060 :
2355 5006 2454 5079 qui
2461 5009 2757 5077 peccatum
2768 5022 2884 5062 non
2899 5006 3041 5077 fecit
3049 5020 3154 5062 nec
3167 5006 3434 5062 inventus
3447 5009 3535 5061 est
3545 5005 3703 5062 dolus
3720 5006 3783 5059 in

2185 5110 2279 5151 ore
2303 5096 2444 5166 ejus,
2477 5094 2575 5166 qui
2606 5111 2737 5150 cum
2764 5095 3204 5151 malediceretur
3240 5110 3357 5151 non
3393 5093 3777 5160 maledicebat,

2185 5199 2316 5239 cum
2350 5186 2645 5254 pateretur
2677 5199 2793 5239 non
2809 5183 3297 5249 comminabatur;
3320 5182 3577 5238 tradebat
3591 5185 3783 5237 autem

2184 5270 2471 5339 iudicanti
2488 5287 2547 5327 se
2556 5271 2770 5343 injuste
2781 5272 2992 5343 (IPetr.
3007 5272 3090 5341 ιι).
3106 5271 3382 5328 Tradebat
3393 5278 3592 5337 autem,
3609 5277 3783 5325 etnon

2188 5358 2690 5416 excommunicabat
2716 5375 2896 5432 neque
2924 5359 3301 5416 maledicebat.
3327 5360 3397 5414 Et
3412 5358 3612 5413 Paulus
3643 5371 3781 5428 apo-

2189 5446 2361 5502 stolus
2372 5446 2519 5505 dicit:
2533 5449 2760 5505 Nemini
2770 5449 2883 5505 dan
2890 5452 2970 5506 tes
2985 5449 3168 5505 ullam
3179 5448 3567 5520 o/Tensionem,
3588 5449 3655 5502 ut
3669 5460 3783 5503 non

2190 5546 2545 5619 vituperetur
2562 5547 2952 5604 ministerium
2978 5551 3273 5616 nostrum;
3298 5546 3393 5603 sed
3418 5544 3484 5601 in
3518 5542 3781 5604 omnibus
