4174 6300
364 222 463 276 517

1031 217 1274 277 OPUSC.
1335 218 1426 277 ET
1482 219 1697 277 EPIST.
1757 216 1832 275 IN
1887 214 2113 274 CAUSA
2168 214 2525 308 HINCMARI‘
2564 215 2872 276 LAUDUN.

3538 222 3644 276 518

365 344 724 400 θωὴίὺεατηιις
739 346 1109 414 nosmetipsos
1127 347 1386 402 εἱστιιῦθί
1401 347 1784 411 ministros,in
1801 343 1950 399 mul—
1977 341 2034 402 A
2055 340 2153 395 Sed
2182 339 2288 394 illis
2332 341 2567 396 maxime
2623 359 2746 397 esse
2801 343 3063 398 debemus
3110 343 3343 398 humiles
3378 358 3411 398 α
3459 341 3655 415 finibus

366 436 421 487 ta
440 433 744 503 patientia.
771 434 841 486 Et
887 435 1169 502 patientes
1191 438 1366 489 estote
1389 435 1460 490 ad
1481 451 1674 490 omnes
1695 435 1771 505 (ΙΙ
1821 435 1939 488 Cor.

365 520 439 588 vr)
457 520 521 573 Et
541 527 760 574 sanctus
772 519 1070 591 Gregorius
1089 521 1332 576 scribens
1353 523 1422 576 ad
1441 521 1753 576 Ianuarium
1775 521 1905 576 dicit
1929 537 1942 574 :

367 630 386 654 ιι
419 607 562 660 Inter
591 607 844 678 querelas
865 608 1212 678 multiplices,
1246 609 1438 681 inquit,
1465 610 1703 664 Isidorus
1723 610 1810 663 vir
1840 609 1947 664 cla-

362 694 623 749 ressimus
651 710 682 748 a
713 695 1052 750 fraternitate
1077 705 1166 751 tua
1186 697 1385 751 frustra
1415 714 1475 753 se
1503 698 1942 754 excommunica-

362 789 471 836 tum
525 783 1143 855 anathematizatumque
1214 793 1544 858 conquestus
1622 795 1722 841 est.
1787 785 1946 854 Quod

361 886 515 940 quam
544 870 616 924 ob
645 887 763 925 rem
794 871 996 926 factum
1025 871 1187 927 fuerit
1215 873 1346 928 dum
1387 889 1420 928 a
1452 874 1649 929 clerico
1695 883 1806 939 tuo,
1855 872 1947 945 qui

357 973 598 1029 prasens
628 967 762 1025 erat,
804 960 1167 1015 voluissemus
1206 961 1512 1028 addiscere,
1545 979 1646 1032 pro
1675 963 1823 1016 nulla
1844 961 1946 1016 alia

357 1061 512 1102 causa
533 1045 637 1100 nisi
651 1062 750 1117 pro
781 1062 846 1102 eo
874 1049 1019 1120 quod
1071 1055 1122 1104 te
1151 1049 1501 1118 injuriaverat
1549 1050 1746 1105 factum
1783 1049 1946 1104 inno-

356 1133 473 1188 tuit.
513 1131 646 1201 Qua
676 1151 766 1189 res
796 1151 897 1190 nos
926 1137 1275 1192 vehementer
1293 1137 1495 1192 afflixit.
1517 1137 1652 1206 Quia
1683 1138 1729 1191 si
1747 1137 1821 1192 ita
1843 1145 1943 1207 est,

355 1221 427 1275 nil
453 1230 504 1275 te
534 1222 775 1277 ostendis
805 1223 874 1277 de
901 1223 1210 1278 calestibus
1250 1225 1511 1298 cogitare,
1563 1226 1658 1281 sed
1679 1233 1946 1280 terrenam

353 1302 404 1363 te
450 1309 648 1364 habere
695 1311 1168 1366 conversationem
1199 1312 1510 1385 significas}
1556 1315 1684 1368 dum
1705 1330 1806 1384 pro
1835 1314 1948 1368 vin—
1982 1324 1990 1332 ’

353 1395 492 1452 dicta
520 1397 754 1468 propria
784 1397 1012 1467 injuria,
1048 1400 1192 1470 quod
1239 1401 1408 1456 sacris
1437 1401 1643 1472 regulis
1683 1403 1944 1473 prohibe-

357 1492 460 1552 tur,
489 1485 930 1541 maledictionem
959 1489 1319 1543 anathematis
1340 1489 1619 1544 invexisti.

421 1594 442 1618 ιι
470 1573 515 1628 U
528 1573 635 1627 nde
660 1573 728 1628 de
742 1582 940 1630 catero
962 1575 1182 1630 omnino
1205 1583 1325 1632 esto
1345 1576 1768 1649 circumspectus
1784 1584 1945 1650 atque

2043 428 2226 500 aliqua
2254 429 2504 499 patimur.
2535 451 2556 479 ι
2582 430 2868 484 Psalmista
2893 431 3022 487 dicit
3055 449 3068 485 :
3109 433 3235 488 Vide
3263 433 3653 488 humilitatem

2042 517 2304 572 meamde
2322 518 2574 572 inimicis
2590 520 2728 573 meis
2755 516 3040 588 (Psalax).
3071 521 3136 573 Et
3165 520 3233 573 ad
3265 519 3648 576 Maximianum

2046 604 2364 675 episcopum
2390 604 2594 660 scribit:
2633 629 2655 652 α
2695 607 3048 676 Frequenter,
3081 607 3349 678 inquiens,
3403 624 3490 662 me
3545 608 3649 662 ad-

2045 693 2323 748 monuisse
2354 709 2452 748 vos
2482 693 2686 759 recolo,
2719 701 2777 748 ut
2807 693 2860 747 in
2877 692 3204 763 proferenda
3221 696 3488 750 sententia
3525 711 3650 751 esse

2045 780 2348 850 pracipites
2366 781 2671 836 nullatenus
2692 781 2983 836 deberetis.
3043 804 3066 830 »
3099 782 3169 836 Et
3197 783 3266 837 ad
3323 784 3650 838 Marcianum

2042 867 2189 932 dicit,
2226 868 2352 938 quia
2382 869 2559 923 nullus
2589 870 2706 924 sine
2737 869 3049 942 cognitione
3079 871 3420 925 damnandus
3472 880 3575 927 est.

2119 955 2438 1011 Continetur
2468 955 2630 1011 etiam
2659 958 2715 1011 in
2742 957 2964 1028 prafata
2991 959 3249 1028 petitione
3287 959 3356 1012 ab
3413 959 3650 1016 ecclesia

2045 1044 2391 1099 Laudunensi
2421 1045 2704 1116 exiguitati
2741 1061 2878 1102 mea
2934 1047 3135 1115 oblata,
3196 1055 3248 1102 te
3309 1048 3652 1118 prohibuisse

2043 1131 2176 1184 nulli
2204 1133 2660 1201 communionem,
2712 1150 2816 1190 nec
2861 1135 3024 1189 etiam
3092 1135 3318 1192 obeunti
3405 1135 3649 1190 ultimam

2044 1218 2435 1289 poenitentiam,
2460 1221 2548 1275 vel
2579 1222 2835 1278 viaticum
2875 1239 3072 1277 munus
3129 1223 3185 1277 in
3243 1223 3506 1294 parochia
3559 1231 3650 1278 tua

2046 1307 2224 1373 tribui,
2253 1307 2464 1362 nullum
2493 1309 2749 1365 infantem
2771 1311 2826 1364 in
2846 1311 3039 1366 eadem
3058 1312 3320 1382 parochia
3363 1311 3643 1382 baptizari,

2045 1395 2253 1450 nullum
2285 1405 2558 1451 mortuum
2591 1399 2831 1469 sepeliri,
2901 1399 2947 1452 si
2976 1399 3072 1452 tibi
3101 1399 3322 1455 licentia
3353 1399 3516 1454 eundi
3546 1401 3648 1456 Ro-

2043 1499 2189 1537 mam
2235 1485 2742 1554 prohiberetur,aut
2763 1494 2953 1558 captus
2984 1487 3270 1554 tenereris;
3290 1504 3466 1558 usque
3515 1488 3647 1543 dum

2045 1579 2100 1625 tu
2120 1572 2238 1641 ipse
2254 1573 2375 1628 viva
2395 1590 2530 1630 voce
2545 1591 2668 1630 cum
2689 1576 2769 1630 eis
2789 1575 3107 1647 loquereris,
3135 1585 3226 1630 aut
3253 1576 3443 1632 littera
3463 1591 3496 1630 a
3513 1577 3646 1633 sede

346 1659 625 1728 sollicitus,
653 1669 705 1716 et
729 1662 854 1716 talia
872 1663 1124 1735 cuiquam
1144 1681 1247 1736 pro
1265 1664 1585 1721 defensione
1607 1666 1818 1736 injuria
1839 1675 1942 1721 tua
1970 1692 2024 1752 B
2045 1660 2345 1752 apostolica
2364 1662 2619 1752 ecclesia;
2640 1664 2989 1752 Laudunensi
3023 1663 3381 1719 mitterentur.
3413 1665 3482 1718 Et
3501 1665 3648 1720 unde

351 1747 546 1803 inferre
577 1749 758 1804 denuo
788 1766 897 1806 non
945 1768 1267 1822 prasumas.
1318 1755 1455 1808 Nam
1487 1755 1532 1809 si
1583 1754 1703 1810 tale-
1737 1754 1943 1826 aliquid

351 1836 549 1908 egeris,
583 1837 640 1890 in
668 1845 721 1892 te
751 1839 894 1893 scias
942 1848 1131 1910 postea
1187 1841 1598 1897 vindicandum.
1650 1843 1719 1897 Et
1762 1843 1942 1897 oblata

347 1923 477 1978 mihi
525 1925 714 1995 petitio
756 1927 1131 1983 Laudunensis
1178 1930 1426 1985 ecclesia
1472 1931 1611 1986 hanc
1649 1931 1940 1986 inauditam

344 2018 496 2066 antea
542 2015 1152 2071 excommunicationem
1201 2032 1364 2072 causa
1418 2017 1629 2086 injuria
1674 2027 1778 2074 tua
1821 2035 1852 2073 a
1890 2026 1942 2074 te

344 2099 659 2172 priusquam
687 2101 808 2172 ipsa
837 2102 1035 2171 injuria
1064 2104 1160 2158 tibi
1189 2104 1524 2176 irrogaretur
1565 2106 1941 2178 depromptam

338 2186 510 2243 fuisse
556 2189 922 2246 demonstrat.
979 2191 1113 2260 Qua
1148 2193 1313 2248 etiam
1365 2194 1639 2264 praterita
1691 2195 1942 2265 proxima

344 2276 631 2333 Doanica
657 2277 746 2333 die
769 2293 826 2333 xv
860 2279 1111 2335 videlicet
1154 2281 1282 2336 Kal.
1322 2281 1507 2336 Junias
1539 2283 1823 2352 prasentis
1854 2300 1944 2338 se-

343 2364 536 2420 cunda
555 2364 864 2422 indictionis
879 2367 1172 2423 missarum
1191 2370 1557 2426 celebratione
1576 2371 1941 2441 praetermissa

343 2451 399 2506 in
428 2452 775 2509 Laudunensi
799 2456 1079 2525 parochia,
1112 2457 1248 2527 proh
1293 2457 1485 2514 dolorl
1544 2459 1746 2514 exstitit
1775 2477 1938 2515 exse-

343 2547 486 2596 cuta.
541 2565 562 2588 n
596 2542 666 2596 Et
707 2543 837 2598 item
875 2552 1093 2600 sanctus
1125 2545 1423 2616 Gregorius
1453 2546 1509 2601 in
1555 2547 1776 2602 homilia
1819 2551 1888 2605 26
1923 2565 1936 2603 :

346 2648 368 2678 ι
388 2628 665 2697 Judicare,
687 2630 880 2701 inquit,
903 2633 1067 2704 digne
1096 2632 1166 2688 de
1195 2634 1425 2689 subditis
1454 2643 1749 2706 nequeunt,
1775 2636 1865 2707 qui
1883 2636 1940 2691 in

342 2715 685 2773 subditorum
713 2719 890 2774 causis
921 2735 1018 2775 sua
1047 2720 1136 2776 vel
1162 2722 1288 2776 odia
1316 2722 1402 2778 vel
1431 2723 1663 2794 gratiam
1693 2740 1937 2796 sequun-

343 2811 449 2859 tur.
485 2806 642 2862 Unde
669 2806 727 2861 ﬁt
755 2815 813 2861 ut
839 2807 958 2878 ipsa
1008 2809 1112 2865 hac
1141 2809 1346 2881 ligandi
1392 2827 1454 2866 ac
1485 2812 1733 2868 solvendi
1777 2821 1938 2884 pote-

341 2900 481 2948 state
512 2909 574 2948 se
602 2895 799 2965 privet,
831 2896 922 2966 qui
952 2897 1091 2953 hanc
1143 2914 1240 2969 pro
1289 2898 1402 2954 suis
1447 2901 1832 2969 voluntatibus,
1886 2910 1940 2956 et

236 2996 244 3003 ·
341 2996 449 3035 non
478 2997 580 3052 pro
611 2983 948 3038 subditorum
982 2986 1224 3041 moribus
1281 2997 1516 3044 exercet.
1577 2989 1736 3045 Unde
1790 2997 1938 3045 recte

335 3084 438 3139 per
468 3071 793 3141 prOphetam
819 3073 1020 3128 dicitur
1051 3075 1521 3147 :Magniﬁcabant
1551 3079 1778 3134 animas
1815 3095 1938 3151 qua

336 3173 452 3213 non
512 3160 862 3229 moriuntur,
898 3165 954 3216 et
980 3162 1340 3231 viviﬁcabant
1385 3167 1611 3221 animas
1671 3184 1792 3239 qua
1819 3183 1935 3223 non

334 3247 543 3301 vivunt
567 3246 790 3318 (Ezech.
819 3251 966 3319 xm).
997 3251 1122 3305 Non
1150 3252 1477 3308 morientem
1507 3254 1708 3324 quippe
1747 3255 1936 3309 morti-

333 3331 481 3401 ﬁcat,
518 3335 824 3406 quijustum
856 3337 1075 3392 damnat
1109 3357 1122 3406 ;
1183 3348 1236 3395 et
1289 3356 1398 3396 non
1437 3342 1709 3397 victurum
1763 3341 1936 3398 vivifi-

330 3436 461 3476 care
493 3422 702 3490 nititur,
740 3425 830 3496 qui
859 3442 1015 3480 reum
1045 3427 1308 3498 supplicio
1339 3429 1627 3485 absolvere
1685 3438 1930 3487 conatur.

338 3509 531 3566 Causa
561 3527 694 3584 ergo
725 3515 1023 3583 pensanda
1071 3523 1213 3586 sunt,
1243 3525 1295 3572 et
1336 3525 1464 3574 tunc
1517 3518 1724 3591 ligandi
1770 3527 1935 3591 atque

334 3598 590 3653 solvendi
659 3607 903 3671 potestas
980 3605 1303 3660 exercenda.
1365 3625 1388 3655 »
1474 3607 1573 3661 Cui
1641 3607 1936 3664 concordat

331 3693 583 3758 tempore
637 3689 808 3759 prior,
870 3691 967 3746 sed
1015 3692 1136 3748 loco
1197 3694 1469 3764 posterior
1522 3703 1746 3752 sanctus
1822 3698 1935 3752 Au-

325 3776 588 3846 gustinus
617 3776 673 3831 in
691 3777 828 3833 libro
864 3779 931 3834 de
961 3780 1312 3854 Poenitentiaj:
1342 3804 1363 3833 α
1397 3783 1600 3850 Noluit,
1659 3784 1930 3856 inquiens,

329 3863 618 3918 hominem
639 3865 709 3919 ab
728 3866 948 3923 homine
970 3868 1203 3937 judicari
1225 3885 1291 3924 ex
1323 3871 1547 3927 arbitrio
1583 3873 1929 3943 suspicionis,

325 3951 414 4007 vel
445 3953 615 4008 etiam
645 3956 1076 4013 extraordinario
1106 3966 1366 4029 usurpato
1382 3960 1609 4028 judicio,
1635 3962 1734 4016 sed
1750 3962 1930 4032 potius

323 4055 392 4094 ex
422 4041 555 4114 lege
581 4041 681 4097 Dei
711 4044 1011 4099 secundum
1041 4045 1292 4101 ordinem
1319 4048 1602 4115 Ecclesia,
1640 4049 1754 4104 sive
1785 4049 1930 4104 ultro

326 4130 668 4197 confessum,
701 4131 815 4187 sive
847 4142 1160 4190 accusatum
1189 4143 1352 4207 atque
1382 4137 1709 4193 convictum.
1774 4137 1930 4193 Unde

324 4233 427 4288 pro
450 4217 565 4273 tuis
597 4218 806 4289 injuriis
833 4235 945 4276 non
973 4222 1238 4278 debueras
1254 4225 1601 4296 presbyteros
1622 4240 1930 4282 excommu-

323 4303 518 4362 nicare
553 4306 622 4361 ab
668 4307 848 4364 ofﬁcio
904 4309 1218 4366 celebrandi
1277 4320 1525 4368 sanctum
1557 4313 1924 4380 sacrificium;

2043 1747 2205 1814 nosti,
2237 1748 2428 1816 frater,
2463 1749 2508 1804 si
2537 1750 2624 1806 vel
2645 1768 2818 1822 usque
2847 1751 2904 1806 in
2941 1752 3235 1808 crastinum
3264 1752 3446 1808 vives?
3496 1769 3642 1808 sem~

2039 1851 2138 1906 per
2165 1835 2391 1907 obligati
2424 1845 2586 1893 erunt
2615 1855 2752 1910 quos
2779 1840 3066 1895 decrevisti
3092 1839 3425 1913 ligari?Quo
3453 1849 3648 1896 contra

2039 1924 2232 1979 beatus
2262 1925 2565 1997 Gregorius
2601 1927 2732 1982 dicit
2767 1945 2778 1981 :
2813 1929 3016 1982 Durum
3060 1929 3260 2000 quippe
3309 1937 3413 1996 est,
3452 1937 3512 1984 ut
3552 1930 3646 2002 qui

2038 2013 2212 2068 nescit
2243 2019 2428 2068 tenere
2456 2015 2831 2071 moderamina
2859 2016 2981 2070 vita
3012 2033 3141 2084 sua,
3171 2017 3338 2086 judex
3367 2017 3490 2073 vita
3544 2017 3643 2072 fiat

2041 2100 2252 2156 aliena.
2292 2103 2359 2156 Et
2389 2102 2706 2174 plerumque
2723 2104 2987 2176 contingit
3006 2113 3063 2158 ut
3087 2105 3232 2160 hunc
3246 2105 3436 2173 judicii
3466 2105 3646 2162 locum

2039 2195 2238 2258 teneat,
2294 2190 2382 2246 cui
2406 2191 2476 2245 ad
2530 2191 2709 2247 locum
2764 2191 2878 2247 vita
2921 2192 3144 2248 minime
3203 2193 3501 2248 concordat
3535 2210 3548 2250 :
3580 2209 3648 2250 ac

2041 2293 2186 2347 sape
2217 2277 2395 2350 agitur
2408 2286 2466 2334 ut
2494 2279 2581 2334 vel
2613 2281 2832 2335 damnet
2860 2281 3184 2347 immeritos,
3217 2281 3308 2338 vel
3343 2281 3478 2336 alios
3525 2283 3644 2352 ipse

2038 2362 2239 2436 ligatus
2269 2366 2459 2422 solvat.
2495 2367 2684 2437 Igitur,
2720 2376 2982 2439 quantum
3013 2385 3079 2424 ex
3109 2377 3162 2424 te
3207 2378 3308 2438 est,
3341 2370 3459 2425 hac
3513 2385 3646 2425 cru-

2039 2452 2234 2508 delitas
2264 2461 2353 2508 tua
2375 2469 2591 2509 omnem
2605 2456 2986 2512 crudelitatem
3018 2457 3262 2512 omnium
3281 2473 3639 2528 paganorum,

2039 2546 2091 2594 et
2119 2555 2308 2595 omnes
2335 2543 2750 2613 persecutiones
2779 2544 3022 2600 omnium
3046 2552 3484 2616 persecutorum,
3518 2562 3641 2618 qua

2039 2627 2357 2684 Christianis
2385 2629 2550 2687 illata
2592 2630 2840 2698 fuerunt,
2902 2633 3187 2702 excedunt,
3250 2633 3466 2689 dicente
3522 2635 3642 2690 Do-

2037 2715 2184 2771 mino
2212 2718 2429 2774 :Nolite
2456 2721 2656 2774 timere
2684 2736 2774 2776 eos
2796 2722 3233 2792 quiocciderunt
3259 2739 3478 2794 corpus,
3508 2725 3643 2778 ani-

2038 2820 2193 2860 mam
2209 2809 2403 2861 autem
2419 2823 2535 2863 non
2560 2812 2797 2879 possunt
2827 2809 3077 2866 occidere
3113 2810 3333 2878 (Matth.
3349 2824 3389 2863 x
3401 2810 3441 2881 ).
3455 2810 3534 2865 Tu
3546 2825 3645 2866 au-

2038 2898 2168 2962 tem,
2208 2892 2394 2961 frater,
2419 2903 2676 2966 quantum
2707 2911 2772 2951 ex
2801 2903 2855 2952 te
2886 2904 2986 2965 est,
3037 2897 3273 2952 animam
3330 2906 3383 2952 et
3440 2913 3643 2970 corpus

2037 2979 2206 3035 mittis
2234 2981 2289 3036 in
2311 2983 2622 3054 gehennam
2653 3003 2668 3051 ;
2700 2993 2753 3039 et
2773 3001 2884 3040 non
2906 2985 3081 3040 solum
3110 2985 3235 3042 illos
3266 2999 3457 3042 omnes
3487 2987 3641 3044 occi-

1958 3041 2008 3105 C
2041 3068 2147 3135 dis,
2179 3041 2458 3140 quosuaine
2505 3041 2843 3142 baptismate,
2897 3080 2990 3128 aut
3042 3073 3160 3128 sine
3216 3074 3536 3144 paenitentia
3590 3083 3644 3132 et

2037 3159 2416 3213 communione
2446 3159 2514 3214 de
2545 3160 2648 3216 hoc
2679 3161 2880 3216 saculo
2901 3161 3058 3217 exire
3086 3162 3458 3232 pracipiendo
3478 3161 3636 3231 facis;

2037 3261 2227 3301 verum
2259 3254 2312 3301 et
2340 3263 2532 3302 omnes
2577 3248 2934 3320 presbyteros
2991 3265 3118 3306 reos
3174 3251 3367 3306 mortis
3421 3249 3640 3307 illorum

2037 3333 2224 3401 efﬁcis,
2265 3343 2425 3406 atque
2455 3335 2674 3391 illorum
2697 3337 2901 3405 judicio
2923 3337 3016 3409 qui
3051 3338 3165 3408 jam
3193 3337 3250 3392 in
3303 3338 3458 3394 calis
3516 3353 3642 3397 cum

2036 3422 2153 3477 Deo
2182 3431 2435 3495 regnant,
2460 3423 2588 3480 etin
2619 3424 2784 3480 terris
2807 3425 3084 3481 miraculis
3122 3434 3430 3495 coruscant,
3465 3427 3640 3501 gradu

2034 3510 2275 3581 privatos
2297 3510 2502 3578 eﬂicis;
2539 3519 2591 3566 et
2620 3528 2722 3583 pro
2753 3513 2916 3568 tantis
2946 3529 3058 3570 non
3089 3514 3264 3570 solum
3295 3514 3351 3568 in
3407 3516 3637 3587 synodo,

2035 3613 2220 3655 verum
2252 3606 2305 3654 et
2329 3599 2384 3654 in
2413 3599 2599 3656 divino
2622 3600 2827 3670 judicio
2855 3601 3120 3658 rationem
3140 3603 3209 3658 de
3238 3602 3458 3659 illorum
3485 3619 3638 3659 mor-

2035 3686 2179 3742 tibus
2208 3687 2425 3743 reddes.
2460 3687 2601 3757 Quia
2630 3688 2772 3744 sicut
2804 3690 3028 3746 Paulum
3072 3689 3308 3763 legimus
3365 3699 3637 3748 tantorum

2034 3775 2286 3831 manibus
2306 3785 2548 3832 sanctum
2581 3778 2915 3849 Stephanum
2952 3779 3258 3850 lapidasse,
3296 3788 3531 3853 quantos
3563 3781 3634 3837 ad

2034 3863 2384 3934 lapidandum
2414 3873 2638 3921 exertos
2667 3866 2906 3922 reddidit
2937 3886 2951 3935 ;
2986 3867 3059 3922 ita
3089 3877 3142 3924 et
3168 3876 3228 3924 tu
3254 3875 3436 3925 tantos
3483 3870 3648 3926 occi-r

2035 3951 2139 4019 dis,
2173 3961 2406 4023 quantos
2436 3961 2526 4009 tua
2555 3955 2892 4022 crudelitate,
2927 3963 2980 4011 et
3036 3957 3233 4026 injusta
3261 3966 3420 4029 atque
3449 3957 3636 4030 iniqua

2033 4041 2503 4098 commendatione
2533 4042 2651 4096 sine
2679 4043 3002 4113 baptismate
3033 4052 3195 4116 atque
3251 4046 3634 4103 communione

2031 4129 2101 4183 de
2131 4143 2362 4200 corpore
2392 4130 2540 4184 exire
2554 4129 2708 4185 facis.
2733 4130 3022 4197 Quomodo
3041 4132 3159 4199 tibi,
3183 4132 3370 4201 frater,
3393 4149 3425 4188 a
3451 4143 3636 4192 mente

2032 4217 2282 4283 excessit,
2311 4217 2458 4288 quod
2505 4218 2769 4272 Dominus
2825 4234 2928 4288 per
2980 4220 3301 4291 prophetam
3347 4221 3635 4294 unicuique

2029 4311 2276 4359 nostrum
2311 4304 2442 4361 dicit
2477 4306 2935 4378 :Speculatorem
2966 4311 3020 4363 te
3048 4307 3178 4364 dedi
3217 4308 3408 4366 domui
3436 4310 3632 4366 Israel.

320 4410 446 4448 cum
472 4395 634 4464 juxta
655 4411 844 4452 sacros
861 4412 1102 4454 canones
1119 4399 1268 4454 solus
1287 4401 1466 4471 possis
1494 4401 1782 4472 episcopus
1806 4418 1929 4472 pre-

2036 4391 2096 4447 Si
2125 4409 2240 4448 non
2276 4395 2715 4450 aununtiaveris
2765 4395 2959 4468 iniquo
2992 4397 3358 4469 iniquitatem
3385 4403 3636 4466 suam,et

321 4481 588 4552 sbyteros
613 4483 878 4551 ordinare,
913 4486 1011 4541 sed
1031 4502 1140 4542 non
1151 4487 1432 4544 confessos
1452 4505 1629 4561 neque
1651 4489 1928 4546 convictos

2036 4495 2144 4536 non
2157 4498 2453 4539 conversus
2465 4485 2646 4554 fuerit
2655 4484 2866 4557 impius
2878 4485 2946 4541 ab
2958 4486 3250 4558 impietate
3262 4487 3509 4559 sua,ipse
3521 4488 3637 4560 qui-

320 4566 392 4624 de
423 4569 662 4626 crimine
690 4571 840 4627 solus
870 4588 979 4628 non
1009 4583 1206 4646 potest,
1235 4576 1340 4631 nisi
1370 4585 1427 4632 ut
1456 4577 1748 4633 venerandi
1784 4595 1927 4650 pra-

319 4656 503 4730 ﬁgunt
533 4674 794 4728 canones,
825 4661 894 4716 ab
923 4661 1100 4719 officio
1121 4680 1425 4722 removere.
1469 4666 1686 4722 Minime
1747 4676 1928 4724 autem

317 4763 425 4816 pro
457 4755 557 4802 tua
587 4747 785 4817 injuria
816 4766 1145 4823 quemquam
1176 4754 1641 4825 presbyterorum,
1695 4765 1927 4828 quanto-

317 4836 508 4891 minus
540 4851 734 4892 omnes
762 4840 1040 4908 parochia
1056 4847 1160 4896 tua
1188 4843 1504 4899 sacerdotes
1527 4859 1637 4900 non
1658 4844 1928 4900 debueras

315 4922 504 4979 ofﬁcio
527 4926 890 4996 presbyterali
911 4928 1161 4998 privare?
1187 4954 1208 4977 »
1233 4945 1358 4986 cum
1379 4941 1600 4988 sanctus
1632 4933 1929 5006 Gregorius

314 5013 384 5067 ad
406 5013 781 5084 Euphemium
803 5015 1049 5071 scribens
1089 5018 1250 5074 dicat:
1290 5040 1312 5071 α
1349 5021 1644 5077 Servorum
1688 5022 1791 5077 Dei
1820 5023 1928 5077 hu-

316 5101 534 5156 militas
566 5101 620 5155 in
651 5101 953 5159 aﬁlictionis
997 5113 1240 5178 tempore
1298 5109 1460 5165 debet
1488 5126 1755 5182 apparere
1787 5130 1802 5178 ;
1837 5109 1930 5182 qui

314 5205 454 5245 vero
487 5205 552 5244 se
582 5199 768 5245 contra
795 5194 1118 5265 prapositos
1165 5211 1294 5251 suos
1351 5197 1621 5270 eriguent,
1679 5199 1930 5270 profecto

315 5277 655 5345 ostenditur,
688 5281 835 5351 quod
865 5298 989 5338 esse
1049 5283 1195 5339 servi
1215 5285 1316 5340 Dei
1377 5295 1748 5342 contemnunt.
1804 5289 1930 5344 Non

311 5366 465 5420 enim
493 5367 710 5437 grande
731 5376 832 5439 est,
865 5369 950 5424 his
979 5385 1078 5426 nos
1109 5387 1232 5427 esse
1261 5372 1494 5428 humiles
1522 5391 1552 5428 a
1581 5375 1778 5447 quibus
1819 5377 1927 5432 ho-

310 5469 592 5512 noramur
622 5474 637 5524 ;
671 5458 820 5529 quod
847 5466 900 5515 et
927 5459 1032 5517 hoc
1071 5461 1362 5519 saculares
1392 5462 1618 5535 quilibet
1673 5463 1878 5522 faciunt
1909 5482 1924 5520 :

2031 4570 2157 4626 dem
2187 4572 2250 4627 in
2260 4575 2490 4644 peccato
2511 4589 2610 4629 suo
2626 4575 2921 4644 morietur,
2937 4577 3274 4646 sanguinem
3296 4580 3489 4631 autem
3510 4578 3633 4648 ejus

2031 4665 2098 4721 de
2113 4683 2292 4723 manu
2315 4671 2415 4723 tua
2442 4670 2730 4741 requiram
2749 4669 2970 4738 (Επειδὴ.
2993 4671 3226 4740 xxxm).
3257 4671 3323 4725 Et
3345 4671 3390 4724 si
3410 4669 3632 4726 illorum

2033 4755 2351 4826 sanguinem
2382 4756 2452 4811 de
2479 4771 2645 4812 manu
2677 4765 2768 4811 tua
2799 4757 2945 4812 Deus
2975 4757 3238 4829 requiret,
3297 4757 3494 4829 quibus
3521 4775 3633 4816 non

2033 4843 2367 4898 annuntiasti
2397 4860 2549 4900 suam
2581 4845 2936 4916 iniquitatem,
2969 4853 3025 4899 ut
3075 4845 3141 4899 ab
3196 4843 3475 4917 impietate
3533 4864 3634 4904 sua

2032 4939 2512 5000 converterentur;
2547 4933 2677 5006 quid
2693 4932 2862 4999 dices,
2894 4932 3077 5001 frater,
3109 4933 3189 4989 illi
3207 4933 3263 4990 in
3272 4934 3478 5005 judicio
3509 4953 3630 5005 suo,

2033 5020 2125 5092 qui
2161 5020 2298 5077 sicut
2355 5021 2475 5093 ipse
2504 5021 2654 5088 dicit,
2687 5037 2796 5076 non
2824 5021 2972 5077 venit
3001 5022 3214 5079 animas
3243 5025 3500 5095 perdere,
3533 5025 3631 5081 sed

2033 5107 2248 5166 salvare
2277 5110 2304 5165 Τ
2335 5109 2470 5165 Cum
2499 5110 2719 5166 venient
2747 5109 2853 5166 illa
2881 5110 3078 5167 anima
3126 5120 3250 5169 ante
3280 5114 3473 5182 Deum,
3538 5113 3632 5186 qui

2031 5206 2186 5253 natos
2217 5212 2346 5254 suos
2377 5198 2448 5252 ad
2476 5197 2729 5268 baptismi
2759 5198 3011 5272 gratiam,
3031 5207 3090 5255 ut
3120 5201 3188 5257 de
3217 5209 3484 5273 potestate
3504 5202 3628 5258 dia-

2033 5285 2144 5342 boli
2173 5286 2553 5353 liberarentur,
2588 5284 2821 5342 fideliter
2847 5296 3269 5359 portaveruntet
3297 5291 3627 5359 obtulerunt,

2033 5374 2120 5430 vel
2147 5390 2248 5446 per
2268 5381 2532 5444 patronos
2562 5373 2627 5447 [Γ.
2661 5375 2929 5450 patrinos]
2959 5377 3267 5435 miserunt?
3297 5379 3406 5436 Sed
3436 5387 3490 5436 et
3519 5378 3628 5434 illa

2032 5477 2143 5519 non
2175 5461 2418 5520 minores
2463 5463 2758 5538 grandium
2814 5466 3068 5526 animula
3121 5467 3495 5541 parvulorum,
3533 5466 3628 5539 qui
