4174 6306
473 263 479 271 ⁷
506 290 610 343 519

1469 288 1809 346 HINCMARI
1836 284 2235 345 RHEMENSIS
2262 285 2809 343 ARCHIEPISCOPI.

3690 287 3795 341 520

511 424 620 466 non
652 425 750 467 suo
780 410 878 468 sed
906 412 1084 469 alieno
1111 419 1337 484 peccato
1365 412 1616 468 obnoxiae
1660 412 1881 470 liberari
1900 419 2098 485 potue-
2128 412 2184 472 A
2209 410 2326 466 sine
2354 411 2689 466 dubitatione
2730 416 3017 477 testentur,
3046 424 3225 482 neque
3254 407 3360 483 ipsi
3390 415 3513 463 sunt
3540 423 3638 479 per
3664 414 3796 463 aeta-

503 507 649 565 runt,
705 499 811 554 nisi
839 506 928 555 tua
980 500 1301 557 crudelitate
1330 509 1385 556 et
1414 500 1600 557 furore
1625 516 1690 557 ac
1730 501 2105 575 indignatione

499 587 666 642 animi
695 586 875 643 forent
888 588 1193 659 perditae,et
1204 588 1518 644 clamabunt
1532 589 1824 645 adversum
1856 597 1907 644 te
1954 590 1981 644 Τ
2002 605 2103 660 pro

504 675 701 746 quibus
741 676 1015 742 omnibus,
1073 676 1271 731 additis
1327 677 1493 732 etiam
1549 677 1657 732 tuis
1715 676 1971 748 peccatis,
2028 684 2107 733 tot

501 764 765 819 martibus
783 763 1002 836 dignus,
1034 772 1165 835 quot
1179 763 1426 820 occidisti
1464 763 1762 822 crudeliori
1780 764 1963 836 gladio
1995 773 2101 821 tua:

503 851 804 919 sententia,
835 867 1000 923 quam
1027 853 1291 908 materiali
1319 853 1622 910 machaera.

575 939 730 996 Unde
752 939 946 1012 dignas
963 940 1226 995 ultionum
1237 956 1426 1011 poenas
1439 941 1559 998 sine
1605 941 1771 998 dubio
1820 942 1960 999 lues.
1993 942 2103 998 Cur

504 1043 616 1082 non
642 1035 696 1083 te
716 1026 928 1093 terruit,
954 1035 1007 1085 et
1039 1027 1110 1082 ab
1153 1028 1253 1084 hac
1284 1045 1547 1100 perversa
1589 1030 1855 1086 sententia
1908 1029 2101 1101 profe-

502 1115 678 1170 renda
706 1115 923 1171 Domini
951 1116 1242 1186 promissio
1271 1118 1619 1184 revocaverit,
1673 1134 1784 1190 qua
1808 1117 2102 1174 universali

501 1202 766 1261 Ecclesiae
794 1219 909 1259 suae
934 1220 1035 1274 per
1079 1204 1274 1260 Isaiam
1316 1207 1637 1276 prophetam
1692 1206 1961 1278 pollicitus
2017 1212 2100 1262 est

504 1291 729 1347 dicens:
751 1292 828 1347 Ab
848 1292 1354 1349 orienteaddueam
1369 1310 1563 1349 semen
1591 1298 1756 1350 tuum
1775 1299 1832 1350 et
1860 1295 1928 1350 ab
1956 1294 2100 1351 occi-

502 1379 670 1435 dente
681 1380 1017 1451 congregabo
1036 1384 1111 1436 te.
1129 1382 1335 1437 Dicam
1352 1382 1638 1454 Aquiloni,
1662 1385 1745 1438 Da
1759 1384 1853 1449 {et
1872 1385 2095 1450 Austro,

503 1467 630 1525 Noli
653 1467 943 1539 prohibere
958 1468 1337 1540 (Isa.xxxm).
1357 1470 1426 1524 Et
1457 1477 1513 1525 tu
1535 1470 1796 1541 prohibes
1837 1470 2099 1526 Ecclesia

502 1554 574 1610 ab
601 1554 946 1611 immaculato
974 1555 1142 1612 divini
1170 1555 1335 1613 fontis
1354 1564 1512 1613 utero
1540 1559 1773 1614 Domino
1804 1556 1945 1613 filios
2000 1574 2098 1631 ge-

501 1657 721 1711 nerare,
753 1643 847 1715 qui
874 1658 983 1698 non
1013 1643 1161 1699 venit
1188 1644 1398 1700 animas
1426 1645 1677 1716 perdere,
1709 1645 1807 1701 sed
1862 1644 2093 1702 salvere.

2204 506 2314 555 tem
2371 500 2439 554 de
2469 499 2684 555 traditis
2716 498 2820 553 sibi
2849 497 3203 553 sacramentis
3230 496 3414 552 idonei
3438 495 3788 566 respondere,

2205 588 2413 658 absque
2442 587 2554 643 ullo
2583 586 2841 658 scrupulo
2870 601 2965 641 eos
2996 601 3118 641 esse
3147 582 3793 656 baptizandosprascepit,

2203 690 2273 729 ne
2301 674 2403 729 ista
2430 674 2722 745 trepidatio
2753 690 2849 729 eos
2880 673 3041 730 faciat
3070 679 3534 729 sacramentorum
3589 686 3794 741 purga-

2206 762 2351 817 tione
2380 762 2601 832 privari.
2634 762 2703 817 Et
2722 769 2939 817 sanctus
2970 762 3080 817 Leo
3109 760 3236 816 hinc
3265 759 3394 815 dicit
3431 777 3445 813 :
3482 780 3505 809 ι
3541 758 3599 813 Si
3653 756 3798 812 nulla

2210 857 2421 904 exstant
2493 849 2694 905 indicia
2747 837 2888 905 inter
2938 848 3274 920 propinquos
3330 854 3424 903 aut
3478 844 3796 911 familiares,

2202 936 2349 992 nulla
2377 936 2520 994 inter
2547 936 2796 1007 clericos,
2842 945 2934 992 aut
2962 936 3190 1003 vicinos,
3238 936 3435 1007 quibus
3464 934 3520 989 hi
3546 934 3613 989 de
3670 933 3796 1005 qui-

2202 1033 2306 1089 bus
2332 1034 2577 1105 queritur
2621 1033 2870 1105 baptizati
2926 1033 3097 1088 fuisse
3151 1032 3468 1099 doceantur,
3524 1031 3797 1103 agendum

2198 1129 2283 1177 est
2312 1130 2370 1176 ut
2398 1130 2773 1189 renascantur,
2804 1138 2874 1176 ne
2905 1120 3190 1176 manifeste
3225 1127 3473 1191 pereant.
3508 1119 3568 1173 In
3598 1118 3796 1189 quibus
3826 1124 3855 1141 ί

2200 1210 2345 1282 quod
2372 1226 2482 1266 non
2504 1210 2814 1265 ostenditur
2839 1216 3074 1280 gestum,
3108 1208 3247 1264 ratio
3292 1223 3403 1263 non
3450 1207 3558 1261 sint
3604 1213 3664 1261 ut
3712 1205 3798 1260 vi-

2164 1318 2178 1333 ·
2200 1298 2395 1354 deatur
2422 1298 2672 1353 iteratum
2695 1315 2709 1351 :
2737 1296 2830 1369 qui
2858 1304 3042 1352 autem
3069 1294 3624 1367 possuntmeminisse
3653 1293 3800 1365 quod

2200 1386 2271 1440 ad
2301 1385 2587 1442 ecclesiam
2624 1385 2912 1441 veniebant
2940 1401 3065 1441 cum
3083 1384 3403 1455 parentibus
3430 1382 3546 1438 suis
3570 1388 3800 1455 possunt

2200 1473 2477 1531 recordari
2506 1489 2577 1529 an
2608 1474 2752 1545 quod
2775 1488 2964 1528 eorum
3009 1472 3325 1543 parentibus
3353 1471 3579 1526 dabatur
3633 1486 3797 1526 acce-

2196 1561 2394 1632 perint.
2427 1561 2536 1618 Sed
2584 1561 2631 1620 si
2683 1562 2789 1618 hoc
2818 1561 2980 1616 etiam
3007 1561 3077 1616 ab
3104 1560 3227 1632 ipsa
3252 1559 3519 1615 memoria
3562 1558 3797 1615 alienum

2197 1658 2297 1716 est,
2333 1648 2724 1707 conferendum
2752 1649 2832 1705 eis
2873 1649 3107 1715 videtur,
3166 1647 3314 1720 Quod
3370 1647 3625 1704 collatum
3672 1662 3795 1702 esse

502 1730 791 1800 Quomodo
807 1739 858 1787 te
886 1731 1143 1803 praeteriit
1173 1733 1319 1804 quod
1339 1733 1398 1787 in
1424 1733 1723 1805 Evangelia
1751 1734 1927 1804 legis:
1956 1734 2098 1804 Offe-
2128 1756 2182 1817 Β
2201 1738 2469 1804 nescitur;
2503 1737 2627 1808 quia
2655 1752 2766 1793 non
2794 1736 3071 1793 temeritas
3098 1736 3391 1792 intervenit
3418 1733 3799 1806 praesumptio-

509 1820 733 1886 rebant,
754 1818 948 1893 inquit,
983 1821 1076 1875 illi
1088 1821 1353 1892 parvulos
1372 1824 1439 1876 ut
1467 1825 1725 1892 tangeret
1748 1823 1899 1878 illos.
1924 1822 2104 1878 Disci-

498 1909 627 1980 puli
637 1911 830 1964 autem
841 1909 1337 1965 comminabantur
1346 1909 1721 1980 a/ferre.Quos
1736 1927 1867 1966 cum
1891 1910 2105 1967 videret

501 1996 662 2052 Iesus
677 1996 909 2069 indigne
925 1997 1078 2061 tulit,
1094 2000 1150 2052 et
1162 1995 1250 2051 ait
1262 1998 1406 2055 illis:
1421 1999 1604 2055 Sinite
1612 2000 1877 2071 parvulos
1889 2001 2097 2055 venire.

503 2083 579 2139 ad
605 2100 716 2151 me,
734 2089 793 2140 et
820 2101 894 2140 ne
904 2085 1307 2156 prohibueritis
1337 2095 1429 2142 eos
1456 2086 1677 2157 (Matth.
1698 2087 2097 2157 x1x;Marc.x).

499 2172 570 2229 Et
598 2179 655 2227 tu
684 2172 945 2244 prohibes
972 2171 1160 2228 offerri
1189 2173 1421 2229 Domino
1451 2175 1739 2246 parvulos?
1768 2176 1839 2231 Et
1879 2175 1927 2230 si
1982 2183 2101 2232 tre-

499 2260 759 2317 mendum
787 2260 890 2317 Dei
909 2260 1177 2329 judicium
1221 2269 1273 2317 te
1316 2277 1427 2318 non
1475 2263 1681 2330 terruit,
1729 2271 1785 2320 et
1843 2279 1873 2318 a
1918 2263 2102 2322 furore

500 2347 666 2404 animi
694 2348 769 2403 tui
798 2356 856 2403 ut
912 2348 1039 2403 talia
1081 2348 1414 2420 praeeiperes
1462 2366 1727 2408 revocare
1769 2367 1879 2407 non
1907 2351 2097 2422 potuit,

498 2435 624 2507 quia
654 2451 931 2509 nunquam
960 2445 1013 2492 et
1031 2453 1303 2510 nusquam
1331 2446 1621 2510 postquam
1651 2455 1870 2497 sacrum
1912 2440 2096 2498 Nice-

497 2539 629 2579 num
656 2524 949 2581 concilium
1005 2533 1089 2581 est
1142 2525 1496 2595 celebratum,
1558 2528 1661 2585 tale
1715 2528 1846 2600 quid
1899 2528 2102 2586 factum

496 2610 667 2669 fuisse
691 2612 911 2681 audisti,
947 2613 1084 2669 sicut
1110 2613 1226 2670 fieri
1255 2615 1566 2687 praecepisti
1599 2634 1613 2670 :
1646 2616 1843 2673 timere
1891 2617 2098 2673 debue-

497 2714 586 2754 ras
615 2716 685 2755 ne
700 2701 849 2756 solus
877 2702 982 2757 hoc
1010 2716 1206 2774 ageres
1251 2704 1398 2773 quod
1441 2703 1620 2760 nullus
1669 2705 2100 2761 Christianorum

497 2803 738 2859 unquam
768 2787 948 2844 facere
977 2803 1144 2844 ausus
1169 2788 1284 2844 fuit.
1316 2792 1459 2846 Nam
1486 2792 1557 2847 de
1585 2791 1882 2848 infantibus
1919 2793 2100 2863 bapti-

498 2875 685 2932 zandis
742 2877 836 2947 qui
876 2876 1112 2932 necdum
1167 2877 1436 2948 baptizare
1493 2888 1811 2950 noscuntur,
1889 2882 2099 2951 quoties

497 2964 801 3021 necessitas
829 2965 1093 3036 exegerit,
1121 2965 1313 3036 regula
1340 2966 1710 3024 ecclesiastica
1739 2983 1837 3039 per
1883 2968 2101 3024 beatum

500 3052 753 3110 Siricium
781 3053 994 3125 prolata
1021 3052 1374 3122 demonstrat,
1432 3054 1621 3111 dicens
1650 3055 1726 3111 ita
1751 3073 1765 3111 :
1799 3055 2097 3113 lnfantibus

497 3141 589 3213 qui
637 3141 873 3198 necdum
911 3141 1060 3213 loqui
1113 3150 1402 3213 potuerunt
1446 3158 1544 3214 per
1612 3152 1848 3214 atatem,
1901 3153 1957 3201 ut
2010 3145 2096 3201 his

497 3229 691 3301 quibus
720 3230 777 3284 in
806 3229 1044 3302 qualibet
1070 3230 1395 3287 necessitate
1424 3247 1562 3302 opus
1578 3232 1739 3288 fuerit
1766 3233 1907 3290 sacri
1953 3233 2098 3289 unda

492 3317 853 3388 baptismatis,
885 3317 1035 3373 omni
1091 3318 1343 3374 volumus
1406 3320 1683 3378 celeritate
1732 3322 1995 3389 succurri,
2026 3339 2097 3378 ne

496 3406 569 3461 ad
599 3414 908 3462 nostrarum
924 3405 1226 3477 perniciem
1246 3407 1433 3463 tendat
1460 3408 1780 3479 animarum,
1824 3410 1870 3466 si
1897 3419 2096 3482 negato

495 3492 935 3549 desiderantibus
963 3493 1111 3550 fonte
1139 3494 1383 3562 salutari,
1418 3495 1607 3552 exiens
1622 3496 1996 3570 unusquisque
2026 3499 2096 3555 de

495 3581 696 3638 saeculo
723 3590 778 3640 et
796 3599 1032 3656 regnum
1059 3583 1253 3655 perdat
1280 3591 1335 3639 et
1362 3585 1551 3641 vitam.
1572 3584 1896 3658 Quicunque
1928 3587 2096 3643 etiam

491 3670 784 3726 discrimen
813 3670 1105 3744 naufragii,
1125 3672 1436 3729 hostilitatis
1456 3673 1759 3742 incursum,
1793 3675 2095 3732 obsidionis

493 3757 831 3830 ambiguum,
890 3759 978 3814 vel
1024 3759 1311 3829 cujuslibet
1356 3762 1660 3832 corporalis
1712 3763 2095 3834 aegritudinem

491 3844 887 3915 desperationis
912 3844 1218 3913 inciderint,
1276 3856 1332 3903 et
1390 3848 1494 3904 sibi
1544 3849 1704 3905 unico
1760 3851 2094 3909 credulitatis

491 3932 693 3989 auxilio
722 3933 1073 4004 poposcerint
1100 3935 1401 4003 subveniri,
1442 3937 1637 3993 eodem
1696 3953 1805 4010 quo
1859 3947 2097 4009 poscunt

488 4030 766 4078 momento
796 4023 1059 4095 temporis
1080 4023 1331 4096 expetitae
1375 4026 1808 4099 regenerationis
1866 4028 2095 4099 praemia

489 4118 913 4183 consequantur.
947 4112 1220 4169 Hactenus
1250 4122 1485 4170 erratum
1526 4115 1584 4171 in
1604 4116 1707 4173 hac
1725 4123 1883 4188 parte
1941 4115 2094 4172 suﬂi-

489 4197 635 4255 ciat:
691 4216 837 4256 nunc
866 4200 1151 4271 praefatam
1181 4202 1431 4275 regulam
1451 4218 1645 4260 omnes
1663 4212 1878 4262 teneant
1905 4220 2094 4262 sacer-

488 4287 645 4344 dotes
662 4289 758 4360 qui
785 4288 975 4345 nolunt
1005 4290 1075 4345 ab
1118 4291 1432 4362 apostolicae
1480 4301 1648 4364 petrae
1701 4309 1871 4364 super
1927 4309 2094 4366 quam

487 4376 734 4432 Christus
763 4377 1131 4434 universalem
1153 4380 1452 4436 construxit
1495 4382 1822 4452 Ecclesiam,
1896 4382 2090 4438 solidi-

2118 3105 2169 3169 C

2203 1825 2309 1895 nis,
2341 1826 2434 1880 ubi
2463 1833 2547 1881 est
2574 1825 2859 1898 diligentia
2889 1824 3141 1896 pietatis._
3174 1845 3196 1874 ι
3242 1825 3314 1878 Et
3358 1830 3579 1880 sanctus
3630 1822 3797 1877 Gela-

2203 1913 2353 1969 sius:
2391 1936 2413 1962 α
2446 1914 2764 1985 Baptizandi
2804 1913 2908 1968 sibi
2965 1912 3235 1984 quispiam
3304 1911 3512 1983 passim
3579 1925 3799 1983 quoque

2203 2009 2449 2072 tempore
2502 2001 2711 2056 nullam
2762 2001 2987 2057 credant
3038 2001 3221 2056 inesse
3278 1998 3529 2056 fiduciam
3600 2005 3796 2069 praeter

2202 2090 2461 2160 paschale
2476 2088 2673 2146 festum
2688 2096 2741 2144 et
2764 2096 3111 2160 pentecostes
3129 2087 3441 2145 venerabile
3472 2101 3795 2142 sacramen-

2201 2185 2337 2245 tum,
2369 2186 2594 2248 excepto
2624 2177 2902 2248 duntaxat
2930 2177 3089 2249 gravi
3117 2176 3404 2249 languoris
3445 2175 3684 2244 incursu,
3738 2172 3796 2227 in

2203 2280 2310 2336 quo
2339 2266 2641 2321 verendum
2670 2272 2754 2321 est
2780 2280 2869 2334 ne,
2893 2264 3073 2319 morbi
3087 2271 3371 2320 crescente
3385 2262 3646 2334 periculo,
3677 2260 3795 2317 sine

2201 2353 2445 2409 remedio
2466 2352 2690 2409 salutari
2718 2350 2969 2410 fortassis
2999 2359 3276 2425 aegrotans
3305 2351 3468 2407 exitio
3485 2356 3795 2421 praeventus

2202 2441 2477 2497 abscedat.
2507 2442 2577 2495 Et
2604 2440 2823 2496 diaconi
2851 2441 3059 2512 absque
3082 2440 3340 2511 episcopo
3375 2446 3429 2495 et
3473 2438 3794 2509 presbytero

2199 2528 2474 2600 baptizare
2496 2544 2607 2584 non
2635 2528 2892 2598 audeant,
2926 2528 2981 2583 ni
3009 2527 3285 2598 praedictis
3313 2526 3559 2582 fortassis
3604 2524 3793 2581 oﬂiciis

2198 2617 2417 2690 longius
2463 2617 2768 2673 constitutis
2805 2616 3108 2673 necessitas
3161 2621 3405 2672 extrema
3463 2613 3789 2684 compellat;

2201 2706 2347 2776 quod
2363 2712 2416 2761 et
2444 2705 2601 2762 laicis
2631 2704 2951 2760 Christianis
2980 2703 3164 2759 facere
3194 2703 3514 2773 plerumque
3542 2700 3791 2758 concedi-

2199 2800 2303 2847 tur.
2341 2814 2363 2843 ι
2395 2793 2465 2848 Et
2514 2800 2732 2849 sanctus
2782 2792 3083 2865 Gregorius
3131 2790 3377 2847 scribens
3417 2790 3487 2845 ad
3525 2790 3792 2845 Joannem

2197 2880 2519 2937 Larissasum
2534 2881 2871 2953 episcopum,
2914 2879 3044 2935 dicit
3069 2896 3083 2933 :
3111 2900 3134 2930 ι
3161 2879 3494 2947 Secundum,
3512 2876 3787 2950 inquiens,

2200 2970 2269 3025 de
2292 2968 2665 3026 criminalibus
2696 2968 2994 3040 capitulum
3020 2968 3288 3023 adversus
3315 2967 3616 3022 Adrianum
3668 2964 3794 3037 epi-
3900 3008 3907 3011 .

2200 3073 2429 3129 scopum
2457 3058 2673 3114 videtur
2703 3073 2827 3113 esse
2847 3055 3191 3129 propositum
3220 3056 3290 3110 de
3324 3055 3624 3110 infantibus
3677 3054 3794 3123 ejus

2190 3146 2347 3216 jussu
2403 3162 2436 3201 a
2487 3146 2632 3202 sacri
2679 3144 3017 3217 baptismatis
3044 3143 3391 3215 susceptione
3464 3140 3789 3214 prohibitis;

2196 3242 2360 3306 atque
2388 3233 2446 3288 in
2469 3233 2740 3289 inablutos
2771 3233 2935 3289 sorde
2964 3231 3179 3303 peccati
3207 3230 3497 3287 defunctos
3555 3229 3613 3284 in
3638 3238 3793 3285 tene-

2196 3322 2331 3378 bris.
2368 3342 2391 3372 ι
2428 3321 2581 3390 Vide,
2614 3320 2798 3389 frater,
2836 3320 2964 3391 quia
2994 3335 3116 3374 esse
3145 3320 3250 3374 hoc
3305 3317 3587 3374 criminale
3638 3317 3793 3388 capi-

2194 3410 2368 3465 tulum
2409 3417 2630 3466 sanctus
2674 3409 3012 3465 demonstrat
3073 3406 3395 3479 Gregorius.
3456 3406 3563 3461 Sed
3618 3412 3673 3461 et
3727 3404 3796 3460 de

2193 3498 2382 3554 ultima
2410 3497 2745 3569 poenitentia,
2778 3504 2832 3553 et
2878 3495 3081 3552 viatico
3127 3510 3358 3551 munere
3406 3493 3540 3549 nulli
3591 3508 3793 3566 negare

2196 3587 2398 3642 debere
2426 3585 2574 3641 illius
2606 3585 2882 3642 sententia
2942 3582 3196 3640 suﬁicere
3240 3583 3338 3638 tibi
3390 3582 3653 3638 debuerat
3709 3579 3799 3653 qui

2194 3675 2357 3732 dicit:
2398 3676 2560 3733 Venit
2582 3676 2738 3745 ﬁlius
2771 3674 3020 3731 hominis
3050 3687 3298 3745 querere
3326 3675 3384 3727 et
3401 3671 3621 3727 salvare
3651 3669 3793 3743 quod

2188 3766 2443 3836 perierat
2471 3763 2625 3835 (Luc.
2664 3764 2791 3834 xxx)
2825 3780 2839 3817 :
2871 3770 2927 3818 et
2980 3762 3107 3818 licet
3148 3759 3524 3816 misericordia
3577 3757 3794 3814 Domini

2195 3868 2299 3924 qua
2326 3851 2485 3923 plena
2514 3859 2598 3906 est
2628 3859 2775 3907 terra
2801 3850 2910 3906 illis
2957 3850 3050 3922 qui
3106 3849 3351 3906 ultimam
3402 3847 3790 3919 pmnitentiam,

2195 3947 2249 3996 et
2296 3938 2547 3996 viaticum
2577 3954 2777 3994 munus
2818 3938 2925 3994 sibi
2948 3938 3069 3994 dari
3097 3938 3417 4010 deposcunt,
3453 3935 3501 3991 si
3526 3936 3609 3991 eis
3635 3934 3796 3990 fuerit

2195 4026 2563 4098 denegatum,
2596 4026 2891 4083 subvenire
2909 4026 3083 4097 possit
3111 4026 3204 4098 qui
3249 4025 3412 4081 corde
3458 4023 3686 4080 credunt
3727 4021 3796 4078 ad

2189 4115 2479 4185 justitiam,
2514 4130 2611 4171 ore
2641 4123 2824 4170 autem
2854 4114 3176 4171 conﬁtentur
3203 4114 3274 4169 ad
3318 4111 3568 4178 salutem,
3626 4118 3794 4166 trans-

2194 4204 2286 4261 ﬁxi
2344 4204 2534 4261 dolore
2583 4204 2788 4270 cordis,
2839 4211 2893 4258 et
2962 4203 3230 4275 baptizata
3295 4200 3629 4257 conscientia
3682 4198 3793 4254 suis

2194 4292 2452 4366 lacrymis
2483 4292 2714 4366 gratiam
2769 4291 2871 4347 Dei
2935 4289 3560 4362 incomprehensibiliter
3612 4287 3792 4359 perci-

2199 4381 2370 4452 piant,
2406 4382 2552 4453 quod
2581 4381 2662 4436 eis
2678 4381 2952 4453 denegare
2975 4378 3203 4449 jussisti,
3219 4378 3357 4434 sicut
3383 4378 3439 4432 in
3468 4376 3562 4435 illo
3585 4375 3792 4431 latrone

484 4472 595 4521 tate
624 4464 827 4521 divelli.
867 4466 939 4520 Et
987 4466 1180 4521 beatus
1208 4467 1318 4524 Leo
1347 4468 1477 4524 dicit
1507 4486 1521 4523 :
1587 4492 1608 4517 α
1658 4469 1978 4541 Principalis
2034 4457 2162 4527 etD
2194 4469 2360 4542 quod,
2392 4477 2451 4524 ut
2488 4469 2683 4525 beatus
2703 4468 3041 4541 Augustinus
3061 4466 3211 4533 dicit,
3231 4482 3300 4521 ex
3324 4464 3583 4537 baptismi
3611 4477 3795 4519 sacra-

486 4553 710 4609 maximi
735 4554 1061 4610 sacramenti
1101 4554 1457 4611 custodienda
1502 4557 1665 4612 nobis
1721 4564 1802 4613 est
1862 4558 2090 4630 mystica

487 4649 542 4697 et
569 4642 908 4698 rationabilis
939 4642 1267 4714 exemplatio
1293 4659 1404 4698 non
1432 4643 1635 4702 indicta
1682 4644 1923 4714 licentia,
1980 4663 2091 4718 qua

486 4728 543 4783 in
573 4731 844 4802 baptismo
896 4731 1183 4787 tribuenda
1231 4731 1663 4803 periclitantibus
1712 4734 2036 4790 subvenitur
2071 4753 2085 4792 :

485 4816 559 4872 ita
588 4818 731 4873 enim
760 4819 817 4875 in
846 4820 944 4875 has
984 4821 1122 4875 duas
1150 4819 1489 4888 festivitates,
1522 4822 1731 4877 Pascha
1757 4822 1984 4891 scilicet,
2036 4832 2092 4881 et

485 4904 861 4973 Pentecosten,
893 4924 1176 4964 connean
1188 4909 1406 4965 sibimet
1430 4917 1595 4981 atque
1624 4919 1888 4983 cognatas
1938 4912 2091 4970 inco-

484 4991 712 5050 lumium
740 5002 795 5050 et
821 4994 877 5049 in
904 4996 1055 5066 pacis
1085 4998 1377 5054 securitate
1408 4998 1728 5072 degentium
1758 5000 1931 5057 libera
1960 5010 2087 5058 vota

487 5080 809 5150 differimus,
833 5090 891 5139 ut
916 5083 972 5138 in
1001 5086 1191 5141 mortis
1219 5087 1484 5158 periculo,
1513 5087 1568 5142 in
1607 5088 1910 5145 obsidionis
1965 5091 2088 5147 dis—

486 5169 735 5241 crimine,
768 5171 824 5226 in
850 5173 1248 5243 persecutionis
1297 5175 1585 5248 angustiis,
1618 5176 1673 5231 in
1706 5178 1901 5235 timore
1955 5194 2090 5236 nau-

484 5257 664 5332 fragii,
690 5259 841 5316 nullo
896 5269 1142 5334 tempore
1200 5264 1303 5320 hoc
1359 5280 1503 5319 vera:
1560 5265 1753 5323 salutis
1810 5267 2089 5340 singulare

484 5346 800 5420 praesidium
838 5350 1094 5423 cuiquam
1148 5352 1504 5424 denegemus.
1559 5375 1582 5405 ι
1644 5357 1713 5412 Et
1769 5356 2086 5415 Africanum

485 5437 776 5494 concilium
797 5438 960 5495 etiam
988 5440 1068 5497 eis
1095 5440 1390 5498 infantibus
1431 5443 1502 5500 de
1532 5444 1726 5517 quibus
1765 5462 1876 5503 non
1932 5447 2088 5504 inve-

485 5526 710 5584 niuntur
762 5528 1049 5587 certissimi
1103 5537 1267 5589 testes
1313 5531 1407 5605 qui
1454 5549 1550 5592 eos
1606 5535 1911 5609 baptizatos
1965 5551 2091 5593 esse

2188 4565 2374 4615 mento
2401 4556 2668 4623 defuerat,
2732 4556 3025 4628 complevit
3052 4555 3395 4627 omnipotens
3452 4552 3797 4627 benignitas;

2191 4646 2438 4718 quianon
2477 4643 2753 4717 superbia,
2777 4643 2865 4700 vel
2884 4650 3215 4716 contemptu,
3246 4643 3348 4698 sed
3376 4658 3442 4698 ex
3473 4640 3800 4698 necessitate

2188 4734 2267 4791 illi
2296 4734 2573 4792 defuerat:
2610 4740 2794 4788 tamen
2827 4732 3274 4788 manifestissime
3301 4740 3358 4786 tu
3394 4746 3518 4786 reus
3546 4729 3660 4785 eris
3688 4728 3802 4783 illa-

2191 4840 2318 4879 rum
2350 4822 2595 4879 omnium
2629 4821 2953 4893 animarum,
2987 4821 3034 4877 si
3066 4829 3152 4876 tua
3179 4819 3800 4892 praeceptionesinepua-

2189 4910 2416 4971 nitentia
2444 4918 2501 4967 et
2532 4910 2729 4968 viatico
2750 4926 2979 4965 munere
3007 4910 3175 4965 rebus
3210 4908 3463 4964 humanis
3517 4907 3795 4964 excedant.

2267 5002 2348 5056 De
2373 4999 2569 5057 viatico
2611 5015 2837 5055 munere
2887 5006 3091 5054 sanctas
3138 4996 3536 5054 communionis
3588 5008 3797 5051 sacrum

2189 5088 2471 5145 Nieaenum
2501 5086 2791 5144 concilium
2812 5087 2978 5144 dicit:
3016 5108 3039 5137 ι
3096 5084 3235 5154 Quia
3268 5082 3595 5157 generaliter
3645 5080 3788 5136 omni

2191 5177 2415 5234 cuilibet
2437 5176 2493 5231 in
2522 5176 2668 5232 exitu
2681 5175 2880 5247 posito,
2912 5183 2966 5231 et
2977 5173 3224 5246 poscenti
3253 5172 3357 5228 sibi
3397 5166 3788 5227 communionis

2195 5265 2432 5338 gratiam
2462 5264 2645 5338 tribui,
2679 5264 2970 5335 episcopus
3008 5261 3367 5333 probabiliter
3403 5275 3470 5314 ex
3524 5256 3789 5313 oblatione

2193 5355 2328 5412 dare
2357 5353 2597 5410 debebit.
2636 5374 2659 5404 ι
2695 5354 2776 5409 De
2805 5368 2911 5424 qua
2956 5358 3146 5407 sancta
3202 5358 3255 5406 et
3299 5347 3528 5419 mystica
3583 5343 3785 5417 synodo

2189 5443 2381 5499 beatus
2409 5443 2519 5499 Leo
2547 5455 2692 5515 papa
2722 5441 2795 5497 ad
2820 5439 3128 5496 Anatolium
3157 5438 3471 5510 episcopum
3520 5435 3784 5490 Constan—

2193 5531 2605 5605 tinopolitanum
2621 5530 2815 5589 scribit
2842 5529 3065 5586 dicens:
3094 5550 3119 5581 ι
3154 5526 3313 5597 Quod
3338 5525 3430 5582 illa
3448 5523 3787 5584 Nicanorum
