4174 6322
287 294 386 347 521

992 293 1240 352 OPUSC.
1303 292 1393 350 ET
1446 292 1663 350 EPIST.
1723 291 1797 346 IN
1843 289 2071 349 CAUSA
2124 292 2466 356 HINCMARI
2519 298 2831 361 LAUDUN.

3472 312 3576 369 522

284 429 556 472 canonum
585 431 686 489 per
715 424 962 475 sanctum
989 435 1121 476 vere
1169 419 1430 492 Spiritum
1459 421 1712 478 ordinata
1741 437 1877 481 con-
1900 418 1952 480 A
1982 422 2354 481 interdicenda
2383 435 2484 496 est,
2517 442 2620 484 nec
2647 429 3018 487 reconciliatio
3054 431 3416 506 deneganda;
3453 434 3582 506 quia

289 513 423 569 ditio
452 514 507 570 in
535 515 680 570 nulla
714 516 784 571 sit
836 523 988 588 parte
1042 517 1309 574 solubilis.
1369 515 1530 574 Nulla
1578 520 1793 579 sibimet
1821 525 1890 581 de

288 602 735 674 multiplicatione
813 607 1258 679 congregationis
1331 609 1611 680 synodalia
1663 611 1893 667 concilia

290 691 659 761 blandiantur,
686 709 862 766 neque
884 697 1141 751 trecentis
1170 695 1277 752 illis
1320 697 1514 752 decem
1543 705 1595 752 et
1615 707 1739 756 octo
1770 699 1890 772 epi-

286 780 469 853 scopis
512 781 905 853 quantumlibet
931 784 1207 856 copiosior
1261 801 1517 842 numerus
1547 787 1892 844 sacerdotum

289 869 379 925 vel
407 884 727 941 comparare
745 888 804 928 se
823 872 1019 928 audeat
1035 873 1122 929 vel
1138 873 1416 945 praeferre,
1444 890 1568 932 cum
1587 884 1735 932 tanto
1755 877 1892 935 divi-

292 957 440 1013 nitus
467 958 754 1032 privilegio
787 960 858 1016 sit
886 969 1226 1033 consecrata,
1243 970 1302 1018 ut
1327 963 1442 1019 sive
1461 980 1562 1035 per
1581 965 1887 1036 pauciores,

294 1045 410 1103 sive
456 1064 554 1119 per
606 1047 794 1120 plures
841 1050 1208 1108 ecclesiastica
1258 1051 1462 1121 judicia
1514 1053 1890 1123 celebrentur,

289 1136 440 1192 omni
493 1136 704 1208 penitus
761 1138 1083 1195 auctoritate
1141 1139 1209 1195 sit
1253 1155 1484 1197 vacuum
1528 1141 1792 1214 quidquid
1821 1141 1889 1198 ab

289 1220 508 1280 illorum
561 1225 723 1281 fuerit
766 1227 1145 1285 constitutione
1191 1227 1487 1286 diversum.
1525 1253 1548 1279 ι)
1571 1231 1641 1286 Et
1671 1238 1892 1287 sanctus

292 1313 519 1370 Siricius
556 1315 717 1370 etiam
753 1316 822 1372 de
858 1317 1151 1388 apostatis,
1188 1325 1241 1373 et
1286 1317 1559 1375 idolorum
1601 1319 1782 1387 cultu,
1827 1334 1894 1376 ac

289 1403 685 1460 sacriﬁciorum
726 1405 1184 1463 contaminatione
1213 1407 1516 1479 profanatis
1545 1408 1802 1478 decrevit,
1835 1415 1894 1464 ut

291 1490 350 1546 in
378 1490 566 1548 ultimo
593 1490 700 1548 ﬁne
729 1509 828 1549 suo
856 1494 1315 1551 reconciliationis
1345 1496 1520 1568 gratia
1549 1497 1631 1552 eis
1651 1511 1761 1553 non
1790 1496 1892 1552 de-

292 1587 573 1653 negetur:
615 1582 757 1655 quia,
810 1583 1024 1640 dicente
1077 1584 1331 1655 Domino,
1381 1585 1633 1641 nolumus
1661 1593 1893 1642 mortem

294 1669 620 1740 peccatoris,
673 1678 880 1726 tantum
905 1679 963 1726 ut
992 1680 1340 1728 convertatur
1360 1681 1412 1730 et
1464 1674 1630 1731 vivat.
1662 1675 1732 1730 Et
1760 1689 1893 1730 san-

1988 512 2378 571 misericordiae
2420 516 2520 571 Dei
2550 533 2652 573 nec
2701 533 2990 574 mensuras
3020 535 3311 592 possumus
3353 537 3578 594 ponere,

1989 617 2090 657 nec
2122 610 2366 674 tempora
2390 603 2639 673 difﬁnire,
2667 606 2810 678 apud
2840 623 3002 679 quem
3049 609 3225 666 nullas
3253 610 3453 682 patitur
3480 627 3580 668 ve-

1988 690 2093 746 nia
2122 707 2308 748 moras
2343 709 2467 750 vera
2497 695 2789 763 confessio,
2859 696 3074 753 dicente
3100 699 3201 754 Dei
3231 699 3434 771 Spiritu
3487 717 3587 772 per

1989 775 2308 847 prOphetam
2341 795 2354 832 :
2381 779 2518 834 Cum
2543 795 2841 836 conversus
2871 782 3215 852 ingemueris
3237 786 3372 840 tunc
3394 785 3584 840 salvus

1991 866 2102 921 eris
2131 865 2332 936 (ibid.).
2354 890 2376 914 ››
2399 867 2606 922 Etalibi
2630 885 2644 922 :
2677 870 2778 924 Dic
2818 871 2883 925 tu
2901 869 3234 943 iniquitates
3261 875 3386 928 tuas
3405 873 3577 945 prior,

1990 956 2057 1008 ut
2077 955 2412 1024 justiﬁceris
2441 955 2623 1025 (Prov.
2644 956 2829 1027 χνιιι).
2852 957 2988 1013 Item
3023 975 3035 1014 :
3072 960 3212 1026 Quia
3229 960 3380 1032 apud
3407 962 3591 1018 Domi-

1973 1057 2132 1097 num
2161 1044 2554 1100 misericordia
2585 1048 2688 1112 est,
2722 1049 2780 1101 et
2806 1048 3027 1117 copiosa
3042 1047 3193 1118 apud
3222 1064 3352 1104 eum
3371 1049 3586 1105 redem-

1989 1131 2108 1202 ptio
2144 1129 2319 1203 (Psal.
2376 1132 2563 1204 χχιχ).
2596 1134 2658 1188 In
2714 1133 3097 1204 dispensandis
3126 1136 3310 1209 itaque
3337 1137 3438 1193 Dei
3486 1138 3591 1193 do-

1992 1216 2077 1272 nis
2138 1234 2249 1274 non
2291 1219 2554 1276 debemus
2582 1237 2705 1277 esse
2763 1221 3029 1292 diﬂiciles,
3064 1239 3168 1281 nec
3221 1226 3589 1282 accusantium

1993 1321 2054 1362 se
2082 1307 2319 1379 gemitus
2347 1309 2728 1382 lacrymasque
2756 1312 3056 1384 negligere,
3098 1329 3224 1370 cum
3260 1314 3436 1386 ipsam
3466 1331 3589 1387 poe-

1993 1395 2200 1453 nitendi
2258 1396 2602 1456 affectionem
2661 1416 2726 1455 ex
2780 1400 2881 1456 Dei
2911 1401 3192 1458 credamus
3236 1403 3588 1476 inspiratione

1995 1492 2345 1558 conceptam,
2378 1487 2592 1544 dicente
2639 1490 2900 1560 Apostolo
2933 1508 2946 1544 :
2979 1493 3057 1548 Ne
3125 1495 3272 1564 forte
3329 1493 3424 1549 det
3469 1494 3591 1550 illis

1993 1576 2140 1631 Deus
2159 1575 2577 1648 paenitentiam,
2611 1582 2679 1633 ut
2706 1580 3050 1652 resipiscant
3079 1581 3333 1637 adiaboli
3345 1582 3580 1654 laqueis,

1994 1681 2030 1721 a
2046 1680 2150 1736 quo
2169 1667 2380 1736 captivi
2401 1669 2672 1723 tenentur
2691 1668 2763 1724 ad
2773 1670 2953 1740 ipsius
2971 1671 3323 1726 voluntatem
3343 1669 3421 1741 (II
3440 1670 3578 1728 Tim.

294 1765 416 1814 ctus
444 1759 790 1815 Innocentius
822 1760 970 1829 dicit,
1004 1761 1132 1833 quia
1174 1763 1612 1820 communionem
1634 1762 1754 1818 dari
1783 1762 1889 1818 ob-

2000 1752 2077 1823 ιι).
2128 1753 2332 1809 Verum
2378 1755 2577 1823 etiam,
2607 1763 2666 1811 ut
2711 1755 2944 1812 diximus
2969 1800 2983 1825 ,
3037 1757 3224 1813 talium
3266 1758 3583 1815 necessitati

297 1847 548 1903 euntibus
575 1848 793 1919 placuit,
819 1857 872 1904 et
925 1857 1149 1922 propter
1199 1851 1416 1907 Domini
1457 1850 1890 1908 misericordiam
1988 1841 2066 1897 ita
2147 1842 2515 1898 “limandum
2569 1850 2671 1912 est.
2703 1851 2761 1899 ιιι
2819 1845 2959 1901 διοίίο
3031 1845 3177 1901 illius
3229 1847 3582 1918 Ρωῐιίιθῐιιίεθι

298 1936 454 2008 quasi
483 1936 736 1992 viaticum
773 1937 1120 2009 proiecturis,
1153 1947 1206 1995 et
1234 1955 1304 1996 ne
1333 1939 1621 1996 Novatiani
1647 1940 1890 1997 haeretici

297 2025 552 2097 negantis
597 2026 812 2083 veniam
855 2027 1202 2099 asperitatem
1251 2035 1304 2084 et
1348 2028 1602 2085 duritiam
1631 2028 1892 2102 subsequi

293 2113 596 2170 videamur.
650 2115 924 2172 Tribuitur
981 2132 1113 2190 ergo
1157 2133 1280 2174 cum
1309 2119 1626 2189 poenitentia
1655 2125 1894 2174 extrema

297 2204 626 2270 communio,
657 2212 714 2259 ut
742 2205 992 2262 homines
1034 2206 1348 2276 hujusmodi
1403 2207 1491 2264 vel
1521 2208 1576 2262 in
1625 2208 1892 2280 supremis

296 2291 410 2347 suis
439 2292 784 2364 permittente
815 2295 1099 2351 Salvatore
1130 2303 1320 2352 nostro
1351 2311 1384 2351 a
1413 2304 1679 2368 perpetuo
1731 2295 1893 2351 exitio

297 2380 656 2438 vindicentur.
689 2383 758 2439 Et
788 2391 1008 2440 sanctus
1026 2385 1350 2440 Caelestinus
1380 2384 1512 2441 dicit
1541 2403 1554 2439 :
1595 2406 1618 2436 ι
1650 2385 1896 2458 Agnovi-

296 2485 439 2537 mus,
475 2470 742 2543 inquiens,
776 2472 1149 2544 paenitentiam
1203 2473 1561 2529 morientibus
1606 2473 1893 2546 denegari,

298 2574 401 2614 nec
431 2558 649 2615 illorum
678 2561 965 2618 desideriis
994 2562 1160 2626 annui
1207 2562 1299 2634 qui
1319 2561 1500 2618 obitus
1530 2562 1613 2618 sui
1655 2569 1897 2634 tempore

299 2647 404 2704 hoc
432 2648 627 2705 animae
655 2665 766 2707 suae
796 2651 1021 2722 cupiunt
1068 2651 1310 2708 remedio
1357 2651 1656 2708 subveniri.
1689 2653 1896 2707 Horre-

298 2751 452 2804 mus,
486 2737 692 2806 fateor,
722 2747 883 2795 tantae
938 2739 1225 2812 impietatis
1270 2739 1508 2814 aliquem
1550 2740 1811 2812 reperiri,
1842 2746 1900 2797 ut

301 2825 371 2882 de
399 2827 500 2882 Dei
519 2826 704 2898 pietati
731 2828 1003 2900 desperet,
1039 2829 1194 2901 quasi
1219 2845 1330 2886 non
1365 2830 1540 2902 possit
1569 2829 1637 2885 ad
1665 2845 1725 2885 se
1757 2845 1898 2902 quo-

299 2915 383 2970 vis
403 2923 652 2988 tempore
680 2918 1026 2974 concurrenti
1053 2935 1392 2987 succurrere,
1426 2927 1479 2975 et
1505 2919 1902 2990 periclitantem

308 3005 409 3062 sub
440 3020 607 3062 onere
634 3015 984 3076 peccatorum
1011 3008 1289 3064 hominem
1316 3007 1561 3080 pondere
1592 3024 1698 3081 quo
1728 3025 1787 3064 se
1812 3007 1904 3064 ille

301 3095 548 3166 expediri
578 3095 852 3152 desiderat
881 3097 1138 3152 liberare.
1172 3097 1312 3166 Quid
1341 3097 1446 3154 hoc
1473 3112 1614 3170 rogo
1643 3096 1792 3153 aliud
1821 3103 1904 3152 est

301 3199 468 3254 quam
496 3183 750 3240 morienti
778 3193 1012 3244 mortem
1032 3186 1254 3253 addere,
1289 3186 1514 3259 ejusque
1543 3186 1777 3242 animam
1808 3201 1905 3241 sua

301 3272 626 3329 crudelitate
663 3289 732 3330 ne
787 3274 1037 3330 absoluta
1093 3291 1216 3332 esse
1247 3275 1421 3347 possit
1449 3275 1705 3332 occidere
1727 3276 1755 3330 ?
1780 3290 1905 3332 cum

301 3360 452 3417 Deus
481 3362 552 3418 ad
584 3362 1016 3419 subveniendum
1059 3363 1434 3436 paratissimus
1466 3363 1552 3434 sit,
1597 3371 1648 3420 et
1676 3362 1906 3420 invitans

305 3450 376 3506 ad
392 3451 769 3521 paenitentiam
787 3452 864 3509 sic
882 3452 1159 3525 promittat
1178 3471 1191 3508 :
1210 3456 1478 3510 Peccator
1495 3455 1559 3509 in
1578 3467 1908 3526 quacunque

304 3539 396 3595 die
412 3556 713 3597 conversus
723 3545 904 3613 fuerit
912 3546 1147 3615 peccata
1158 3545 1280 3614 ejus
1295 3559 1411 3599 non
1427 3543 1844 3615 reputabuntur
1855 3542 1909 3597 ei

301 3627 529 3699 (Ezech.
551 3631 784 3702 χχχιιι).
809 3630 878 3684 Et
905 3630 1102 3686 iterum
1129 3647 1142 3686 :
1162 3632 1296 3688 Nolo
1316 3636 1558 3688 mortem
1573 3632 1906 3704 peccatoris,

302 3718 401 3773 sed
432 3722 663 3774 tantum
692 3721 759 3775 ut
787 3724 1152 3776 convertatur
1180 3725 1238 3776 et
1263 3720 1629 3792 vivat(ibid.).
1669 3719 1910 3775 Salutem

303 3821 440 3880 ergo
469 3807 675 3863 homini
706 3808 894 3863 adimit
931 3808 1181 3882 quisquis
1212 3809 1263 3864 ei
1288 3809 1481 3864 mortis
1510 3817 1752 3880 tempore
1782 3823 1904 3879 pm-

300 3894 591 3952 nitentiam
607 3896 898 3968 denegavit
919 3916 932 3952 :
953 3906 1006 3953 et
1033 3898 1350 3973 desperavit
1371 3898 1440 3954 de
1465 3897 1755 3953 clementia
1784 3896 1906 3962 Dei,

299 3984 394 4056 qui
453 4001 579 4040 eum
624 3986 693 4042 ad
740 3986 1170 4043 subveniendum
1213 3987 1464 4043 morienti
1521 3986 1770 4043 sufﬁcere
1824 3985 1913 4042 vel

304 4081 585 4130 momento
638 4090 803 4146 posse
843 4091 955 4131 non
1010 4076 1262 4132 credidit.
1322 4076 1659 4132 Perdidisset
1687 4074 1826 4130 latro
1858 4075 1914 4128 in

306 4176 474 4218 cruce
493 4163 779 4234 praemium
797 4165 866 4220 ad
882 4164 1079 4220 Christi
1099 4165 1377 4220 dexteram
1399 4166 1664 4238 pendens,
1689 4164 1736 4220 si
1763 4164 1914 4219 illum

309 4251 474 4307 unius
529 4253 680 4309 horae
733 4255 1052 4325 poenitentia
1081 4269 1190 4310 non
1235 4254 1496 4323 juvisset;
1531 4269 1654 4310 cum
1685 4260 1831 4308 esset
1858 4253 1915 4307 in

306 4355 474 4412 poena
504 4341 774 4412 paenituit,
809 4351 863 4398 et
889 4360 990 4414 per
1017 4343 1178 4398 unius
1208 4342 1479 4398 sermonis
1498 4341 1915 4414 promissionem

304 4427 673 4485 habitaculum
707 4431 950 4502 paradisi
979 4432 1210 4488 Domino
1232 4432 1579 4504 promittente
1596 4429 1912 4502 promeruit.

304 4517 451 4574 Vera
482 4535 618 4592 ergo
668 4521 733 4574 ad
763 4521 1054 4576 Dominum
1111 4523 1400 4578 conversio
1442 4521 1497 4576 in
1528 4520 1730 4576 ultimis
1759 4519 1912 4590 posi-

304 4615 489 4664 torum
518 4617 702 4664 mente
739 4610 918 4681 potius
949 4618 1030 4667 est
1071 4611 1390 4666 aestimanda
1433 4627 1599 4683 quam
1642 4617 1908 4681 tempore,

303 4699 580 4770 propheta
598 4699 703 4754 hoc
717 4700 897 4755 taliter
931 4708 1211 4756 asserente
1237 4718 1249 4754 :
1278 4701 1416 4756 Cum
1437 4716 1738 4756 conversus
1757 4700 1914 4771 inge-

304 4788 545 4853 mueris,
567 4791 705 4844 tunc
724 4791 912 4846 salvus
929 4791 1040 4847 eris
1071 4789 1271 4861 (ibid.).
1317 4789 1449 4844 Cum
1486 4804 1616 4860 ergo
1647 4788 1911 4844 Dominus

305 4874 380 4930 sit
408 4875 591 4932 cordis
637 4877 932 4949 inspector,
966 4877 1158 4951 quovis
1202 4885 1446 4950 tempore
1491 4894 1602 4934 non
1633 4885 1716 4932 est
1745 4877 1912 4932 dene-

305 4965 488 5036 ganda
516 4964 833 5036 poenitentia
859 4967 1190 5038 postulanti;
1221 4983 1345 5024 cum
1390 4967 1468 5022 illi
1497 4983 1558 5023 se
1589 4966 1795 5038 obliget
1819 4965 1910 5034 ju-

304 5053 437 5120 dici,
474 5054 560 5110 cui
581 5053 791 5110 occulta
821 5057 1000 5113 omnia
1031 5056 1242 5112 noverit
1261 5056 1508 5112 revelari.
1550 5079 1572 5104 ››
1604 5056 1671 5111 Et
1693 5060 1911 5111 sanctus

307 5143 422 5198 Leo
458 5159 472 5197 :
506 5165 528 5194 α
568 5143 909 5212 Poenitentia,
940 5145 1132 5218 inquit,
1166 5163 1287 5218 quae
1333 5145 1494 5200 dilata
1523 5151 1603 5199 est
1634 5159 1758 5199 cum
1790 5151 1910 5198 stu-

303 5230 516 5288 diosius
541 5232 706 5303 petita
733 5233 897 5291 fuerit
926 5250 1036 5290 non
1066 5243 1314 5308 negetur,
1341 5241 1398 5288 ut
1427 5232 1810 5305 quoquomodo
1841 5231 1911 5287 ad

304 5319 660 5392 indulgentia
697 5322 1024 5380 medicinam
1064 5323 1244 5380 anima
1284 5322 1562 5378 vulnerata
1607 5320 1907 5392 perveniat.

301 5409 378 5465 Et
407 5409 536 5466 item
569 5427 582 5467 ε
616 5411 712 5468 His
740 5421 921 5469 autem
969 5413 1062 5485 qui
1087 5413 1142 5469 in
1171 5421 1417 5484 tempore
1459 5409 1822 5479 necessitatis,
1857 5416 1912 5465 et

303 5497 363 5553 in
391 5500 622 5570 periculi
649 5502 896 5575 urgentis
937 5503 1192 5559 instantia
1222 5501 1532 5574 praesidium
1553 5498 1906 5572 poenitentia,

315 5594 370 5642 et
401 5604 527 5645 mox
574 5591 1033 5650 reconciliationis
1080 5593 1409 5666 implorant,
1454 5606 1557 5647 nec
1611 5586 1908 5644 satisfactio

597 5699 840 5757 PATROL.
871 5700 1114 5757 CXXVI.

1991 1945 2094 1986 nec
2109 1930 2509 1988 communionis
2537 1933 2731 2005 gratia,
2766 1933 2811 1988 si
2861 1949 2981 1990 eam
3011 1933 3172 1990 etiam
3210 1935 3412 1992 amisso
3441 1935 3592 1992 vocis

1993 2017 2167 2075 oﬁicio
2195 2036 2294 2091 per
2335 2019 2535 2076 indicia
2563 2020 2764 2094 integri
2812 2038 3008 2079 sensus
3034 2023 3308 2094 postulant
3335 2033 3587 2098 negetur.

1992 2110 2061 2164 At
2091 2108 2136 2163 si
2165 2108 2341 2181 aliqua
2368 2109 2422 2166 vi
2448 2109 2787 2182 aegritudinis
2828 2110 2905 2166 ita
2933 2110 3136 2167 fuerint
3191 2113 3492 2185 aggravati,
3540 2119 3598 2169 ut

1995 2195 2139 2270 quod
2165 2197 2326 2268 paulo
2345 2205 2468 2253 ante
2488 2199 2786 2270 poscebant
2814 2199 2916 2255 sub
2961 2200 3252 2273 praesentia
3298 2201 3596 2258 sacerdotis

1995 2285 2302 2357 signiﬁcare
2330 2303 2441 2343 non
2481 2287 2714 2356 valeant,
2744 2289 3054 2345 testimonia
3082 2289 3161 2346 eis
3215 2289 3457 2347 ﬁdelium
3487 2291 3600 2347 cir-

1997 2375 2379 2431 cumstantium
2423 2377 2692 2448 prodesse
2725 2377 3022 2450 debebunt,
3053 2386 3112 2434 ut
3157 2377 3316 2434 simul
3344 2387 3398 2434 et
3416 2379 3598 2452 poeni-

1995 2463 2176 2519 tentiae
2217 2473 2270 2521 et
2299 2464 2755 2522 reconciliationis
2783 2465 3108 2524 beneﬁcium
3138 2475 3563 2540 consequantur.

2068 2607 2138 2662 Et
2156 2606 2286 2662 item
2305 2607 2452 2663 idem
2468 2614 2689 2664 sanctus
2705 2608 2814 2664 Leo
2835 2608 2967 2665 dicit
2990 2625 3005 2664 :
3029 2629 3052 2661 ι
3077 2609 3194 2666 Hoc
3207 2608 3388 2683 itaque
3408 2609 3599 2666 admo-

1999 2695 2132 2751 nitio
2161 2702 2348 2751 nostra
2388 2696 2698 2768 denuntiat,
2731 2697 2879 2769 quod
2909 2697 2956 2754 si
3004 2696 3126 2771 quis
3156 2697 3380 2754 fratrum
3408 2705 3598 2754 contra

1999 2785 2119 2841 haec
2144 2785 2437 2841 constituta
2476 2785 2664 2842 venire
2711 2786 3013 2852 tentaverit,
3045 2793 3100 2842 et
3127 2786 3400 2858 prohibita
3428 2786 3594 2842 fuerit

2002 2888 2168 2929 ausus
2196 2873 2502 2942 admittere,
2536 2890 2568 2929 a
2597 2889 2696 2931 suo
2726 2891 2787 2931 se
2820 2873 3033 2931 noverit
3059 2873 3236 2931 oﬁicio
3267 2875 3601 2932 submoven-

2004 2961 2149 3030 dum,
2181 2977 2286 3018 nec
2341 2963 2740 3019 communionis
2793 2969 2995 3018 nostrae
3023 2962 3263 3018 futurum
3309 2979 3433 3020 esse
3474 2978 3605 3020 con-

2005 3058 2232 3118 sortem,
2263 3050 2356 3122 qui
2393 3051 2580 3108 ‘socius
2603 3067 2728 3108 esse
2755 3051 2927 3106 noluit
2981 3050 3301 3123 disciplinae.
3334 3051 3418 3107 Ne
3467 3051 3598 3123 quid

1917 3135 1966 3198 C
1998 3155 2131 3194 vero
2161 3138 2231 3194 sit
2261 3138 2407 3210 quod
2436 3139 2866 3210 praetermissum
2895 3155 2928 3194 a
2958 3139 3118 3195 nobis
3153 3138 3291 3195 forte
3325 3139 3602 3205 credatur,

2005 3222 2188 3277 omnia
2215 3222 2506 3277 decretalia
2532 3230 2643 3277 tam
2671 3223 2844 3278 beatae
2872 3222 3261 3278 recordationis
3280 3223 3602 3291 Innocentii,

2007 3321 2172 3378 quam
2201 3306 2443 3362 omnium
2471 3307 2826 3364 decessorum
2841 3315 3171 3375 nostrorum,
3195 3323 3316 3379 quae
3335 3307 3405 3364 de
3435 3307 3608 3364 eccle-

2008 3394 2238 3450 siasticis
2285 3395 2570 3451 ordinibus
2623 3403 2676 3452 et
2729 3411 3001 3453 canonum
3055 3395 3406 3469 promulgata
3461 3404 3606 3468 sunt,

2008 3478 2310 3550 disciplinis
2366 3479 2437 3534 ita
2493 3496 2524 3534 a
2551 3486 2732 3536 vestra
2783 3480 3073 3536 dilectione
3102 3480 3363 3537 custodiri
3403 3481 3608 3537 debere

2008 3567 2352 3639 mandamus,
2384 3575 2444 3622 ut
2501 3568 2547 3622 si
2596 3569 2717 3639 quis
2769 3568 2827 3623 in
2853 3568 2946 3623 illa
2993 3568 3359 3635 commiserit,
3394 3569 3609 3625 veniam

2011 3657 2115 3712 sibi
2144 3656 2405 3728 deinceps
2435 3657 2647 3712 noverit
2688 3657 2970 3730 denegari.
3003 3659 3135 3713 Item
3177 3657 3323 3712 idem
3353 3657 3422 3714 de
3451 3658 3609 3713 dam-

2011 3745 2230 3801 natione
2256 3745 2533 3802 violatoris
2562 3761 2842 3802 sacrorum
2872 3763 2939 3802 ex
2967 3746 3278 3816 hujusmodi
3307 3763 3369 3803 re
3399 3747 3608 3803 consti-

2010 3841 2271 3890 tutorum.
2302 3836 2369 3890 Et
2399 3834 2527 3906 quia
2555 3834 2692 3901 haec,
2724 3834 2914 3902 frater,
2945 3835 3199 3907 ignorare
3228 3851 3336 3892 non
3357 3836 3530 3903 vales,
3559 3842 3612 3891 et

2011 3924 2120 3979 hoc
2141 3923 2405 3991 judicium
2419 3923 2540 3991 jure
2562 3924 2940 3995 depromptum
2960 3941 3072 3979 non
3087 3924 3287 3993 nescis,
3308 3924 3614 3996 praesertim

2013 4027 2136 4067 cum
2163 4026 2274 4066 non
2304 4011 2556 4067 catholici
2602 4011 2866 4084 episcopi,
2909 4013 3006 4068 sed
3035 4012 3323 4069 Novatiani
3352 4013 3612 4079 haeretici,

2014 4107 2074 4154 ut
2124 4100 2319 4155 beatus
2372 4100 2746 4166 Innocentius,
2809 4107 2862 4154 et
2908 4108 3127 4155 sanctus
3182 4099 3501 4154 Ambrosius
3558 4107 3612 4155 et

2013 4187 2191 4244 caeteri
2238 4187 2441 4258 quique
2486 4187 2771 4242 orthodoxi
2837 4186 3090 4241 doctores
3121 4188 3512 4253 demonstrant,
3548 4189 3618 4241 sit

2015 4276 2121 4332 ista
2147 4275 2610 4347 perniciosissima
2640 4283 2692 4330 et
2741 4275 3025 4330 exitiabilis
3052 4284 3213 4346 atque
3268 4275 3615 4330 exsecrabilis

2014 4374 2164 4422 secta
2195 4381 2208 4420 :
2239 4381 2436 4421 cavere
2490 4364 2758 4419 debueras
2815 4381 2884 4419 ne
2921 4364 3050 4419 talia
3106 4364 3246 4420 sicut
3274 4363 3454 4419 oblata
3483 4363 3615 4418 mihi

2019 4453 2264 4510 ecclesiae
2284 4453 2382 4508 tibi
2410 4452 2716 4508 commissae
2760 4453 2948 4525 petitio
3003 4460 3282 4524 monstrat,
3315 4452 3617 4508 inconsulte

2016 4543 2348 4615 praeciperes
2379 4559 2394 4595 :
2429 4549 2560 4613 puto
2588 4543 2732 4598 enim
2789 4550 2843 4598 te
2873 4543 3074 4615 legisse
3128 4542 3416 4614 epistolam
3443 4541 3616 4596 sancti

2012 4629 2302 4705 Augustini
2334 4631 2404 4686 ad
2421 4632 2761 4687 Honoratum
2785 4631 3122 4704 episcopum,
3147 4632 3203 4685 in
3234 4647 3339 4702 qua
3367 4629 3614 4685 invenire

2011 4720 2233 4794 potuisti
2263 4719 2442 4791 potius
2473 4728 2524 4775 te
2570 4720 2711 4776 mori
2740 4720 2940 4776 debere
2968 4736 3088 4775 cum
3143 4719 3302 4789 plebe
3330 4717 3427 4772 tibi
3458 4734 3613 4774 com-

2011 4809 2198 4878 missa,
2261 4825 2423 4881 quam
2479 4817 2537 4864 ut
2566 4808 2673 4864 illis
2730 4809 2907 4864 desint
2966 4807 3082 4862 sine
3130 4805 3324 4878 quibus
3352 4806 3537 4863 vivere
3567 4814 3621 4865 et

2013 4898 2210 4955 salvari
2267 4914 2378 4954 non
2421 4905 2651 4969 possunt
2694 4903 3033 4953 sacramenta
3079 4894 3342 4951 coelestia.
3394 4894 3518 4965 Qua
3545 4897 3616 4952 de

2011 5003 2093 5054 re,
2128 4987 2317 5054 frater,
2351 4987 2476 5043 vide
2524 5003 2594 5042 ne
2626 4994 2682 5042 tu
2713 4985 2788 5040 sis
2816 4983 3104 5053 homicida,
3139 4991 3192 5039 et
3237 4984 3398 5040 etiam
3437 4986 3614 5040 homi-

2012 5075 2255 5132 cidarum
2295 5075 2584 5142 homicida,
2641 5073 2767 5144 quia
2812 5079 3148 5129 sacramenta
3197 5073 3438 5129 coelestia
3464 5074 3616 5145 plebi

2012 5163 2253 5221 subtrahi
2280 5163 2436 5230 facis,
2471 5163 2588 5218 sine
2635 5162 2831 5233 quibus
2860 5161 3045 5218 vivere
3075 5177 3185 5218 non
3237 5170 3436 5234 potest,
3486 5180 3610 5220 cum

2011 5253 2192 5310 adsint
2248 5251 2342 5324 qui
2385 5251 2580 5309 eadem
2609 5258 2946 5307 sacramenta
2997 5251 3144 5308 licite
3200 5251 3348 5325 plebi
3403 5252 3620 5310 valeant

2010 5342 2343 5400 ministrare.

2086 5505 2109 5536 ι
2141 5481 2474 5539 Pertimesce
2505 5476 2859 5540 nihilominus
2891 5483 3036 5558 quod
3058 5483 3126 5541 de
3146 5484 3409 5541 sententia
3431 5483 3610 5540 sancti

2010 5580 2294 5654 Evangelii
2325 5595 2431 5652 qua
2461 5579 2728 5638 Dominus
2759 5582 2885 5640 dicit
2937 5600 2948 5638 :
2982 5584 3041 5640 Si
3069 5583 3192 5656 quis
3224 5584 3372 5640 vobis
3392 5575 3610 5654 aliquid

3115 5692 3182 5743 17
