4174 6316
555 288 658 347 523

1618 259 1960 320 HINCMABI
1996 248 2397 314 RHEMENSIS
2435 243 2984 306 ARCHIEPISCOPI.

3751 234 3861 290 524

564 410 797 477 dixerit,
831 406 1001 463 dicite
1021 402 1153 476 quia
1174 394 1449 457 Dominus
1476 394 1564 450 his
1582 407 1719 464 opus
1748 387 1932 451 habet,
1956 386 2012 440 et
2029 398 2162 438 con-
2189 380 2245 441 A
2262 377 2505 477 dandum
2528 390 2638 429 non
2668 379 2772 438 est,
2813 366 3147 427 servandum
3199 370 3387 420 sancto
3413 360 3617 434 Spiritu
3646 373 3860 431 sugge-

562 469 759 574 festim
783 469 1045 552 dimittet
1059 506 1149 548 eos
1169 486 1389 561 (Matth.
1420 481 1567 574 μυ),
1590 479 1845 574 loquente
1866 472 2018 574 in'eis
2047 469 2162 568 Spi-

563 559 670 644 ritu
700 591 888 642 sancto
916 579 1092 637 nostri
1137 559 1326 633 dixere
1381 571 1616 640 majores
1647 585 1660 621 :
1695 563 2040 628 Doctoribus,
2072 559 2162 612 in-

564 676 755 750 quiunt
776 718 789 740 ,
824 668 1153 744 praecipitur,
1183 672 1244 720 ut
1270 663 1319 719 si
1357 659 1487 734 quid
1517 657 1597 714 eis
1626 651 1897 712 obstiterit
1924 647 2161 750 adversi,

566 732 614 822 si
645 732 788 837 quis.
812 732 1400 819 verbo-contradixerit
1441 744 1702 813 veritatis,
1735 741 1783 798 si
1828 738 1948 811 quis
1974 732 2164 809 prohi-

570 828 752 909 buerit
802 854 1122 921 peccatores
1173 840 1312 898 solvi
1341 853 1376 894 a
1428 834 1638 908 laqueis
1681 828 1922 921 diaboli,
1963 831 2017 880 et
2067 837 2168 895 per

569 920 972 998 confessionem
1026 930 1155 988 ﬁdei
1207 926 1441 985 Domino
1496 920 1724 988 adduci,
1756 931 1867 973 non
1910 921 2097 970 tamen
2136 926 2169 965 a

570 1025 921 1103 praedicando
941 1021 1226 1085 desistant,
1259 1014 1357 1071 sed
1379 1016 1693 1070 constanter
1719 1005 2013 1071 insinuent,
2046 998 2172 1072 quia

572 1089 838 1174 Dominus
895 1112 963 1168 ad
1016 1103 1394 1166 aediﬁcandam
1439 1096 1739 1157 Ecclesiam
1786 1107 1943 1149 suam
1972 1089 2172 1144 talibus

575 1221 714 1278 opus
741 1202 924 1259 habet.
955 1199 1026 1254 Et
1069 1195 1209 1267 proh
1237 1187 1429 1249 dolori
1463 1202 1589 1244 cum
1619 1199 1783 1278 nemo
1815 1180 1920 1278 his
1948 1184 2171 1278 contra—

577 1266 744 1360 dicat,
777 1299 833 1347 tu
862 1266 1087 1346 econtra
1098 1279 1512 1354 implorantibus
1528 1270 1860 1333 contradicis
1886 1287 1902 1337 ;
1938 1266 2173 1338 alligans

580 1398 679 1440 eos
704 1396 775 1437 ne
803 1377 987 1435 divina
1021 1371 1205 1430 munia
1258 1367 1478 1441 populis
1522 1367 1907 1434 exsequantur,
1940 1368 2175 1428 quorum

578 1473 804 1529 interest
832 1479 990 1523 sacra
1013 1461 1311 1518 missarum
1338 1454 1517 1513 ofﬁcia
1560 1450 1859 1514 celebrare,
1890 1443 2176 1516 mysticam

579 1555 1011 1617 distributionem
1040 1547 1339 1623 spiritualis
1373 1541 1644 1600 alimonia
1673 1534 1920 1609 corporis
1969 1532 2177 1589 scilicet

580 1656 634 1705 et
655 1642 938 1719 sanguinis
965 1620 1183 1698 Domini
1209 1633 1384 1692 nostri
1413 1634 1542 1689 Jesu
1570 1626 1768 1685 Christi
1808 1624 1864 1680 in
1892 1620 2175 1678 remissio-

580 1751 709 1794 nem
735 1712 1087 1808 peccatorum
1115 1724 1369 1782 ﬁdelibus
1394 1718 1746 1808 distribuere,
1776 1729 1877 1786 per
1902 1712 2173 1808 lavacrum
2193 1736 2247 1796 B

584 1791 1016 1895 regenerationis
1032 1813 1102 1869 de
1119 1815 1389 1884 potestate
1416 1802 1616 1863 diaboli
1643 1802 1701 1856 in
1726 1813 1960 1873 regnum
1978 1791 2177 1852 Christi

582 1882 696 1968 κιο-ιλ
734 1905 1035 1978 baptizatos
1088 1882 1415 1963 transferre;
1443 1909 1542 1965 per
1583 1892 1805 1961 januam
1857 1882 2179 1978 reconcilia-

582 1993 746 2051 tionis
774 1965 828 2048 εἰ
854 1986 1035 2047 viatici
1064 1983 1306 2041 muneris
1359 1975 1843 2035 sanctiﬁcationem
1871 1970 2081 2026 animas
2110 1965 2179 2022 ab

585 2089 789 2139 aeterno
817 2076 1037 2134 interitu
1082 2072 1334 2138 liberare,
1364 2066 1599 2124 Domino
1627 2063 1697 2119 de
1741 2058 2054 2117 cmlestibus
2082 2054 2181 2111 tibi

587 2171 858 2228 clamante
889 2182 905 2223 :
936 2162 1063 2237 quia
1087 2164 1280 2235 pastor
1318 2158 1491 2214 bonus
1529 2154 1787 2210 animam
1827 2164 1993 2205 suam
2016 2143 2181 2218 ponit

583 2274 688 2333 pro
703 2257 890 2333 ovibus
908 2235 1029 2310 suis
1050 2251 1233 2323 (Joan.
1250 2246 1335 2319 χ).
1354 2244 1460 2315 Qui
1479 2241 1605 2298 fecit
1620 2238 1765 2312 quod
1784 2235 1985 2301 docuit,
2004 2240 2182 2290 osten-

588 2320 669 2405 dit
707 2332 853 2418 quod
891 2320 1073 2413 jussit,
1123 2352 1248 2394 cum
1288 2333 1541 2406 praeduce
1585 2328 1726 2385 Juda
1752 2326 1950 2383 cohors
1990 2329 2045 2378 et
2071 2320 2181 2377 mi-

586 2434 746 2493 nistri
773 2432 1086 2488 Iudaeorum
1136 2429 1423 2491 venerunt,
1455 2426 1516 2474 ut
1571 2432 1697 2474 eum
1742 2422 1797 2471 et
1853 2428 1983 2469 suos
2012 2424 2180 2482 cape-

593 2520 876 2582 rent‘dixit
907 2536 923 2574 :
953 2518 1014 2574 Si
1040 2530 1130 2573 me
1165 2512 1442 2587 quaeritis,
1474 2508 1649 2564 sinite
1687 2506 1783 2561 hos
1812 2502 1965 2558 abire
1994 2500 2177 2571 (Joan.

590 2610 781 2683 xvm),
841 2608 1031 2678 sicque
1113 2585 1502 2673 comprehendi
1555 2610 1615 2651 se
1668 2590 1889 2665 pertulit
1911 2632 1926 2657 ,
1979 2596 2033 2645 et
2089 2585 2183 2658 qui

581 2677 816 2774 populos
871 2677 958 2751 ad,
992 2691 1159 2749 ﬁdem
1209 2691 1612 2750 converterent,
1648 2689 1703 2738 et
1765 2677 2044 2737 conversis
2091 2690 2175 2731 sa.

589 2763 689 2846 cra
728 2782 992 2858 mysteria
1046 2779 1406 2843 celebrarent,
1452 2773 1659 2830 solutos
1715 2769 1869 2825 abire
1912 2763 2178 2839 permisit.

588 2878 734 2934 Nam
763 2852 810 2929 si
838 2881 892 2928 te
934 2874 1269 2943 provocante
1324 2862 1529 2935 aliquid
1555 2860 1652 2916 tibi
1704 2855 1924 2915 adversi
1962 2852 2178 2920 accidit,

577 2965 845 3038 patienter
872 2942 1016 3018 ferre
1043 2956 1334 3022 debueras,
1366 2966 1543 3023 usque
1571 2949 1701 3038 dum
1738 2961 1844 3038 ego
1876 2942 2183 3038 qualiscun-

583 3030 690 3128 que
716 3045 1169 3121 metropolitanus
1197 3051 1324 3100 tuus
1354 3055 1481 3098 cum
1507 3035 1848 3109 coepiscopis
1878 3040 1931 3090 et
1957 3030 2181 3088 confra-

580 3123 751 3199 tribus
778 3137 982 3196 nostris
1010 3133 1230 3192 Domini
1256 3128 1428 3188 nostri
1456 3127 1602 3201 regis
1629 3123 1975 3182 clementiam
2006 3135 2109 3193 pro
2128 3126 2183 3175 te

581 3230 826 3297 adirem;
858 3234 914 3285 et
939 3225 1078 3283 sicut
1100 3224 1218 3294 jam
1244 3221 1490 3288 fecimus,
1539 3214 1687 3289 quod
1713 3214 1867 3284 juste
1915 3218 1969 3266 et
2012 3207 2183 3265 ratio-

583 3318 837 3377 nabiliter
861 3315 931 3371 ab
976 3329 1044 3370 eo
1085 3310 1491 3384 postularemus
1514 3349 1528 3373 ,
1561 3305 1750 3376 utique
1795 3300 2182 3356 obtineremus.

583 3407 741 3466 Unde
768 3403 903 3461 nihil
931 3401 1245 3460 dubitamus
1264 3396 1393 3470 quin
1422 3393 1654 3451 Domino
1682 3394 2015 3463 c00perante
2041 3384 2187 3442 obti-

585 3495 836 3554 nebimus
864 3490 1011 3566 quod
1048 3489 1196 3560 juste
1223 3494 1277 3545 et
1332 3481 1724 3541 rationabiliter
1775 3475 2187 3550 postulabimus,

585 3591 798 3642 tantum
824 3563 899 3639 ut
911 3588 1006 3636 tua
1030 3575 1321 3635 insolentia
1357 3571 1559 3630 nostris
1578 3567 1928 3643 petitionibus
1956 3580 2068 3620 non
2094 3563 2194 3619 ob-

585 3674 738 3730 sistat
768 3687 786 3728 :
819 3670 947 3744 quia
990 3667 1153 3724 etiam
1178 3666 1236 3721 in
1292 3665 1395 3720 hac
1424 3668 1530 3718 tum
1587 3653 2030 3731 praesumptionis
2058 3667 2195 3724 prae.

589 3760 842 3833 ceptione
893 3763 1083 3814 contra
1125 3753 1533 3825 Scripturarum
1588 3747 1859 3804 tramitem
1895 3749 2194 3813 contraque

586 3825 776 3902 sacras
804 3839 1027 3914 regulas
1055 3836 1258 3910 egeris,
1291 3834 1391 3891 tibi
1419 3849 1486 3890 ex
1517 3829 1625 3887 loci
1654 3828 1826 3886 nostri
1871 3825 2051 3884 oﬂicio
2089 3840 2192 3879 ne-

591 3930 891 3989 cessarium
921 3926 1049 3983 duxi
1077 3924 1367 3981 ostendere
1397 3939 1414 3978 :
1444 3920 1712 3992 Scriptum
1743 3924 1828 3974 est
1866 3915 2011 3971 enim
2041 3931 2055 3968 :
2095 3914 2194 3968 In-

598 4025 819 4093 terroga
847 4020 1079 4075 Patrem
1112 4018 1277 4071 tuum
1304 4016 1363 4070 et
1376 4008 1755 4067 annuntiabit
1783 4006 1923 4074 tibi;
1950 4005 2193 4076 majores

595 4115 739 4177 tuos,
764 4111 822 4166 et
849 4107 1040 4164 dicent
1057 4103 1158 4161 tibi
1186 4102 1373 4175 (Deut.
1402 4102 1632 4170 xxxu);
1666 4103 1721 4153 et
1742 4113 1756 4151 :
1774 4094 2061 4167 Palpebraz
2081 4095 2195 4148 tua

590 4197 918 4274 praecedant
930 4210 1152 4267 gressus
1173 4196 1297 4250 tuos
1307 4192 1491 4262 (Prov.
1514 4188 1596 4261 1v)
1620 4206 1634 4255 ;
1659 4192 1713 4243 et
1735 4203 1748 4240 :
1767 4185 1970 4242 Omnia
1989 4185 2083 4254 fac
2091 4196 2195 4254 per

592 4269 905 4346 consilium
929 4328 944 4352 ,
976 4287 1036 4342 et
1074 4286 1202 4357 post
1247 4284 1470 4353 factum
1504 4294 1622 4335 non
1661 4273 1961 4348 pcenitebis
1993 4269 2189 4343 (Eccli.

590 4375 803 4448 xxxii).
834 4398 856 4424 »
877 4374 945 4431 Et
979 4387 1195 4429 sacrum
1226 4370 1508 4424 Nicaenum
1545 4364 1835 4422 concilium
1854 4360 2015 4418 dicit:
2034 4358 2192 4414 Anti-

2259 473 2413 522 rente
2442 463 2660 519 sibimet
2691 464 3038 516 censuerunt.

2329 554 2399 609 Et
2454 559 2580 624 post
2633 549 2951 621 aliquanta:
2989 567 3012 596 ι
3048 542 3208 614 Quod
3261 540 3464 597 idcirco
3519 537 3771 605 dicimus,
3801 542 3864 591 ut

2262 643 2507 699 advertat
2554 638 2792 697 charitas
2846 643 2941 692 tua
2996 634 3132 690 adeo
3161 647 3263 688 nos
3293 645 3562 687 canonum
3589 632 3867 699 praecepta

2264 745 2504 799 servare,
2545 735 2605 783 ut
2643 729 2716 784 ita
2769 723 3081 782 constitutio
3136 736 3353 794 quoque
3400 724 3584 774 nostra
3612 714 3862 782 ditiiniat,

2264 827 2530 892 quatenus
2566 813 2966 886 metropolitani
2993 812 3078 867 sui
3128 823 3470 881 unaquaque
3499 803 3776 879 provincia
3808 801 3868 857 in

2266 891 2518 963 omnibus
2537 905 2700 961 rebus
2731 900 3128 959 ordinationem
3163 913 3383 968 semper
3406 901 3700 966 exspectet.
3739 913 3763 943 ν
3798 891 3871 948 Et

2267 995 2586 1052 Africanum
2638 991 2927 1049 concilium
2983 988 3230 1044 scribens
3274 985 3343 1041 ad
3373 982 3722 1039 Caelestinum
3770 996 3870 1050 pa—

2268 1100 2395 1156 pam
2416 1100 2429 1139 :
2454 1105 2476 1134 ι
2503 1083 2754 1146 Decreta,
2773 1078 2969 1151 inquit,
2991 1077 3218 1132 Nicaeua
3237 1073 3353 1130 sive
3372 1070 3644 1129 inferioris
3660 1068 3872 1141 gradus

2271 1172 2517 1238 clericos,
2576 1170 2692 1227 sive
2748 1168 3034 1239 episcopos
3069 1165 3221 1235 ipsos
3277 1162 3388 1218 suis
3433 1157 3866 1231 metropolitanis

2272 1261 2684 1319 commiserunt.
2721 1281 2743 1307 ››
2775 1258 2844 1313 Et
2860 1262 3080 1312 sanctus
3108 1254 3217 1309 Leo
3238 1252 3309 1309 ad
3323 1249 3668 1306 Anastasium
3687 1247 3869 1303 Thes-

2273 1350 2672 1406 salonicensem
2702 1346 3019 1418 episcopum
3052 1361 3067 1398 :
3099 1341 3395 1399 secundum
3426 1346 3732 1394 sanctorum
3761 1335 3869 1390 Pa-

2273 1447 2434 1504 trum,
2484 1435 2690 1509 inquit,
2726 1457 2749 1487 α
2809 1436 3060 1490 Canones
3108 1430 3313 1503 Spiritu
3360 1427 3461 1485 Dei
3506 1425 3780 1492 conditos,
3815 1431 3873 1480 et

2274 1527 2436 1582 totius
2462 1524 2652 1580 mundi
2694 1520 3381 1592 reverentiafconsecratos,
3413 1513 3866 1586 metropolitanos

2276 1614 2609 1686 singularum
2633 1610 3034 1684 provinciarum
3062 1608 3370 1678 episcopos,
3401 1604 3594 1676 quibus
3614 1618 3682 1657 ex
3711 1600 3870 1657 dele-

2279 1703 2499 1777 gatione
2553 1708 2743 1757 nostra
2770 1697 3117 1755 fraternitatis
3156 1703 3264 1751 tuae
3319 1708 3453 1750 cura
3497 1688 3870 1763 praetenditur,

2275 1793 2365 1863 jus
2412 1789 2626 1846 traditae
2654 1787 2761 1843 sibi
2812 1786 3103 1858 antiquitus
3156 1780 3435 1856 dignitatis
3489 1781 3873 1836 intemeratum

2279 1880 2480 1936 habere
2507 1876 2852 1934 decernimus
2882 1892 2898 1931 :
2927 1875 3000 1930 ita
3026 1881 3087 1929 ut
3115 1870 3365 1943 aregulis
3384 1868 3699 1942 praestitutis
3718 1865 3873 1923 nulla

2280 1976 2370 2025 aut
2423 1966 2757 2041 negligentia
2800 1972 2892 2020 aut
2944 1961 3369 2036 praesumptione
3415 1957 3714 2014 discedant.
3748 1976 3770 2006 ι
3805 1956 3878 2011 Et

2279 2059 2410 2115 item
2464 2057 2536 2113 ad
2589 2053 2940 2111 Theodorum
3004 2050 3428 2120 Forojuliensem
3499 2046 3816 2118 episcopum
3856 2062 3872 2098 :

2285 2167 2309 2200 ι
2345 2142 2752 2212 Sollicitudinis,
2785 2140 2976 2214 inquit,
3007 2147 3113 2196 tua:
3157 2139 3205 2193 is
3258 2138 3391 2194 ordo
3420 2152 3543 2192 esse
3589 2134 3868 2203 debuerat,

2278 2242 2337 2292 ut
2366 2250 2489 2292 cum
2512 2230 2935 2303 metropolitano
2978 2236 3067 2284 tuo
3095 2228 3166 2285 de
3207 2242 3274 2283 eo
3330 2224 3477 2298 quod
3521 2223 3878 2296 quaerendum

2281 2339 2405 2381 esse
2425 2321 2713 2379 videbatur
2739 2318 2987 2376 conferre
3007 2336 3022 2387 ;
3045 2316 3172 2389 quia
3198 2314 3256 2371 in
3274 2315 3455 2372 causis
3474 2330 3598 2387 quae
3616 2312 3688 2368 ad
3707 2328 3878 2386 gene-

2279 2412 2449 2469 ralem
2492 2407 2895 2489 observantiam
2944 2405 3219 2478 pertinent
3260 2403 3503 2460 omnium
3529 2401 3747 2458 Domini
3776 2416 3873 2457 sa-

2282 2499 2565 2557 cerdotum
2618 2497 2755 2553 nihil
2807 2496 2927 2552 sine
2969 2493 3291 2566 primatibus
3372 2498 3584 2564 oportet
3636 2489 3872 2563 impleri.

2280 2591 2497 2646 Certum
2516 2594 2597 2645 est
2625 2586 2773 2644 enim
2801 2584 3060 2657 quoniam
3101 2583 3193 2638 illa
3217 2597 3337 2656 qum
3361 2580 3706 2652 baptizandis
3732 2594 3868 2652 par—

2281 2677 2442 2744 vulis,
2475 2685 2528 2732 et
2580 2675 2651 2733 de
2706 2674 2897 2730 ultima
2950 2670 3289 2745 pmnitentia,
3319 2677 3374 2727 et
3413 2669 3609 2726 viatico
3637 2683 3869 2724 munere

2281 2766 2414 2822 nulli
2444 2763 2771 2837 denegando
2800 2779 2867 2819 ex
2888 2760 3062 2818 sacris
3090 2759 3298 2834 regulis
3322 2758 3582 2830 praemisi,
3605 2757 3677 2813 ad
3706 2773 3872 2831 gene-

2281 2855 2457 2912 ralem
2487 2852 2889 2911 observantiam
2944 2849 3162 2907 Domini
3214 2847 3554 2905 sacerdotum
3581 2846 3874 2919 pertinent,

2283 2952 2467 3001 contra
2497 2959 2617 3015 qua
2644 2941 2949 2999 inconsulte
2977 2937 3278 3012 praecipere
3294 2953 3405 2993 non
3424 2936 3717 2992 debueras.
3760 2959 3782 2983 ι»
3804 2935 3879 2990 Et

2284 3031 2677 3088 Antiochenam
2706 3029 2995 3086 concilium
3023 3026 3153 3083 dicit
3189 3044 3202 3081 :
3238 3047 3261 3077 π
3295 3027 3401 3082 Per
3429 3023 3675 3098 singulas
3695 3023 3878 3095 regio-

2281 3136 2381 3178 nes
2405 3120 2694 3192 episcopos
2723 3117 2975 3176 convenit
2994 3132 3157 3172 nosse
3176 3113 3648 3187 metropolitanum
3665 3112 3879 3184 episco-

2282 3225 2413 3283 pum
2440 3207 2856 3265 sollicitudinem
2885 3207 3047 3263 totius
3075 3204 3374 3278 provinciae
3401 3220 3629 3278 gerere;
3660 3209 3880 3275 propter

2286 3298 2433 3371 quod
2483 3298 2554 3353 ad
2608 3296 2949 3369 metropolim
3004 3311 3196 3351 omnes
3251 3293 3492 3366 undique
3540 3292 3633 3365 qui
3659 3290 3880 3363 negotia

2286 3387 2536 3444 videntur
2575 3387 2784 3443 habere
2827 3391 3159 3442 concurrant
3188 3400 3203 3437 :
3236 3382 3392 3439 Unde
3434 3380 3638 3454 placuit
3671 3397 3797 3437 eum
3824 3387 3881 3436 et

2287 3477 2496 3533 honore
2524 3475 2862 3547 praecellere,
2895 3482 2949 3530 et
2977 3473 3111 3529 nihil
3138 3472 3369 3544 amplius
3397 3478 3591 3544 praeter
3618 3486 3747 3526 eum
3775 3486 3880 3527 ca-

2290 3572 2436 3621 teros
2465 3564 2755 3636 episcopos
2784 3579 2973 3635 agere,
3005 3561 3301 3618 secundum
3332 3561 3614 3632 antiquam
3643 3575 3677 3614 a
3701 3558 3879 3631 patri-

2291 3654 2394 3709 bus
2421 3653 2625 3710 nostris
2641 3652 2885 3724 regulam
2906 3651 3268 3720 constitutam,
3299 3649 3407 3704 nisi
3433 3665 3496 3705 ea
3524 3656 3731 3704 tantum
3761 3662 3881 3720 qum

2290 3744 2362 3799 ad
2389 3758 2542 3799 suam
2570 3741 2854 3799 dimcesim
2898 3741 3191 3813 pertinent,
3236 3737 3725 3811 possessionesque
3747 3737 3881 3793 sub-

2287 3833 2478 3902 jectas.
2529 3830 2914 3903 Unusquisque
2971 3829 3118 3885 enim
3181 3828 3471 3900 episcOpus
3522 3826 3721 3883 habeat
3772 3841 3883 3883 suae

2292 3920 2570 3991 parochias
2614 3927 2959 3993 potestatem,
3007 3925 3065 3973 ut
3117 3925 3274 3990 regat
3312 3916 3463 3985 juxta
3517 3915 3883 3971 reverentiam

2294 4008 2524 4083 singulis
2554 4016 2975 4081 competentem,
3006 4013 3060 4062 et
3094 4004 3493 4079 providentiam
3518 4011 3679 4077 gerat
3707 4003 3884 4060 omnis

2292 4098 2681 4171 possessionis,
2744 4114 2867 4170 quae
2913 4097 3012 4152 sub
3080 4094 3326 4165 ejusdem
3370 4100 3637 4165 potestate
3676 4093 3801 4161 ;ita
3827 4100 3884 4149 ut

2291 4189 2641 4261 presbyteros
2668 4194 2723 4243 et
2751 4186 3009 4243 diaconos
3041 4185 3274 4253 ordinet,
3303 4190 3355 4239 et
3384 4182 3600 4254 singula
3629 4198 3729 4238 suo
3744 4181 3888 4252 judi-

2292 4277 2377 4335 cio
2406 4275 2873 4350 comprehendat;
2905 4273 3139 4347 amplius
3167 4281 3345 4329 autem
3371 4271 3507 4327 nihil
3553 4287 3721 4344 agere
3764 4279 3883 4328 ten-

2291 4374 2406 4423 tent
2432 4375 2633 4438 praeter
2661 4365 2956 4421 antistitem
3007 4361 3493 4435 metropolitanum.
3527 4381 3550 4411 α
3584 4359 3885 4432 Diligenter

592 4482 698 4539 qua
725 4461 1062 4522 consuetudo
1095 4465 1343 4516 servetur
1383 4471 1483 4527 per
1518 4455 1828 4525 IEgyptum,
1870 4450 2112 4527 Libyam,
2135 4452 2184 4503 et

2291 4456 2511 4513 attende
2558 4455 2705 4527 quod
2741 4453 2937 4511 dicitur
2981 4453 3334 4525 presbyteros
3358 4457 3412 4507 et
3438 4449 3701 4506 diaconos
3728 4464 3884 4520 paro-

592 4552 952 4625 Pentapolim,
975 4550 1049 4605 ita
1065 4555 1122 4602 ut
1141 4543 1541 4602 Alexandrinus
1557 4541 1847 4613 episcOpus
1865 4540 2065 4594 horum
2083 4550 2193 4591 om-

591 4644 743 4699 nium
769 4624 971 4697 habeat
987 4642 1330 4709 potestatem,
1346 4632 1474 4705 quia
1494 4639 1547 4686 et
1556 4629 1710 4685 urbis
1728 4629 1916 4683 Romae
1935 4624 2192 4697 episcopo

594 4731 782 4803 parilis
809 4744 930 4785 mos
957 4734 1060 4783 est.
1097 4722 1357 4780 Similiter
1380 4726 1562 4776 autem
1590 4725 1644 4774 et
1672 4716 1815 4787 apud
1832 4712 2189 4779 Antiochiam,

597 4827 929 4890 caeterasque
954 4812 1266 4889 provincias
1294 4810 1408 4866 suis
1451 4806 1736 4880 privilegia
1793 4809 2071 4859 serventur
2097 4816 2193 4857 ec-

598 4905 801 4962 clesiis.
833 4889 992 4974 Quod
1021 4901 1315 4975 capitulum
1362 4904 1584 4954 sanctus
1623 4891 1930 4950 Bonifacius
1959 4905 2102 4964 papa
2127 4889 2195 4944 ad

595 4993 856 5049 Hilarium
873 4993 1290 5048 Narbonensem
1313 4987 1632 5059 episcopum
1677 4981 1921 5038 scribens
1977 4978 2197 5051 exponit

595 5082 692 5138 ita.
724 5081 986 5138 Convenit
1000 5096 1102 5136 nos
1129 5086 1486 5151 paternarum
1515 5072 1855 5128 sanctionum
1905 5069 2196 5142 diligentes

600 5188 724 5228 esse
756 5169 1049 5235 custodes;
1080 5167 1212 5224 nulli
1239 5164 1441 5222 etenim
1467 5162 1684 5218 videtur
1703 5159 1982 5233 incognita
2004 5156 2198 5230 synodi

596 5258 909 5318 constitutio
935 5257 1191 5326 Nicenae,
1222 5270 1344 5327 quae
1370 5253 1445 5308 ita
1471 5250 1728 5323 praecepit
1761 5256 1822 5304 ut
1850 5248 2042 5304 eadem
2068 5261 2197 5317 pro-

594 5349 711 5424 prie
738 5347 911 5405 verba
954 5360 1242 5418 ponamus,
1272 5359 1371 5415 per
1398 5328 1834 5412 unamquamque
1860 5335 2197 5409 provinciam

590 5423 680 5510 jus
707 5435 1153 5509 metropolitanos
1180 5430 1428 5504 singulos
1456 5430 1663 5487 habere
1691 5427 1913 5491 debere,
1948 5439 2052 5482 nec
2089 5423 2199 5480 cui-

598 5548 766 5607 quam
793 5533 928 5591 duas
956 5546 1081 5590 esse
1110 5528 1399 5599 subjectae.
1433 5525 1590 5596 Quod
1618 5524 1714 5597 illi,
1737 5522 1866 5596 quia
1884 5521 2041 5578 aliter
2070 5532 2198 5575 cre-

2290 4544 2427 4601 chiae
2463 4561 2578 4601 sum
2624 4543 2840 4600 ordinet
2884 4542 3172 4615 episcopus
3196 4560 3211 4608 ;
3233 4540 3444 4597 ordinet
3484 4546 3667 4595 autem
3696 4546 3752 4595 et
3778 4553 3885 4594 non

2291 4633 2590 4703 exordinet,
2623 4647 2728 4689 nec
2771 4640 2959 4689 contra
3006 4630 3231 4704 regulas
3261 4630 3332 4685 ab
3356 4628 3532 4686 ofﬁcio
3568 4628 3886 4685 submoveat

2290 4722 2379 4777 vel
2425 4720 2756 4792 suspendat:
2791 4727 2846 4775 et
2888 4718 3091 4775 ibidem
3147 4717 3516 4790 subsequitur,
3545 4716 3761 4790 singula
3790 4730 3884 4772 suo

2286 4809 2490 4880 judicio
2522 4808 2946 4881 comprehendat
2979 4825 2992 4862 :
3051 4807 3267 4881 singula
3295 4814 3476 4863 autem
3525 4805 3657 4862 dicit
3701 4812 3760 4859 ut
3788 4816 3885 4858 suo

2286 4897 2491 4968 judicio
2520 4896 2963 4969 comprehendat,
2996 4904 3051 4952 et
3077 4912 3187 4953 non
3209 4912 3329 4970 quae
3356 4896 3429 4952 ad
3455 4892 3771 4967 generalem
3799 4890 3892 4947 ob-

2294 4987 2624 5044 servantiam
2671 4987 2913 5043 omnium
2960 4985 3178 5042 Domini
3218 4985 3492 5056 pertinent
3517 4983 3884 5048 sacerdotum,

2296 5093 2435 5148 qua,
2466 5083 2526 5131 ut
2569 5076 2680 5132 Leo
2709 5076 2854 5143 dicit,
2888 5075 3006 5131 sine
3058 5073 3380 5146 primatibus
3408 5090 3518 5129 non
3546 5080 3759 5144 oportet
3786 5070 3888 5125 im-

2293 5164 2452 5236 pleri.
2476 5165 2545 5220 Et
2562 5165 2672 5220 noli
2692 5165 2943 5221 claudere
2963 5179 3126 5220 aures
3146 5162 3330 5220 cordis
3348 5162 3421 5219 ad
3436 5162 3491 5218 id
3516 5161 3661 5234 quod
3685 5159 3887 5216 ibidem

2295 5252 2712 5327 diligentissime
2736 5253 2933 5310 dicitur
2963 5270 2976 5307 :
3011 5252 3419 5325 Unusquisque,
3455 5250 3649 5321 inquit,
3679 5248 3889 5320 episco-

2295 5359 2396 5414 pus
2425 5342 2618 5398 habeat
2646 5358 2760 5401 suae
2785 5341 3058 5415 parochias
3102 5349 3447 5414 potestatem,
3480 5347 3540 5395 ut
3560 5346 3717 5411 regat
3741 5337 3893 5407 juxta

2296 5431 2661 5488 reverentiam
2716 5430 2946 5505 singulis
2986 5437 3404 5502 competentem.
3436 5427 3669 5484 Proinde
3697 5441 3889 5483 cavere

2297 5521 2566 5578 debueras
2613 5537 2682 5580 ne
2737 5535 3003 5579 concessa
3030 5518 3129 5576 tibi
3176 5528 3284 5577 tum
3310 5516 3580 5593 parochim
3625 5520 3889 5589 potestate
