4174 6296
343 249 449 304 525

1092 252 1272 310 OPUS
1293 255 1354 311 C.
1410 255 1501 312 ET
1544 259 1763 315 EPIST.
1813 259 1887 314 IN
1933 261 2158 318 CAUSA
2202 265 2544 325 HINCMARI
2581 269 2886 329 LAUDUN.

3535 285 3640 344 526

340 377 535 427 contra
563 370 666 427 hos
694 386 880 429 sacros
912 389 1152 432 canones
1189 379 1516 448 abutereris,
1551 382 1644 454 qui
1669 382 1857 439 dicunt
1886 391 1945 440 ut
1972 384 2158 446 ALeo
2203 390 2411 457 scribit,
2462 392 2626 448 etiam
2681 395 2736 449 in
2794 397 2972 452 dubiis
3026 407 3078 455 et
3133 403 3381 459 obscuris
3437 419 3635 465 cavere

339 467 500 531 regat
520 460 813 532 episcopus
843 478 997 519 suam
1027 467 1342 536 parochiam
1384 469 1538 538 juxta
1586 473 1942 528 reverentiam

340 555 570 629 singulis
601 567 1020 630 competentem,
1054 570 1106 618 et
1136 579 1246 619 non
1276 565 1528 638 sub‘rigat
1567 567 1632 640 [Γ.
1666 570 1936 642 subruat],

339 643 479 700 sicut
506 652 564 700 tu
594 645 790 714 fecisti,
825 658 1087 721 quantum
1115 669 1182 708 ex
1210 660 1263 710 te
1295 653 1409 721 fuit,
1443 655 1606 712 exitio
1628 658 1783 727 juxta
1803 659 1938 715 irre-

337 733 640 790 verentiam
669 737 876 793 cunctis
931 738 1409 811 incompetentem.
1470 744 1735 802 Omnibus
1793 748 1939 803 enim

332 820 688 878 irreverentia
719 841 881 895 quam
911 827 1200 884 exhibuisti
1229 831 1286 886 in
1308 839 1398 888 tua
1412 833 1675 904 parochia
1695 836 1938 892 noscitur

338 925 464 967 esse
489 911 884 984 incompetens,
918 933 1038 987 qua:
1067 919 1138 973 ad
1165 920 1404 976 omnium
1434 923 1702 993 probatur
1759 926 1935 995 perti-

336 1014 472 1056 nere
499 1000 720 1056 exitium
744 1021 758 1068 ;
791 1019 916 1059 cum
945 1004 1174 1078 singulis
1204 1007 1273 1063 de
1304 1008 1554 1081 singulis,
1593 1019 1798 1084 quanto
1814 1027 1934 1068 ma-

334 1086 424 1157 gis
471 1088 540 1143 de
584 1089 828 1160 pluribus
887 1093 1189 1150 timendum
1246 1098 1512 1153 Dominus
1573 1100 1767 1156 dicat:
1829 1104 1934 1170 Qui

331 1177 1002 1238 scandalizaveritunum
1022 1183 1088 1239 de
1103 1185 1329 1253 pusillis
1352 1187 1481 1242 istis
1503 1189 1600 1258 qui
1616 1189 1681 1243 in
1699 1205 1789 1245 me
1810 1206 1933 1246 cre-

333 1263 501 1332 dunt,
533 1268 766 1336 expedit
785 1271 839 1326 ei
866 1274 932 1326 ut
960 1273 1342 1341 suspendatur
1355 1275 1507 1332 mola
1519 1278 1775 1334 asinaria
1787 1279 1930 1334 collo

330 1355 476 1424 ejus,
489 1357 549 1410 et
561 1354 919 1428 demergatur
928 1360 992 1414 in
998 1363 1352 1432 profundum
1363 1365 1539 1420 maris
1553 1365 1772 1435 (Matth.
1786 1380 1930 1422 xvm

329 1441 500 1498 Marc.
524 1457 584 1497 rx
607 1462 622 1510 ;
645 1446 779 1501 Luc.
799 1447 942 1518 xvn)
968 1465 982 1501 :
1015 1449 1162 1520 quia,
1193 1457 1252 1506 ut
1281 1450 1476 1508 beatus
1496 1461 1760 1510 monstrat
1789 1455 1928 1512 Gre-

326 1530 537 1602 gorius,
568 1532 639 1588 ad
669 1534 969 1591 sanctitatis
995 1537 1234 1607 speciem
1261 1539 1514 1610 deducto,
1548 1550 1602 1599 et
1625 1543 1794 1600 verbo
1841 1544 1929 1601 vel

329 1620 582 1691 exemplo
606 1629 835 1678 caeteros
863 1624 1182 1696 destruenti,
1215 1628 1410 1684 melius
1466 1630 1712 1702 profecto
1767 1632 1928 1689 fuerit

327 1714 388 1762 ut
414 1708 562 1764 hunc
602 1710 671 1765 ad
720 1719 953 1769 mortem
1010 1715 1111 1770 sub
1167 1716 1421 1775 exteriori
1475 1719 1662 1776 habitu
1707 1727 1925 1778 terrena
1960 1742 2015 1802 Β

323 1804 447 1852 acta
476 1799 932 1872 constringerent,
965 1820 1125 1875 quam
1155 1805 1212 1860 in
1261 1821 1422 1863 sacro
1482 1808 1662 1865 ofﬁcio
1716 1810 1926 1881 positus

324 1886 541 1941 caeteris
569 1895 803 1945 mortem
831 1891 1002 1948 verbo
1034 1900 1088 1950 et
1116 1909 1284 1965 opere
1304 1895 1636 1967 propinaret.
1671 1896 1812 1966 Quia
1839 1900 1928 1955 ni-

323 1974 527 2030 mirum
557 1976 608 2031 si
634 1977 784 2033 solus
810 1980 1054 2050 caderet,
1089 1989 1370 2056 utcunque
1399 1985 1544 2042 hunc
1601 1985 1933 2046 tolerabilior

323 2061 524 2119 inferni
550 2079 714 2136 poena
742 2068 1031 2126 cruciaret.

392 2151 710 2224 Propterea,
733 2155 906 2212 frater
933 2158 1276 2230 charissima,
1312 2177 1472 2236 rogo,
1493 2163 1703 2231 hortor,
1729 2165 1913 2236 depre-

323 2252 435 2310 cor,
469 2249 524 2296 et
552 2250 751 2314 quanta
773 2261 1000 2316 possum
1044 2247 1332 2306 dulcedine
1363 2266 1428 2307 ac
1475 2252 1770 2310 humilitate
1827 2270 1927 2311 ex-

315 2344 508 2399 posco,
541 2338 596 2386 et
639 2335 1056 2406 metrOpolitana
1113 2338 1434 2396 auctoritate
1490 2355 1833 2410 commoneo,
1866 2350 1926 2399 ut

319 2416 461 2474 sicut
489 2419 754 2476 Dominus
783 2423 1025 2495 praecipit
1054 2441 1153 2496 per
1206 2428 1550 2498 prophetam,
1605 2431 1924 2501 quantocius

317 2505 416 2561 has
427 2507 697 2566 dissolvas
707 2511 1098 2583 colligationes
1107 2516 1440 2585 impietatis,
1456 2519 1638 2575 solvas
1651 2520 1748 2576 hos
1758 2521 1927 2591 fasci-

315 2595 472 2652 culos
490 2597 867 2667 deprimentes
896 2601 1027 2671 (Isa.
1063 2605 1242 2674 Lvm),
1273 2605 1483 2662 dimitte
1513 2621 1610 2662 eos
1659 2608 1753 2680 qui
1801 2624 1834 2664 a
1862 2616 1921 2664 te

313 2685 593 2740 constricti
623 2694 747 2742 sunt
775 2687 1000 2755 liberos,
1035 2697 1089 2746 et
1117 2691 1222 2749 hoc
1251 2708 1414 2749 omne
1436 2710 1574 2750 onus
1596 2695 1905 2767 disrumpe:

315 2773 604 2830 attendens
634 2775 779 2846 quod
806 2792 948 2848 papa
975 2779 1214 2836 Hilarius
1243 2781 1302 2837 in
1317 2783 1553 2840 decretis
1586 2785 1700 2840 suis
1739 2786 1872 2843 dicit
1901 2805 1914 2842 :

317 2882 340 2912 ι
363 2859 490 2932 Qui,
511 2861 784 2935 inquiens,
802 2863 860 2920 in
878 2867 1061 2923 causis
1078 2868 1179 2925 Dei
1199 2873 1556 2943 contumacia,
1571 2874 1661 2930 vel
1678 2884 1920 2931 contem-

309 2957 406 3022 ptu
433 2950 744 3023 deliquerit,
775 2962 864 3010 aut
890 2955 1010 3026 ipse
1040 2958 1185 3028 quod
1216 2976 1504 3032 perperam
1534 2962 1663 3018 fecit
1693 2964 1916 3022 abolere

312 3039 566 3111 noluerit,
596 3041 654 3098 in
682 3058 743 3098 se
773 3044 1035 3117 quidquid
1063 3046 1194 3103 mali
1219 3063 1330 3105 non
1358 3051 1620 3107 resecarit
1649 3051 1911 3123 inveniet,

319 3126 664 3201 Quapropter
693 3133 785 3204 qui
813 3139 868 3188 te
897 3133 1005 3190 scis
1038 3136 1364 3208 quibusdam
1384 3140 1754 3212 praepositum,
1775 3142 1912 3199 sicut

312 3225 536 3274 sanctus
567 3219 678 3275 Leo
705 3220 767 3275 in
795 3222 1027 3280 decretis
1054 3225 1166 3280 suis
1196 3227 1267 3282 ad
1293 3229 1646 3285 Anastasium
1672 3232 1910 3287 Thessa-

305 3303 644 3364 lonicensem
673 3309 992 3382 episcopum
1020 3313 1152 3370 dicit
1181 3331 1328 3371 :non
1364 3317 1594 3374 moleste
1622 3317 1766 3375 feras
1818 3319 1913 3376 ali-

307 3410 475 3465 quem
503 3396 600 3452 tibi
629 3413 752 3456 esse
785 3400 1089 3470 praelatum,
1107 3404 1204 3460 sed
1221 3405 1585 3462 obedientiam
1602 3406 1769 3480 quam
1790 3410 1909 3465 exi-

301 3483 391 3556 gis
422 3484 582 3541 etiam
610 3486 731 3558 ipse
757 3487 1054 3560 dependas,
1089 3499 1142 3547 et
1171 3492 1309 3550 sicut
1347 3510 1457 3552 non
1479 3496 1561 3553 vis
1573 3498 1758 3569 gravis
1778 3514 1910 3555 one-

304 3572 383 3627 ris
413 3589 444 3627 a
473 3590 562 3630 me
591 3575 906 3647 impositam
965 3578 1060 3634 tibi
1118 3582 1388 3638 sarcinam
1438 3583 1608 3653 ferre,
1665 3585 1741 3642 ita
1797 3603 1906 3644 non

306 3661 515 3718 audeas
543 3663 665 3720 aliis
695 3665 1038 3738 importabile
1083 3670 1296 3740 pondus
1350 3672 1633 3744 imponere
1665 3692 1682 3730 :
1733 3676 1905 3732 disci-

300 3749 419 3820 puli
448 3751 592 3807 enim
621 3769 808 3810 sumus
839 3756 1058 3812 humilis
1087 3765 1141 3813 et
1168 3759 1314 3815 mitis
1340 3762 1593 3834 magistri
1622 3763 1854 3820 dicentis
1887 3783 1900 3819 :

301 3839 518 3896 Discite
531 3858 567 3897 a
582 3857 672 3899 me
683 3843 818 3915 quia
841 3847 998 3902 mitis
1013 3862 1141 3902 sum
1156 3852 1216 3904 et
1234 3848 1470 3907 humilis
1485 3853 1729 3920 corde,et
1749 3855 1905 3910 inve-

301 3928 480 3986 nietis
494 3934 747 4003 requiem
763 3934 1063 3992 animabus
1075 3939 1275 3993 vestris
1295 3955 1310 3993 :
1321 3941 1426 4011 jug
1433 3957 1527 3996 um
1539 3942 1694 3997 enim
1713 3960 1904 4000 meum

299 4033 473 4074 suave
502 4023 608 4087 est,
632 4024 690 4076 et
734 4038 877 4079 onus
919 4040 1111 4080 meum
1158 4027 1271 4082 leve
1325 4027 1546 4098 (Matth.
1581 4032 1705 4100 xv).
1739 4033 1807 4087 Et
1834 4032 1902 4088 sit

298 4107 449 4177 quod
478 4107 640 4175 absit,
665 4107 750 4164 his
771 4111 946 4167 sacris
966 4128 1030 4168 ac
1045 4113 1392 4185 regularibus
1414 4117 1634 4174 monitis
1673 4120 1900 4177 obedire

295 4196 568 4264 renueris,
602 4198 736 4254 scito
773 4201 1188 4272 metropolitana
1219 4206 1562 4276 auctoritate,
1592 4207 1725 4264 fulta
1757 4224 1896 4279 apo-

294 4284 504 4341 stolicae
532 4286 696 4354 sedis,
731 4295 782 4344 et
823 4304 1094 4347 canonum
1137 4307 1422 4350 sacrorum
1473 4296 1700 4364 judicio,
1763 4298 1898 4354 sicut

291 4374 679 4444 praemisimus,
712 4377 849 4433 hanc
881 4379 1198 4449 pestiferam
1225 4391 1389 4455 atque
1419 4385 1753 4442 mortiferam
1802 4403 1894 4442 ex-

1956 3099 2004 3160 C

2043 475 2335 547 debueras,
2377 487 2431 534 et
2468 481 2643 536 nullas
2672 483 2898 540 sustinet
2928 503 3112 543 moras
3159 491 3384 560 habere,
3435 511 3634 566 supra-

2040 563 2188 619 dicta
2216 567 2534 624 auctoritate
2555 571 2885 630 denuntiabo
2915 590 3037 632 esse
3069 579 3217 634 omni
3245 582 3460 651 penitus
3501 563 3635 641 _vir-

2037 659 2149 708 tute
2196 669 2429 710 vacuum
2476 658 2738 730 quidquid
2769 678 2800 714 a
2845 669 2897 718 te
2940 679 3005 719 ex
3062 667 3337 736 praedictis
3384 671 3634 743 capitulis

2035 751 2370 813 praeceptum
2399 753 2482 802 est
2524 748 2594 802 ab
2623 748 2839 806 illorum
2897 753 3280 812 constitutione
3335 759 3628 818 diversum.

2035 830 2098 884 In
2127 832 2280 900 cujus
2307 841 2411 889 tua:
2437 838 2874 907 praesumptionis
2901 843 3280 915 evacuatione,
3339 854 3397 902 ut
3434 851 3633 920 partim

2035 932 2219 987 sensu,
2252 922 2443 990 partim
2471 924 2655 980 verbis
2684 934 2808 982 utar
2836 927 2982 983 beati
3031 929 3256 1003 Gelasii,
3310 949 3422 990 non
3476 953 3633 996 novas

2034 1007 2430 1065 constitutionis
2474 1020 2678 1080 auctor,
2731 1015 2831 1071 sed
2880 1017 3084 1074 veteris
3138 1021 3413 1077 constituti
3469 1040 3631 1082 exse-

2032 1102 2190 1150 cutor
2225 1097 2419 1165 existo,
2449 1101 2596 1171 quod
2641 1118 2752 1159 non
2807 1104 2980 1162 solum
3026 1109 3250 1178 praesuli
3307 1115 3626 1184 metropoli-

2030 1190 2175 1250 tano,
2206 1186 2306 1241 sed
2334 1194 2387 1242 et
2414 1190 2716 1262 cuicunque
2747 1199 2828 1248 est
2856 1194 3098 1264 pontifici
3116 1197 3343 1268 licitum,
3369 1202 3628 1272 quoniam

2030 1286 2182 1327 error
2211 1273 2302 1344 qui
2333 1276 2502 1331 semel
2533 1286 2614 1333 est
2640 1295 2764 1334 cum
2806 1297 2904 1337 suo
2927 1291 3149 1341 auctore
3205 1287 3510 1356 damnatus,
3570 1291 3628 1347 in

2021 1359 2346 1433 participem
2375 1365 2619 1435 quolibet
2656 1368 2821 1425 modo
2856 1387 3043 1441 pravae
3089 1377 3487 1435 communionis
3535 1379 3621 1436 ef-

2021 1446 2222 1506 fectum
2252 1454 2679 1512 exsecrationem
2699 1458 2783 1513 sui
2815 1468 2994 1532 gestat
3029 1471 3082 1519 et
3096 1479 3342 1535 pmnam.
3376 1487 3399 1518 ν

2415 1609 2757 1670 ΗΙΝΟΜΑΒΙ
2787 1614 3194 1677 RHEMENSIS

2620 1722 2695 1764 AD
2750 1726 3003 1771 EUMDEM.

2103 1800 2430 1860 HINCMARUS
2478 1807 2813 1866 Rhemorum
2869 1814 3157 1888 episc0pus
3221 1818 3417 1877 dilecto
3472 1821 3623 1881 fratri

2033 1887 2328 1947 Hmcmno
2359 1894 2708 1954 Laudunensi
2735 1887 3267 1974 coepiscoponostro
3285 1909 3539 1968 salutem.

2100 1979 2238 2034 Ante
2266 1995 2378 2038 non
2423 1983 2646 2057 longum
2701 1995 2916 2061 tempus
2971 1992 3418 2055 inconvenientes
3462 2007 3626 2072 atque

2029 2064 2244 2122 illicitas
2276 2074 2865 2134 excommunicationes
2893 2079 2951 2134 in
2989 2097 3084 2138 eos
3127 2083 3290 2140 etiam
3327 2086 3420 2158 qui
3445 2064 3626 2146 aid-te

2028 2169 2138 2210 non
2165 2157 2513 2226 pertinebant
2540 2162 2625 2218 ira
2675 2165 2942 2238 prmoipiti
2997 2177 3048 2225 et
3095 2157 3404 2241 perturbata
3434 2183 3624 2233 contra

2029 2258 2218 2300 sacras
2249 2248 2468 2318 regulas
2488 2250 2760 2322 jaculasti,
2793 2256 2936 2311 unde
2983 2259 3276 2316 maximum
3305 2264 3626 2322 scandalum

2027 2329 2082 2386 in
2109 2333 2217 2389 hoc
2263 2352 2459 2409 regno,
2517 2348 2571 2394 et
2605 2340 2663 2395 in
2697 2341 2806 2398 ista
2832 2345 3068 2401 ecclesia
3122 2351 3466 2408 commovisti
3497 2370 3512 2406 :
3551 2353 3623 2411 de

2028 2420 2222 2491 quibus
2249 2427 2900 2488 excommunicationibus
2943 2450 3121 2506 nuper
3162 2437 3221 2492 in
3255 2439 3539 2497 Vermeria
3568 2448 3622 2498 te

2024 2525 2133 2564 una
2155 2526 2282 2566 cum
2311 2513 2590 2584 fratribus,
2623 2525 2678 2574 et
2719 2520 3058 2594 coepiscopis
3103 2527 3308 2582 nostris
3363 2531 3616 2599 conveni,

2024 2612 2223 2670 easque
2264 2601 2392 2658 licet
2437 2619 2547 2659 non
2592 2605 2711 2662 sine
2757 2608 2835 2664 tui
2891 2611 3230 2672 calumniosa
3273 2616 3478 2674 invidia
3532 2619 3618 2676 his

2023 2682 2218 2753 quibus
2263 2684 2412 2756 ipsas
2461 2688 2868 2748 maledictiones
2922 2695 3271 2770 irrogaveras
3329 2703 3605 2773 quomodo

2021 2770 2334 2842 dissolvisti,
2381 2791 2416 2831 a
2462 2778 2620 2834 nobis
2666 2782 3026 2841 commonitus
3070 2795 3129 2841 ut
3175 2787 3231 2842 in
3291 2770 3625 2860 proferenda

2020 2861 2290 2917 sententia
2317 2863 2386 2920 de
2415 2873 2612 2922 caetero
2644 2869 2950 2927 nullatenus
3005 2890 3255 2947 praeceps
3305 2877 3574 2936 existeres
3604 2897 3621 2937 :

2018 2948 2117 3005 sed
2154 2956 2211 3005 tu
2258 2951 2465 3008 addens
2518 2956 2705 3026 pejora
2757 2959 3050 3030 prioribus,
3106 2963 3246 3020 sicut
3296 2967 3420 3022 data
3485 2968 3619 3025 mihi

2014 3037 2199 3106 petitio
2236 3054 2269 3094 a
2297 3041 2646 3100 Laudunensi
2673 3045 2924 3104 Ecclesia
2942 3060 3227 3121 monstrat,
3249 3053 3306 3108 in
3323 3055 3618 3114 vindictam

2011 3124 2333 3195 injuriarum
2361 3137 2577 3188 tuarum
2629 3137 2958 3207 praecepisti,
2991 3147 3050 3196 nt
3091 3140 3148 3196 in
3197 3144 3491 3202 commissa
3516 3146 3616 3202 tibi

2011 3217 2272 3285 parochia
2325 3235 2486 3276 nemo
2535 3221 2760 3278 missam
2819 3234 3082 3297 cantaret,
3132 3246 3292 3287 nemo
3371 3249 3616 3292 commu-

2012 3304 2232 3362 nionem
2261 3322 2479 3364 sacram
2508 3311 2838 3384 perciperet,
2887 3332 3011 3372 cum
3068 3314 3334 3376 Dominus
3391 3323 3616 3382 tradens

2013 3405 2357 3452 sacrosancta
2420 3401 2678 3470 mysteria
2749 3405 3018 3476 corporis,
3077 3415 3132 3462 et
3185 3411 3472 3483 sanguinis
3529 3415 3615 3470 sui

2010 3483 2337 3540 celebranda
2369 3487 2480 3542 suis
2511 3488 2810 3561 discipulis,
2845 3500 2897 3548 et
2915 3510 3017 3565 per
3032 3511 3127 3550 eos
3146 3498 3398 3555 omnibus
3415 3515 3606 3559 sacer-

2009 3569 2229 3627 dotibus
2257 3573 2455 3630 dixerit
2486 3594 2499 3630 :
2532 3579 2657 3634 Haec
2673 3582 3114 3656 quotiescunque
3138 3587 3392 3656 feceritis
3413 3589 3478 3646 in
3495 3593 3612 3648 mei

2008 3663 2341 3719 memoriam
2372 3667 2598 3736 facietis
2645 3667 2802 3738 (Luc.
2833 3672 3020 3742 XXII);
3053 3680 3106 3728 et
3163 3674 3232 3730 de
3279 3691 3511 3749 corpore
3551 3688 3606 3737 et

2014 3751 2282 3822 sanguine
2312 3768 2409 3809 suo
2442 3772 2456 3808 :
2491 3757 2613 3811 Nisi
2632 3759 3133 3829 manducaveritis,
3158 3762 3352 3836 inquit,
3376 3784 3610 3826 carnem

2005 3839 2114 3906 ﬁlii
2127 3839 2389 3909 hominis,
2407 3847 2464 3899 et
2482 3845 2736 3903 biberitis
2774 3851 2894 3919 ejus
2929 3854 3283 3923 sanguinem,
3311 3873 3428 3913 non
3445 3859 3611 3916 habe-

2001 3927 2134 3982 bilis
2159 3929 2335 3985 vitam
2353 3932 2417 3988 in
2447 3933 2594 3992 vobis
2616 3934 2800 4006 (Joan.
2831 3938 2932 4009 vr).
2965 3939 3279 4013 Praecepisti
3305 3961 3524 4019 quoque
3544 3956 3604 4004 ut

1999 4031 2160 4072 nemo
2189 4020 2464 4089 parvulos,
2498 4022 2658 4078 etiam
2687 4025 2880 4082 mortis
2909 4038 3141 4100 urgente
3170 4032 3412 4101 periculo
3428 4035 3486 4091 in
3514 4045 3604 4095 tua

1999 4115 2255 4184 parochia
2309 4116 2621 4188 baptizaret,
2670 4136 2794 4176 cum
2839 4123 3104 4181 Dominus
3161 4128 3354 4186 dicat:
3402 4134 3602 4192 Docete

2000 4219 2190 4259 omnes
2231 4209 2443 4276 gentes,
2467 4208 2816 4278 baptizantes
2836 4225 2926 4268 eos
2946 4212 3009 4267 in
3041 4217 3270 4272 nomine
3298 4220 3508 4287 Patris,
3542 4229 3601 4280 et

1997 4291 2148 4358 Filii,
2180 4295 2236 4348 et
2259 4294 2507 4365 Spiritus
2539 4298 2729 4354 sancti
2747 4298 2916 4369 (Marc
2941 4302 3124 4374 .xvr);
3149 4310 3238 4360 et:
3295 4306 3418 4363 Nisi
3471 4311 3596 4381 quis

1997 4384 2234 4437 renatus
2245 4384 2427 4452 fuerit
2445 4399 2518 4441 ea:
2530 4402 2676 4458 aqua
2695 4391 2755 4443 et
2771 4389 2994 4458 Spiritu
3005 4397 3204 4450 sancto
3220 4410 3336 4452 non
3353 4398 3597 4455 intrabit

289 4464 840 4522 communicationem
857 4475 1006 4525 tuam
1026 4469 1362 4528 solvendam.
1395 4474 1535 4529 Nam
1566 4474 1612 4530 si
1635 4475 1895 4547 qualibet,
1920 4462 1972 4523 D
1996 4468 2058 4524 in
2075 4485 2314 4541 regnum
2334 4473 2602 4530 caelorum
2622 4474 2803 4546 (Joan.
2837 4478 2940 4551 ιιι).
2965 4481 3196 4538 Vetuisti
3241 4484 3590 4544 nihilominus

288 4567 533 4622 persona
587 4561 693 4611 tuae
748 4557 1020 4626 parochias
1067 4576 1097 4613 a
1135 4567 1188 4614 te
1220 4563 1686 4619 excommunicata
1732 4564 1889 4632 foret,

290 4641 436 4696 unde
465 4641 703 4698 dubitari
731 4654 917 4716 posset
938 4655 1121 4703 utrum
1161 4649 1299 4706 sicut
1348 4653 1492 4708 sacri
1538 4653 1750 4710 Niczeni
1809 4669 1893 4712 ca-

290 4745 466 4787 nones
497 4731 703 4804 dicunt,
754 4735 1220 4808 pusillanimitate,
1263 4748 1356 4795 aut
1403 4742 1767 4811 contentione,
1804 4744 1894 4801 vel

288 4818 397 4874 alio
427 4820 674 4892 quolibet
728 4823 858 4879 vitio
910 4832 1001 4882 tuo
1045 4827 1324 4884 videretur
1375 4845 1406 4884 a
1465 4833 1892 4905 congregatione

287 4907 523 4976 seclusa,
601 4919 977 4983 exspectarem
1039 4915 1222 4988 utique
1299 4934 1584 4992 usquequo
1641 4923 1891 4979 omnibus

284 4998 651 5055 communiter
681 5000 841 5056 simul
888 5003 1162 5076 episcopis
1213 5010 1567 5080 congregatis
1593 5012 1890 5082 provinciae

279 5085 647 5143 discuteretur
674 5090 985 5159 hujusmodi
1011 5095 1257 5165 quaestio,
1292 5104 1346 5152 et
1375 5098 1463 5155 vel
1510 5099 1624 5167 tibi,
1688 5100 1776 5158 vel
1833 5101 1889 5157 in

278 5177 560 5232 communi
587 5177 823 5248 placeret
853 5181 1236 5240 humaniorem
1281 5202 1382 5256 pro
1431 5187 1523 5242 tali
1552 5187 1698 5246 ferre
1754 5205 1886 5246 sen-

277 5265 526 5321 tentiam.
575 5267 734 5323 Nunc
782 5277 966 5327 autem
1022 5273 1147 5344 quia
1208 5280 1322 5329 tam
1374 5275 1662 5334 manifeste
1719 5293 1887 5336 causa

273 5361 425 5424 patet
454 5356 808 5412 exsecrabilis
861 5366 1027 5431 atque
1081 5361 1372 5418 exitiabilis
1423 5379 1546 5420 esse
1579 5381 1612 5420 a
1651 5373 1704 5421 te
1734 5384 1883 5437 prae-

275 5451 456 5514 cepta,
485 5451 545 5499 ut
573 5446 859 5518 praeceptis
890 5450 1223 5520 evangelicis
1251 5452 1541 5520 contraria,
1576 5462 1630 5508 et
1649 5452 1885 5513 decretis

277 5541 598 5589 sanctorum
646 5535 952 5593 inveniatur
1009 5538 1264 5608 adversa,
1322 5542 1489 5612 quod,
1548 5550 1607 5597 ut
1663 5552 1885 5602 sanctus

1996 4565 2054 4614 ut
2072 4573 2234 4615 nemo
2255 4576 2584 4634 quemquam
2611 4564 2858 4622 ultimam
2885 4571 3262 4638 pmnitentiam
3283 4573 3370 4630 vel
3398 4589 3590 4632 recon-

1995 4646 2319 4706 ciliationem
2348 4651 2638 4723 reciperet,
2671 4655 2756 4712 vel
2778 4659 3025 4728 poscenti
3041 4660 3226 4716 ultimo
3247 4677 3418 4719 sacrae
3437 4678 3592 4720 com-

1992 4737 2265 4794 munionis
2321 4740 2518 4798 viatico
2575 4744 2904 4811 subveniret,
2965 4763 3088 4803 cum
3157 4749 3422 4806 Dominus
3468 4769 3591 4810 om-

1992 4825 2152 4882 nibus
2183 4828 2464 4898 praedicet.
2501 4834 2907 4889 Paenitentiam
2954 4837 3123 4906 agite,
3173 4842 3590 4916 appropinqua-

1991 4914 2072 4970 bit
2101 4917 2256 4972 enim
2274 4934 2514 4990 regnum
2535 4922 2800 4978 caelorum
2816 4922 3033 4993 (Matth.
3092 4926 3200 4998 ιιι.)
3238 4928 3308 4984 Et
3349 4914 3589 4991 Iacobus

1990 5004 2267 5074 apostolus
2301 5024 2313 5060 :
2344 5008 2906 5081 Inﬁrmatur,inquit,
2923 5012 3131 5085 aliquis
3147 5015 3211 5071 in
3231 5017 3396 5086 vobis,
3416 5022 3588 5080 indu-

1988 5097 2084 5148 cat
2095 5094 2440 5167 presbyteros
2461 5097 2745 5167 Ecclesice,
2765 5102 2822 5154 et
2837 5104 2999 5156 orent
3010 5118 3182 5174 super
3201 5121 3352 5174 eum,
3375 5125 3587 5182 ungen-

1990 5193 2071 5246 tes
2083 5207 2213 5248 eum
2225 5194 2342 5250 oleo
2354 5193 2417 5248 in
2434 5195 2664 5251 nomine
2678 5195 2921 5263 Domini,
2938 5202 2995 5254 et
3006 5204 3186 5261 oratio
3197 5204 3332 5273 ﬁdei
3343 5209 3584 5265 salvabit

1985 5279 2298 5349 inﬁrmum,
2319 5282 2792 5340 etallevabiteum
2802 5287 3074 5347 Dominus
3090 5311 3109 5359 ;
3124 5295 3244 5349 etsi
3252 5294 3316 5350 in
3332 5300 3584 5368 peccatis

1985 5369 2080 5434 sit,
2100 5368 2468 5425 dimittentur
2478 5372 2548 5424 ei.
2568 5372 2930 5440 Conﬁtemini
2949 5393 3074 5450 ergo
3094 5381 3444 5440 alterutrum
3461 5401 3587 5457 pec—

1984 5458 2112 5512 cata
2124 5472 2212 5514 ves
2220 5460 2325 5523 tra,
2347 5460 2404 5513 et
2414 5462 2572 5516 ora-te
2583 5475 2681 5530 pro
2698 5463 2941 5520 invicem
2953 5471 3018 5522 ut
3037 5470 3336 5527 salvemini
3350 5471 3582 5544 (Jac.v),

1986 5546 2053 5600 Et
2087 5552 2309 5601 sanctus
2341 5545 2642 5619 Gregorius
2673 5550 2742 5607 de
2786 5555 3199 5615 resuscitatione
3244 5559 3589 5630 quatriduani
