4174 6348
232 10 339 21 ι-ιι--ι--μ
348 0 745 27 “ﬁt-4.73;:
754 12 819 27 ‘_
840 22 869 29 .-
880 14 909 27 —‘
926 16 979 29 Ξ

565 298 670 371 627

1568 293 1909 366 HlNCMARl
1935 295 2336 367 RHEMENSIS
2365 296 2912 367 ARCHIEPISCOPL

3760 311 3869 367 528

576 432 776 489 mortui
791 432 1020 503 loquens
1037 431 1184 500 dicit,
1209 431 1333 503 quia
1343 431 1467 488 illos
1486 448 1587 489 nos
1606 432 1869 489 debemus
1881 449 1978 504 per
1991 440 2169 504 pasto-
2184 433 2243 496 Α
2272 434 2416 490 mihi
2431 436 2728 491 ministrat
2749 449 2839 489 me
2863 435 3137 506 sequatur
3183 431 3366 502 (Joan.
3397 429 3523 503 xu),
3546 430 3602 486 id
3639 437 3724 486 est
3775 446 3871 487 me

570 521 743 577 ralem
771 520 1140 576 auctoritatem
1170 521 1400 587 solvere,
1426 537 1563 594 quos
1594 529 1868 577 auctorem
1916 530 2163 577 nostrum

573 605 959 676 cognoscimus
979 622 1079 676 per
1094 604 1446 661 suscitantem
1462 605 1694 678 gratiam
1709 604 2007 662 viviﬁcare.
2028 604 2163 673 Quae

572 694 827 749 nimirum
854 691 1144 751 viviﬁcatio
1173 702 1297 749 ante
1325 694 1693 766 operationem
1727 693 2062 749 rectitudinis
2108 693 2163 747 in

567 782 690 854 ipsa
695 784 807 851 jam
820 782 1169 854 cognoscitur
1185 780 1527 838 confessione
1538 781 1764 853 peccati.
1783 782 1975 838 Veniat
1985 781 2165 853 itaque

566 870 719 926 foras
739 878 1005 941 mortuus,
1029 870 1082 924 id
1099 879 1182 925 est
1202 870 1412 941 culpam
1429 868 1747 926 conﬁteatur
1767 877 2044 940 peccator,
2072 884 2166 925 ve—

570 958 809 1015 nientem
823 974 955 1014 vero
971 957 1113 1014 foras
1129 958 1624 1028 solvantdiscipuli,
1644 965 1702 1012 ut
1713 966 1959 1028 pastores
1975 957 2167 1013 Eccle-

570 1047 666 1103 site
686 1047 737 1102 ei
752 1062 969 1117 poenam
989 1047 1219 1101 debeant
1239 1061 1491 1101 amovere
1512 1061 1671 1116 quam
1693 1046 1910 1112 meruit,
1949 1045 2040 1117 qui
2056 1061 2166 1100 non

566 1136 782 1192 erubuit
818 1134 1063 1192 conﬁteri
1098 1135 1242 1206 quod
1279 1133 1425 1190 fecit.
1461 1134 1528 1188 Et
1566 1134 1634 1189 de
1674 1148 1922 1205 corpore,
1952 1149 2016 1188 ac
2044 1149 2169 1187 san-

569 1225 736 1297 guine
771 1238 891 1295 suo,
932 1223 989 1278 in
1026 1223 1222 1293 quibus
1260 1222 1409 1277 salus
1445 1222 1750 1277 animarum
1787 1229 1842 1277 et
1880 1237 2169 1292 corporum

570 1328 882 1377 nostrorum
912 1319 1177 1386 consistit,
1206 1319 1472 1374 Dominus
1500 1319 1631 1375 dicit
1665 1335 1679 1374 :
1718 1321 1822 1388 Qui
1857 1320 2172 1375 manducat

570 1425 757 1466 meam
769 1424 1020 1478 carnem,
1039 1412 1096 1463 et
1108 1408 1244 1464 bibit
1251 1425 1443 1464 meum
1455 1409 1801 1480 sanguinem
1817 1407 1983 1464 habet
1994 1409 2171 1463 vitam

570 1502 866 1565 (sternam,
888 1501 945 1552 et
960 1513 1056 1569 ego
1085 1498 1430 1553 resuscitabo
1474 1513 1606 1552 eum
1646 1497 1712 1550 in
1737 1496 2038 1552 novissimo
2082 1495 2171 1551 die

567 1586 752 1657 (Joan.
774 1586 874 1658 vt).
896 1584 1031 1654 Quae
1059 1584 1404 1640 resuscitatio
1433 1585 1667 1640 discreta
1695 1583 1795 1639 erit
1852 1584 1923 1639 ab
1980 1598 2172 1638 eorum

564 1673 977 1730 resuscitatione
1004 1673 1096 1745 qui
1123 1688 1234 1729 non
1262 1674 1593 1729 manducant
1621 1687 1840 1729 carnem
1871 1670 1968 1726 tilii
1995 1671 2174 1728 homi-

2261 522 2539 590 imitetur;
2573 523 2641 579 de
2694 536 2803 594 quo
2847 521 3106 593 scriptum
3161 527 3291 577 est:
3338 521 3469 589 Quae
3510 521 3674 593 coepit
3703 522 3868 577 Iesus

2265 613 2394 682 face
2404 627 2484 678 re,
2531 615 2588 667 et
2616 611 2811 667 docere
2828 610 2974 683 (Act.
2996 611 3057 681 ι),
3090 608 3184 682 qui
3201 608 3329 665 fecit
3344 617 3397 664 et
3407 609 3610 675 docuit,
3632 624 3753 680 quae
3768 607 3870 663 tibi

2261 696 2319 753 in
2348 707 2564 755 tuarum
2609 699 2925 769 injuriarum
2976 697 3321 754 tribulatione
3367 697 3641 770 agendum
3679 705 3734 752 et
3768 698 3870 767 ju-

2263 788 2502 843 bendum
2531 787 2711 844 fuerat
2743 804 2756 843 :
2788 804 2915 843 nam
2943 787 3261 842 imminente
3290 802 3402 843 suae
3430 785 3704 857 passionis
3732 784 3870 840 arti-

2264 876 2386 932 culo
2413 892 2515 947 pro
2544 893 2605 932 se
2628 884 2682 932 et
2709 892 2809 947 pro
2840 876 2974 946 suis,
3007 876 3106 931 sed
3127 882 3181 930 at
3208 890 3308 948 pro
3336 874 3424 931 his
3456 874 3553 946 qui
3606 872 3871 931 credituri

2267 973 2419 1020 erant
2446 981 2546 1035 per
2575 965 2802 1021 verbum
2834 980 3027 1021 eorum
3045 964 3101 1018 in
3126 979 3273 1031 eum,
3307 965 3523 1019 Patrem
3553 963 3725 1018 oravit
3769 977 3871 1018 se-

2266 1054 2505 1109 cundum
2532 1053 2921 1109 humanitatem
2954 1052 3048 1124 qui
3097 1051 3279 1108 omnia
3322 1052 3591 1108 donorum
3636 1066 3872 1107 munera

2266 1140 2501 1214 largitur
2530 1157 2656 1197 cum
2684 1142 2838 1196 Patre
2863 1140 3160 1197 divinitatis
3175 1140 3501 1213 aequalitate.
3524 1141 3592 1196 Et
3608 1140 3696 1211 qui
3716 1156 3871 1211 prae-

2268 1230 2411 1301 cepit
2442 1229 2725 1301 discipulis
2745 1229 2860 1285 suis
2890 1229 3081 1286 dicens
3113 1246 3128 1283 :
3164 1230 3331 1286 Orate
3354 1245 3459 1302 pro
3484 1229 3874 1301 persequenti-

2269 1318 2368 1373 bus
2399 1322 2455 1373 et
2482 1319 2970 1374 calumniantibus
2987 1335 3100 1384 vos,
3122 1321 3190 1375 ut
3210 1319 3338 1374 sitis
3355 1318 3467 1387 ﬁlii
3481 1318 3672 1374 Patris
3691 1318 3875 1373 vestri

2270 1408 2448 1479 quiin
2473 1408 2627 1463 caelis
2659 1410 2745 1462 est
2772 1407 2997 1475 (Matth.
3036 1421 3111 1475 v;
3142 1408 3278 1463 Luc.
3332 1405 3435 1477 γι),
3478 1405 3534 1461 in
3564 1421 3728 1462 cruce
3754 1420 3872 1461 non

2271 1494 2444 1550 solum
2472 1510 2574 1566 pro
2620 1495 2734 1550 suis
2778 1493 3244 1566 persecutoribus,
3293 1510 3481 1551 verum
3536 1502 3591 1550 et
3625 1509 3723 1566 pro
3751 1493 3871 1549 suis

2269 1582 2705 1639 interfectoribus
2731 1584 2993 1649 exoravit,
3030 1590 3083 1638 et
3112 1598 3259 1640 nunc
3277 1583 3476 1641 sedens
3497 1583 3569 1638 ad
3585 1583 3870 1638 dexteram

2268 1671 2440 1726 Patris
2467 1671 2775 1743 interpellat
2801 1687 2903 1743 pro
2933 1670 3111 1727 nobis.
3143 1672 3312 1727 Jussit
3358 1671 3523 1727 etiam
3580 1670 3872 1742 discipulis

571 1762 675 1830 nis,
699 1770 753 1819 et
782 1777 895 1817 non
923 1761 1115 1817 bibunt
1153 1763 1272 1831 ejus
1314 1762 1657 1835 sanguinem,
1704 1777 1770 1817 ac
1798 1777 1900 1833 per
1927 1762 2033 1816 hoc
2061 1775 2170 1816 non
2197 1783 2253 1845 B
2271 1759 2383 1815 suis
2425 1768 2720 1832 antequam
2761 1766 3056 1832 pateretur,
3101 1776 3227 1816 cum
3269 1760 3492 1816 taederet
3520 1767 3574 1815 et
3635 1766 3871 1815 moestus

570 1852 846 1908 habebunt
873 1851 1062 1907 vitam.
1095 1850 1312 1906 Jussisti
1341 1850 1502 1906 etiam
1529 1850 1822 1906 maximam
1859 1849 2170 1904 inhumani-
2272 1856 2418 1905 esset
2446 1864 2621 1921 usque
2650 1849 2720 1903 ad
2746 1857 2996 1915 mortem,
3050 1857 3107 1904 ut
3145 1856 3365 1905 orarent
3391 1865 3460 1904 ne
3506 1849 3562 1904 in
3608 1847 3869 1903 tentatio-

568 1948 731 1995 tatem
759 1947 818 1995 ut
836 1955 997 1995 nemo
1025 1948 1296 1996 mortuum
1327 1939 1383 1993 in
1429 1946 1522 1994 tua
1568 1938 1834 2010 parochia
1889 1937 2167 2009 sepeliret,

566 2042 694 2086 cum
715 2029 979 2084 Dominus
995 2043 1096 2099 per
1123 2028 1454 2100 prophetam
1483 2044 1689 2101 egenos
1718 2036 1771 2083 et
1799 2042 1969 2098 vagos
1989 2042 2172 2099 quem-

570 2133 678 2189 que
714 2117 771 2171 in
799 2117 1021 2173 domum
1048 2132 1206 2172 suam
1232 2116 1491 2172 inducere
1515 2116 1721 2187 jubeat,
1754 2123 1808 2171 et
1835 2115 2098 2172 Dominus
2115 2115 2172 2170 in

563 2204 771 2275 judicio
783 2205 1147 2278 dicet,Hospes
1159 2207 1269 2276 fui,
1285 2209 1341 2261 et
1355 2207 1680 2278 suscepistis
1691 2221 1781 2260 me
1793 2203 2009 2274 (Matth.
2024 2202 2169 2275 xxv)

578 2301 634 2349 et
663 2301 719 2348 tu
754 2294 1051 2365 hOSpitium
1098 2294 1156 2348 in
1182 2300 1373 2349 ventre
1419 2293 1663 2349 omnium
1717 2292 1910 2348 matris
1962 2291 2170 2348 scilicet

567 2389 727 2438 terrae
756 2382 986 2438 mortuis
1014 2382 1280 2454 denegari
1302 2381 1534 2451 jussisti,
1570 2382 1640 2437 de
1669 2381 1867 2453 quibus
1895 2387 2170 2453 praecepta

572 2470 890 2544 evangelica
936 2477 1101 2542 atq‘ue
1142 2469 1458 2542 apostolica,
1493 2477 1545 2525 et
1573 2476 1888 2525 sanctorum
1946 2468 2170 2524 decreta

563 2559 662 2614 tibi
680 2558 876 2627 direxi,
909 2575 1030 2630 quae
1058 2558 1198 2614 sicut
1223 2557 1358 2613 mihi
1387 2572 1497 2613 non
1525 2557 1736 2614 incerta
1763 2556 2028 2613 relatione
2074 2571 2167 2610 re-

564 2647 882 2704 nunciatum
905 2654 989 2702 est
1019 2646 1313 2716 suscepisti
1341 2645 1561 2718 quidem
1589 2646 1699 2713 illa,
1735 2645 1833 2701 sed
1862 2645 2053 2718 legere
2068 2658 2167 2700 no-

565 2735 733 2803 luisti,
752 2750 878 2791 cum
897 2734 1356 2806 dicatApostolus
1386 2750 1400 2790 :
1440 2736 1791 2807 Quacunque
1801 2735 2016 2806 scripta
2030 2735 2169 2788 sunt

568 2825 642 2881 ad
655 2828 913 2881 nostram
923 2824 1243 2882 doctrinam
1257 2825 1470 2896 scripta
1485 2827 1716 2894 sunt,ut
1724 2839 1826 2897 per
1840 2822 2168 2879 consolatio.

567 2930 701 2969 nem
737 2912 1168 2985 Scripturarum
1185 2928 1342 2984 spem
1382 2911 1684 2968 habeamus
1702 2912 1879 2982 (Rom.
1900 2911 2002 2982 xv)
2036 2909 2167 2983 :qui

571 3003 716 3057 enim
745 3001 1050 3058 doctrinam
1078 3009 1131 3057 et
1149 3000 1573 3057 consolationem
1604 3000 2015 3071 Scripturarum
2062 2998 2165 3054 ab-

2269 1952 2397 1992 nem
2424 1937 2707 1993 intrarent.
2739 1937 2808 1992 Et
2829 1937 2969 1993 sicut
2996 1936 3250 2008 legimus,
3279 1938 3470 1994 Oratio
3488 1937 3656 2006 ﬁebat
3682 1937 3751 1993 ab
3770 1952 3871 1992 ec-

2270 2027 2445 2082 clesia
2473 2026 2622 2097 (Act.
2656 2028 2763 2094 xu)
2791 2041 2891 2098 pro
2919 2026 3080 2082 Petro
3098 2026 3314 2082 recluso
3343 2026 3399 2080 in
3419 2040 3643 2081 carcere
3669 2032 3724 2080 et
3747 2024 3870 2081 vin-

2270 2121 2358 2170 cto
2386 2115 2594 2170 catenis
2623 2115 2872 2183 duabus;
2906 2114 3004 2170 sed
3033 2122 3086 2170 et
3115 2115 3305 2171 Petrus
3334 2113 3526 2184 oravit,
3558 2113 3699 2169 sicut
3726 2112 3871 2186 legi-

2268 2217 2407 2272 mus,
2441 2217 2539 2274 pro
2585 2202 2852 2260 Ecclesia.
2902 2202 3112 2259 Paulus
3142 2218 3361 2275 quoque
3389 2203 3445 2258 in
3464 2201 3869 2273 persecutioni-

2268 2290 2390 2359 bus,
2423 2290 2481 2346 in
2500 2291 2834 2361 carceribus,
2866 2291 2923 2347 in
2950 2290 3181 2348 vinculis
3211 2299 3376 2363 atque
3395 2290 3604 2347 catenis
3631 2289 3865 2362 positus,

2268 2378 2405 2436 sicut
2429 2378 2685 2452 legimus,
2720 2395 2867 2451 saepe
2885 2380 2955 2434 ab
2982 2379 3234 2437 Ecclesia
3262 2379 3406 2436 orari
3434 2378 3685 2451 poposcit
3716 2385 3775 2434 ut
3793 2378 3867 2433 li-

2267 2466 2548 2524 beraretur
2577 2468 2648 2523 ab
2675 2466 2984 2524 inﬁdelibus
3014 2476 3069 2524 et
3104 2468 3427 2540 importunis
3483 2481 3552 2524 ac
3570 2467 3729 2523 malis
3758 2468 3867 2524 ho-

2265 2555 2522 2623 minibus,
2556 2556 2656 2612 sed
2703 2564 2756 2612 et
2795 2556 2915 2628 ipse
2961 2556 3132 2613 oravit
3175 2573 3277 2628 pro
3318 2556 3587 2612 Ecclesia.
3629 2555 3866 2613 Iacobus

2267 2643 2548 2715 apostolus
2576 2644 2944 2716 praecipitatus
2980 2645 3052 2700 de
3104 2644 3397 2716 pinnaculo
3452 2643 3658 2716 templi,
3706 2643 3864 2700 ﬂexis

2267 2732 2501 2804 genibus
2529 2733 2704 2788 oravit
2733 2749 2836 2805 pro
2866 2732 2981 2790 suis
3011 2733 3369 2789 occisoribus.
3402 2733 3472 2788 Et
3498 2732 3691 2788 beatus
3735 2732 3865 2789 Ste-

2264 2821 2476 2893 phanus
2504 2821 2697 2894 positis
2726 2822 2956 2893 genibus
2984 2822 3155 2878 oravit
3173 2836 3274 2893 pro
3294 2837 3354 2877 se
3383 2821 3771 2894 lapidantibus.
3795 2821 3867 2878 Et

2265 2909 2546 2981 apostolus
2565 2910 2635 2965 de
2654 2910 2965 2979 hujusmodi
2988 2910 3219 2982 loquens
3237 2910 3367 2966 dicit
3377 2909 3537 2966 nobis
3568 2927 3582 2964 :
3615 2909 3866 2978 Quorum

2263 2999 2560 3055 intuentes
2608 3000 2835 3055 exitum
2862 3001 3324 3067 conuersationis,
3349 2999 3664 3055 imitamini
3693 2999 3865 3068 ﬁdem

568 3091 703 3160 nuit,
736 3106 891 3163 spem
933 3090 1123 3146 salutis
1182 3106 1243 3146 se
1287 3105 1398 3146 non
1449 3090 1656 3145 habere
1713 3089 1954 3145 ostendit
1985 3106 1998 3142 :
2031 3103 2156 3143 nam
2185 3140 2230 3163 η
2260 3086 2415 3157 (Heb.
2447 3088 2592 3159 xm).
2623 3087 2693 3143 Et
2720 3087 2850 3143 item
2877 3088 3112 3145 Jacobus
3139 3088 3418 3159 apostolus
3448 3087 3613 3143 dicit:
3652 3088 3865 3143 Trista-

566 3140 1023 3237 beatueroannes
1065 3178 1344 3251 apostolus
1373 3195 1405 3232 a
1450 3178 1760 3234 Domitiano
1801 3176 2048 3249 principe
2102 3176 2159 3230 in
2183 3140 2232 3204 Ο
2265 3140 2369 3231 tur
2385 3140 2592 3247 aliquis
2607 3181 3008 3245 vestrum,oret
3025 3140 3216 3233 animro
3236 3193 3409 3249 (equo,
3441 3180 3499 3232 et
3513 3176 3751 3249 psallat;
3772 3182 3861 3232 et:

576 3269 805 3327 Pathmo
834 3267 1014 3324 insula
1037 3268 1331 3339 relegatus,
1365 3275 1418 3322 et
1437 3266 1672 3323 humana
1687 3266 2060 3323 consolatione
2081 3266 2178 3322 de-
2274 3265 2442 3321 Orate
2457 3281 2557 3337 pro
2576 3266 2823 3322 invicem
2839 3269 2908 3321 ut
2923 3267 3228 3322 salvemini
3264 3266 3407 3337 (Jac.
3438 3264 3496 3336 v)
3528 3282 3542 3320 :
3574 3280 3752 3338 genus
3780 3271 3865 3320 est

574 3358 808 3425 stitutus,
840 3356 1270 3413 consolationem
1314 3355 1662 3413 revelationis
1703 3370 1868 3427 quam
1913 3354 2169 3411 divinitus

570 3453 860 3519 acceperat
886 3444 943 3500 in
972 3445 1169 3502 eodem
1197 3444 1391 3501 exsilio
1418 3459 1483 3500 ac
1511 3443 1845 3518 relegatione
1860 3458 2025 3499 manu
2043 3459 2170 3514 pro-

558 3535 681 3607 pria
708 3534 947 3606 scripsit,
977 3541 1030 3589 et
1060 3534 1131 3590 ad
1157 3532 1437 3590 Ecclesias
1488 3533 1685 3605 quibus
1731 3531 1934 3587 missus
1988 3531 2167 3587 fuerat

565 3623 883 3696 praedicare,
932 3622 1147 3679 direxit.
1196 3623 1268 3677 Et
1295 3630 1516 3679 sanctus
1537 3621 1731 3678 Paulus
1771 3620 2049 3692 apostolus
2095 3619 2167 3676 ad

567 3712 909 3767 Timotheum
941 3711 1185 3767 scribens
1211 3710 1340 3767 dicit
1372 3713 1614 3768 :Memor
1627 3714 1744 3767 esto
1778 3712 1969 3767 Iesum
2000 3709 2165 3766 Chri-

571 3804 725 3857 stum
739 3793 1121 3856 resurrexisse
1136 3817 1172 3855 a
1189 3802 1431 3857 mortuis
1442 3816 1517 3855 ea:
1534 3801 1747 3856 semine
1767 3799 1941 3855 David
1956 3815 2165 3854 secun-

572 3890 707 3946 dum
727 3888 1097 3959 Evangelium
1114 3904 1324 3955 meum,
1347 3890 1413 3943 in
1431 3903 1535 3960 quo
1555 3888 1738 3945 laboro
1758 3903 1930 3960 usque
1951 3887 2024 3943 ad
2041 3888 2166 3943 vin-

573 3979 704 4033 cula
719 3978 880 4048 quasi
899 3977 1055 4033 mala
1069 3993 1326 4050 operans,
1347 3976 1443 4033 sed
1461 3977 1690 4033 verbum
1708 3977 1811 4032 Dei
1825 3992 1938 4033 non
1968 3980 2055 4032 est
2072 3976 2165 4031 al-

572 4067 812 4138 ligatum
843 4085 861 4121 :
880 4065 1002 4122 ideo
1021 4067 1215 4123 omnia
1227 4067 1481 4122 sustineo
1495 4068 1729 4138 propter
1770 4066 2003 4133 electos,
2023 4068 2089 4121 ut
2109 4068 2166 4121 et

569 4155 681 4229 ipsi
701 4156 947 4213 salutem
975 4159 1394 4229 consequantur
1414 4170 1537 4227 qua:
1577 4158 1665 4212 est
1689 4156 1755 4210 in
1785 4154 2005 4211 Christo
2032 4155 2167 4211 Iesu

572 4260 704 4301 cum
732 4245 918 4316 gloria
934 4244 1151 4301 ccelesti
1169 4243 1248 4314 (II
1274 4244 1412 4300 Tim.
1437 4242 1521 4315 ιι).

642 4334 712 4389 Et
742 4340 818 4399 tu,
850 4331 1018 4388 frater
1040 4332 1382 4400 charissime,
1405 4348 1517 4389 non
1535 4332 1710 4388 solum
1731 4348 1795 4388 ea
1823 4331 2013 4404 legere
2042 4347 2165 4402 qua

568 4420 668 4478 tibi
685 4420 828 4489 misi,
862 4429 915 4476 et
940 4420 1073 4475 mihi
1093 4420 1429 4491 respondere
1456 4436 1577 4475 cum
1611 4436 1803 4491 posses
1851 4420 2159 4486 debueras;

2268 3351 2415 3407 enim
2442 3368 2553 3408 non
2582 3355 3041 3411 contemnendum
3097 3352 3465 3411 exauditionis
3500 3369 3626 3409 cum
3680 3354 3863 3410 cordis

2269 3441 2590 3499 contritione
2646 3443 2716 3498 ad
2763 3442 3056 3500 Dominum
3109 3443 3347 3500 clamare
3371 3443 3425 3499 in
3490 3442 3861 3511 tribulatione,

2267 3529 2407 3586 sicut
2428 3531 2692 3603 scriptum
2717 3538 2799 3588 est
2841 3549 2856 3586 :
2910 3532 2994 3588 Ad
3021 3534 3325 3589 Dominum
3365 3548 3498 3588 eum
3554 3531 3863 3589 tribularer

2266 3619 2512 3676 clamavi
2530 3624 2587 3677 et
2606 3621 2909 3677 exaudivit
2933 3637 3023 3677 me
3051 3621 3226 3693 (Psal.
3261 3620 3441 3693 cxtx).

2314 3708 2429 3763 .Tu
2454 3716 2631 3765 autem
2661 3717 2846 3766 contra
2874 3710 2992 3766 haec
3026 3725 3203 3766 novus
3246 3710 3459 3777 doctor,
3517 3709 3628 3766 imo
3685 3725 3862 3767 novus

2263 3806 2624 3870 praesumptor
2640 3798 2946 3868 injuriatus,
2978 3798 3225 3867 missam,
3268 3806 3328 3855 ut
3369 3796 3567 3866 audivi,
3618 3814 3732 3855 non
3777 3798 3861 3855 vis

2266 3893 2507 3953 cantare,
2538 3902 2639 3943 nec
2666 3886 2828 3943 etiam
2857 3887 3064 3958 audire,
3096 3895 3151 3945 et
3171 3887 3329 3960 quasi
3354 3887 3581 3943 aliorum
3609 3888 3859 3944 oratione

2266 3989 2375 4030 non
2406 3974 2662 4049 indigens
2686 3977 2902 4033 vetuisti
2917 3992 3019 4049 pro
3037 3985 3111 4046 te,
3130 3985 3186 4034 et
3201 3992 3303 4049 pro
3319 3992 3380 4034 se
3401 3992 3563 4033 orare
3583 3976 3681 4033 tibi
3709 3992 3861 4034 com-

2265 4063 2488 4119 missam
2544 4064 2873 4135 Ecclesiam,
2922 4073 2977 4123 et
3022 4081 3191 4123 causa
3233 4074 3338 4122 tuae
3394 4065 3606 4136 injuriae
3648 4066 3860 4135 jussisti

2267 4151 2481 4208 Christo
2508 4152 2565 4208 in
2590 4154 2854 4210 membris
2883 4154 3016 4221 suis,
3050 4155 3145 4227 qui
3199 4155 3398 4212 sedens
3450 4156 3523 4212 ad
3574 4156 3860 4212 dexteram

2265 4240 2442 4298 Patris
2472 4242 2606 4298 dixit
2634 4242 2802 4300 Paulo
2831 4261 2845 4301 :
2884 4244 3025 4314 Quid
3038 4261 3127 4301 me
3145 4248 3493 4317 persequeris
3514 4249 3537 4302 .9
3556 4245 3702 4319 (Act.
3724 4259 3788 4301 Ix
3802 4249 3861 4302 et

2266 4330 2434 4404 xxvr)
2460 4331 2682 4401 injurias
2702 4332 2999 4405 importare
3029 4340 3083 4389 et
3111 4340 3342 4389 mortem
3382 4332 3605 4391 inferre.
3655 4333 3857 4391 Paulus

2266 4435 2484 4492 quoque
2512 4428 2567 4476 et
2595 4420 2738 4477 Silas
2768 4436 3000 4493 quorum
3028 4421 3208 4478 locum
3238 4429 3424 4479 tenere
3453 4423 3644 4491 debes,
3672 4423 3730 4479 in
3757 4438 3855 4480 ec-

573 4525 766 4567 verum
796 4515 849 4562 et
876 4508 1157 4564 ministros
1183 4508 1447 4564 Ecclesias
1477 4508 1575 4563 tibi
1610 4508 1918 4564 commissae
1970 4507 2165 4579 quibus
2193 4498 2247 4558 D
2269 4507 2435 4565 clesia
2464 4509 2594 4566 caesi
2620 4509 2811 4582 virgis,
2844 4518 2899 4567 et
2923 4510 3079 4566 missi
3104 4511 3162 4566 in
3187 4510 3502 4569 interiorem
3553 4526 3852 4580 carcerem,

572 4598 752 4655 modis
762 4612 957 4670 posses
972 4597 1240 4652 debueras
1262 4613 1371 4653 non
1389 4596 1948 4653 excommunicatione
1966 4596 2159 4669 ligare,

574 4687 673 4745 sed
701 4686 977 4744 consolari
1005 4693 1059 4743 et
1085 4685 1361 4741 adhortari
1407 4693 1465 4741 ut
1496 4685 1553 4740 in
1596 4685 1782 4741 divino
1834 4684 2076 4751 servitio,
2110 4692 2165 4740 et

571 4775 794 4831 assidua
828 4774 1092 4841 oratione,
1124 4782 1179 4830 et
1206 4774 1503 4831 salvatione
1529 4773 1718 4845 populi
1753 4772 1852 4827 tibi
1884 4772 2164 4829 commissi

569 4863 823 4919 laborare
852 4864 1148 4920 studerent.
1180 4864 1251 4919 Et
1269 4862 1317 4918 si
1341 4878 1429 4918 me
1441 4862 1609 4934 digne
1628 4868 1851 4933 propter
1868 4861 2163 4932 indignita-

568 4959 681 5007 tem
699 4966 881 5008 meam
910 4952 1164 5024 despicis,
1200 4959 1383 5008 tamen
1410 4949 1788 5022 professionis,
1824 4965 1889 5007 ac
1918 4951 2167 5008 subscri-

569 5038 769 5111 ptionis
797 5047 903 5095 tuae
927 5056 1140 5096 memor
1166 5056 1277 5097 non
1294 5039 1564 5096 debueras
1593 5038 1651 5094 in
1670 5038 2035 5112 qualicunque
2051 5056 2159 5096 me-

566 5127 888 5199 tropolitano
917 5137 1008 5186 tuo
1034 5128 1273 5185 debitam
1289 5127 1656 5185 obedientiam
1675 5128 1969 5202 denegare,
1996 5145 2159 5201 quam

564 5233 596 5271 a
624 5216 731 5272 tuis
761 5216 991 5272 subditis
1019 5216 1254 5273 etiamin
1271 5216 1358 5271 his
1382 5216 1704 5288 perniciosis
1734 5217 1840 5273 tuis
1888 5217 2157 5288 jussioni-

562 5304 665 5360 bus
707 5304 901 5378 exigis.
953 5304 1292 5377 Quapropter
1343 5305 1534 5361 iterata
1581 5306 2024 5373 commonitione,
2055 5321 2156 5376 pro

562 5392 671 5449 loci
698 5392 807 5449 mei
831 5391 1008 5449 ofﬁcio
1028 5401 1082 5449 te
1102 5393 1395 5451 convenire
1411 5410 1714 5468 congruum
1742 5395 1891 5464 duxi,
1914 5394 2152 5451 suadens

560 5490 619 5538 ut
650 5482 797 5553 quod
825 5482 969 5538 male
1004 5481 1188 5556 ligasti
1213 5482 1516 5552 dissolvas;
1549 5484 1811 5541 Dominus
1837 5492 1892 5541 et
1908 5485 2152 5550 Creator,

563 5581 628 5621 ac
656 5566 1004 5640 Redemptor,
1029 5575 1193 5641 atque
1221 5565 1473 5625 salvator
1500 5577 1687 5625 noster
1715 5568 1844 5625 dicit
1875 5587 1888 5624 :
1922 5569 1982 5625 Si
2029 5570 2154 5640 quis

2261 4596 2433 4668 pedes
2462 4596 2728 4654 habentes
2757 4598 2976 4655 strictos
3006 4598 3064 4655 in
3089 4598 3262 4672 ligno,
3290 4600 3476 4656 media
3518 4608 3680 4657 nocte
3715 4600 3856 4658 ado-

2262 4693 2444 4743 rantes
2474 4685 2767 4743 laudabant
2794 4688 2988 4755 Deum,
3030 4696 3084 4745 et
3111 4688 3402 4746 audiebant
3427 4705 3524 4748 eos
3548 4690 3642 4762 qui
3668 4689 3725 4745 in
3761 4704 3847 4747 cu-

2263 4773 2440 4830 stodia
2467 4784 2638 4831 erant.
2672 4775 2862 4832 Subito
2881 4792 3010 4835 vero
3036 4785 3381 4835 terramotus
3407 4777 3586 4835 factus
3615 4786 3699 4835 est
3726 4793 3850 4834 ma-

2260 4878 2422 4935 gnus,
2456 4862 2528 4918 ita
2556 4871 2613 4919 ut
2641 4873 2990 4922 moverentur
3015 4865 3366 4923 fundamenta
3385 4867 3650 4935 carceris,
3673 4874 3728 4925 et
3746 4874 3856 4923 sta-

2260 4950 2355 5007 tim
2384 4960 2572 5024 aperta
2601 4961 2727 5009 sunt
2755 4954 2936 5011 omnia
2964 4955 3121 5027 ostia,
3155 4963 3209 5012 et
3234 4956 3612 5013 universorum
3641 4955 3855 5014 vincula

2260 5040 2439 5096 soluta
2472 5049 2616 5099 sunt.
2650 5043 3084 5117 Expergefactus
3112 5051 3296 5102 autem
3343 5052 3527 5103 custos
3573 5052 3627 5102 et
3654 5045 3849 5103 videns

2257 5137 2471 5201 apertas
2493 5132 2688 5201 januas
2713 5133 2971 5203 carceris,
3003 5135 3291 5208 evaginato
3318 5134 3505 5208 gladio
3546 5134 3767 5191 volebat
3792 5151 3854 5190 se

2256 5216 2580 5289 interﬁcere,
2612 5222 2882 5279 aestimans
2922 5222 3133 5297 fugisse
3180 5222 3392 5282 vinctos
3424 5240 3437 5280 :
3469 5223 3721 5281 clamavit
3752 5240 3853 5279 au-

2256 5313 2366 5363 tem
2395 5308 2591 5366 Paulus
2629 5326 2766 5368 voce
2818 5326 3020 5384 magna
3089 5311 3300 5381 dicens,
3334 5314 3490 5370 Nihil
3519 5315 3724 5385 feceris
3751 5313 3854 5369 tibi

2254 5398 2400 5452 mali
2414 5400 2668 5457 universi
2682 5402 2835 5457 enim
2850 5399 2942 5457 hic
2956 5416 3155 5459 sumus
3167 5402 3313 5472 (Act.
3332 5401 3474 5473 xvr).
3492 5402 3565 5457 Et
3577 5409 3635 5457 tu
3648 5409 3853 5458 tantam

2254 5483 2644 5560 benignitatem
2670 5489 2936 5546 Ecclesia
2962 5496 3069 5546 tuae
3105 5488 3230 5546 ﬁliis
3263 5489 3362 5546 tibi
3386 5490 3696 5547 commissis
3740 5505 3850 5546 non

2254 5589 2315 5633 es
2344 5590 2538 5647 passus
2566 5576 2906 5649 impendere,
2937 5585 3190 5652 quantam
3217 5578 3365 5636 idem
3394 5578 3597 5636 Paulus
3644 5593 3742 5636 suo
3776 5578 3845 5634 ad
3888 5649 3903 5661 .
