4174 6310
310 296 415 352 529

1052 289 1292 347 OPUSC.
1351 290 1441 346 ET
1496 283 1714 346 EPISI‘.
1773 289 1846 344 1N
1895 287 2121 345 CAUSA
2175 293 2523 349 HINCMARI
2580 294 2883 352 LAUDUN.

3512 298 3615 354 530

313 423 547 472 mortem
577 415 790 472 custodi
839 414 1122 486 impendit.
1173 414 1347 480 Unde,
1393 413 1583 480 frater,
1634 428 1830 468 moneo
1861 419 1912 466 te
1934 411 1991 472 A
2017 422 2074 469 ut
2105 416 2474 486 praajudicium
2505 417 2600 471 tibi
2630 418 2716 473 vel
2760 418 3031 488 parochias
3079 426 3183 476 tuze
3225 434 3332 475 non
3362 417 3616 486 inferam,

314 506 513 561 iterum
541 511 771 576 paterna
802 510 856 558 et
887 502 1127 558 fraterna
1166 501 1458 557 dilectione
1487 509 1652 572 atque
1684 500 1921 556 auctori-

316 602 426 650 tate
456 593 897 664 metropolitana,
950 591 1212 662 resipisce
1259 591 1326 646 ab
1376 591 1480 646 hac
1529 605 1698 661 prava
1736 590 1918 645 inten-

314 683 483 750 tione,
502 690 554 738 et
573 682 911 738 concordans
930 680 1217 752 praceptis
1239 678 1568 752 evangelicis
1585 687 1747 751 atque
1794 693 1923 749 apo-

315 771 607 837 stolicis,et
629 778 941 826 sanctorum
966 768 1220 835 decretis,
1243 783 1364 840 quae
1387 767 1556 822 tibi‘in
1573 767 1741 822 altera
1771 775 1920 822 rotu-

315 861 368 916 la
385 860 598 932 pridem
619 859 761 925 misi,
788 874 897 914 non
918 857 1234 930 dedigneris
1254 857 1352 922 eis,
1375 864 1566 912 etcum
1587 856 1667 912 eis
1688 863 1919 926 patrono

315 959 407 1006 tuo
427 957 617 1005 sancto
639 948 912 1021 Remigio,
937 947 992 1001 in
1025 947 1179 1015 cujus
1199 946 1350 1012 sede,
1391 945 1514 1001 licet
1536 945 1794 1016 indignus
1827 959 1919 999 se-

317 1040 444 1104 deo,
475 1037 658 1094 dicere
678 1037 822 1109 quod
845 1043 1065 1092 sanctus
1085 1034 1364 1106 apostolus
1380 1034 1582 1089 Paulus
1601 1033 1733 1088 dixit
1755 1033 1915 1088 etiam

319 1128 434 1182 suis
455 1127 754 1182 minoribus
780 1142 792 1180 :
817 1126 876 1181 Si
886 1127 980 1181 cui
1007 1123 1223 1196 aliquid
1242 1125 1578 1188 donastis,ct
1595 1123 1778 1194 ego(II
1791 1123 1912 1177 Cor.

314 1218 400 1287 ιι).
437 1215 671 1280 Obaudi,
706 1215 958 1281 obsecro,
1011 1213 1228 1267 illorum
1271 1213 1492 1267 decreta
1538 1211 1777 1266 salubria
1823 1227 1922 1281 per

317 1321 456 1378 quos
487 1304 698 1359 locutus
727 1311 809 1358 est
840 1302 1105 1367 Christus,
1124 1317 1212 1365 ne,
1241 1300 1385 1371 quod
1405 1299 1563 1366 absit,
1587 1299 1705 1354 tibit
1734 1298 1876 1354 dicat
1904 1316 1916 1352 :

319 1395 426 1462 Qui
455 1397 538 1450 est
568 1409 642 1448 ea:
671 1393 799 1456 Deo,
826 1391 987 1446 verba
1017 1392 1116 1445 Dei
1145 1389 1324 1455 audit,
1354 1393 1656 1461 prapterca
1678 1405 1769 1444 vos
1793 1403 1917 1444 non

316 1482 691 1554 auditis,quia
708 1496 781 1535 ex
796 1482 904 1535 Deo
919 1495 1034 1534 non
1053 1481 1188 1534 estis
1202 1478 1385 1549 (Joan.
1401 1478 1542 1548 vm).
1558 1476 1907 1541 Pertimesce,

314 1586 474 1643 rogo,
507 1569 632 1641 quia
662 1576 880 1623 sanctus
901 1566 1463 1631 Innocentius,beatus
1493 1564 1835 1629 Ambrosius,
1863 1571 1914 1619 et

316 1657 500 1714 caeteri
547 1656 800 1712 catholibi
847 1655 1096 1710 doctores
1137 1655 1254 1710 haec
1299 1669 1420 1724 qua
1463 1652 1673 1721 jussisti
1713 1653 1780 1707 de
1810 1668 1920 1706 non

2021 504 2279 560 obaudio.
2321 505 2480 573 Quod
2508 505 2689 576 petisti
2719 514 2776 560 ut
2801 507 3062 576 judicium
3089 508 3185 562 tibi
3216 508 3303 564 vel
3347 507 3621 579 parochie

2021 601 2126 648 tum
2156 609 2266 648 non
2294 593 2541 659 inferam,
2580 611 2690 649 non
2729 595 2963 650 obaudio
2986 614 2999 650 :
3025 595 3155 652 dicit
3183 597 3329 652 enim
3358 596 3619 652 Dominus

2020 698 2121 753 per
2149 685 2470 754 prophetam
2497 699 2511 738 :
2536 685 2595 739 Si
2613 686 2868 755 feceritis
2877 685 3165 756 judicium
3186 688 3339 741 inter
3356 688 3542 741 virum
3563 689 3619 741 et

2017 773 2349 842 proximum
2379 774 2499 844 ejus
2527 772 2861 843 (Jercm.vn)
2879 815 2891 838 ,
2920 781 2972 827 et
3002 773 3228 844 reliqua.
3254 774 3322 828 Et
3341 773 3618 844 Sapientia

2020 875 2118 930 per
2147 859 2495 915 Salomonem
2516 878 2529 914 :
2552 863 2701 916 Erue
2723 877 2812 917 eos
2834 863 2931 934 qui
2951 861 3243 917 ducuntur
3262 862 3333 917 ad
3353 865 3616 928 mortem,

2021 951 2077 1003 et
2098 950 2192 1020 qui
2215 949 2526 1004 trahunt-ur
2545 949 2616 1004 ad
2637 950 2944 1004 interitum
2968 951 3204 1006 liberare
3219 966 3290 1006 ne
3307 965 3485 1005 cesses
3498 949 3617 1020 (Pr.

2022 1037 2190 1107 xxw).
2218 1036 2378 1104 Quod
2421 1037 2552 1092 mihi
2602 1053 2634 1091 a
2665 1037 2917 1104 Domino,
2970 1053 3133 1108 quem
3173 1054 3272 1093 suo
3310 1029 3517 1107 judicio
3565 1037 3622 1092 in

2020 1125 2439 1194 metropolitana
2455 1125 2583 1180 sede
2615 1126 2946 1181 Rhemorum
2965 1126 3262 1196 provincia
3293 1125 3620 1182 constituere

2022 1212 2209 1278 voluit,
2240 1213 2471 1283 praecepi
2499 1213 2660 1268 audio
2689 1214 2756 1269 de
2787 1214 2870 1268 his
2895 1214 2988 1284 qui
3018 1222 3110 1268 tua
3137 1214 3504 1285 praeceptione
3520 1213 3620 1269 du-

2021 1308 2214 1356 cuntur
2247 1301 2315 1355 ad
2347 1310 2593 1370 mortem,
2629 1310 2679 1356 et
2709 1303 2990 1357 trahuntur
3020 1303 3089 1358 ad
3118 1302 3412 1358 interitum.
3443 1303 3511 1358 Et
3531 1302 3621 1358 de-

2021 1399 2170 1445 creta
2198 1390 2436 1455 Nicaena,
2493 1390 2630 1445 sicut
2678 1389 2928 1445 Africana
2977 1391 3217 1461 synodus
3265 1391 3512 1446 scribens
3552 1390 3622 1446 ad

2021 1479 2374 1534 leestinum
2405 1495 2600 1550 papam
2632 1479 2983 1547 demonstrat,
3033 1480 3148 1535 sive
3185 1478 3454 1535 inferioris
3483 1495 3616 1550 gra-

2019 1567 2123 1621 dus
2152 1567 2398 1633 clericos,
2434 1567 2548 1622 sive
2568 1568 2856 1638 episcopos
2878 1569 3026 1638 ipsos
3049 1568 3162 1622 suis
3191 1567 3617 1638 metropolitanis

2020 1655 2363 1725 apertissime
2394 1656 2800 1710 commiserunt.
2832 1657 2902 1710 Et
2940 1664 3155 1711 sanctus
3184 1655 3488 1712 Bonifacius
3516 1672 3612 1710 ca-

317 1745 681 1817 suscipiendis
723 1743 1110 1815 paenitentibus
1156 1743 1224 1797 ad
1261 1742 1631 1813 pmnitcntiam
1669 1741 1918 1796 haeresim
1948 1767 2001 1826 Β
2021 1744 2248 1814 pitulum
2279 1745 2484 1798 Nicaeni
2513 1744 2726 1800 concilii
2753 1760 3049 1815 exponens,
3082 1751 3204 1815 post
3234 1745 3340 1798 alia
3369 1743 3622 1798 diffinivit

315 1836 505 1892 dicunt
533 1851 654 1890 esse
681 1833 874 1888 Novati
903 1831 1162 1887 haeretici.
1195 1831 1263 1885 Et
1285 1846 1394 1886 non
1426 1830 1697 1900 baptizare
1728 1844 1922 1900 parvu-

314 1923 400 1980 los
429 1924 483 1978 in
513 1923 705 1978 mortis
735 1920 974 1992 periculo
1005 1920 1326 1976 constitutos
1357 1919 1590 1974 schisma
1636 1926 1717 1973 est
1745 1918 1922 1973 maxi-

316 2029 469 2068 mum
498 2013 568 2067 ab
589 2010 882 2066 universali
903 2009 1169 2065 Ecclesia.
1188 2009 1257 2062 Et
1277 2007 1333 2061 in
1353 2008 1588 2063 decretis
1610 2006 1921 2077 apostolicae

317 2101 466 2158 sedis
493 2099 727 2172 legimus
770 2099 895 2170 quia
943 2098 1082 2154 sicut
1109 2096 1435 2152 universalis
1466 2095 1565 2151 Dei
1593 2112 1810 2166 semper
1841 2103 1925 2151 te-

317 2190 454 2255 nuit,
499 2197 550 2244 et
587 2195 732 2244 tenet
769 2187 1014 2243 Ecclesia
1039 2231 1051 2252 ,
1113 2185 1488 2241 schismaticus
1547 2192 1597 2238 et
1635 2184 1923 2240 haereticus

315 2277 424 2334 nisi
456 2277 707 2333 conversi
739 2275 939 2331 fuerint
968 2275 1038 2329 ad
1058 2281 1306 2330 sanctam
1334 2280 1567 2327 matrem
1597 2272 1922 2328 catholicam

314 2376 369 2423 et
399 2366 751 2438 apostolicam
781 2365 1103 2430 Ecclesiam,
1126 2364 1181 2417 in
1212 2378 1444 2435 regnum
1470 2362 1569 2416 Dei
1591 2361 1792 2416 intrare
1814 2377 1922 2416 non

312 2464 579 2528 possunt,
627 2455 725 2510 sed
759 2455 1097 2524 pars'eorum
1146 2459 1228 2506 est
1268 2451 1325 2505 in
1361 2451 1614 2523 gehenna
1649 2468 1662 2504 :
1697 2458 1749 2505 et
1781 2451 1826 2504 si
1855 2450 1922 2505 de

314 2561 461 2618 pane
491 2544 716 2609 caelesti,
759 2543 816 2598 id
837 2551 916 2598 est
953 2543 1021 2597 de
1060 2541 1320 2596 suavitate
1355 2539 1540 2594 divina
1569 2547 1790 2612 gustant
1821 2556 1913 2610 ge-

314 2636 512 2690 hennae
540 2633 836 2704 participes
862 2675 874 2698 ,
902 2631 1169 2700 judicium
1199 2629 1301 2683 sibi
1332 2636 1569 2683 sumunt.
1615 2629 1920 2699 Propterea,

313 2724 501 2789 frater,
535 2723 602 2776 ab
651 2723 752 2777 hac
803 2728 971 2788 secta,
1026 2727 1079 2774 et
1126 2719 1195 2774 ab
1242 2719 1346 2773 hoc
1395 2717 1686 2772 schismate
1728 2733 1924 2772 revoca

314 2828 541 2868 sensum
569 2819 736 2878 tuum,
764 2818 816 2864 et
839 2824 1067 2879 sequere
1089 2807 1234 2879 quod
1256 2813 1473 2861 sanctus
1516 2805 1840 2860 leestinus
1869 2805 1924 2860 in

315 2900 549 2957 decretis
579 2899 690 2954 suis
713 2899 783 2954 ad
813 2897 1115 2954 Galliarum
1142 2897 1432 2967 episcopos
1457 2894 1676 2965 scripsit
1698 2894 1920 2949 dicens:

317 2989 806 3053 Obsecrationum,
857 2986 1047 3058 inquit,
1106 2984 1532 3040 sacerdotalium
1585 2990 1925 3037 sacramenta

316 3077 698 3150 respiciamus,
735 3092 854 3148 quae
882 3075 950 3130 ab
973 3072 1233 3144 apostolis
1257 3072 1452 3127 tradita
1476 3073 1529 3125 in
1551 3078 1662 3126 toto
1693 3070 1916 3136 mundo,

317 3176 479 3240 atque
513 3167 568 3220 in
596 3165 742 3221 omni
791 3162 1055 3220 catholica
1096 3160 1346 3217 Ecclesia
1393 3159 1734 3215 uniformiter
1771 3160 1919 3214 cele-

314 3258 558 3324 brantur,
592 3262 644 3310 et
675 3254 856 3326 legem
881 3251 1142 3308 credendi
1182 3250 1268 3305 lex
1302 3257 1500 3304 statuat
1529 3247 1869 3320 supplicandi
1905 3266 1918 3302 :

315 3331 440 3404 cum
473 3344 616 3399 enim
650 3350 960 3398 sanctarum
990 3339 1229 3411 plebium
1267 3338 1530 3409 praesules
1555 3337 1812 3392 mandata
1842 3337 1920 3390 si-

316 3435 484 3490 bimet
515 3431 785 3506 legatione
808 3431 1106 3503 funguntur
1128 3428 1274 3499 apud
1293 3428 1532 3483 divinam
1553 3426 1916 3494 clementiam,

316 3521 542 3578 humani
569 3519 788 3593 generis
819 3527 989 3592 agunt
1019 3533 1262 3583 causam,
1296 3524 1348 3572 et
1378 3524 1487 3571 tota
1518 3531 1704 3571 secum
1725 3514 1921 3570 Eccle-

318 3613 402 3668 sia
431 3609 874 3682 congemiscente
904 3607 1175 3678 postulant
1206 3613 1258 3660 et
1287 3612 1608 3676 precantur,
1642 3611 1698 3658 ut
1722 3603 1920 3658 intide-

315 3701 460 3755 libus
493 3699 726 3754 donetur
746 3696 914 3763 ﬁdes;
941 3703 999 3750 ut
1028 3694 1330 3750 idololatrze
1375 3694 1444 3748 ab
1492 3692 1782 3763 impietatis
1812 3709 1923 3748 sua:

317 3789 622 3844 liberentur
651 3785 966 3852 erroribus;
999 3792 1054 3838 ut
1092 3783 1316 3853 Judaeis,
1348 3782 1530 3837 ablato
1559 3781 1741 3836 cordis
1769 3781 1921 3836 vela-

318 3878 487 3943 mine,
513 3876 603 3931 lux
621 3875 868 3931 veritatis
888 3881 1147 3945 appareat
1171 3891 1186 3939 ;
1207 3880 1264 3926 ut
1285 3870 1527 3927 haeretici
1548 3871 1617 3925 ad
1644 3870 1923 3925 catholicae

317 3966 446 4022 fidei
476 3964 862 4036 perfectionem
907 3962 1231 4033 resipiscant
1255 3980 1269 4027 ;
1299 3967 1354 4014 ut
1400 3958 1728 4015 schismatici
1758 3957 1922 4028 spiri-

319 4063 432 4110 tum
465 4052 720 4109 redivivaa
769 4051 1043 4108 charitatis
1092 4049 1395 4120 accipiant;
1446 4055 1503 4102 ut
1553 4048 1722 4118 lapsis
1750 4047 1924 4118 poeni-

317 4132 504 4200 tentiaa
533 4142 776 4198 remedia
806 4139 1180 4203 conferantur;
1214 4146 1269 4192 ut
1317 4137 1551 4208 denique
1581 4136 1924 4190 catechume—

319 4234 407 4288 nis
436 4231 507 4286 ad
539 4229 972 4304 regenerationis
1011 4234 1356 4283 sacramenta
1383 4225 1661 4297 perductis
1687 4223 1924 4279 caelestis

314 4319 711 4376 misericordias
760 4319 886 4374 aula
931 4324 1226 4371 reseretur.
1278 4316 1348 4369 Et
1391 4316 1508 4370 haec
1548 4313 1839 4369 conferens
1871 4313 1925 4365 in

319 4410 488 4468 corde
529 4416 618 4463 tuo
664 4407 777 4462 noli
819 4406 1032 4477 pietatis
1082 4405 1293 4461 viscera
1339 4403 1650 4478 petentibus
1700 4402 1924 4456 salutem

1943 3122 1992 3184 C

2023 1840 2285 1903 quatenus
2313 1832 2715 1903 metr0politani
2747 1833 2828 1886 sui
2875 1849 3214 1904 unaquaeque
3252 1832 3535 1902 provincia
3563 1833 3620 1887 in

2023 1921 2274 1975 omnibus
2312 1921 2478 1975 rebus
2517 1921 2911 1976 ordinationem
2961 1937 3178 1991 semper
3221 1928 3516 1991 exspectet.
3550 1921 3621 1975 Et

2023 2009 2417 2064 Antiochenum
2450 2009 2738 2065 concilium
2772 2026 2784 2064 :
2819 2011 2922 2064 Per
2961 2009 3204 2080 singulas
3230 2052 3242 2075 ,
3294 2009 3498 2080 inquit,
3530 2025 3618 2064 re-

2024 2098 2216 2170 giones
2245 2099 2532 2169 episcopos
2553 2097 2805 2154 convenit
2824 2113 2986 2153 nosse
3014 2097 3485 2168 metropolitanum
3506 2097 3618 2168 epi-

2024 2203 2246 2257 scopum
2279 2187 2699 2242 sollicitudinem
2730 2187 2891 2242 totius
2920 2185 3216 2257 provincia-3
3246 2202 3460 2258 gerere,
3484 2202 3618 2256 pro-

2022 2283 2146 2347 pter
2175 2276 2319 2346 quod
2347 2276 2416 2330 ad
2447 2275 2788 2346 metr0polim
2811 2292 3001 2332 omnes
3021 2275 3258 2347 undique
3289 2275 3381 2346 qui
3403 2273 3623 2347 negotia

2023 2364 2276 2419 videntur
2311 2365 2513 2420 habere
2553 2373 2898 2420 concurrant.
2941 2365 3011 2418 Et
3042 2371 3258 2419 cautum
3309 2371 3388 2418 est
3447 2362 3616 2418 sacris

2025 2454 2323 2508 canonibus
2353 2461 2406 2507 ut
2436 2453 2600 2508 nullis
2628 2453 2787 2508 liceat
2815 2453 2957 2523 apud
2978 2469 3037 2506 sc
3087 2452 3368 2506 celebrare
3385 2450 3618 2506 concilia

2022 2549 2222 2612 praeter
2251 2558 2346 2596 eos
2376 2542 2570 2612 quibus
2609 2541 3026 2611 metr0politana
3061 2543 3188 2608 jura
3215 2540 3467 2594 videntur
3497 2554 3620 2595 esse

2024 2630 2316 2685 commissa
2350 2647 2361 2684 :
2395 2629 2448 2682 in
2498 2629 2630 2699 ipsis
2679 2637 2858 2684 autem
2890 2628 3134 2684 conciliis
3177 2628 3354 2682 absint
3403 2627 3625 2698 presby-

2025 2719 2124 2773 teri
2153 2727 2206 2774 et
2236 2718 2464 2782 diaconi,
2500 2727 2552 2772 et
2583 2734 2772 2772 omnes
2804 2716 2896 2788 qui
2927 2734 2984 2771 se
3015 2717 3175 2771 laesos
3213 2715 3540 2781 existimant,
3568 2722 3620 2770 et

2026 2807 2218 2877 synodi
2249 2807 2591 2877 experiantur
2635 2821 2880 2860 examen.
2930 2805 3227 2875 Propterea
3257 2803 3401 2874 quod
3440 2803 3621 2873 petisti

2025 2903 2083 2949 ut
2106 2895 2372 2964 judicium
2405 2903 2508 2950 tuae
2529 2894 2804 2965 parochias
2833 2909 2942 2947 non
2963 2892 3213 2961 inferam,
3238 2899 3426 2947 contra
3457 2908 3622 2963 regu-

2024 2985 2104 3038 las
2136 2999 2326 3040 sacras
2355 2983 2555 3054 petisti,
2606 2991 2663 3038 et
2709 2983 2998 3038 dicendum
3030 2989 3111 3036 est
3140 2981 3236 3034 tibi
3261 2981 3329 3035 ab
3358 2979 3619 3050 Apostolo

2027 3089 2150 3129 cum
2177 3073 2484 3141 hujusmodi
2517 3072 2836 3143 petitoribus
2872 3071 3191 3135 :Petitis,et
3223 3085 3336 3125 non
3357 3070 3618 3140 accipitis

2023 3175 2083 3214 eo
2115 3159 2256 3230 quod
2287 3159 2436 3212 male
2477 3159 2688 3229 petatis
2737 3156 2876 3226 (Jac.
2910 3155 2986 3223 IV)
3020 3172 3032 3208 :
3063 3153 3436 3224 unusquisque
3475 3152 3619 3207 enim

2023 3246 2331 3317 episcopus,
2384 3246 2557 3317 inquit
2611 3245 3006 3300 Antiochenum
3062 3242 3368 3307 concilium,
3420 3241 3620 3296 habeat

2025 3353 2136 3391 suae
2163 3335 2439 3406 parochim
2457 3341 2802 3405 potestatem,
2826 3341 2882 3387 ut
2921 3339 3075 3402 regat
3090 3332 3241 3400 juxta
3261 3329 3618 3385 reverentiam

2025 3424 2252 3497 singulis
2285 3429 2704 3494 competentem,
2750 3429 2800 3477 et
2828 3419 3227 3492 providentiam
3256 3426 3410 3490 gerat
3439 3417 3617 3474 omnis

2022 3512 2386 3585 possessionis
2405 3529 2526 3584 qua)
2555 3513 2654 3566 sub
2677 3513 2791 3581 ejus
2813 3518 2895 3566 est
2910 3517 3201 3580 potestate;
3226 3508 3298 3562 ita
3319 3515 3374 3562 ut
3395 3507 3620 3578 presby—

2025 3606 2170 3652 teros
2201 3605 2251 3652 et
2281 3598 2540 3652 diaconos
2571 3596 2802 3661 ordinet,
2852 3601 2906 3649 et
2953 3593 3168 3664 singula
3197 3607 3295 3646 suo
3334 3591 3390 3645 in
3412 3589 3618 3660 judicio

2025 3686 2487 3757 comprehendat,
2539 3684 2768 3755 amplius
2823 3691 2999 3738 autem
3056 3681 3189 3736 nihil
3242 3695 3408 3752 agere
3452 3685 3620 3734 tentet

2024 3784 2226 3848 praeter
2253 3774 2546 3831 antistitem
2588 3771 3086 3843 metropolitanum.
3140 3772 3220 3825 Ex
3250 3770 3354 3824 hoc
3385 3767 3618 3838 capitulo

2025 3865 2269 3936 quaedam
2302 3872 2426 3918 sunt
2455 3879 2576 3935 quae
2605 3863 2699 3917 tibi
2730 3862 2782 3916 in
2810 3861 3094 3933 praemissa
3119 3858 3297 3914 rotula
3329 3856 3618 3914 scribenda

2023 3954 2258 4018 dictavi,
2295 3953 2392 4008 sed
2439 3952 2684 4008 notarius
2728 3950 2979 4024 angustia
3023 3948 3280 4019 temporis
3313 3953 3619 4003 coarctatus

2025 4043 2275 4097 celeriter
2304 4042 2550 4096 scribens
2597 4040 2913 4103 intermisit;
2968 4038 3065 4092 sed
3112 4053 3177 4092 ea
3208 4053 3326 4108 qua:
3353 4035 3450 4090 tibi
3477 4033 3616 4090 scri-

2025 4147 2241 4202 pseram
2275 4131 2344 4184 ad
2373 4146 2553 4183 meum
2574 4145 2710 4198 opus
2733 4127 3043 4198 diligentius
3065 4126 3308 4180 scribere
3332 4124 3529 4192 jubens
3550 4122 3619 4177 de

2024 4219 2220 4273 tabulis
2277 4217 2509 4273 relevari
2569 4215 2691 4281 feci,
2753 4215 3005 4270 videlicet
3061 4213 3350 4285 diligenter
3397 4211 3615 4266 attende

2026 4309 2168 4379 quod
2198 4307 2407 4370 dicitur,
2441 4306 2790 4376 presbyteros
2829 4311 2883 4358 et
2911 4302 3173 4358 diaconos
3203 4299 3474 4372 parochias
3503 4315 3616 4353 suae

2025 4397 2234 4453 ordinet
2264 4396 2552 4466 cpiscopus
2577 4414 2590 4459 ;
2616 4393 2828 4449 ordinet
2853 4401 3054 4476 autem,
3089 4399 3141 4446 et
3170 4405 3279 4445 non
3311 4387 3614 4452 exordinet,

320 4498 602 4562 claudere,
636 4497 732 4551 sed
764 4503 886 4566 pete
920 4496 1093 4549 Deum
1143 4493 1590 4563 omnipotentem,
1621 4498 1675 4545 ut
1707 4499 1758 4545 et
1789 4490 1843 4544 in
1873 4498 1924 4544 te
1953 4480 2004 4540 D
2027 4502 2127 4542 nec
2157 4493 2346 4541 contra
2378 4483 2594 4556 regulas
2610 4483 2676 4537 ab
2698 4481 2874 4537 ofﬁcio
2898 4481 3236 4546 submoveat,
3269 4478 3355 4534 vel
3385 4491 3619 4547 suspen-

319 4587 545 4658 impleat
577 4585 722 4658 quod
752 4601 849 4656 per
893 4584 1208 4656 prophetam
1257 4581 1386 4636 olim
1424 4580 1696 4652 pollicitus
1726 4587 1808 4634 est
1837 4579 1924 4633 di-

321 4686 506 4733 cens':
539 4676 813 4745 Auferam
842 4690 877 4728 a
908 4672 1054 4728 vobis
1076 4687 1169 4727 cor
1202 4670 1506 4742 lapideum,
1542 4673 1596 4724 et
1626 4669 1762 4724 dabo
1783 4669 1926 4724 vobis

327 4783 426 4822 cor
455 4779 750 4829 car-neum,
772 4766 827 4817 ct
848 4763 1060 4832 faciam
1078 4764 1142 4814 ut
1173 4761 1233 4814 in
1258 4759 1554 4832 praeceptis
1574 4759 1714 4813 meis
1736 4757 1927 4812 ambu-

327 4855 482 4918 lctis,
518 4857 573 4908 et
603 4851 917 4924 operemini
948 4850 1170 4920 (Ezech.
1205 4847 1409 4919 xxxvu).

397 4943 666 4998 Caeterum
714 4939 909 4995 fratres
958 4937 1128 4993 nostri
1177 4953 1312 5009 quos
1342 4936 1412 4992 ad
1445 4943 1495 4991 te
1525 4935 1646 4990 misi
1676 4935 1806 4990 mihi
1837 4951 1926 4989 re-

324 5030 708 5086 nuntiaverunt
737 5037 789 5084 te
837 5028 942 5084 illis
971 5027 1319 5099 praecepisse,
1363 5034 1421 5080 ut
1466 5042 1552 5080 me
1579 5031 1930 5096 precarentur

322 5127 554 5193 propter
583 5117 682 5173 Dei
714 5116 1108 5182 reverentiam,
1145 5123 1195 5170 et
1222 5123 1538 5171 sanctorum
1571 5115 1686 5183 ejus
1711 5122 1763 5168 et
1784 5113 1930 5168 sedis

321 5207 640 5282 apostolicae
665 5205 1064 5263 auctoritatem
1110 5221 1178 5260 ne
1211 5220 1466 5276 cogerem
1514 5211 1566 5257 te
1597 5203 1929 5272 respondere

323 5297 570 5370 quandiu
599 5295 656 5350 in
687 5295 779 5350 tali
809 5294 1071 5350 detineris
1099 5292 1344 5348 custodia
1393 5299 1445 5346 et
1483 5290 1727 5346 absentia
1766 5289 1930 5345 cleri-

323 5401 516 5444 corum
547 5393 779 5452 tuorum,
829 5399 933 5439 nec
972 5382 1255 5452 judicium,
1303 5395 1404 5434 nec
1434 5378 1803 5449 praejudicium
1841 5378 1930 5431 in-

322 5475 526 5531 ferrem
556 5473 674 5542 tibi,
708 5473 796 5528 vel
845 5481 951 5528 tuae
998 5470 1286 5543 parochias.
1339 5467 1473 5537 Quae
1502 5467 1689 5538 petitio
1737 5467 1932 5538 partim

322 5581 433 5626 non
467 5571 551 5619 est
573 5561 740 5634 justa,
774 5577 952 5636 neque
983 5558 1356 5618 rationabilis:
1391 5557 1537 5632 quod
1566 5557 1710 5612 enim
1750 5556 1935 5629 petisti

2027 4575 2138 4642 dat,
2172 4583 2224 4629 et
2253 4574 2453 4628 ibidem
2484 4571 2862 4644 subsequitur;
2893 4571 3105 4642 singula
3126 4584 3224 4623 suo
3249 4566 3450 4636 judicio
3471 4579 3620 4620 com-

2027 4664 2328 4736 prehendat
2361 4683 2377 4718 :
2409 4663 2620 4732 singula
2649 4669 2827 4716 autem
2855 4660 2984 4714 dicit
3015 4666 3072 4713 ut
3100 4673 3198 4711 suo
3229 4653 3433 4724 judicio
3463 4669 3618 4708 com-

2026 4753 2346 4824 prehendat,
2381 4760 2431 4806 et
2467 4767 2575 4806 non
2608 4768 2728 4822 qua:
2775 4749 2844 4804 ad
2873 4745 3187 4818 generalem
3217 4741 3623 4798 observantiam

2029 4843 2271 4898 omnium
2299 4841 2515 4896 Domini
2553 4839 2822 4911 pertinent
2859 4835 3220 4898 sacerdotum,
3256 4848 3396 4903 quae,
3429 4840 3484 4887 ut
3515 4832 3622 4888 Leo

2031 4931 2176 4996 dicit,
2211 4931 2326 4984 sine
2373 4928 2690 5000 primatibus
2734 4940 2842 4979 non
2890 4930 3100 4993 Oportet
3144 4919 3374 4991 impleri.
3416 4921 3483 4975 Et
3512 4920 3624 4976 noli

2031 5020 2281 5075 claudere
2312 5035 2474 5073 aures
2508 5016 2685 5072 cordis
2715 5014 2781 5067 ad
2812 5012 2865 5066 id
2895 5010 3041 5083 quod
3088 5009 3292 5064 ibidem
3321 5009 3625 5081 diligentis-

2031 5108 2165 5164 sime
2213 5108 2408 5163 dicitur
2442 5125 2453 5160 :
2488 5102 2882 5174 Unusquisque,
2938 5099 3126 5172 inquit,
3190 5099 3476 5170 episcopus
3523 5100 3624 5152 ha-

2031 5198 2157 5252 beat
2182 5213 2294 5252 suae
2323 5194 2591 5266 parochim
2621 5197 2959 5263 potestatem,
3008 5197 3065 5244 ut
3095 5196 3252 5262 regat
3276 5188 3425 5257 juxta
3457 5203 3618 5242 reve-

2032 5287 2261 5342 rentiam
2293 5283 2521 5355 singulis
2551 5287 2969 5352 competentem.

2104 5374 2335 5430 Proinde
2363 5386 2556 5426 cavere
2586 5370 2858 5424 debueras
2887 5385 2957 5424 ne
2986 5381 3250 5425 concessa
3278 5365 3376 5420 tibi
3397 5373 3498 5419 tua:
3529 5377 3626 5434 pa-

2033 5463 2232 5519 rochia:
2261 5467 2526 5533 potestate
2555 5467 2738 5514 contra
2760 5460 2860 5514 hos
2891 5474 3079 5514 sacros
3110 5470 3349 5513 canones
3380 5455 3627 5510 abutere-

2034 5552 2126 5620 ris,
2163 5550 2254 5624 qui
2284 5550 2468 5605 dicunt
2496 5556 2551 5603 ut
2580 5556 2737 5621 regat
2785 5548 2907 5622 quis
2941 5547 3228 5619 episcopus
3277 5558 3431 5598 suam
3461 5555 3628 5612 paro—
