4174 6310
557 297 656 352 531

1439 281 1786 342 HINCMARI
1842 277 2244 340 RHEMENSIS
2300 272 2854 334 ARCHIEPISCOPI.

3739 277 3851 334 532

557 415 738 481 chiam
759 415 910 486 juxta
952 409 1318 469 reverentiam
1367 407 1598 482 singulis
1643 412 2070 479 competentem,
2103 410 2157 459 et
2175 402 2230 464 A
2259 407 2316 460 et
2334 406 2563 475 justum
2581 417 2697 458 non
2712 399 3022 470 interﬁcies
3038 398 3284 470 (Daniel.
3299 397 3443 471 vni),
3468 398 3526 456 id
3545 405 3628 455 est
3656 399 3860 472 quibus

551 521 663 562 non
709 503 956 576 subrigat
978 542 993 569 ,
1034 499 1174 556 sicut
1227 506 1284 554 tu
1321 497 1498 555 fecisti
1545 503 1802 570 quantum
1858 512 1925 552 ex
1960 501 2014 550 te
2052 492 2152 548 fuit

552 593 717 650 exitio
741 593 897 663 juxta
947 588 1362 647 irreverentiam
1389 587 1599 644 cunctis
1643 586 2100 656 incompetentem
2135 599 2149 636 :

552 681 808 738 omnibus
853 679 998 736 enim
1041 677 1392 734 irreverentia
1437 691 1598 748 quam
1645 673 1938 731 exhibuisti
1976 672 2033 726 in
2063 679 2153 727 tua

549 769 810 844 parochia
835 769 1079 826 noscitur
1099 783 1223 823 esse
1241 767 1632 836 incompetens,
1659 779 1781 834 quae
1807 763 1878 818 ad
1909 760 2152 817 omnium

547 860 809 932 probatur
835 856 1111 930 pertinere
1141 854 1380 920 exitium,
1412 869 1535 909 cum
1565 853 1635 907 de
1673 851 1922 925 singulis,
1949 855 2153 922 quanto

548 947 728 1020 magis
773 947 843 1002 de
884 945 1128 1018 pluribus
1163 941 1463 999 timendum
1509 939 1772 995 Dominus
1819 939 1966 994 dicat
2000 956 2014 992 :
2049 938 2156 1005 Qui

551 1035 1030 1094 scandalizaverit
1057 1049 1240 1090 unum
1279 1031 1347 1087 de
1387 1031 1618 1102 pusillis
1665 1029 1795 1084 istis
1845 1027 1942 1100 qui
1970 1027 2034 1082 in
2061 1042 2154 1082 me

551 1125 812 1191 credunt,
837 1122 1070 1196 expedit
1106 1123 1159 1177 ei
1201 1124 1269 1176 ut
1299 1119 1684 1192 suspendatur
1703 1117 1857 1172 mola
1894 1117 2155 1171 asinaria

552 1215 695 1272 collo
707 1215 924 1286 ejus,ut
937 1212 1296 1282 demergatur
1304 1209 1367 1264 in
1379 1207 1727 1282 profundum
1737 1207 1916 1262 maris
1930 1205 2152 1274 (Matth.

550 1316 704 1369 xvn;
740 1302 905 1357 Marc.
941 1298 1045 1371 Ix);
1071 1297 1216 1370 quia,
1240 1304 1300 1352 ut
1329 1297 1518 1352 beatus
1538 1302 1809 1351 monstrat
1827 1293 2151 1365 Gregorius,

552 1391 626 1446 ad
655 1387 952 1446 sanctitatis
981 1385 1220 1459 speciem
1249 1385 1484 1442 deducto
1505 1428 1518 1452 ,
1552 1392 1606 1440 et
1633 1383 1823 1451 verbo,
1848 1383 1936 1438 vel
1967 1397 2156 1438 exem-

549 1479 644 1552 plo
674 1487 903 1534 ceteros
947 1475 1264 1532 destruendi
1316 1474 1510 1530 melius
1566 1472 1814 1545 profecto
1859 1471 2055 1538 fuerat,
2102 1481 2160 1530 ut

549 1563 696 1618 hunc
725 1561 798 1616 ad
839 1567 1073 1616 mortem
1121 1559 1224 1614 sub
1254 1557 1509 1614 exteriori
1553 1555 1740 1611 habitu
1790 1563 2008 1610 terrena
2035 1561 2161 1610 acta

551 1649 1012 1722 constringerent,
1047 1663 1210 1720 quam
1236 1647 1291 1702 in
1322 1661 1478 1702 sacro
1507 1644 1683 1701 ofﬁcio
1709 1643 1919 1716 positus
1945 1641 2160 1699 caateris

2251 491 2458 564 ligandi
2491 497 2653 563 atque
2684 489 2933 546 solvendi
2961 496 3043 544 est
3064 503 3097 544 a
3121 489 3238 544 Deo
3255 487 3450 545 collata
3477 495 3859 560 potestas,non

2251 580 2321 636 de
2341 579 2633 652 supercilio
2658 578 3058 635 Pharisaeorum
3097 584 3376 632 assumant
3401 584 3461 632 ut
3480 577 3570 634 vel
3593 578 3860 634 damnent

2251 668 2587 735 innocentes,
2619 666 2707 725 vel
2737 667 2949 724 solvere
2993 683 3053 722 se
3089 665 3283 722 noxios
3313 666 3666 734 arbitrentur,
3722 668 3860 723 dum

2253 757 2396 829 apud
2434 758 2612 812 Deum
2647 771 2758 812 non
2797 756 3063 812 sententia
3101 755 3469 821 sacerdotum,
3509 755 3608 811 sed
3659 771 3859 811 eorum

2251 847 2363 902 vita
2393 853 2685 918 quaeratur.
2735 844 2991 918 Legimus
3037 845 3095 899 in
3148 843 3386 900 Levitico
3440 844 3588 918 (cap.
3617 845 3743 916 χεν)
3784 845 3857 900 de

2253 935 2488 1006 leprosis
2518 933 2610 990 ubi
2650 934 2907 1004 jubentur
2943 941 3002 989 ut
3027 932 3320 989 ostendant
3357 949 3418 988 se
3446 933 3853 1000 sacerdotibus,

2255 1031 2310 1079 et
2364 1023 2412 1079 si
2437 1024 2650 1094 lepram
2704 1022 2992 1078 habuerint
3027 1029 3154 1078 tunc
3199 1037 3233 1076 a
3268 1021 3550 1078 sacerdote
3587 1022 3862 1078 immundi

2254 1110 2406 1180 ﬁant,
2447 1127 2556 1167 non
2596 1111 2744 1184 quod
2772 1111 3088 1168 sacerdotes
3115 1111 3367 1182 leprosos
3403 1110 3607 1168 faciant
3641 1119 3697 1166 et
3742 1110 3856 1166 im-

2253 1201 2507 1267 mundos,
2541 1202 2640 1257 sed
2668 1201 2814 1274 quod
2849 1201 3087 1257 habeant
3123 1201 3370 1259 notitiam
3411 1199 3615 1272 leprosi
3651 1207 3707 1257 et
3741 1215 3858 1257 non

2255 1290 2461 1362 leprosi
2492 1334 2504 1356 ,
2548 1297 2601 1346 et
2636 1296 2864 1362 possunt
2911 1290 3226 1346 discernere
3278 1288 3372 1362 qui
3415 1290 3652 1346 mundus
3690 1289 3859 1362 quive

2255 1378 2565 1435 immundus
2594 1379 2679 1436 sit.
2711 1379 2997 1450 Quomodo
3027 1394 3163 1452 ergo
3182 1377 3258 1434 ibi
3287 1377 3561 1451 leprosum
3590 1378 3858 1436 sacerdos

2256 1468 2594 1525 immundum
2642 1468 2788 1538 facit,
2847 1468 2928 1526 sic
2955 1475 3009 1525 et
3035 1468 3124 1524 hic
3151 1468 3240 1525 cui
3267 1467 3533 1524 Dominus
3562 1467 3774 1542 ligandi
3805 1477 3863 1524 et

2259 1557 2506 1614 solvendi
2533 1565 2854 1629 potestatem
2885 1556 3052 1628 dedit,
3085 1556 3274 1631 alligat
3301 1565 3356 1613 et
3391 1557 3568 1628 solvit,
3601 1557 3862 1614 videlicet

2259 1647 2548 1719 episcopus
2579 1653 2630 1702 et
2658 1646 2968 1719 presbyter,
3001 1646 3057 1702 id
3086 1654 3187 1714 est,
3226 1661 3336 1702 non
3364 1645 3460 1703 eas
3488 1647 3582 1720 qui
3607 1647 3858 1702 insontes

551 1745 788 1794 mortem
816 1737 987 1795 verbo
1015 1736 1104 1792 vel
1133 1751 1301 1808 opere
1344 1734 1661 1823 propinaret
1693 1751 1707 1788 :
1741 1732 1868 1823 quia
1895 1731 2152 1823 nimirum
2181 1761 2235 1823 B
2259 1743 2384 1791 sunt
2414 1735 2620 1809 alliget,
2653 1736 2742 1792 vel
2771 1735 2864 1808 qui
2885 1735 3032 1791 noxii
3063 1735 3255 1803 solvat,
3287 1735 3384 1792 sed
3411 1751 3512 1807 pro
3541 1733 3722 1792 ofﬁcio
3750 1750 3857 1792 suo

551 1828 599 1884 si
631 1827 782 1883 solus
813 1827 1056 1894 caderet,
1087 1832 1361 1897 utcunque
1408 1825 1552 1878 hunc
1581 1821 1919 1878 tolerabilior
1955 1819 2154 1876 inferni

553 1932 721 1989 poena
749 1915 1042 1972 cruciaret.
1075 1913 1238 1982 Quod
1277 1911 1550 1968 mandasti
1577 1918 1636 1966 ut
1673 1926 1782 1968 non
1811 1917 1866 1966 te
1895 1925 2152 1982 cogerem

556 2003 892 2077 respondere
922 2003 978 2058 in
1005 2003 1253 2059 absentia
1279 2001 1605 2058 clericorum
1633 2007 1847 2056 tuorum
1871 2041 1884 2067 ,
1919 1999 2151 2054 demon-

559 2093 742 2150 strasti
770 2100 823 2150 te
852 2107 964 2148 non
1005 2099 1153 2150 recte
1199 2090 1505 2162 intelligere
1535 2089 1854 2146 sententiam
1884 2103 2153 2145 canonum

559 2181 1008 2256 Carthaginensis
1037 2179 1254 2238 concilii
1281 2194 1392 2252 qua
1413 2179 1608 2236 dicitur
1636 2179 1924 2250 episcopus
1952 2177 2153 2232 nullius

557 2286 782 2328 causam
809 2269 994 2326 audiat
1019 2270 1228 2342 absque
1242 2269 1534 2341 praesentia
1555 2268 1880 2324 clericorum
1901 2282 2151 2333 suorum,

554 2358 683 2416 licet
722 2359 834 2428 jam
861 2357 961 2414 tibi
999 2357 1232 2414 dixerim
1274 2356 1508 2430 qualiter
1555 2357 1623 2412 sit
1666 2355 2018 2427 intelligenda
2043 2397 2056 2422 ,
2101 2362 2154 2411 et

557 2464 664 2520 qua
693 2447 762 2504 de
789 2463 852 2504 re
878 2447 1037 2504 fuerit
1055 2447 1364 2504 constituta.
1391 2445 1550 2516 Quod
1570 2453 1752 2502 autem
1778 2445 2052 2501 mandasti
2071 2451 2148 2512 ut,

553 2537 696 2594 sicut
722 2535 854 2592 mihi
882 2535 1132 2594 dominus
1173 2535 1502 2608 apostolicus
1532 2535 1750 2607 scriptis
1777 2535 2148 2601 mandaverat,

547 2625 649 2681 tibi
674 2625 952 2682 licentiam
979 2625 1207 2682 Romam
1234 2624 1394 2680 eundi
1415 2625 1719 2696 impetrem,
1750 2639 1861 2679 non
1888 2623 2021 2678 mihi
2049 2623 2154 2678 hoc

553 2713 805 2770 dominus
849 2713 1183 2786 apostolicus
1226 2713 1506 2769 mandavit
1538 2729 1551 2768 :
1584 2713 1762 2768 habeo
1810 2711 1956 2768 enim
2008 2711 2153 2767 illius

555 2801 843 2874 epistolam
873 2803 1082 2858 salvam
1142 2810 1198 2857 et
1223 2801 1610 2873 incorruptam,
1641 2801 1699 2856 in
1729 2816 1836 2874 qua
1865 2802 1968 2856 hoc
2005 2799 2154 2872 quod

553 2890 823 2947 mandasti
864 2905 976 2947 non
1016 2890 1338 2948 continetur.
1381 2889 1540 2960 Quod
1589 2889 1863 2946 mandasti
1893 2889 2151 2962 quoniam

559 2980 618 3036 in
642 2979 852 3052 synodo
877 2995 1052 3052 nuper
1077 2979 1134 3034 in
1163 2979 1444 3035 Vermeria
1463 2979 1649 3035 habita
1678 2979 1866 3034 sedem
1896 2977 2154 3050 apostoli-

555 3085 680 3128 cam
714 3068 1022 3143 appellasti,
1070 3067 1510 3125 manifestissime
1557 3083 1748 3125 omnes
1793 3067 1870 3122 illi
1908 3067 2151 3140 episcopi

555 3159 792 3234 amplius
821 3173 987 3232 quam
1011 3157 1204 3232 viginti
1235 3157 1329 3231 qui
1355 3157 1577 3214 adfuere
1607 3157 1662 3214 in
1683 3158 1893 3230 synodo
1921 3157 2150 3230 regula-

546 3249 682 3309 riter
709 3257 763 3306 te
794 3247 985 3304 sedem
1033 3246 1390 3319 apostolicam
1432 3262 1544 3302 non
1586 3247 1896 3318 appellasse
1935 3261 2150 3320 cogno-

552 3344 730 3394 acunt.
761 3336 922 3406 Quod
948 3335 1216 3392 mandasti
1247 3335 1372 3408 quia
1395 3336 1584 3392 sedem
1614 3335 1861 3407 appellas
1889 3335 2152 3408 apostoli-

553 3441 678 3484 cam
705 3441 831 3484 cum
857 3425 913 3480 in
937 3425 1140 3495 judicio
1159 3431 1346 3480 nostro
1373 3424 1519 3480 idem
1549 3425 1606 3480 in
1635 3425 1928 3496 episcopali
1943 3425 2151 3495 judicio

554 3515 857 3572 secundum
886 3529 1077 3570 sacros
1097 3528 1335 3570 canones
1356 3513 1544 3569 sedem
1575 3513 1934 3584 apostolicam
1962 3513 2152 3584 appel-

550 3599 768 3668 laveris,
829 3599 1096 3655 habemus
1138 3597 1388 3654 ordinem
1426 3597 1506 3654 rei
1549 3597 1783 3670 qualiter
1824 3597 1952 3653 inde
1982 3613 2150 3669 agere

557 3687 874 3745 debeamus.
905 3688 1172 3742 Caeterum
1199 3701 1304 3743 nec
1333 3687 1429 3741 tibi
1451 3728 1465 3756 ,
1497 3702 1602 3743 nec
1631 3687 1886 3758 cuiquam
1913 3686 2004 3742 alii
2035 3687 2150 3744 Ro-

548 3790 697 3830 mam
733 3775 815 3831 ire
857 3781 1120 3847 quantum
1157 3791 1225 3830 ex
1266 3791 1354 3830 me
1383 3783 1466 3831 est
1506 3775 1840 3832 eontradico.
1883 3777 2023 3832 Data
2051 3787 2152 3832 vui

549 3863 674 3922 Kal.
705 3864 829 3920 Jun.
862 3863 1144 3936 praesentis
1172 3863 1429 3920 secundae
1464 3863 1792 3920 indictionis.

957 4005 1300 4063 HINCMABI
1335 4004 1737 4066 RHEMENSIS

552 4119 626 4164 ΑΒ
654 4119 1044 4163 Ριιεεηγτειιοε
1063 4120 1134 4160 ET
1155 4119 1431 4162 DIACONOS
1449 4121 1727 4163 ECCLESIE
1742 4121 2144 4164 LAUDUNENSIS.

617 4233 946 4289 HiNcuanus
990 4231 1323 4288 Rhemorum
1371 4232 1657 4305 episcopus
1705 4248 1770 4288 ac
1823 4233 2000 4304 plebis
2048 4233 2148 4288 Dei

545 4321 803 4392 famulus,
836 4319 1186 4393 presbyteris,
1237 4320 1553 4377 diaconibus
1597 4338 1662 4379 ac
1705 4321 1932 4395 reliquis
1961 4321 2145 4380 eccle-

2257 1840 2382 1882 cum
2409 1833 2756 1896 peccatorum
2796 1839 2868 1880 ex
2896 1824 3120 1880 veritate
3158 1823 3475 1896 cognoverit
3536 1823 3852 1891 varietates,

2252 1914 2388 1970 sciat
2417 1913 2510 1986 qui
2538 1913 2839 1970 secundum
2865 1913 3242 1970 auctoritatem
3284 1912 3541 1984 ligandus
3571 1913 3656 1982 sit,
3690 1912 3857 1985 quive

2255 2001 2566 2058 solvendus.
2605 2003 2676 2057 Et
2715 2009 2931 2058 sanctus
2971 2001 3270 2075 Gregorius
3307 2001 3567 2074 episcopo
3599 2001 3856 2058 Nichote-

2251 2105 2397 2148 ranae
2432 2091 2662 2149 civitatis
2689 2108 2791 2164 pro
2822 2091 3144 2164 quibusdam
3183 2091 3356 2162 culpis
3392 2091 3449 2146 in
3478 2089 3855 2162 paenitentiam

2252 2181 2512 2253 deputata
2540 2181 2608 2236 de
2637 2181 2756 2250 ejus
2787 2179 3020 2237 ecclesia
3047 2179 3189 2237 dicat
3216 2179 3377 2236 valde
3406 2195 3528 2236 esse
3555 2179 3772 2246 durum,
3795 2187 3857 2234 ut

2253 2285 2536 2343 quousque
2565 2286 2728 2326 causa
2756 2269 2926 2342 ipsius
2950 2269 3197 2344 episcopi
3227 2267 3491 2324 subtiliter
3517 2267 3850 2341 requiratur,

2251 2373 2362 2414 non
2387 2359 2586 2415 habeat
2614 2359 2865 2415 Ecclesia
2887 2359 2981 2414 illa
2999 2359 3376 2432 presbyterum
3397 2357 3490 2430 qui
3509 2373 3725 2414 sacrum
3740 2356 3854 2414 illic

2251 2464 2391 2520 opus
2419 2447 2601 2504 valeat
2628 2448 2930 2504 celebrare.

2321 2538 2390 2593 Et
2425 2538 2495 2592 ad
2545 2536 2991 2594 Maximinianum
3039 2536 3503 2608 archiepiscopum
3543 2537 3851 2608 Syracusa-

2251 2642 2382 2682 num
2411 2625 2635 2696 scribit,
2669 2633 2728 2681 ut
2773 2625 3020 2682 Venantii
3061 2625 3284 2698 patritii,
3333 2626 3488 2695 cujus
3516 2624 3766 2681 homines
3794 2625 3852 2680 in

2252 2715 2589 2786 episcopium
2642 2715 2760 2784 ejus
2805 2713 3091 2782 irruerent,
3134 2722 3187 2770 et
3225 2714 3442 2771 diversa
3477 2713 3662 2770 hostili
3697 2729 3853 2770 more

2250 2805 2394 2860 mala
2424 2803 2824 2871 commiserant,
2859 2811 2910 2859 et
2939 2803 3010 2860 ob
3038 2803 3094 2858 id
3121 2803 3241 2875 ipse
3264 2811 3318 2860 et
3345 2819 3445 2859 sua
3475 2803 3667 2860 domus
3695 2803 3764 2858 ab
3784 2818 3852 2858 eo

2253 2893 2706 2949 excommunicati
2747 2900 2916 2962 erant,
2969 2892 3213 2961 ejusdem
3250 2891 3501 2949 Venantii
3548 2891 3850 2948 oblationes

2250 2981 2531 3054 reciperet,
2565 2989 2620 3038 et
2673 2981 2779 3053 ipsi
2807 2997 2871 3038 ac
2929 2981 3114 3036 domui
3159 2982 3278 3051 ejus
3333 2981 3630 3037 missarum
3656 2981 3850 3054 peragi

2249 3071 2504 3143 mysteria
2559 3071 2909 3142 permitteret,
2978 3070 3166 3125 dicens
3236 3084 3249 3125 :
3319 3069 3458 3138 Quia
3519 3069 3595 3124 ita
3633 3077 3850 3125 terrena

2255 3159 2346 3234 agi
2382 3159 2545 3216 debet
2581 3160 2804 3230 utilitas,
2863 3167 2920 3214 ut
2973 3158 3184 3215 nullum
3229 3173 3332 3214 nos
3364 3158 3609 3232 jurgium
3646 3175 3678 3213 a
3716 3159 3848 3214 cha-

2253 3249 2428 3305 ritatis
2464 3249 2644 3306 valeat
2707 3248 3044 3306 connexione
3105 3248 3466 3321 disjungere;
3534 3255 3589 3304 et
3649 3247 3726 3304 ita
3777 3245 3849 3300 ﬁ-

2252 3339 2340 3394 liis
2376 3354 2478 3394 nos
2517 3339 2832 3395 sacerdotes
2869 3345 3088 3410 Oportet
3143 3337 3537 3394 sacerdotalem
3595 3335 3848 3394 affectum

2251 3427 2590 3499 impendere,
2621 3435 2676 3483 ut
2705 3427 2760 3483 in
2789 3427 2990 3498 causis,
3022 3434 3184 3499 prout
3211 3427 3350 3482 ratio
3382 3425 3728 3500 suffragatur,
3751 3427 3848 3495 ju-

2251 3516 2617 3573 risdictionem
2682 3517 2946 3574 Ecclesiae
3007 3523 3210 3572 nostra:
3265 3515 3562 3572 debeamus
3625 3515 3850 3570 minime

2250 3606 2550 3677 praeterire.
2586 3606 2694 3662 Sed
2735 3614 2790 3661 et
2817 3605 3280 3662 communicantes
3319 3604 3552 3660 Maximo
3591 3604 3848 3676 episcopo

2251 3709 2281 3748 a
2311 3711 2368 3750 se
2399 3695 2862 3752 excommunicato
2918 3694 3094 3750 isdem
3122 3694 3314 3750 beatus
3358 3693 3659 3766 Gregorius
3687 3693 3850 3748 etiam

2251 3807 2360 3848 non
2377 3799 2624 3864 petentes
2653 3792 2885 3848 absolvit
2910 3793 3014 3849 hoc
3033 3792 3216 3848 modo.
3243 3791 3540 3861 Quosdam,
3571 3789 3846 3862 inquiens,

2251 3881 2322 3937 ad
2379 3880 2886 3938 communicandum
2926 3881 3102 3937 eidem
3146 3879 3551 3953 pravaricatori
3585 3879 3850 3936 violenter

2250 3986 2374 4026 esse
2411 3985 2757 4042 compressos
2791 3989 2804 4026 :
2839 3971 3100 4043 quosdam
3157 3976 3336 4026 autem
3377 3977 3622 4026 vestrum
3668 3968 3848 4025 audivi

2247 4060 2552 4134 ignorantia
2578 4059 2783 4132 lapsos.
2845 4060 3285 4132 Omnipotentem
3325 4059 3617 4116 Dominum
3645 4059 3846 4131 depre-

2249 4164 2361 4219 cor,
2394 4157 2452 4205 ut
2481 4166 2576 4206 eos
2619 4149 2710 4222 qui
2738 4149 2864 4206 huic
2899 4149 3152 4222 pravitati
3180 4148 3402 4204 minime
3451 4155 3847 4204 consenserunt

2245 4247 2506 4311 perpetua
2533 4238 2724 4313 gratiae
2754 4255 2867 4295 suae
2895 4237 3233 4311 protectione
3263 4237 3548 4308 custodiat,
3583 4245 3636 4294 et
3667 4245 3846 4309 optata

2248 4327 2328 4383 eis
2357 4328 2612 4402 largitate
2655 4327 2982 4400 respondeat
3013 4345 3027 4382 :
3063 4335 3115 4382 et
3143 4327 3266 4383 illos
3301 4341 3440 4398 quos
3465 4333 3553 4382 aut
3586 4325 3840 4392 studium,

546 4411 782 4468 siasticis
810 4409 1094 4465 ordinibus
1115 4409 1169 4464 in
1189 4409 1536 4467 Laudunensi
1561 4411 1806 4467 Ecclesia
1835 4411 2201 4490 consisten-_
2247 4425 2339 4472 aut
2369 4417 2701 4490 ignorantia,
2733 4425 2823 4474 aut
2845 4417 3096 4488 quaelibet
3125 4415 3234 4472 alia
3261 4431 3428 4472 causa
3455 4416 3624 4471 traxit
3653 4415 3708 4470 in
3740 4414 3846 4472 cu1~

540 4500 705 4572 tibus,
740 4499 986 4556 salutem.

612 4590 761 4648 Sicut
789 4589 979 4661 petitio
1007 4589 1138 4644 mihi
1168 4603 1203 4645 a
1237 4587 1394 4646 vobis
1424 4603 1525 4660 per
1555 4589 1823 4661 quosdam
1853 4589 2144 4646 commini-

541 4687 686 4736 stros
714 4685 928 4736 vestros
976 4678 1095 4736 vice
1147 4677 1393 4734 omnium
1421 4684 1665 4734 vestrum
1711 4677 1839 4733 data
1881 4678 2140 4746 continet,

538 4767 707 4824 frater
737 4777 790 4825 et
817 4769 1176 4841 coepiscopus
1213 4775 1403 4824 noster
1446 4767 1769 4823 Hincmarus
1805 4783 1968 4823 causa
1996 4767 2142 4838 inju-

538 4856 744 4912 riarum
772 4874 989 4914 suarum
1007 4874 1107 4916 vos
1127 4859 1198 4914 ab
1225 4855 1406 4914 ofﬁcio
1426 4856 1816 4923 ecclesiastico,
1852 4864 1904 4912 et
1923 4873 2140 4914 omnem

533 4945 848 5018 parochiam
893 4947 997 5002 sibi
1043 4947 1391 5004 commissam
1437 4961 1471 5001 a
1524 4946 1871 5016 perceptione
1901 4953 1954 5002 et
1983 4961 2138 5002 com-

537 5035 798 5091 munione
854 5034 1192 5092 vivificorum
1237 5035 1619 5108 mysteriorum
1676 5042 1878 5091 nostrae
1921 5037 2139 5092 redem-

495 5163 502 5168 .
537 5123 741 5196 ptionis
771 5125 1277 5182 excommunicavit.
1311 5125 1428 5194 Qua
1462 5123 1532 5180 de
1561 5140 1638 5188 re,
1671 5123 1809 5180 sicut
1847 5139 1879 5180 a
1910 5125 2136 5197 quibus-

535 5212 661 5269 dam
689 5211 900 5279 dicitur,
935 5213 1154 5284 plurimi
1197 5214 1316 5268 sine
1346 5213 1486 5268 sacri
1517 5212 1854 5284 baptismatis
1896 5230 2134 5287 regene-

532 5300 762 5369 ratione,
794 5309 847 5357 et
875 5301 992 5356 sine
1019 5301 1208 5357 ultima
1237 5301 1552 5373 pcnnitentia
1596 5302 1761 5373 petita
1791 5309 1846 5358 et
1888 5319 1995 5358 non
2025 5303 2132 5357 im-

530 5397 759 5462 petrata,
808 5398 967 5462 atque
1008 5390 1125 5446 sine
1167 5391 1362 5446 viatico
1408 5407 1632 5447 munere
1679 5391 1950 5448 obierunt.
1997 5392 2132 5447 Cum

530 5479 720 5536 Daniel
751 5480 1012 5552 propheta
1041 5480 1109 5536 de
1152 5479 1309 5536 dictis
1354 5479 1572 5536 Domini
1602 5480 1970 5536 testimonium
2000 5495 2130 5536 con-

2161 4485 2215 4546 D
2244 4485 2492 4578 pamiab
2525 4485 3234 4577 omni'reatupeccatorum
3257 4548 3272 4573 ,
3307 4513 3468 4578 atque
3495 4505 3562 4560 ab
3593 4504 3841 4561 omnibus

2245 4595 2480 4652 vinculis
2509 4596 2702 4652 alienae
2730 4595 3078 4668 obligationis
3100 4595 3364 4663 absolvat,
3399 4593 3762 4666 omnibusque
3793 4601 3846 4649 et

2241 4684 2298 4739 in
2326 4685 2584 4756 praesenti
2611 4685 2722 4740 vita
2750 4684 3102 4757 protectionis
3147 4701 3260 4741 suae
3303 4683 3537 4756 gratiam
3566 4685 3761 4739 tribuat
3790 4691 3842 4740 et

2242 4789 2342 4829 nos
2372 4773 2440 4828 de
2489 4773 2645 4830 vobis
2699 4773 2757 4828 in
2798 4782 3004 4830 aeterna
3051 4773 3221 4846 patria
3265 4773 3510 4846 gaudere
3555 4772 3836 4829 concedat.

2243 4861 2380 4931 Quia
2411 4877 2543 4918 vero
2576 4862 2748 4918 isdem
2796 4862 2970 4919 frater
3013 4878 3078 4919 ac
3127 4863 3484 4934 coepiscopus
3543 4869 3732 4918 noster
3755 4861 3838 4916 his

2239 4968 2362 5024 quae
2391 4951 2509 5022 ipse
2537 4959 2903 5008 commoverat
2932 4951 3268 5024 benignitate
3295 4950 3604 5024 principali,
3639 4959 3690 5006 et
3719 4965 3840 5006 meo

2239 5055 2304 5097 ac
2328 5039 2556 5096 fratrum
2577 5049 2629 5096 et
2649 5041 3100 5113 coepiscOporum
3121 5048 3454 5108 nostrorum,
3481 5039 3838 5113 quorumdam

2238 5129 2400 5184 etiam
2431 5130 2664 5186 aliorum
2694 5130 2796 5187 Dei
2825 5129 3065 5186 fidelium
3086 5130 3392 5187 interventu
3412 5138 3572 5202 prout
3593 5129 3839 5184 rationa-

2236 5217 2398 5274 bilius
2425 5219 2548 5290 paci
2579 5226 2742 5292 atque
2771 5219 3076 5276 concordiae
3107 5219 3403 5276 convenire
3431 5217 3836 5290 perspeximus,

2235 5323 2344 5362 non
2375 5307 2492 5363 sine
2522 5323 2727 5382 magno
2748 5309 2935 5365 labore
2963 5307 3154 5380 sopitis
3175 5325 3276 5381 pro
3296 5308 3625 5381 quibusdam
3655 5307 3835 5364 causis

2235 5404 2288 5452 et
2304 5395 2558 5453 redivivis
2579 5398 3018 5454 contentionibus
3035 5397 3330 5470 episc0pali
3345 5397 3626 5454 modestiae
3642 5397 3837 5452 incon-

2232 5485 2591 5555 venientibus,
2617 5504 2716 5542 sua
2737 5487 3079 5544 contumacia
3099 5488 3378 5560 exigente,
3401 5495 3459 5542 ut
3481 5486 3668 5544 auditu
3689 5501 3840 5542 eom-

526 5575 614 5626 tra
642 5568 826 5642 inique
849 5569 1154 5640 judicantes
1180 5568 1466 5642 perhibeat
1496 5569 1684 5627 dicens
1718 5585 1731 5626 :
1764 5571 2129 5626 Innocentem
2230 5578 2370 5647 peri,
2397 5575 2644 5646 jussione
2675 5577 2881 5633 domini
2917 5577 3090 5634 nostri
3131 5578 3282 5652 regis
3310 5576 3526 5635 interim
3565 5592 3599 5632 a
3627 5591 3724 5632 sua
3755 5583 3838 5632 est
