4174 6336
363 290 470 343 533

1075 285 1316 344 OPUSC.
1364 287 1456 342 ET
1509 287 1730 344 EPIST.
1787 287 1860 342 IN
1909 285 2136 343 CAUSA
2181 288 2524 346 HINCMARI
2579 291 2882 347 LAUDUN.

3567 293 3671 347 534

366 410 600 468 ecclesia
628 418 933 482 separatus,
967 427 1142 482 usque
1164 412 1292 467 dum
1324 412 1708 484 episcoporum
1739 412 1964 468 consilio
1987 411 2041 472 A
2071 427 2373 484 congruum
2415 429 2526 468 non
2573 415 2904 470 remandasti
2937 433 2951 470 :
2984 432 3175 471 verum
3216 431 3317 472 nec
3368 416 3585 487 quando
3616 423 3669 472 te

366 508 563 557 tractet
593 500 820 572 qualiter
849 501 964 569 ejus
995 501 1275 571 provincia
1305 502 1624 582 corrigatur,
1655 501 1970 572 metropoli-

363 597 494 644 tana
521 589 885 644 sollicitudine
916 597 1156 645 vestram
1177 605 1499 646 commoneo
1520 590 1886 655 dilectionem,
1912 598 1970 644 ut

365 678 628 750 quoniam
659 677 793 732 illud
833 678 1130 734 nefandum
1169 679 1444 735 vinculum
1483 679 1767 750 praeceptis
1799 695 1966 734 evan-

362 767 556 840 gelicis
587 775 748 838 atque
775 767 1088 838 apostolicis
1106 767 1511 833 contrarium,et
1559 767 1790 825 decretis
1849 783 1968 822 san-

369 864 581 911 ctorum
611 855 924 921 adversum,
958 856 1102 928 quod
1131 856 1280 911 visus
1311 855 1484 912 fuerat
1513 856 1792 927 alligasse,
1830 857 1966 912 sicut

353 945 476 1013 jam
503 943 660 998 vobis
681 943 801 998 aliis
831 944 1026 1000 litteris
1067 944 1330 1013 intimavi,
1363 947 1663 1001 secundum
1694 947 1965 1001 tramitem

362 1033 790 1104 Scripturarum,
839 1032 1291 1104 traditionemque
1333 1035 1604 1102 majorum
1640 1037 1963 1091 auctoritate

360 1121 510 1176 sedis
567 1121 1000 1191 metrOpolitanae
1065 1121 1308 1176 noscitur
1375 1123 1697 1178 dissolutum
1753 1123 1962 1180 devotis

359 1217 566 1266 sancta:
609 1209 894 1282 religionis
944 1210 1187 1266 excubiis
1232 1211 1526 1281 mancipati
1570 1213 1875 1267 orationum
1909 1222 1962 1269 et

358 1313 537 1354 sacrae
566 1299 855 1353 oblationis
874 1315 935 1354 ac
965 1299 1174 1354 cmteris
1197 1299 1394 1355 divinae
1422 1300 1738 1371 placationis
1769 1303 1960 1358 studiis

357 1387 648 1459 invigilare
678 1387 899 1443 curetis.

434 1476 763 1546 Praepositus
804 1490 1020 1548 quoque
1049 1489 1113 1530 ac
1142 1476 1381 1532 decanus
1425 1476 1648 1532 fratrum
1697 1477 1958 1533 custodiae

354 1572 468 1619 tam
496 1563 554 1618 in
580 1563 847 1634 spirituali
878 1564 1261 1631 sollicitudine,
1294 1580 1457 1636 quam
1486 1565 1541 1620 in
1566 1565 1848 1637 temporali
1869 1566 1960 1620 ad-

354 1652 750 1708 ministratione
788 1652 1021 1708 solerter
1058 1667 1242 1709 curam
1274 1653 1598 1719 adhibeant;
1641 1655 1955 1710 Thesaura-

2071 517 2256 555 coram
2284 502 2504 557 domino
2533 511 2722 558 nostro
2752 519 2902 576 rege,
2939 511 2992 558 et
3021 505 3344 576 quibusdam
3375 505 3669 560 confratri-

2071 590 2192 652 bus,
2245 598 2297 644 et
2344 591 2684 662 coepiscopis
2730 592 2931 646 nostris
2967 593 3146 647 verbis
3194 593 3439 664 Apostoli
3481 593 3668 650 monui

2071 679 2148 747 (II
2178 679 2314 733 Tim.
2348 680 2389 750 ι)
2420 687 2478 733 ut
2506 694 2614 733 non
2659 679 2969 751 negligeres
3008 680 3236 752 gratiam
3263 681 3363 736 Dei
3392 697 3512 752 quae
3541 681 3667 737 data

2069 773 2152 820 est
2181 767 2276 820 tibi
2306 783 2406 837 per
2436 783 2694 822 manuum
2715 785 2958 823 mearum
2990 768 3411 838 impositionem,
3439 769 3570 824 mihi
3597 769 3667 824 ad

2067 871 2181 909 rem
2223 856 2554 926 pertinentia
2598 857 2947 927 respondisti.
2983 857 3240 926 Cogitans
3279 865 3460 912 autem
3488 865 3668 912 matu-

2067 943 2200 997 riori
2231 945 2458 999 consilio
2490 945 2616 1000 inde
2654 945 2788 1000 mihi
2817 945 3152 1016 respondere
3184 953 3235 1000 te
3262 944 3405 1002 velle
3438 945 3671 1016 qualiter

2066 1048 2131 1086 ea
2172 1032 2239 1086 de
2277 1033 2472 1103 quibus
2519 1041 2570 1088 te
2617 1049 2938 1088 monueram
2986 1033 3291 1102 correxisti,
3343 1049 3468 1089 cum
3513 1049 3671 1088 secus

2067 1128 2210 1174 tuam
2247 1121 2584 1191 parochiam,
2619 1130 2671 1177 et
2701 1122 2756 1176 in
2785 1122 3062 1178 vicinitate
3099 1123 3196 1176 tibi
3235 1122 3542 1178 commissae
3570 1137 3666 1177 ec-

2063 1209 2244 1263 clesiae
2287 1209 2520 1280 amplius
2577 1227 2736 1282 quam
2785 1227 2885 1281 per
2925 1211 3116 1266 decem
3177 1211 3293 1265 dies
3347 1211 3668 1265 immoratus

2062 1296 2284 1365 fueram,
2347 1298 2552 1352 nullum
2601 1299 2732 1353 mihi
2779 1299 3063 1353 reddidisti
3119 1315 3462 1370 responsum.
3505 1299 3666 1355 Nunc

2061 1401 2193 1441 vero
2223 1386 2348 1457 quia
2369 1386 2508 1441 sicut
2537 1387 2668 1441 mihi
2699 1387 2931 1442 domnus
2951 1404 3048 1441 rex
3081 1386 3274 1442 litteris
3304 1387 3417 1441 suis
3446 1387 3668 1442 manda-

2059 1474 2154 1541 vit,
2189 1482 2240 1529 et
2273 1483 2324 1530 te
2353 1475 2571 1530 audisse
2597 1476 2710 1544 jam
2739 1476 2902 1531 credo
2930 1492 3029 1546 pro
3061 1476 3292 1532 utilitate
3322 1483 3522 1532 sanctae
3548 1477 3662 1531 Ec-

2060 1562 2260 1632 clesiae,
2292 1571 2344 1618 et
2372 1579 2509 1634 pace
2539 1563 2725 1635 p0puli
2757 1564 3042 1619 Christiani
3071 1580 3178 1619 una
3207 1580 3329 1619 cum
3358 1579 3422 1619 eo
3451 1563 3508 1618 in
3533 1564 3659 1619 lon-
3698 1631 3705 1640 _

2058 1652 2238 1724 giores
2268 1659 2450 1722 partes
2479 1668 2511 1706 a
2540 1652 2807 1723 parochiis
2847 1653 3049 1707 nostris
3079 1667 3389 1724 pergemus,
3423 1668 3522 1724 pro
3552 1652 3665 1708 loci

351 1741 470 1795 rius
497 1741 567 1795 de
597 1741 950 1796 luminaribus
975 1749 1028 1796 et
1057 1741 1126 1796 de
1167 1741 1287 1796 aliis
1317 1743 1589 1808 omnibus,
1621 1759 1741 1814 quae
1767 1743 1836 1798 ad
1867 1759 1955 1799 ec-
1985 1766 2037 1825 B
2057 1740 2165 1794 mei
2196 1740 2555 1796 sollicitudine
2584 1757 2932 1796 commonere
2949 1749 3001 1796 te
3017 1741 3243 1814 dignum
3265 1740 3412 1807 duxi,
3443 1748 3502 1796 ut
3523 1748 3576 1796 et
3591 1757 3656 1796 ea

352 1828 538 1884 clesiae
566 1830 922 1895 honestatem,
957 1829 1262 1897 utilitatem,
1295 1838 1454 1903 atque
1485 1831 1860 1899 salvationem,
1900 1839 1953 1886 et

351 1919 424 1972 ad
455 1934 611 1972 suum
639 1918 998 1974 ministerium
1027 1919 1318 1990 pertinent,
1350 1920 1746 1990 providentiam
1775 1928 1947 1990 gerat.

351 2006 821 2077 Archipresbyteri
863 2015 1042 2062 autem
1091 2009 1252 2063 totuis
1297 2009 1584 2080 parochim,
1619 2025 1684 2064 ac
1713 2009 1949 2080 presby-

349 2103 594 2150 terorum
624 2095 726 2149 sibi
756 2095 1173 2152 commissorum
1218 2096 1556 2170 diligentiam
1603 2113 1950 2169 summopere

345 2184 608 2252 habeant,
660 2192 713 2239 et
760 2193 1000 2240 rectores
1055 2201 1118 2240 ac
1179 2186 1436 2241 rectrices
1497 2187 1951 2243 monasteriorum

346 2271 522 2342 ipsius
550 2273 828 2342 parochia:
856 2273 1048 2329 sedulo
1078 2282 1353 2342 moneant,
1386 2283 1650 2347 quatenus
1681 2283 1734 2331 et
1760 2276 1814 2330 in
1849 2276 1952 2347 spi-

344 2360 636 2416 ritualibus
693 2369 746 2416 et
801 2361 856 2416 in
912 2362 1299 2433 temporalibus
1363 2363 1949 2420 subministrationibus

343 2449 660 2504 necessaria
707 2449 812 2504 sibi
871 2450 1178 2506 commissis
1229 2451 1536 2508 exhibeant.
1598 2453 1948 2524 Presbyteros

343 2553 482 2592 vero
511 2537 730 2593 assidue
761 2539 1044 2594 decertare
1085 2541 1369 2595 hortentur
1396 2549 1449 2596 et
1480 2540 1700 2608 faciant,
1733 2549 1792 2596 ut
1819 2542 1952 2614 vigi-

341 2625 460 2680 lare
491 2641 658 2696 super
685 2643 886 2699 greges
924 2627 1026 2682 sibi
1055 2629 1377 2684 commissos
1407 2644 1516 2684 non
1545 2630 1846 2702 negligant,
1880 2647 1948 2684 ne

341 2715 414 2768 ab
445 2714 526 2769 eis
554 2715 757 2787 ﬂagitia
781 2723 1182 2786 perpetrentur,
1225 2717 1312 2773 vel
1340 2726 1645 2788 perpetrata
1674 2719 1791 2773 sine
1820 2734 1946 2773 cor-

340 2804 590 2859 rectione
641 2805 1006 2860 ecclesiastica
1055 2821 1164 2860 non
1223 2815 1553 2862 remaneant.
1605 2808 1687 2862 Ne
1734 2808 1948 2878 parvuli

342 2891 464 2946 sine
494 2893 927 2963 regenerationis
967 2903 1306 2950 sacramento
1351 2896 1682 2950 moriantur.
1722 2897 1804 2951 Ne
1831 2897 1947 2951 sani

338 2981 590 3035 homines
618 2982 825 3054 absque
845 2983 1239 3054 praedicatione
1268 2992 1321 3040 et
1351 2983 1722 3040 ecclesiastico
1751 2985 1945 3040 minis-

337 3070 478 3125 terio
507 3069 658 3125 ﬁant.
691 3072 773 3125 Ne
801 3070 1001 3127 infirmi
1041 3072 1158 3127 sine
1185 3073 1502 3143 paenitentia
1533 3081 1584 3128 et
1614 3074 1943 3130 reconcilia-

336 3159 507 3227 tione,
544 3175 609 3214 ac
638 3159 809 3214 sancti
848 3161 954 3216 olei
978 3161 1230 3217 unctione
1260 3169 1314 3216 et
1360 3162 1557 3218 viatico
1599 3179 1826 3218 munere
1873 3163 1943 3219 de

335 3249 445 3304 hoc
475 3248 676 3304 saeculo
707 3257 924 3304 exeant.
965 3250 1048 3305 Ne
1077 3250 1277 3306 mortui
1321 3251 1620 3323 sepeliendi
1661 3251 1855 3320 ofﬁcio,
1889 3260 1943 3307 et

335 3336 430 3407 pia
459 3338 927 3393 commendatione
960 3339 1260 3394 secundum
1289 3340 1632 3395 traditionem
1662 3340 1944 3396 ecclesias-

336 3426 506 3481 ticam
548 3425 898 3497 aliquomodo
961 3436 1198 3482 careant.
1250 3430 1316 3483 Et
1359 3445 1550 3485 omnes
1587 3437 1692 3483 tam
1738 3429 1940 3484 subditi

337 3531 500 3585 quam
545 3515 751 3585 praelati
799 3515 1156 3572 humilitatem
1197 3517 1431 3573 invicem
1476 3518 1832 3588 insinuantes,
1887 3527 1940 3574 et

335 3620 437 3674 per
467 3603 783 3659 charitatem
825 3604 1060 3661 invicem
1097 3607 1398 3662 servientes
1439 3607 1646 3678 prmlati
1694 3608 1938 3664 subditos

333 3691 587 3764 diligant,
649 3699 702 3747 et
757 3694 925 3750 verbo
987 3701 1147 3766 atque
1204 3696 1453 3767 exemplo
1507 3696 1797 3752 salubriter
1847 3699 1936 3753 in-

335 3788 566 3850 struant,
599 3789 654 3838 et
682 3782 750 3836 ad
781 3783 924 3838 viam
968 3783 1156 3839 salutis
1199 3785 1496 3840 erudiendo
1525 3794 1578 3840 et
1605 3787 1935 3859 corrigendo

332 3869 578 3942 dirigant
610 3888 624 3924 :
653 3871 852 3926 subditi
881 3872 1122 3943 prmlatis
1158 3873 1385 3929 sincerae
1414 3873 1718 3930 dilectionis
1749 3882 1802 3930 et
1827 3877 1934 3930 hu-

331 3957 575 4014 militatis
604 3959 798 4015 affectu
827 3961 881 4014 in
902 3961 1134 4017 Domino
1162 3962 1388 4018 obedire
1407 3972 1724 4033 procurent,
1758 3965 1933 4021 donec

331 4055 426 4101 aut
466 4047 720 4117 praefatus
767 4048 934 4104 frater
991 4058 1193 4118 noster,
1240 4060 1428 4122 pastor
1495 4052 1699 4108 scilicet
1756 4061 1934 4109 vester

328 4144 582 4207 respectu
624 4137 828 4203 divino,
859 4147 912 4193 et
940 4138 1296 4211 intelligentia
1337 4140 1600 4211 principis
1644 4141 1799 4198 vobis
1839 4159 1929 4197 re-

329 4225 604 4292 stituatur,
662 4234 753 4281 aut
810 4227 1036 4281 fratrum
1084 4235 1137 4282 et
1185 4229 1562 4299 episcoporum
1623 4237 1929 4286 nostrorum

329 4314 561 4369 consilio
601 4329 664 4369 ac
710 4331 999 4379 consensu,
1043 4324 1201 4388 atque
1256 4317 1460 4372 salubri
1503 4325 1728 4373 tractatu
1773 4320 1928 4376 inve-

327 4402 496 4466 niam,
531 4412 583 4457 et
630 4412 824 4460 vestra:
871 4405 926 4459 in
969 4405 1201 4460 Domino
1243 4407 1577 4461 unanimitati
1623 4409 1928 4464 renuntiem

2063 1830 2131 1883 de
2164 1828 2361 1900 quibus
2390 1829 2486 1883 tibi
2515 1830 2866 1900 scripseram,
2899 1838 2950 1884 et
2978 1829 3025 1884 si
3056 1845 3160 1900 qua
3190 1837 3314 1884 sunt
3342 1828 3450 1885 alia
3479 1829 3534 1883 in
3561 1845 3658 1901 pa-

2049 1918 2238 1972 rochia
2267 1925 2356 1971 tua
2384 1933 2615 1989 pergere
2643 1925 2814 1990 gesta,
2866 1917 3072 1990 regulis
3101 1917 3272 1974 sacris
3313 1917 3654 1974 concordans

2051 2007 2292 2061 debitam
2324 2006 2748 2062 satisfactionem
2797 2006 3078 2076 exhibere,
3108 2015 3266 2078 atque
3295 2006 3361 2062 ad
3385 2007 3652 2062 tramitem

2052 2097 2167 2150 Deo
2205 2095 2463 2166 placitum
2511 2096 2668 2150 stude
2698 2095 2978 2150 reducere.
3032 2094 3311 2163 Quatenus
3349 2094 3655 2150 inordinata

2052 2199 2282 2255 quaeque
2314 2183 2370 2238 in
2401 2199 2466 2238 ea
2495 2199 2603 2238 non
2633 2191 2970 2251 remaneant,
3005 2190 3056 2238 et
3086 2200 3154 2239 ne
3177 2183 3308 2255 quid
3336 2189 3523 2239 contra
3545 2182 3656 2237 dis-

2052 2272 2308 2343 ciplinam
2382 2272 2803 2328 ecclesiasticam
2873 2273 2941 2327 de
2996 2280 3194 2328 caetero
3267 2271 3470 2326 ibidem
3539 2269 3649 2338 ﬁat,

2051 2361 2246 2432 quibus
2304 2359 2541 2416 valueris
2588 2361 2766 2416 modis
2826 2368 3076 2431 satagere
3134 2376 3264 2416 cura
3312 2379 3324 2414 :
3368 2358 3652 2415 attendens

2049 2449 2193 2521 quod
2212 2465 2311 2504 nos
2332 2465 2522 2504 omnes
2539 2457 2724 2504 monet
2740 2450 3060 2520 Apostolus;
3085 2451 3358 2515 Tentatio,
3377 2447 3649 2519 inquiens,

2049 2555 2140 2594 vos
2156 2555 2271 2594 non
2284 2539 2669 2610 apprehendat
2687 2539 2804 2594 nisi
2827 2539 3076 2594 humana
3107 2538 3183 2608 (II
3202 2538 3322 2594 Cor.
3348 2536 3412 2606 x)
3433 2554 3446 2590 :
3465 2538 3651 2590 huma-

2049 2643 2177 2680 num
2209 2627 2406 2697 quippe
2441 2634 2523 2680 est
2551 2627 2766 2692 tentari,
2802 2627 2899 2682 sed
2929 2625 3286 2682 daemonicum
3317 2633 3399 2680 est
3428 2640 3460 2678 a
3490 2631 3654 2678 tenta-

2048 2715 2194 2770 tione
2217 2715 2480 2785 superari,
2497 2723 2550 2769 et
2573 2715 2641 2768 ad
2662 2715 3012 2770 correctionis
3026 2713 3442 2769 satisfactionem
3455 2712 3655 2783 pedem

2048 2803 2227 2874 operis
2252 2819 2360 2858 non
2391 2817 2670 2858 revocare.
2695 2803 2868 2874 Igitur
2891 2803 3041 2871 juxta
3070 2802 3312 2870 ejusdem
3343 2800 3488 2854 beati
3510 2803 3655 2870 Apo-

2049 2892 2172 2947 stoli
2234 2891 2455 2956 monita,
2501 2892 2746 2947 sollicite
2827 2907 2967 2946 cura
3017 2892 3263 2963 teipsum
3321 2885 3662 2960 pr‘obabitem

2046 2981 2309 3036 exhibere
2365 2983 2472 3036 Deo
2571 2980 2889 3052 operarium
2954 2979 3434 3050 inconfusibilem,
3503 2981 3655 3032 recte

2051 3073 2399 3125 tractantem
2458 3070 2685 3124 verbum
2716 3069 2973 3124 veritatis
3009 3089 3026 3134 ,-
3063 3069 3254 3138 vigila,
3303 3069 3366 3121 in
3392 3065 3651 3121 omnibus

2049 3159 2260 3222 labora,
2306 3175 2442 3229 opus
2483 3160 2576 3227 fac
2615 3158 2993 3226 evangelista,
3049 3155 3438 3210 ministerium
3479 3158 3645 3208 tuum

2041 3249 2235 3318 imple,
2284 3250 2501 3301 sectare
2519 3247 2834 3316 justitiam,
2877 3245 3168 3316 pietatem,
3212 3242 3402 3311 ﬁdem,
3446 3240 3641 3297 chari-

2043 3340 2238 3403 tatem,
2279 3335 2640 3407 patientiam,
2676 3333 3175 3388 mansuetudinem
3197 3353 3215 3388 :
3247 3335 3403 3387 certa
3435 3332 3641 3386 bonum

2041 3429 2331 3480 certamen
2369 3423 2525 3493 ﬁdei:
2563 3423 2915 3496 apprehende
2945 3423 3122 3478 vitam
3151 3423 3504 3477 aeterna-min
3532 3437 3642 3492 qua

2040 3517 2271 3569 vocatus
2309 3529 2383 3579 es,
2425 3516 2482 3567 et
2529 3514 2817 3582 confessus
2855 3512 3055 3567 bonam
3107 3512 3636 3581 confessionemco-

2041 3618 2172 3656 ram
2207 3602 2407 3656 multis
2451 3602 2684 3655 testibus
2735 3598 3048 3669 (IlTim.u).
3099 3599 3234 3653 Data
3283 3599 3403 3654 Kal.
3437 3612 3477 3651 x
3505 3598 3640 3669 Sep-

2038 3691 2206 3754 temb.
2240 3690 2526 3760 praesentis
2557 3689 2813 3744 secundae
2840 3686 3172 3743 indictionis.

2489 3807 2806 3863 EIUSDEM
2835 3805 3178 3861 HINCMARI

2654 3893 2726 3932 AD
2755 3891 2987 3933 EUMDEM
2994 3919 3007 3932 .

2108 3968 2434 4023 Hmcmaus
2463 3968 2800 4023 Rhemorum
2837 3965 3127 4037 episcopus
3166 3965 3462 4020 HINCMARO
3493 3965 3636 4020 Lau-

2035 4056 2265 4110 dunensi
2295 4057 2574 4126 episcopo.

2106 4145 2184 4198 Ea
2215 4160 2336 4214 quae
2362 4145 2495 4196 mihi
2525 4143 2695 4214 pridie
2724 4159 2821 4214 per
2849 4157 3043 4198 manus
3074 4141 3386 4197 Wanilonis
3416 4157 3638 4198 venera-

2031 4232 2155 4287 bilis
2185 4231 2584 4302 archiepisc0pi
2613 4247 2678 4286 ex
2709 4231 2952 4302 epistolis
2983 4229 3296 4301 apostolicae
3326 4229 3473 4285 sedis
3497 4244 3634 4300 pon-

2030 4320 2233 4375 tificum
2274 4319 2393 4374 aliis
2437 4320 2815 4389 prmtcrmissis
2859 4320 2928 4375 de
2967 4318 3142 4374 sacris
3190 4317 3394 4389 regulis
3436 4317 3634 4388 quibus

2031 4417 2216 4465 sancta
2245 4409 2557 4464 moderatur
2594 4409 2837 4464 Ecclesia
2881 4407 3196 4479 priusquam
3240 4405 3551 4462 formareris
3579 4405 3636 4462 in

331 4479 566 4562 qualiter
603 4499 655 4547 et
682 4493 836 4548 vobis
877 4493 1100 4549 decreto
1141 4495 1442 4550 secundum
1482 4510 1668 4552 sacras
1711 4499 1932 4570 regulas
1963 4487 2014 4546 D
2033 4506 2188 4554 utero
2219 4498 2362 4563 novi,
2389 4504 2442 4552 et
2462 4505 2754 4568 antequam
2775 4497 2954 4552 exires
2975 4497 3042 4551 de
3063 4496 3225 4553 vulva
3245 4497 3301 4551 in
3322 4495 3632 4551 earumdem

328 4580 402 4634 sit
429 4581 726 4653 agendum.
767 4601 790 4632 ι

770 4731 1092 4788 EJUSDEM
1121 4734 1463 4792 HINCMARI

677 4855 750 4894 AD
779 4855 1110 4896 I-IINCMARUM
1141 4857 1571 4900 LAUDUNENSEM.

398 4938 726 4993 HINCMARUS
749 4938 1075 4994 Rhemorum
1105 4940 1393 5012 episcopus
1413 4943 1709 4997 HiNcmno
1731 4942 1927 4999 dilecto

327 5025 486 5084 fratri
530 5034 583 5082 et
625 5027 921 5082 venerabili
952 5028 1280 5098 coepiscOpo
1331 5039 1520 5085 nostro
1550 5031 1799 5086 salutem.

401 5115 552 5170 Sicut
579 5115 758 5171 oblata
785 5116 916 5170 mihi
946 5133 974 5169 a
1006 5116 1220 5172 clericis
1256 5118 1361 5171 tuis
1389 5119 1648 5189 petitione
1679 5129 1926 5192 suscepta

316 5205 433 5274 jam
477 5221 587 5259 non
635 5205 809 5260 solum
851 5205 1042 5272 semel,
1089 5206 1186 5261 sed
1216 5214 1269 5261 et
1299 5209 1540 5262 secundo
1588 5209 1782 5264 litteris
1828 5227 1928 5281 per

324 5293 729 5348 comministros
775 5302 993 5351 nostros
1033 5295 1129 5349 tibi
1171 5295 1392 5352 directis
1440 5297 1714 5362 mandavi,
1762 5315 1927 5354 causa

323 5389 432 5437 tute
470 5382 682 5452 injuria
729 5391 920 5439 contra
970 5385 1366 5456 Scripturarum
1420 5386 1714 5452 tramitem,
1761 5388 1926 5442 tradi-

327 5471 643 5555 tionemque
699 5473 968 5542 majorum
1016 5475 1072 5529 in
1119 5483 1209 5529 tua
1251 5475 1509 5546 parochia
1563 5476 1844 5530 excessisti
1875 5485 1927 5531 et

326 5558 643 5617 admonitus
686 5569 744 5617 ut
791 5579 858 5619 ea
903 5563 1200 5637 corigeres,
1249 5564 1383 5622 mihi
1431 5581 1756 5638 responsum
1801 5566 1927 5622 inde

2032 4602 2166 4659 quas
2197 4587 2370 4642 habeo
2401 4585 2752 4657 epistolarum
2794 4585 3126 4659 integritate,
3161 4601 3290 4653 non,
3323 4592 3381 4639 ut
3408 4583 3624 4654 dicitur,

2031 4692 2162 4731 usus
2173 4675 2411 4746 pessimo
2424 4681 2758 4745 praeceptore
2772 4691 2859 4730 me
2870 4675 3009 4745 ipso,
3028 4675 3123 4728 sed
3138 4688 3324 4728 eorum
3337 4671 3629 4727 traditione

2032 4765 2123 4836 qui
2152 4765 2331 4837 gratia
2365 4764 2536 4818 sancti
2568 4763 2802 4833 Spiritus
2842 4762 3126 4818 illuminati
3156 4760 3629 4832 resplenduerunt,

2029 4853 2272 4924 percepi,
2323 4852 2551 4923 qualiter
2604 4851 2743 4906 sicut
2786 4858 2836 4906 et
2879 4851 2932 4905 in
2977 4849 3299 4905 authenticis
3345 4849 3631 4920 scripturis

2029 4941 2188 5012 plura
2228 4941 2594 5006 inveniuntur,
2649 4956 2770 5012 quae
2800 4955 2832 4994 a
2863 4939 3188 5010 quibusdam
3238 4938 3459 4994 dissona
3504 4954 3632 4994 esse

2029 5030 2296 5095 videntur,
2355 5029 2631 5084 contraria
2679 5029 2780 5084 sibi
2836 5028 3067 5083 invicem
3138 5043 3248 5084 non
3304 5027 3627 5097 habeantur,

2028 5119 2193 5175 veluti
2222 5135 2321 5190 per
2350 5119 2567 5191 singula
2597 5118 2644 5173 si
2673 5126 2888 5189 tempus
2937 5124 3083 5172 esset
3111 5133 3174 5173 ac
3202 5117 3392 5184 otium,
3439 5124 3493 5172 et
3521 5132 3626 5172 au-

2028 5209 2145 5265 dire
2173 5208 2492 5281 dignareris,
2518 5224 2582 5262 ex
2609 5207 2818 5263 eisdem
2847 5215 2900 5262 et
2918 5206 3036 5261 aliis
3061 5207 3228 5262 sacris
3250 5206 3452 5279 regulis
3491 5221 3625 5277 pos-

2029 5315 2142 5353 sem
2177 5297 2481 5364 ostendere,
2506 5297 2574 5351 de
2604 5296 2799 5368 quibus
2819 5311 2994 5367 pauca
3022 5311 3268 5361 numero,
3303 5296 3401 5350 sed
3429 5309 3629 5367 magna

2029 5387 2245 5453 merito,
2301 5394 2352 5442 et
2380 5385 2710 5440 auctoritatis
2740 5386 2986 5458 pondere
3016 5385 3218 5441 omissa
3267 5384 3484 5456 penitus
3513 5399 3544 5437 a
3574 5391 3628 5439 te

2027 5477 2119 5548 qui
2150 5476 2350 5543 vidisti,
2398 5476 2493 5530 sed
2533 5491 2642 5530 non
2687 5475 2977 5545 perspicue
3020 5474 3110 5528 illa
3139 5491 3261 5546 quae
3306 5472 3544 5538 voluisti,
3577 5479 3633 5526 et

2028 5590 2136 5630 non
2185 5574 2365 5630 vidisti
2395 5589 2516 5646 quae
2543 5572 2781 5639 noluisti,
2818 5573 2904 5629 vel
2941 5588 3117 5644 neque
3148 5571 3348 5640 vidisti,
3392 5584 3624 5641 qumque
