4174 6308
564 232 669 289 535

1602 226 1945 283 HINCMARI
1990 223 2401 282 .RHEMENSIS
2424 269 2431 275 .
2453 184 3004 284 ARCHIEPISCOPI.

3767 232 3876 285 536

570 350 757 410 videre
807 351 1061 410 debuisti.
1112 351 1222 409 Sed
1270 351 1527 425 quoniam
1556 368 1680 409 cum
1729 352 2027 408 intentione
2071 358 2167 406 tua
2193 349 2470 420 Alubilis,
2504 351 2651 407 nulla
2683 350 2900 408 sibimet
2918 352 2987 408 de
3016 351 3463 424 multiplicatione
3479 354 3879 427 congregatio-

570 455 679 498 non
706 439 928 509 faciunt,
960 456 1063 497 nec
1091 441 1263 514 digito
1292 457 1515 498 movere
1555 440 1874 497 sustinuisti.
1907 442 2162 514 Ingeram
2262 440 2349 495 nis
2378 441 2661 512 synodalia
2701 440 2930 498 concilia
2968 441 3337 498 blandiantur.
3384 443 3578 515 Neque
3616 443 3879 500 trecentis

571 543 704 601 ergo
732 529 826 585 illa
856 529 971 599 tibi,
1003 538 1063 585 ut
1084 529 1228 586 scias
1256 547 1357 602 per
1388 547 1454 586 ea
1484 548 1606 604 quae
1626 530 1972 603 congessisti,
1995 530 2165 585 inten-

572 615 734 674 tionis
765 625 871 676 tuae
900 617 1153 675 affectum
1182 627 1235 675 te
1263 635 1373 675 non
1401 635 1566 692 posse
1597 620 1899 691 perducere
1928 619 1997 674 ad
2027 616 2164 673 effe-

573 712 758 762 ctum:
783 706 1026 764 decernit
1066 709 1213 764 enim
1242 715 1434 764 contra
1475 717 1623 764 tuam
1661 708 2016 763 intentionem
2039 723 2165 778 my-

573 795 708 853 stica
729 803 783 851 et
817 805 1008 854 sancta
1048 796 1268 854 Nicaena
1285 798 1543 871 synodus,
1580 797 1836 869 quoniam
1860 796 2165 852 sollicitudo

573 883 814 940 omnium
860 885 1214 941 ecclesiarum
1252 887 1485 957 pertinet
1524 886 1592 940 ad
1634 885 1826 957 prima
1869 893 1923 941 et
1964 892 2166 940 sancta:

572 972 834 1030 Romanae
865 974 1011 1030 sedis
1031 974 1361 1046 pontiﬁcem,
1380 982 1438 1030 ut
1459 975 1859 1030 Alexandrinus
1880 974 2168 1046 episcopus

574 1062 818 1118 omnium
856 1063 959 1117 sibi
1008 1065 1425 1119 commissorum
1467 1064 1664 1118 habeat
1700 1071 2055 1135 potestatem;
2089 1063 2168 1117 si-

573 1151 777 1207 militer
805 1159 859 1209 et
888 1153 1033 1224 apud
1075 1153 1438 1223 Antiochiam,
1484 1160 1817 1225 caeterasque
1861 1152 2170 1224 provincias

576 1239 689 1295 suis
736 1239 1023 1314 privilegia
1067 1240 1176 1295 illis
1224 1248 1509 1297 servantur
1548 1242 1832 1298 ecclesiis:
1859 1242 1927 1297 de
1973 1241 2170 1314 quibus

575 1337 756 1384 autem
788 1328 1036 1384 ecclesiis
1064 1329 1229 1398 dicat,
1263 1337 1317 1385 et
1354 1347 1494 1403 quae,
1527 1346 1593 1386 ac
1622 1330 1855 1403 qualiter
1882 1330 2173 1404 privilegia

573 1415 683 1474 illis
714 1417 922 1473 servari
952 1417 1206 1489 debeant,
1238 1419 1634 1475 Antiochenum
1676 1420 2013 1475 demonstrat
2042 1435 2173 1476 con-

556 1505 775 1565 cilium.
816 1506 920 1563 Per
948 1506 1208 1578 singulas,
1256 1507 1531 1580 inquiens,
1582 1509 1834 1582 regiones
1885 1508 2173 1581 episcopos

576 1594 829 1655 convenit
857 1610 1022 1651 nosse
1050 1597 1525 1668 metrOpolitanum
1557 1597 1876 1669 episcopum
1905 1598 2173 1654 sollicitu-

2261 524 2370 584 illis
2431 530 2621 586 decem
2695 539 2855 602 atque
2927 536 3051 586 octo
3128 530 3399 603 episcopis
3471 532 3877 604 quantumlibet

2265 618 2541 691 copiosior
2593 634 2856 675 numerus
2905 619 3252 676 sacerdotum
3309 620 3397 677 vel
3456 635 3771 693 comparare
3816 638 3880 678 se

2267 707 2464 762 audeat
2495 707 2583 763 vel
2621 707 2901 779 praeferre,
2935 725 3056 763 cum
3106 715 3254 765 tanto
3280 708 3539 765 divinitus
3581 710 3877 782 privilegio

2265 795 2484 851 Nicaena
2515 797 2583 852 sit
2615 798 2856 869 synodus
2904 797 3214 866 constituta,
3245 806 3303 854 ut
3333 798 3447 854 sive
3493 815 3593 870 per
3638 799 3876 872 paucio-

2267 900 2377 953 res,
2413 884 2527 961 sive
2556 903 2657 957 per
2683 886 2874 958 plures
2923 886 3295 943 ecclesiastica
3337 887 3544 957 judicia
3581 888 3877 944 celebren-

2267 975 2374 1035 tur,
2425 967 2573 1023 omni
2618 969 2836 1041 penitus
2881 971 3204 1027 auctoritate
3234 971 3302 1025 sit
3330 986 3562 1028 vacuum
3606 972 3877 1045 quidquid

2267 1056 2336 1112 ab
2391 1056 2604 1112 illorum
2654 1057 2817 1114 fuerit
2864 1059 3246 1115 constitutione
3295 1060 3587 1116 diversum.
3627 1085 3649 1112 ι»
3681 1061 3753 1115 Et
3802 1061 3877 1117 ad

2268 1145 2559 1201 Maximum
2601 1147 2998 1203 Antiochenum
3047 1148 3364 1221 episcopum
3396 1167 3409 1204 :
3450 1171 3472 1200 α
3506 1149 3624 1204 Etsi
3653 1150 3877 1206 diversa

2271 1250 2661 1308 nonnunquam
2718 1243 2842 1291 sunt
2883 1237 3079 1293 merita
3143 1238 3461 1309 praesulum,
3519 1246 3701 1294 tamen
3738 1239 3873 1309 jura

2268 1332 2589 1395 permanent
2620 1324 2853 1393 sedium,
2887 1326 3085 1398 quibus
3130 1334 3388 1399 praesunt.
3421 1328 3616 1383 Emuli
3645 1337 3873 1401 pertur-

2270 1412 2547 1468 bationem
2605 1413 2842 1486 aliquam
2896 1413 3146 1470 fortassis
3213 1414 3434 1486 inferre,
3508 1431 3618 1473 non
3689 1425 3875 1474 tamen

2270 1509 2498 1573 possunt
2554 1502 2802 1559 minuere
2860 1503 3179 1577 dignitatem
3228 1523 3243 1560 :
3287 1506 3678 1577 quantumlibet
3723 1506 3873 1563 enim

2272 1591 2503 1663 amplior
2524 1608 2779 1649 numerus
2804 1593 3146 1649 sacerdotum
3166 1593 3370 1666 aliquid
3387 1611 3485 1666 per
3513 1596 3875 1667 quorumdam

574 1683 759 1741 dinem
789 1683 953 1740 totius
974 1684 1270 1756 provinciae
1289 1702 1487 1759 gerere
1512 1694 1765 1758 ;pr0pter
1794 1687 1944 1759 quod
1962 1687 2031 1741 ad
2060 1703 2175 1743 me-
2206 1680 2684 1779 Bsubreptionem
2726 1682 3007 1779 decernat,
3056 1682 3200 1755 quod
3230 1683 3338 1779 illis
3376 1691 3736 1779 trecentorum
3764 1686 3874 1779 de-

573 1771 829 1844 tropolim
867 1787 1059 1828 omnes
1101 1774 1340 1846 undique
1380 1774 1473 1846 qui
1511 1776 1729 1848 negotia
1773 1776 2027 1833 videntur
2068 1777 2170 1832 ha-

573 1860 728 1927 bere,
769 1869 1114 1918 concurrant.
1146 1864 1215 1918 Et
1244 1862 1387 1918 notis
1425 1864 1750 1936 quibusdam
1787 1864 2122 1936 interpositis
2155 1882 2170 1923 :

577 1946 824 2019 Amplius
854 1956 1037 2003 autem
1077 1948 1212 2004 nihil
1241 1965 1410 2023 agere
1454 1957 1624 2006 tentet
1652 1951 1782 2023 quin
1826 1951 2173 2023 provincialis

577 2037 866 2109 episcopus
909 2045 1105 2109 praeter
1164 2039 1459 2095 antistitem
1522 2040 2016 2112 metropolitanum,
2071 2056 2175 2099 nec

576 2125 1028 2198 metropolitanus
1058 2134 1376 2185 ceterorum
1401 2128 1520 2186 sine
1548 2137 1703 2203 gerat
1722 2130 1951 2187 consilio
1981 2146 2174 2188 sacer-

579 2215 789 2273 dotum.
1878 2285 1882 2289 η

648 2304 719 2362 Et
746 2303 1060 2361 Africanum
1107 2305 1398 2363 concilium
1431 2323 1444 2363 :
1483 2327 1506 2360 ‹
1540 2307 1792 2376 Decreta,
1836 2308 2026 2382 inquit,
2072 2309 2176 2367 Ni-

578 2408 727 2449 csena
756 2393 871 2451 sive
898 2393 1173 2451 inferioris
1218 2396 1425 2468 gradus
1451 2396 1701 2466 clericos,
1743 2396 1858 2455 sive
1887 2398 2177 2471 episcopos

576 2481 729 2554 ipsos
758 2482 872 2538 suis
902 2483 1325 2555 metropolitanis
1346 2485 1688 2558 apertissime
1716 2487 2127 2561 commiserunt,
2148 2509 2172 2542 ι

581 2578 634 2627 et
662 2570 890 2644 reliqua.
934 2572 1001 2631 Et
1039 2580 1262 2631 sanctus
1299 2574 1647 2632 Innocentius
1689 2576 1820 2632 dicit
1857 2594 1870 2632 :
1908 2598 1931 2629 ι
1968 2577 2026 2633 Si
2056 2594 2177 2650 quae

583 2675 764 2718 causa:
791 2661 878 2719 vel
894 2662 1269 2720 contentiones
1299 2664 1441 2720 inter
1460 2664 1714 2734 clericos,
1747 2673 1860 2721 tam
1878 2666 2177 2738 superioris

583 2750 812 2822 ordinis,
862 2766 1027 2824 quam
1075 2751 1235 2808 etiam
1281 2752 1557 2809 inferioris
1601 2754 1802 2811 fuerint
1851 2764 2074 2823 exortae,
2122 2764 2182 2811 ut

582 2838 883 2895 secundum
915 2840 1185 2913 synodum
1227 2841 1510 2898 Nicaanam
1544 2844 1893 2917 congregatis
1936 2844 2181 2915 ejusdem

576 2928 876 3002 provincia:
903 2929 1176 3002 episcopis
1197 2931 1439 3002 jurgium
1467 2932 1843 3003 terminetur,»
1868 2940 1921 2990 et
1950 2933 2179 3007 reliqua.

579 3020 650 3077 Et
677 3026 893 3076 sanctus
921 3018 1232 3076 Bonifacius
1286 3020 1509 3077 scribit:
1535 3043 1557 3073 α
1592 3022 1855 3079 Convenit
1882 3038 1984 3080 nos
2010 3030 2185 3095 pater-

578 3125 771 3167 narum
819 3109 1159 3166 sanctionum
1207 3109 1498 3182 diligentes
1543 3127 1667 3167 esse
1715 3113 1968 3169 custodes
2008 3112 2181 3171 :nulli

579 3199 780 3257 etenim
809 3198 1024 3257 videtur
1060 3199 1339 3272 incognita
1381 3199 1574 3273 synodi
1619 3202 1930 3259 constitutio
1957 3202 2181 3260 Nicena;

583 3302 702 3361 quae
730 3287 807 3344 ita
831 3287 1098 3359 praecipit,
1128 3294 1187 3343 ut
1205 3288 1399 3344 eadem
1427 3289 1649 3361 proprie
1678 3290 1842 3346 verba
1868 3306 2177 3362 ponamus;

578 3390 683 3449 per
735 3391 1171 3449 unamquamque
1215 3377 1551 3449 provinciam
1589 3379 1678 3447 jus
1730 3380 2181 3451 metropolitanos

582 3464 829 3539 singulos
854 3465 1055 3522 habere
1086 3466 1310 3535 debere,
1343 3482 1447 3524 nec
1472 3467 1722 3540 cuiquam
1740 3468 1878 3523 duas
1907 3484 2031 3524 esse
2058 3470 2186 3525 sub-

573 3555 771 3626 jectas.
818 3553 979 3624 Quod
1018 3554 1097 3611 illi
1157 3556 1287 3628 quia
1324 3555 1482 3613 aliter
1539 3556 1877 3614 credendum
1922 3573 2031 3613 non
2075 3566 2178 3627 est,

581 3643 913 3700 servandum
957 3650 1144 3701 sancto
1183 3644 1388 3717 Spiritu
1433 3655 1767 3719 suggerente
1802 3646 2019 3702 sibimet
2045 3664 2178 3704 cen-

579 3739 825 3788 suerunt.
849 3752 872 3783 ι
906 3733 975 3788 Et
1002 3733 1164 3804 paulo
1191 3741 1313 3806 post
1337 3751 1351 3791 :
1375 3756 1398 3786 ι
1426 3734 1585 3804 Quod
1625 3734 1832 3791 idcirco
1861 3735 2092 3792 dicimus
2123 3745 2182 3793 ut

580 3820 831 3877 advertat
879 3821 1110 3877 charitas
1148 3830 1238 3878 tua
1269 3823 1408 3879 adeo
1446 3838 1548 3878 nos
1586 3837 1857 3879 canonum
1910 3834 2181 3897 praecepta

579 3924 822 3978 servare,
869 3917 929 3967 ut
974 3911 1045 3966 ita
1091 3912 1402 3969 constitutio
1455 3928 1673 3985 quoque
1727 3919 1914 3969 nostra
1955 3914 2182 3970 difﬁniat

578 4007 847 4072 quatenus
889 4002 1290 4073 metropolitani
1321 4002 1405 4057 sui
1432 4018 1773 4074 unaquaeque
1815 4003 2097 4074 provincia
2122 4005 2177 4060 in

575 4088 831 4146 omnibus
857 4090 1026 4147 rebus
1054 4090 1456 4148 ordinationem
1485 4106 1705 4163 semper
1735 4100 2031 4164 exspectet.
2065 4114 2088 4144 ι
2114 4094 2182 4149 Et

574 4187 792 4235 sanctus
821 4178 1149 4236 Coelestinus
1187 4197 1201 4234 :
1239 4200 1261 4231 α
1297 4180 1459 4235 Juxta
1487 4180 1705 4237 decreta
1732 4196 2005 4238 canonum
2035 4198 2177 4238 una-

573 4283 803 4341 quaeque
834 4269 1113 4339 provincia
1141 4268 1558 4341 metropolitano
1586 4287 1686 4327 suo
1717 4279 1971 4328 contenta
2000 4272 2088 4343 sit,
2118 4280 2178 4328 ut

570 4356 878 4414 decessoris
907 4357 1080 4413 nostri
1119 4358 1243 4413 data
1285 4359 1354 4413 ad
1399 4358 1819 4416 Narbonensem
1859 4361 2177 4434 episcopum

2206 3075 2254 3139 C

2275 1785 2397 1826 cem
2444 1777 2499 1825 et
2542 1778 2667 1851 gcto
2710 1770 3088 1843 episcoporum
3140 1772 3609 1829 constitutionibus
3650 1774 3871 1831 inveni-

2268 1866 2360 1914 tur
2412 1859 2721 1930 adversum,
2763 1860 2987 1930 justitia:
3034 1861 3468 1918 consideratione
3516 1870 3784 1919 cassatur.
3845 1888 3867 1915 ω

2276 1948 2345 2003 Et
2373 1947 2441 2002 ad
2471 1948 2817 2004 Theodorum
2867 1949 3293 2019 Forojuliensem
3337 1951 3654 2023 episcopum
3691 1952 3824 2008 dicit
3855 1973 3874 2009 :

2280 2059 2301 2085 α
2339 2036 2727 2093 Sollicitudinis
2774 2038 2993 2110 quidem
3036 2045 3140 2094 tuae
3169 2038 3216 2094 is
3245 2039 3378 2095 ordo
3426 2056 3547 2095 esse
3591 2040 3869 2110 debuerat,

2276 2133 2334 2181 ut
2383 2142 2509 2182 cum
2548 2126 2968 2198 metropolitano
3015 2135 3106 2183 tuo
3136 2128 3206 2184 de
3233 2142 3299 2185 eo
3330 2128 3476 2201 quod
3516 2130 3871 2202 quaerendum

2274 2215 2559 2271 videbatur
2608 2232 2731 2272 esse
2770 2216 3067 2285 conferres,
3112 2232 3177 2274 ac
3220 2217 3267 2272 si
3298 2217 3354 2273 id
3396 2218 3541 2291 quod
3584 2218 3873 2292 ignorabat

2277 2303 2496 2360 dilectio
2525 2312 2616 2360 tua
2655 2304 2818 2360 etiam
2848 2306 2965 2377 ipse
3008 2306 3263 2376 nesciret,
3307 2306 3497 2361 instrui
3525 2323 3624 2363 vos
3669 2309 3878 2380 pariter

2276 2393 2605 2466 posceretis,
2641 2394 2762 2467 quia
2791 2394 2845 2449 in
2878 2394 3059 2451 causis
3086 2411 3209 2467 quae
3237 2396 3310 2452 ad
3326 2395 3643 2470 generalem
3671 2397 3870 2454 obser—

2276 2482 2518 2539 vantiam
2571 2483 2845 2555 pertinent
2905 2483 3145 2538 omnium
3219 2484 3436 2539 Domini
3504 2486 3868 2555 sacerdotum,

2277 2571 2414 2627 nihil
2441 2571 2561 2627 sine
2588 2571 2903 2643 primatibus
2933 2580 3144 2645 oportet
3171 2572 3407 2645 impleri.
3443 2594 3466 2625 ι
3807 2642 3813 2647 _

2349 2660 2418 2717 Et
2473 2660 2690 2716 Hilarus
2745 2677 2885 2733 papa
2918 2679 2931 2715 :
2981 2685 3003 2709 α
3052 2662 3190 2717 Illud
3236 2662 3400 2718 etiam
3444 2678 3555 2720 non
3596 2664 3871 2737 potuimus

2278 2749 2578 2822 praeterire,
2615 2750 2762 2822 quod
2792 2749 3153 2807 sollicitudine
3197 2751 3538 2826 diligentiore
3574 2755 3872 2811 curandum

2282 2846 2384 2907 est,
2444 2854 2514 2895 ne
2559 2847 2760 2911 praeter
2800 2839 3342 2911 metropolitanorum
3399 2858 3621 2897 suorum
3668 2843 3873 2899 litteras

2282 2926 2448 2999 aliqui
2494 2927 2737 2999 episcopi
2783 2928 2853 2984 ad
2901 2928 3198 3001 quamlibet
3257 2930 3594 3001 provinciam
3642 2932 3874 2988 audeant

2282 3014 2571 3087 proficisci,
2604 3017 2749 3090 quod
2791 3017 2953 3073 etiam
2981 3017 3037 3073 in
3066 3017 3215 3075 omni
3254 3034 3455 3092 genere
3498 3018 3659 3077 ofﬁcii
3705 3020 3870 3078 cleri-

2286 3105 2418 3162 calis
2470 3122 2571 3178 per
2615 3107 2861 3180 singulas
2908 3107 3068 3164 debet
3115 3107 3376 3165 ecclesias
3419 3109 3696 3166 custodiri.
3744 3131 3768 3162 ι
3805 3112 3876 3168 Et

2282 3202 2504 3252 sanctus
2553 3196 2852 3270 Gregorius
2880 3198 2950 3253 ad
2990 3196 3366 3253 Innocentium
3394 3206 3447 3254 et
3485 3206 3716 3256 caeteros
3754 3201 3873 3273 epi—

2282 3300 2480 3357 scopos
2512 3301 2526 3341 :
2565 3309 2587 3334 ‹‹
2619 3286 2930 3358 Hortamur,
2961 3285 3153 3359 inquit,
3193 3285 3585 3344 fraternitatem
3613 3297 3870 3361 vestram,

2280 3382 2336 3430 ut
2367 3375 2411 3430 si
2449 3390 2777 3448 quemquam
2819 3381 3062 3432 vestrum
3103 3392 3205 3448 pro
3253 3376 3433 3432 causis
3476 3379 3711 3449 prapriis
3755 3379 3876 3438 ubi-

2282 3479 2494 3537 cunque
2546 3465 2764 3536 longius
2826 3464 3149 3538 compulerit
3213 3465 3489 3524 ambulare
3552 3468 3870 3538 necessitas,

2281 3569 2312 3607 a
2331 3553 2749 3624 metropolitano
2780 3562 2983 3622 vestro,
3017 3555 3319 3611 secundum
3342 3554 3599 3627 inclytam
3618 3572 3650 3611 a
3671 3559 3873 3614 sanctis

2280 3642 2524 3713 patribus
2577 3643 2823 3715 regulam
2877 3651 3067 3716 petere
3125 3643 3400 3700 licentiam
3453 3644 3718 3714 debeatis,
3775 3664 3874 3705 nec

2282 3748 2408 3787 eum
2455 3739 2783 3804 postponere
2813 3732 2868 3788 in
2898 3733 3083 3806 aliquo
3122 3733 3488 3806 praesumatis,
3532 3744 3761 3807 excepto
3806 3738 3869 3810 si,

2282 3821 2428 3893 quod
2456 3837 2568 3876 non
2596 3829 2866 3894 optamus,
2898 3831 3092 3880 contra
3120 3824 3373 3879 eumdem
3401 3824 3870 3895 metropolitanum

2280 3918 2519 3967 vestrum
2559 3926 2658 3966 vos
2705 3912 2905 3968 habere
2962 3913 3167 3985 aliquid
3226 3928 3404 3969 causae
3460 3913 3758 3986 contingat,
3814 3924 3871 3972 ut

2279 4000 2383 4054 hoc
2432 3998 2578 4055 sedis
2621 4001 2930 4071 apostolicae
2969 4002 3234 4071 judicium
3267 4002 3324 4057 hi
3362 4002 3455 4074 qui
3486 4011 3676 4074 petere
3718 4001 3870 4058 festi-

2279 4095 2427 4154 nant,
2482 4088 2756 4145 licentiam
2804 4090 3058 4146 habeant.
3108 4090 3266 4160 Quod
3312 4091 3461 4148 scitis
3487 4107 3589 4164 per
3634 4107 3867 4148 canones

2278 4176 2442 4233 etiam
2471 4178 2816 4250 antiquorum
2846 4187 3065 4251 patrum
3096 4179 3427 4237 institutione
3456 4181 3804 4252 permissum,
3840 4200 3862 4230 ι

2277 4267 2624 4324 manifestum
2670 4276 2753 4323 est
2800 4268 2943 4324 enim
2985 4269 3054 4325 de
3111 4269 3309 4342 quibus
3354 4271 3677 4341 canonibus,
3727 4270 3781 4325 id
3807 4284 3866 4326 es

2278 4356 2619 4413 Sardicensis
2648 4357 2863 4414 concilii
2895 4374 2910 4413 :
2944 4359 3080 4414 sicut
3108 4366 3164 4415 et
3189 4360 3537 4416 Innocentius
3574 4361 3643 4415 ad
3681 4360 3864 4447 chto—

568 4446 846 4502 continent
892 4445 1198 4503 constituta.
1244 4447 1361 4504 Nec
1401 4449 1740 4520 usurpationi
1798 4449 1951 4507 locus
1999 4450 2159 4507 alicui
2182 4439 2235 4500 D
2266 4445 2463 4501 ricium
2516 4447 3014 4520 Rothomagensem
3069 4447 3386 4519 episcopum
3426 4448 3575 4504 dicit.
3606 4439 3863 4521 Etﬁgla-

570 4533 843 4592 sacerdoti
870 4534 928 4590 in
957 4534 1179 4591 alterius
1217 4537 1547 4593 concedatur
1587 4537 1819 4606 injuria:
1845 4539 1916 4593 sit
1942 4554 2175 4596 conces-
2278 4534 2390 4589 sius
2418 4535 2660 4606 praefatis
2690 4537 3028 4593 concordans
3066 4536 3386 4609 exponendo
3425 4537 3624 4608 psalmi
3651 4552 3861 4593 versum

565 4624 642 4680 sis
690 4624 793 4680 sibi
840 4631 1126 4680 contentus
1174 4626 1546 4698 unusquisque
1593 4626 1873 4694 limitibus,
1936 4627 2076 4684 alter
2118 4630 2174 4685 in

562 4713 784 4771 alterius
811 4714 1097 4786 provincia
1128 4714 1260 4770 nihil
1304 4723 1622 4787 praesumat.
1660 4737 1682 4767 ι
1716 4717 1785 4770 Ει
1813 4716 1921 4773 Leo
1957 4732 1970 4773 :
2010 4739 2033 4769 α
2068 4718 2173 4776 Se-

562 4803 801 4859 cundum
821 4812 1131 4860 sanctorum
1157 4803 1375 4860 Patrum
1407 4820 1647 4861 canones
1678 4804 1880 4876 Spiritu
1912 4807 2015 4862 Dei
2044 4823 2175 4864 con-

560 4888 721 4957 ditos,
758 4899 811 4946 et
840 4892 1002 4948 totius
1031 4893 1222 4950 mundi
1241 4893 1546 4951 reverentia
1576 4902 1946 4963 consecratos,
1981 4905 2174 4954 metro-

558 4978 834 5052 politanos
863 4981 1201 5055 singularum
1217 4983 1622 5055 provinciarum
1654 4984 2047 5057 episcoposjus
2067 4995 2171 5043 tra-

558 5068 682 5124 ditae
703 5068 806 5125 sibi
829 5070 1126 5142 antiquitus
1146 5071 1430 5144 dignitatis
1448 5073 1832 5130 intemeratum
1848 5075 2052 5131 habere
2073 5076 2169 5132 de-

558 5158 851 5215 cernimus.
874 5179 897 5210 ι
914 5159 994 5215 De
1008 5159 1204 5232 quibus
1217 5161 1514 5217 canonibus
1527 5161 1670 5218 idem
1687 5171 1905 5220 sanctus
1918 5165 2027 5221 Leo
2040 5180 2168 5237 apo-

553 5247 761 5304 stolicae
772 5247 919 5303 sedis
936 5248 1179 5320 pontifex
1198 5264 1309 5306 non
1321 5250 1581 5322 ignorans
1601 5268 1722 5324 quas
1736 5252 1820 5308 sui
1842 5254 2164 5310 decessores

548 5350 612 5393 ac
639 5335 1077 5408 praedecessores
1124 5338 1485 5411 scripserunt,
1531 5341 1600 5395 ad
1630 5342 1947 5399 Anatolium
1981 5343 2113 5399 dicit
2147 5362 2161 5399 :

2276 4623 2404 4679 dicit
2453 4642 2465 4678 :
2512 4626 2657 4681 Deus
2700 4626 2764 4679 in
2804 4626 3067 4698 gradibus
3111 4628 3231 4699 ejus
3278 4631 3643 4699 cognoscatur
3690 4627 3862 4695 (Psal.

2274 4714 2471 4783 XLvn).
2522 4714 2590 4768 Et
2635 4714 2763 4769 item
2808 4732 2822 4769 :
2872 4715 3201 4772 Distribuite
3264 4716 3459 4771 domus
3519 4718 3638 4787 ejus
3686 4713 3863 4785 (ibid.)

2274 4802 2403 4873 quin
2433 4802 2696 4859 Ecclesia:
2724 4802 2815 4859 hic
2842 4804 2975 4859 ordo
3004 4804 3193 4876 procul
3221 4804 3388 4859 dubio
3417 4804 3509 4876 qui
3538 4802 3866 4860 ecclesiasti-

2272 4905 2462 4946 carum
2510 4899 2764 4947 narratur
2793 4893 2846 4947 in
2887 4892 3171 4948 altitudine
3218 4893 3566 4966 dignitatum,
3612 4892 3865 4966 gradibus

2269 4979 2451 5052 utique
2491 4979 2794 5036 distributis
2840 4981 2999 5038 nobis
3048 4982 3477 5056 cognoscibilem
3516 4983 3692 5038 Deum
3730 4980 3865 5047 fieri,

2269 5078 2321 5123 et
2348 5068 2535 5125 tribuit
2561 5085 2685 5127 esse
2716 5078 3005 5128 rectorem.
3059 5071 3215 5141 Quod
3260 5072 3368 5128 Leo
3411 5072 3480 5126 ad
3530 5070 3868 5127 Anastasium

2267 5158 2550 5214 evidenter
2579 5159 2798 5231 exponit
2829 5177 2843 5214 :
2881 5182 2903 5211 α
2940 5160 3056 5216 Etsi
3087 5161 3245 5228 ordo,
3276 5160 3550 5232 inquiens,
3597 5158 3868 5231 generalis

2266 5254 2347 5301 est
2401 5247 2655 5304 omnibus
2702 5249 3103 5317 sacerdotibus,
3164 5264 3276 5305 non
3328 5257 3512 5305 tamen
3570 5248 3868 5305 communis

2264 5343 2349 5390 est
2404 5336 2644 5410 dignitas
2701 5338 2971 5393 omnibus.
3035 5337 3171 5407 Quia
3228 5345 3280 5394 et
3326 5338 3469 5394 inter
3532 5336 3868 5393 beatissimos

553 5446 577 5477 ε
602 5424 716 5493 Illa,
758 5426 1030 5499 inquiens,
1064 5426 1410 5485 Nicaanorum
1464 5445 1731 5487 canonum
1775 5449 1873 5503 per
1912 5441 2163 5488 sanctum
2261 5425 2537 5496 apostolos
2576 5426 2633 5481 in
2681 5426 3029 5482 similitudine
3072 5427 3297 5485 honoris
3346 5425 3443 5483 fuit
3486 5427 3732 5499 quaedam
3777 5425 3862 5479 di-

548 5530 680 5574 vere
691 5515 947 5588 Spiritum
964 5516 1216 5574 ordinata
1232 5520 1470 5576 conditio
1491 5520 1546 5575 in
1558 5521 1708 5577 nulla
1728 5528 1811 5577 est
1829 5530 1983 5594 parte
2005 5522 2161 5578 solu-
2262 5523 2461 5580 scretio
2490 5525 2786 5596 potestatis,
2820 5532 2874 5580 et
2902 5538 3025 5582 cum
3064 5525 3306 5582 omnium
3332 5540 3430 5597 par
3470 5532 3616 5581 esset
3644 5522 3853 5588 electio,
