  <div class='ocr_page' id='page_1' title='image "/cluster/home/n/w/nwhite01/storage/ocr_20150623/126/umn.31951002477419r/320.png"; bbox 0 0 4174 6312; ppageno 0'>
   <div class='ocr_carea' id='block_1_1' title="bbox 379 277 486 333">
    <p class='ocr_par' dir='ltr' id='par_1_1' title="bbox 379 277 486 333">
     <span class='ocr_line' id='line_1_1' title="bbox 379 277 486 333; baseline -0.019 0"><span class='ocrx_word' id='word_1_1' title='bbox 379 277 486 333; x_wconf 82' lang='grc'><strong>53⁸7</strong></span> 
     </span>
    </p>
   </div>
   <div class='ocr_carea' id='block_1_2' title="bbox 1135 269 2822 331">
    <p class='ocr_par' dir='ltr' id='par_1_2' title="bbox 1135 269 2822 331">
     <span class='ocr_line' id='line_1_2' title="bbox 1135 269 2822 331; baseline 0.001 -2"><span class='ocrx_word' id='word_1_2' title='bbox 1135 272 1378 331; x_wconf 90' lang='lat' dir='ltr'><strong>OPUSC.</strong></span> <span class='ocrx_word' id='word_1_3' title='bbox 1410 273 1502 330; x_wconf 91' lang='lat' dir='ltr'><strong>ET</strong></span> <span class='ocrx_word' id='word_1_4' title='bbox 1529 271 1750 330; x_wconf 88' lang='lat' dir='ltr'><strong>EPIST.</strong></span> <span class='ocrx_word' id='word_1_5' title='bbox 1782 270 1858 327; x_wconf 90' lang='lat' dir='ltr'><strong>IN</strong></span> <span class='ocrx_word' id='word_1_6' title='bbox 1886 269 2114 328; x_wconf 79' lang='lat' dir='ltr'><strong>CAUSA</strong></span> <span class='ocrx_word' id='word_1_7' title='bbox 2142 271 2485 330; x_wconf 81' lang='lat' dir='ltr'><strong>HINCMARI</strong></span> <span class='ocrx_word' id='word_1_8' title='bbox 2515 272 2822 330; x_wconf 84' lang='lat' dir='ltr'><strong>LAUDUN.</strong></span> 
     </span>
    </p>
   </div>
   <div class='ocr_carea' id='block_1_3' title="bbox 3575 272 3680 326">
    <p class='ocr_par' dir='ltr' id='par_1_3' title="bbox 3575 272 3680 326">
     <span class='ocr_line' id='line_1_3' title="bbox 3575 272 3680 326; baseline -0.019 0"><span class='ocrx_word' id='word_1_9' title='bbox 3575 272 3680 326; x_wconf 77' lang='lat'><strong>538</strong></span> 
     </span>
    </p>
   </div>
   <div class='ocr_carea' id='block_1_4' title="bbox 383 396 3681 470">
    <p class='ocr_par' dir='ltr' id='par_1_4' title="bbox 383 396 3681 470">
     <span class='ocr_line' id='line_1_4' title="bbox 383 396 3681 470; baseline -0.001 -16"><span class='ocrx_word' id='word_1_10' title='bbox 383 400 476 455; x_wconf 91' lang='lat' dir='ltr'><strong>uni</strong></span> <span class='ocrx_word' id='word_1_11' title='bbox 508 405 692 454; x_wconf 89' lang='lat' dir='ltr'><strong>tamen</strong></span> <span class='ocrx_word' id='word_1_12' title='bbox 722 398 908 455; x_wconf 86' lang='lat' dir='ltr'><strong>datum</strong></span> <span class='ocrx_word' id='word_1_13' title='bbox 938 405 1021 455; x_wconf 77' lang='lat' dir='ltr'><strong>est</strong></span> <span class='ocrx_word' id='word_1_14' title='bbox 1054 405 1110 454; x_wconf 91' lang='lat' dir='ltr'><strong>ut</strong></span> <span class='ocrx_word' id='word_1_15' title='bbox 1127 399 1340 455; x_wconf 83' lang='lat' dir='ltr'><strong>caeteris</strong></span> <span class='ocrx_word' id='word_1_16' title='bbox 1359 398 1750 470; x_wconf 83' lang='lat' dir='ltr'><strong>praeemineret.</strong></span> <span class='ocrx_word' id='word_1_17' title='bbox 1768 397 1851 453; x_wconf 92' lang='lat' dir='ltr'><strong>De</strong></span> <span class='ocrx_word' id='word_1_18' title='bbox 1873 412 1982 469; x_wconf 91' lang='lat' dir='ltr'><strong>qua</strong></span> <span class='ocrx_word' id='word_1_19' title='bbox 2009 396 2332 459; x_wconf 89' lang='lat' dir='ltr'><strong>Ameorum</strong></span> <span class='ocrx_word' id='word_1_20' title='bbox 2361 407 2414 454; x_wconf 91' lang='lat' dir='ltr'><strong>et</strong></span> <span class='ocrx_word' id='word_1_21' title='bbox 2445 406 2658 455; x_wconf 88' lang='lat' dir='ltr'><strong>tuorum</strong></span> <span class='ocrx_word' id='word_1_22' title='bbox 2684 397 3155 470; x_wconf 79' lang='lat' dir='ltr'><strong>praedecessorum</strong></span> <span class='ocrx_word' id='word_1_23' title='bbox 3188 412 3286 454; x_wconf 87' lang='lat' dir='ltr'><strong>sua</strong></span> <span class='ocrx_word' id='word_1_24' title='bbox 3314 403 3441 454; x_wconf 88' lang='lat' dir='ltr'><strong>vota</strong></span> <span class='ocrx_word' id='word_1_25' title='bbox 3469 403 3523 454; x_wconf 89' lang='lat' dir='ltr'><strong>et</strong></span> <span class='ocrx_word' id='word_1_26' title='bbox 3577 396 3681 452; x_wconf 89' lang='lat' dir='ltr'><strong>de-</strong></span> 
     </span>
    </p>
   </div>
   <div class='ocr_carea' id='block_1_5' title="bbox 381 487 1986 560">
    <p class='ocr_par' dir='ltr' id='par_1_5' title="bbox 381 487 1986 560">
     <span class='ocr_line' id='line_1_5' title="bbox 381 487 1986 560; baseline -0.002 -16"><span class='ocrx_word' id='word_1_27' title='bbox 381 488 556 544; x_wconf 85' lang='lat' dir='ltr'><strong>forma</strong></span> <span class='ocrx_word' id='word_1_28' title='bbox 607 488 986 560; x_wconf 91' lang='lat' dir='ltr'><strong>episcoporum</strong></span> <span class='ocrx_word' id='word_1_29' title='bbox 1033 504 1251 560; x_wconf 91' lang='lat' dir='ltr'><strong>quoque</strong></span> <span class='ocrx_word' id='word_1_30' title='bbox 1293 495 1377 544; x_wconf 92' lang='lat' dir='ltr'><strong>est</strong></span> <span class='ocrx_word' id='word_1_31' title='bbox 1423 496 1543 544; x_wconf 86' lang='lat' dir='ltr'><strong>orta</strong></span> <span class='ocrx_word' id='word_1_32' title='bbox 1591 487 1888 554; x_wconf 81' lang='lat' dir='ltr'><strong>distinctio,</strong></span> <span class='ocrx_word' id='word_1_33' title='bbox 1933 493 1986 542; x_wconf 88' lang='lat' dir='ltr'><strong>et</strong></span> 
     </span>
    </p>
   </div>
   <div class='ocr_carea' id='block_1_6' title="bbox 383 575 1986 650">
    <p class='ocr_par' dir='ltr' id='par_1_6' title="bbox 383 575 1986 650">
     <span class='ocr_line' id='line_1_6' title="bbox 383 575 1986 650; baseline -0.001 -18"><span class='ocrx_word' id='word_1_34' title='bbox 383 592 585 650; x_wconf 86' lang='lat' dir='ltr'><strong>magna</strong></span> <span class='ocrx_word' id='word_1_35' title='bbox 641 577 980 634; x_wconf 82' lang='lat' dir='ltr'><strong>ordinatione</strong></span> <span class='ocrx_word' id='word_1_36' title='bbox 1045 577 1327 648; x_wconf 89' lang='lat' dir='ltr'><strong>provisum</strong></span> <span class='ocrx_word' id='word_1_37' title='bbox 1366 585 1448 633; x_wconf 88' lang='lat' dir='ltr'><strong>est</strong></span> <span class='ocrx_word' id='word_1_38' title='bbox 1503 593 1573 632; x_wconf 92' lang='lat' dir='ltr'><strong>ne</strong></span> <span class='ocrx_word' id='word_1_39' title='bbox 1629 591 1820 632; x_wconf 90' lang='lat' dir='ltr'><strong>omnes</strong></span> <span class='ocrx_word' id='word_1_40' title='bbox 1883 575 1986 630; x_wconf 87' lang='lat' dir='ltr'><strong>sibi</strong></span> 
     </span>
    </p>
   </div>
   <div class='ocr_carea' id='block_1_7' title="bbox 386 664 1984 739">
    <p class='ocr_par' dir='ltr' id='par_1_7' title="bbox 386 664 1984 739">
     <span class='ocr_line' id='line_1_7' title="bbox 386 664 1984 739; baseline 0.001 -18"><span class='ocrx_word' id='word_1_41' title='bbox 386 666 571 721; x_wconf 84' lang='lat' dir='ltr'><strong>omnia</strong></span> <span class='ocrx_word' id='word_1_42' title='bbox 598 665 958 733; x_wconf 80' lang='lat' dir='ltr'><strong>vindicarent,</strong></span> <span class='ocrx_word' id='word_1_43' title='bbox 993 667 1091 722; x_wconf 90' lang='lat' dir='ltr'><strong>sed</strong></span> <span class='ocrx_word' id='word_1_44' title='bbox 1121 673 1307 722; x_wconf 88' lang='lat' dir='ltr'><strong>essent</strong></span> <span class='ocrx_word' id='word_1_45' title='bbox 1337 666 1392 721; x_wconf 91' lang='lat' dir='ltr'><strong>in</strong></span> <span class='ocrx_word' id='word_1_46' title='bbox 1421 665 1651 739; x_wconf 83' lang='lat' dir='ltr'><strong>singulis</strong></span> <span class='ocrx_word' id='word_1_47' title='bbox 1688 664 1984 737; x_wconf 80' lang='lat' dir='ltr'><strong>provinciis</strong></span> 
     </span>
    </p>
   </div>
   <div class='ocr_carea' id='block_1_8' title="bbox 387 754 1982 827">
    <p class='ocr_par' dir='ltr' id='par_1_8' title="bbox 387 754 1982 827">
     <span class='ocr_line' id='line_1_8' title="bbox 387 754 1982 827; baseline 0.001 -18"><span class='ocrx_word' id='word_1_48' title='bbox 387 754 588 827; x_wconf 79' lang='lat' dir='ltr'><strong>singuli</strong></span> <span class='ocrx_word' id='word_1_49' title='bbox 617 771 850 826; x_wconf 91' lang='lat' dir='ltr'><strong>quorum</strong></span> <span class='ocrx_word' id='word_1_50' title='bbox 879 756 1018 811; x_wconf 92' lang='lat' dir='ltr'><strong>inter</strong></span> <span class='ocrx_word' id='word_1_51' title='bbox 1053 755 1246 811; x_wconf 84' lang='lat' dir='ltr'><strong>fratres</strong></span> <span class='ocrx_word' id='word_1_52' title='bbox 1290 756 1585 811; x_wconf 86' lang='lat' dir='ltr'><strong>haberetur</strong></span> <span class='ocrx_word' id='word_1_53' title='bbox 1631 755 1805 826; x_wconf 91' lang='lat' dir='ltr'><strong>prima</strong></span> <span class='ocrx_word' id='word_1_54' title='bbox 1853 770 1982 810; x_wconf 89' lang='lat' dir='ltr'><strong>sen-</strong></span> 
     </span>
    </p>
   </div>
   <div class='ocr_carea' id='block_1_9' title="bbox 383 843 1970 916">
    <p class='ocr_par' dir='ltr' id='par_1_9' title="bbox 383 843 1970 916">
     <span class='ocr_line' id='line_1_9' title="bbox 383 843 1970 916; baseline -0.001 -17"><span class='ocrx_word' id='word_1_55' title='bbox 383 844 570 900; x_wconf 87' lang='lat' dir='ltr'><strong>tentia.</strong></span> <span class='ocrx_word' id='word_1_56' title='bbox 626 865 648 893; x_wconf 71' lang='grc' dir='ltr'><strong>ι</strong></span> <span class='ocrx_word' id='word_1_57' title='bbox 691 845 760 899; x_wconf 92' lang='lat' dir='ltr'><strong>Et</strong></span> <span class='ocrx_word' id='word_1_58' title='bbox 797 844 959 916; x_wconf 90' lang='lat' dir='ltr'><strong>paulo</strong></span> <span class='ocrx_word' id='word_1_59' title='bbox 996 853 1165 916; x_wconf 90' lang='lat' dir='ltr'><strong>post:</strong></span> <span class='ocrx_word' id='word_1_60' title='bbox 1212 866 1234 896; x_wconf 71' lang='grc' dir='ltr'><strong>α</strong></span> <span class='ocrx_word' id='word_1_61' title='bbox 1285 843 1389 913; x_wconf 89' lang='lat' dir='ltr'><strong>Qui</strong></span> <span class='ocrx_word' id='word_1_62' title='bbox 1428 860 1564 916; x_wconf 86' lang='lat' dir='ltr'><strong>ergo</strong></span> <span class='ocrx_word' id='word_1_63' title='bbox 1605 844 1706 900; x_wconf 88' lang='lat' dir='ltr'><strong>scit</strong></span> <span class='ocrx_word' id='word_1_64' title='bbox 1744 860 1802 899; x_wconf 93' lang='lat' dir='ltr'><strong>se</strong></span> <span class='ocrx_word' id='word_1_65' title='bbox 1857 844 1970 916; x_wconf 91' lang='lat' dir='ltr'><strong>qui-</strong></span> 
     </span>
    </p>
   </div>
   <div class='ocr_carea' id='block_1_10' title="bbox 382 932 1983 1006">
    <p class='ocr_par' dir='ltr' id='par_1_10' title="bbox 382 932 1983 1006">
     <span class='ocr_line' id='line_1_10' title="bbox 382 932 1983 1006; baseline -0.001 -18"><span class='ocrx_word' id='word_1_66' title='bbox 382 933 615 988; x_wconf 87' lang='lat' dir='ltr'><strong>busdam</strong></span> <span class='ocrx_word' id='word_1_67' title='bbox 644 934 992 1004; x_wconf 70' lang='lat' dir='ltr'><strong>praepositum</strong></span> <span class='ocrx_word' id='word_1_68' title='bbox 1025 950 1135 989; x_wconf 92' lang='lat' dir='ltr'><strong>non</strong></span> <span class='ocrx_word' id='word_1_69' title='bbox 1163 933 1390 989; x_wconf 89' lang='lat' dir='ltr'><strong>moleste</strong></span> <span class='ocrx_word' id='word_1_70' title='bbox 1423 933 1555 988; x_wconf 88' lang='lat' dir='ltr'><strong>ferat</strong></span> <span class='ocrx_word' id='word_1_71' title='bbox 1594 933 1830 1006; x_wconf 85' lang='lat' dir='ltr'><strong>aliquem</strong></span> <span class='ocrx_word' id='word_1_72' title='bbox 1879 932 1983 988; x_wconf 91' lang='lat' dir='ltr'><strong>sibi</strong></span> 
     </span>
    </p>
   </div>
   <div class='ocr_carea' id='block_1_11' title="bbox 380 1021 1983 1095">
    <p class='ocr_par' dir='ltr' id='par_1_11' title="bbox 380 1021 1983 1095">
     <span class='ocr_line' id='line_1_11' title="bbox 380 1021 1983 1095; baseline -0.001 -17"><span class='ocrx_word' id='word_1_73' title='bbox 380 1038 504 1078; x_wconf 89' lang='lat' dir='ltr'><strong>esse</strong></span> <span class='ocrx_word' id='word_1_74' title='bbox 557 1022 856 1094; x_wconf 65' lang='lat' dir='ltr'><strong>prmlatum,</strong></span> <span class='ocrx_word' id='word_1_75' title='bbox 890 1023 988 1078; x_wconf 91' lang='lat' dir='ltr'><strong>sed</strong></span> <span class='ocrx_word' id='word_1_76' title='bbox 1043 1022 1404 1078; x_wconf 87' lang='lat' dir='ltr'><strong>obedientiam</strong></span> <span class='ocrx_word' id='word_1_77' title='bbox 1433 1038 1595 1095; x_wconf 90' lang='lat' dir='ltr'><strong>quam</strong></span> <span class='ocrx_word' id='word_1_78' title='bbox 1627 1021 1791 1095; x_wconf 83' lang='lat' dir='ltr'><strong>exigit</strong></span> <span class='ocrx_word' id='word_1_79' title='bbox 1821 1021 1983 1077; x_wconf 90' lang='lat' dir='ltr'><strong>etiam</strong></span> 
     </span>
    </p>
   </div>
   <div class='ocr_carea' id='block_1_12' title="bbox 384 1111 885 1182">
    <p class='ocr_par' dir='ltr' id='par_1_12' title="bbox 384 1111 885 1182">
     <span class='ocr_line' id='line_1_12' title="bbox 384 1111 885 1182; baseline -0.004 -17"><span class='ocrx_word' id='word_1_80' title='bbox 384 1111 502 1182; x_wconf 91' lang='lat' dir='ltr'><strong>ipse</strong></span> <span class='ocrx_word' id='word_1_81' title='bbox 533 1111 824 1182; x_wconf 88' lang='lat' dir='ltr'><strong>dependat.</strong></span> <span class='ocrx_word' id='word_1_82' title='bbox 862 1132 885 1162; x_wconf 68' lang='grc' dir='ltr'><strong><em>ι</em></strong></span> 
     </span>
    </p>
   </div>
   <div class='ocr_carea' id='block_1_13' title="bbox 456 1199 1983 1272">
    <p class='ocr_par' dir='ltr' id='par_1_13' title="bbox 456 1199 1983 1272">
     <span class='ocr_line' id='line_1_13' title="bbox 456 1199 1983 1272; baseline 0.001 -18"><span class='ocrx_word' id='word_1_83' title='bbox 456 1201 523 1255; x_wconf 87' lang='lat' dir='ltr'><strong>Et</strong></span> <span class='ocrx_word' id='word_1_84' title='bbox 553 1199 868 1255; x_wconf 85' lang='lat' dir='ltr'><strong>Africanum</strong></span> <span class='ocrx_word' id='word_1_85' title='bbox 900 1199 1189 1257; x_wconf 91' lang='lat' dir='ltr'><strong>concilium</strong></span> <span class='ocrx_word' id='word_1_86' title='bbox 1217 1199 1458 1256; x_wconf 86' lang='lat' dir='ltr'><strong>decrevit</strong></span> <span class='ocrx_word' id='word_1_87' title='bbox 1503 1207 1560 1254; x_wconf 93' lang='lat' dir='ltr'><strong>ut</strong></span> <span class='ocrx_word' id='word_1_88' title='bbox 1607 1199 1900 1272; x_wconf 90' lang='lat' dir='ltr'><strong>episcopus</strong></span> <span class='ocrx_word' id='word_1_89' title='bbox 1948 1214 1983 1256; x_wconf 89' lang='lat' dir='ltr'><strong>a</strong></span> 
     </span>
    </p>
   </div>
   <div class='ocr_carea' id='block_1_14' title="bbox 383 1297 1979 1370">
    <p class='ocr_par' dir='ltr' id='par_1_14' title="bbox 383 1297 1979 1370">
     <span class='ocr_line' id='line_1_14' title="bbox 383 1297 1979 1370; baseline 0.001 -19"><span class='ocrx_word' id='word_1_90' title='bbox 383 1297 620 1368; x_wconf 90' lang='lat' dir='ltr'><strong>primate</strong></span> <span class='ocrx_word' id='word_1_91' title='bbox 641 1313 738 1352; x_wconf 90' lang='lat' dir='ltr'><strong>suo</strong></span> <span class='ocrx_word' id='word_1_92' title='bbox 759 1305 984 1354; x_wconf 88' lang='lat' dir='ltr'><strong>vocatus</strong></span> <span class='ocrx_word' id='word_1_93' title='bbox 1003 1298 1072 1352; x_wconf 91' lang='lat' dir='ltr'><strong>ad</strong></span> <span class='ocrx_word' id='word_1_94' title='bbox 1089 1298 1356 1370; x_wconf 85' lang='lat' dir='ltr'><strong>synodum</strong></span> <span class='ocrx_word' id='word_1_95' title='bbox 1374 1304 1744 1368; x_wconf 87' lang='lat' dir='ltr'><strong>competenter</strong></span> <span class='ocrx_word' id='word_1_96' title='bbox 1779 1312 1979 1354; x_wconf 89' lang='lat' dir='ltr'><strong>occur-</strong></span> 
     </span>
    </p>
   </div>
   <div class='ocr_carea' id='block_1_15' title="bbox 385 1386 1981 1458">
    <p class='ocr_par' dir='ltr' id='par_1_15' title="bbox 385 1386 1981 1458">
     <span class='ocr_line' id='line_1_15' title="bbox 385 1386 1981 1458; baseline 0.001 -17"><span class='ocrx_word' id='word_1_97' title='bbox 385 1394 465 1441; x_wconf 87' lang='lat' dir='ltr'><strong>rat</strong></span> <span class='ocrx_word' id='word_1_98' title='bbox 499 1404 512 1440; x_wconf 92' lang='lat'>:</span> <span class='ocrx_word' id='word_1_99' title='bbox 544 1387 686 1458; x_wconf 89' lang='lat' dir='ltr'><strong>quod</strong></span> <span class='ocrx_word' id='word_1_100' title='bbox 720 1386 766 1441; x_wconf 93' lang='lat' dir='ltr'><strong>si</strong></span> <span class='ocrx_word' id='word_1_101' title='bbox 794 1402 902 1441; x_wconf 93' lang='lat' dir='ltr'><strong>non</strong></span> <span class='ocrx_word' id='word_1_102' title='bbox 932 1386 1166 1456; x_wconf 89' lang='lat' dir='ltr'><strong>potuerit</strong></span> <span class='ocrx_word' id='word_1_103' title='bbox 1213 1402 1500 1442; x_wconf 91' lang='lat' dir='ltr'><strong>occurrere</strong></span> <span class='ocrx_word' id='word_1_104' title='bbox 1553 1386 1659 1441; x_wconf 89' lang='lat' dir='ltr'><strong>nisi</strong></span> <span class='ocrx_word' id='word_1_105' title='bbox 1716 1387 1981 1442; x_wconf 88' lang='lat' dir='ltr'><strong>rationem</strong></span> 
     </span>
    </p>
   </div>
   <div class='ocr_carea' id='block_1_16' title="bbox 383 1461 1977 1546">
    <p class='ocr_par' dir='ltr' id='par_1_16' title="bbox 383 1461 1977 1546">
     <span class='ocr_line' id='line_1_16' title="bbox 383 1461 1977 1546; baseline 0.001 -18"><span class='ocrx_word' id='word_1_106' title='bbox 383 1461 758 1546; x_wconf 80' lang='lat' dir='ltr'><strong>impedimenti</strong></span> <span class='ocrx_word' id='word_1_107' title='bbox 790 1473 872 1528; x_wconf 90' lang='lat' dir='ltr'><strong>sui</strong></span> <span class='ocrx_word' id='word_1_108' title='bbox 902 1475 1044 1546; x_wconf 90' lang='lat' dir='ltr'><strong>apud</strong></span> <span class='ocrx_word' id='word_1_109' title='bbox 1100 1491 1256 1529; x_wconf 91' lang='lat' dir='ltr'><strong>suum</strong></span> <span class='ocrx_word' id='word_1_110' title='bbox 1314 1474 1605 1546; x_wconf 87' lang='lat' dir='ltr'><strong>primatem</strong></span> <span class='ocrx_word' id='word_1_111' title='bbox 1661 1474 1977 1542; x_wconf 88' lang='lat' dir='ltr'><strong>reddiderit,</strong></span> 
     </span>
    </p>
   </div>
   <div class='ocr_carea' id='block_1_17' title="bbox 384 1563 1976 1632">
    <p class='ocr_par' dir='ltr' id='par_1_17' title="bbox 384 1563 1976 1632">
     <span class='ocr_line' id='line_1_17' title="bbox 384 1563 1976 1632; baseline 0 -14"><span class='ocrx_word' id='word_1_112' title='bbox 384 1563 633 1619; x_wconf 69' lang='lat' dir='ltr'><strong>ecclesiae</strong></span> <span class='ocrx_word' id='word_1_113' title='bbox 662 1580 774 1619; x_wconf 61' lang='lat' dir='ltr'><strong>sum</strong></span> <span class='ocrx_word' id='word_1_114' title='bbox 804 1563 1181 1619; x_wconf 91' lang='lat' dir='ltr'><strong>communione</strong></span> <span class='ocrx_word' id='word_1_115' title='bbox 1211 1564 1413 1618; x_wconf 91' lang='lat' dir='ltr'><strong>debere</strong></span> <span class='ocrx_word' id='word_1_116' title='bbox 1457 1581 1578 1619; x_wconf 88' lang='lat' dir='ltr'><strong>esse</strong></span> <span class='ocrx_word' id='word_1_117' title='bbox 1625 1571 1937 1620; x_wconf 91' lang='lat' dir='ltr'><strong>contentum</strong></span> <span class='ocrx_word' id='word_1_118' title='bbox 1961 1585 1976 1632; x_wconf 88' lang='lat'><strong>;</strong></span> 
     </span>
    </p>
   </div>
   <div class='ocr_carea' id='block_1_18' title="bbox 380 1651 1979 1724">
    <p class='ocr_par' dir='ltr' id='par_1_18' title="bbox 380 1651 1979 1724">
     <span class='ocr_line' id='line_1_18' title="bbox 380 1651 1979 1724; baseline 0.001 -16"><span class='ocrx_word' id='word_1_119' title='bbox 380 1659 434 1708; x_wconf 91' lang='lat' dir='ltr'><strong>et</strong></span> <span class='ocrx_word' id='word_1_120' title='bbox 464 1652 556 1724; x_wconf 89' lang='lat' dir='ltr'><strong>qui</strong></span> <span class='ocrx_word' id='word_1_121' title='bbox 583 1667 693 1707; x_wconf 91' lang='lat' dir='ltr'><strong>non</strong></span> <span class='ocrx_word' id='word_1_122' title='bbox 721 1651 882 1708; x_wconf 87' lang='lat' dir='ltr'><strong>fuerit</strong></span> <span class='ocrx_word' id='word_1_123' title='bbox 915 1668 1146 1708; x_wconf 92' lang='lat' dir='ltr'><strong>concors</strong></span> <span class='ocrx_word' id='word_1_124' title='bbox 1177 1652 1321 1708; x_wconf 91' lang='lat' dir='ltr'><strong>circa</strong></span> <span class='ocrx_word' id='word_1_125' title='bbox 1370 1653 1838 1724; x_wconf 89' lang='lat' dir='ltr'><strong>metropolitanam</strong></span> <span class='ocrx_word' id='word_1_126' title='bbox 1885 1671 1979 1710; x_wconf 92' lang='lat' dir='ltr'><strong>ec-</strong></span> 
     </span>
    </p>
   </div>
   <div class='ocr_carea' id='block_1_19' title="bbox 2087 484 3681 559">
    <p class='ocr_par' dir='ltr' id='par_1_19' title="bbox 2087 484 3681 559">
     <span class='ocr_line' id='line_1_19' title="bbox 2087 484 3681 559; baseline -0.002 -16"><span class='ocrx_word' id='word_1_127' title='bbox 2087 487 2255 543; x_wconf 91' lang='lat' dir='ltr'><strong>cimas</strong></span> <span class='ocrx_word' id='word_1_128' title='bbox 2285 487 2391 559; x_wconf 89' lang='lat' dir='ltr'><strong>ipsi</strong></span> <span class='ocrx_word' id='word_1_129' title='bbox 2429 495 2483 543; x_wconf 90' lang='lat' dir='ltr'><strong>et</strong></span> <span class='ocrx_word' id='word_1_130' title='bbox 2511 487 2595 542; x_wconf 92' lang='lat' dir='ltr'><strong>sui</strong></span> <span class='ocrx_word' id='word_1_131' title='bbox 2633 487 3069 559; x_wconf 65' lang='lat' dir='ltr'><strong>praedecessores</strong></span> <span class='ocrx_word' id='word_1_132' title='bbox 3099 487 3459 553; x_wconf 89' lang='lat' dir='ltr'><strong>contulerunt,</strong></span> <span class='ocrx_word' id='word_1_133' title='bbox 3493 493 3546 542; x_wconf 90' lang='lat' dir='ltr'><strong>et</strong></span> <span class='ocrx_word' id='word_1_134' title='bbox 3583 484 3681 540; x_wconf 90' lang='lat' dir='ltr'><strong>tibi</strong></span> 
     </span>
    </p>
   </div>
   <div class='ocr_carea' id='block_1_20' title="bbox 2085 573 3678 648">
    <p class='ocr_par' dir='ltr' id='par_1_20' title="bbox 2085 573 3678 648">
     <span class='ocr_line' id='line_1_20' title="bbox 2085 573 3678 648; baseline 0 -18"><span class='ocrx_word' id='word_1_135' title='bbox 2085 575 2410 648; x_wconf 89' lang='lat' dir='ltr'><strong>obsequium</strong></span> <span class='ocrx_word' id='word_1_136' title='bbox 2442 577 2796 633; x_wconf 86' lang='lat' dir='ltr'><strong>sacerdotalis</strong></span> <span class='ocrx_word' id='word_1_137' title='bbox 2845 575 3005 631; x_wconf 80' lang='lat' dir='ltr'><strong>officii</strong></span> <span class='ocrx_word' id='word_1_138' title='bbox 3050 576 3354 631; x_wconf 88' lang='lat' dir='ltr'><strong>habuerunt</strong></span> <span class='ocrx_word' id='word_1_139' title='bbox 3399 591 3570 648; x_wconf 88' lang='lat' dir='ltr'><strong>usque</strong></span> <span class='ocrx_word' id='word_1_140' title='bbox 3609 573 3678 630; x_wconf 87' lang='lat' dir='ltr'><strong>ad</strong></span> 
     </span>
    </p>
   </div>
   <div class='ocr_carea' id='block_1_21' title="bbox 2083 664 3676 736">
    <p class='ocr_par' dir='ltr' id='par_1_21' title="bbox 2083 664 3676 736">
     <span class='ocr_line' id='line_1_21' title="bbox 2083 664 3676 736; baseline 0 -17"><span class='ocrx_word' id='word_1_141' title='bbox 2083 665 2372 736; x_wconf 78' lang='lat' dir='ltr'><strong>praesentis</strong></span> <span class='ocrx_word' id='word_1_142' title='bbox 2410 665 2538 721; x_wconf 90' lang='lat' dir='ltr'><strong>anni</strong></span> <span class='ocrx_word' id='word_1_143' title='bbox 2591 668 2692 721; x_wconf 89' lang='lat'><strong>860</strong></span> <span class='ocrx_word' id='word_1_144' title='bbox 2746 665 2918 721; x_wconf 58' lang='lat' dir='ltr'><strong>tertia</strong></span> <span class='ocrx_word' id='word_1_145' title='bbox 2973 664 3284 720; x_wconf 89' lang='lat' dir='ltr'><strong>indictionis</strong></span> <span class='ocrx_word' id='word_1_146' title='bbox 3330 665 3474 736; x_wconf 85' lang='lat' dir='ltr'><strong>prid.</strong></span> <span class='ocrx_word' id='word_1_147' title='bbox 3531 665 3676 720; x_wconf 88' lang='lat' dir='ltr'><strong>Non.</strong></span> 
     </span>
    </p>
   </div>
   <div class='ocr_carea' id='block_1_22' title="bbox 2084 754 3678 827">
    <p class='ocr_par' dir='ltr' id='par_1_22' title="bbox 2084 754 3678 827">
     <span class='ocr_line' id='line_1_22' title="bbox 2084 754 3678 827; baseline 0 -19"><span class='ocrx_word' id='word_1_148' title='bbox 2084 754 2246 809; x_wconf 92' lang='lat' dir='ltr'><strong>Febr.</strong></span> <span class='ocrx_word' id='word_1_149' title='bbox 2280 771 2475 827; x_wconf 88' lang='lat' dir='ltr'><strong>nempe</strong></span> <span class='ocrx_word' id='word_1_150' title='bbox 2506 771 2607 810; x_wconf 90' lang='lat' dir='ltr'><strong>nec</strong></span> <span class='ocrx_word' id='word_1_151' title='bbox 2643 755 2870 810; x_wconf 83' lang='lat' dir='ltr'><strong>missam</strong></span> <span class='ocrx_word' id='word_1_152' title='bbox 2899 754 3110 823; x_wconf 88' lang='lat' dir='ltr'><strong>audire,</strong></span> <span class='ocrx_word' id='word_1_153' title='bbox 3169 770 3272 809; x_wconf 93' lang='lat' dir='ltr'><strong>nec</strong></span> <span class='ocrx_word' id='word_1_154' title='bbox 3326 754 3381 808; x_wconf 90' lang='lat' dir='ltr'><strong>in</strong></span> <span class='ocrx_word' id='word_1_155' title='bbox 3437 761 3678 825; x_wconf 90' lang='lat' dir='ltr'><strong>tempore</strong></span> 
     </span>
    </p>
   </div>
   <div class='ocr_carea' id='block_1_23' title="bbox 2081 841 3678 915">
    <p class='ocr_par' dir='ltr' id='par_1_23' title="bbox 2081 841 3678 915">
     <span class='ocr_line' id='line_1_23' title="bbox 2081 841 3678 915; baseline 0 -19"><span class='ocrx_word' id='word_1_156' title='bbox 2081 842 2444 910; x_wconf 89' lang='lat' dir='ltr'><strong>necessitatis,</strong></span> <span class='ocrx_word' id='word_1_157' title='bbox 2497 843 2632 900; x_wconf 92' lang='lat' dir='ltr'><strong>sicut</strong></span> <span class='ocrx_word' id='word_1_158' title='bbox 2678 859 2852 900; x_wconf 70' lang='lat' dir='ltr'><strong>sacrae</strong></span> <span class='ocrx_word' id='word_1_159' title='bbox 2888 842 3094 915; x_wconf 76' lang='lat' dir='ltr'><strong>regulae</strong></span> <span class='ocrx_word' id='word_1_160' title='bbox 3150 841 3443 915; x_wconf 82' lang='lat' dir='ltr'><strong>praeﬁgunt</strong></span> <span class='ocrx_word' id='word_1_161' title='bbox 3489 857 3678 897; x_wconf 89' lang='lat' dir='ltr'><strong>eorum</strong></span> 
     </span>
    </p>
   </div>
   <div class='ocr_carea' id='block_1_24' title="bbox 2077 930 3675 1004">
    <p class='ocr_par' dir='ltr' id='par_1_24' title="bbox 2077 930 3675 1004">
     <span class='ocr_line' id='line_1_24' title="bbox 2077 930 3675 1004; baseline -0.001 -19"><span class='ocrx_word' id='word_1_162' title='bbox 2077 930 2313 987; x_wconf 85' lang='lat' dir='ltr'><strong>infantes</strong></span> <span class='ocrx_word' id='word_1_163' title='bbox 2349 932 2679 1004; x_wconf 86' lang='lat' dir='ltr'><strong>baptismum</strong></span> <span class='ocrx_word' id='word_1_164' title='bbox 2731 932 3000 1003; x_wconf 86' lang='lat' dir='ltr'><strong>accipere,</strong></span> <span class='ocrx_word' id='word_1_165' title='bbox 3061 946 3164 987; x_wconf 91' lang='lat' dir='ltr'><strong>nec</strong></span> <span class='ocrx_word' id='word_1_166' title='bbox 3226 931 3387 985; x_wconf 90' lang='lat' dir='ltr'><strong>etiam</strong></span> <span class='ocrx_word' id='word_1_167' title='bbox 3410 930 3675 986; x_wconf 89' lang='lat' dir='ltr'><strong>obeuntes</strong></span> 
     </span>
    </p>
   </div>
   <div class='ocr_carea' id='block_1_25' title="bbox 2082 1017 3682 1076">
    <p class='ocr_par' dir='ltr' id='par_1_25' title="bbox 2082 1017 3682 1076">
     <span class='ocr_line' id='line_1_25' title="bbox 2082 1017 3682 1076; baseline -0.003 0"><span class='ocrx_word' id='word_1_168' title='bbox 2082 1020 2456 1076; x_wconf 86' lang='lat' dir='ltr'><strong>confessiones</strong></span> <span class='ocrx_word' id='word_1_169' title='bbox 2486 1021 2732 1076; x_wconf 88' lang='lat' dir='ltr'><strong>etviatici</strong></span> <span class='ocrx_word' id='word_1_170' title='bbox 2752 1020 2992 1076; x_wconf 89' lang='lat' dir='ltr'><strong>muneris</strong></span> <span class='ocrx_word' id='word_1_171' title='bbox 3013 1019 3454 1076; x_wconf 88' lang='lat' dir='ltr'><strong>reconciliatione</strong></span> <span class='ocrx_word' id='word_1_172' title='bbox 3484 1017 3682 1074; x_wconf 87' lang='lat' dir='ltr'><strong>salvari</strong></span> 
     </span>
    </p>
   </div>
   <div class='ocr_carea' id='block_1_26' title="bbox 2081 1107 3679 1181">
    <p class='ocr_par' dir='ltr' id='par_1_26' title="bbox 2081 1107 3679 1181">
     <span class='ocr_line' id='line_1_26' title="bbox 2081 1107 3679 1181; baseline -0.003 -17"><span class='ocrx_word' id='word_1_173' title='bbox 2081 1109 2291 1180; x_wconf 83' lang='lat' dir='ltr'><strong>possint</strong></span> <span class='ocrx_word' id='word_1_174' title='bbox 2325 1127 2338 1164; x_wconf 93' lang='lat'>:</span> <span class='ocrx_word' id='word_1_175' title='bbox 2372 1110 2557 1165; x_wconf 91' lang='lat' dir='ltr'><strong>dicunt</strong></span> <span class='ocrx_word' id='word_1_176' title='bbox 2588 1110 2730 1165; x_wconf 88' lang='lat' dir='ltr'><strong>enim</strong></span> <span class='ocrx_word' id='word_1_177' title='bbox 2763 1109 2888 1181; x_wconf 89' lang='lat' dir='ltr'><strong>quia</strong></span> <span class='ocrx_word' id='word_1_178' title='bbox 2919 1125 2982 1164; x_wconf 88' lang='lat' dir='ltr'><strong>ex</strong></span> <span class='ocrx_word' id='word_1_179' title='bbox 3013 1125 3120 1181; x_wconf 91' lang='lat' dir='ltr'><strong>quo</strong></span> <span class='ocrx_word' id='word_1_180' title='bbox 3149 1107 3444 1163; x_wconf 89' lang='lat' dir='ltr'><strong>memorari</strong></span> <span class='ocrx_word' id='word_1_181' title='bbox 3481 1107 3548 1161; x_wconf 93' lang='lat' dir='ltr'><strong>ab</strong></span> <span class='ocrx_word' id='word_1_182' title='bbox 3592 1107 3679 1160; x_wconf 88' lang='lat' dir='ltr'><strong>his</strong></span> 
     </span>
    </p>
   </div>
   <div class='ocr_carea' id='block_1_27' title="bbox 2051 1195 3680 1270">
    <p class='ocr_par' dir='ltr' id='par_1_27' title="bbox 2051 1195 3680 1270">
     <span class='ocr_line' id='line_1_27' title="bbox 2051 1195 3680 1270; baseline -0.001 -20"><span class='ocrx_word' id='word_1_183' title='bbox 2051 1198 2173 1268; x_wconf 92' lang='lat' dir='ltr'><strong>.qui</strong></span> <span class='ocrx_word' id='word_1_184' title='bbox 2200 1197 2256 1251; x_wconf 90' lang='lat' dir='ltr'><strong>in</strong></span> <span class='ocrx_word' id='word_1_185' title='bbox 2286 1213 2452 1254; x_wconf 89' lang='lat' dir='ltr'><strong>carne</strong></span> <span class='ocrx_word' id='word_1_186' title='bbox 2485 1206 2608 1253; x_wconf 91' lang='lat' dir='ltr'><strong>sunt</strong></span> <span class='ocrx_word' id='word_1_187' title='bbox 2636 1206 2833 1270; x_wconf 90' lang='lat' dir='ltr'><strong>potest,</strong></span> <span class='ocrx_word' id='word_1_188' title='bbox 2869 1197 3126 1270; x_wconf 90' lang='lat' dir='ltr'><strong>quoniam</strong></span> <span class='ocrx_word' id='word_1_189' title='bbox 3157 1197 3280 1268; x_wconf 88' lang='lat' dir='ltr'><strong>ipsa</strong></span> <span class='ocrx_word' id='word_1_190' title='bbox 3308 1195 3538 1252; x_wconf 89' lang='lat' dir='ltr'><strong>ecclesia</strong></span> <span class='ocrx_word' id='word_1_191' title='bbox 3581 1211 3680 1266; x_wconf 91' lang='lat' dir='ltr'><strong>per</strong></span> 
     </span>
    </p>
   </div>
   <div class='ocr_carea' id='block_1_28' title="bbox 2081 1284 3674 1358">
    <p class='ocr_par' dir='ltr' id='par_1_28' title="bbox 2081 1284 3674 1358">
     <span class='ocr_line' id='line_1_28' title="bbox 2081 1284 3674 1358; baseline 0 -18"><span class='ocrx_word' id='word_1_192' title='bbox 2081 1303 2140 1342; x_wconf 94' lang='lat' dir='ltr'><strong>se</strong></span> <span class='ocrx_word' id='word_1_193' title='bbox 2169 1285 2265 1341; x_wconf 89' lang='lat' dir='ltr'><strong>fuit</strong></span> <span class='ocrx_word' id='word_1_194' title='bbox 2294 1303 2530 1358; x_wconf 89' lang='lat' dir='ltr'><strong>semper,</strong></span> <span class='ocrx_word' id='word_1_195' title='bbox 2565 1295 2618 1342; x_wconf 87' lang='lat' dir='ltr'><strong>et</strong></span> <span class='ocrx_word' id='word_1_196' title='bbox 2646 1287 2777 1342; x_wconf 89' lang='lat' dir='ltr'><strong>nulli</strong></span> <span class='ocrx_word' id='word_1_197' title='bbox 2808 1287 2958 1342; x_wconf 86' lang='lat' dir='ltr'><strong>alteri</strong></span> <span class='ocrx_word' id='word_1_198' title='bbox 2979 1287 3229 1342; x_wconf 70' lang='lat' dir='ltr'><strong>ecclesiae</strong></span> <span class='ocrx_word' id='word_1_199' title='bbox 3275 1285 3374 1340; x_wconf 85' lang='lat' dir='ltr'><strong>fuit</strong></span> <span class='ocrx_word' id='word_1_200' title='bbox 3414 1284 3674 1354; x_wconf 85' lang='lat' dir='ltr'><strong>subjecta.</strong></span> 
     </span>
    </p>
   </div>
   <div class='ocr_carea' id='block_1_29' title="bbox 2079 1372 3679 1447">
    <p class='ocr_par' dir='ltr' id='par_1_29' title="bbox 2079 1372 3679 1447">
     <span class='ocr_line' id='line_1_29' title="bbox 2079 1372 3679 1447; baseline -0.001 -17"><span class='ocrx_word' id='word_1_201' title='bbox 2079 1376 2220 1430; x_wconf 89' lang='lat' dir='ltr'><strong>Nam</strong></span> <span class='ocrx_word' id='word_1_202' title='bbox 2241 1382 2482 1447; x_wconf 92' lang='lat' dir='ltr'><strong>tempore</strong></span> <span class='ocrx_word' id='word_1_203' title='bbox 2499 1376 2694 1447; x_wconf 90' lang='lat' dir='ltr'><strong>Tilpini</strong></span> <span class='ocrx_word' id='word_1_204' title='bbox 2711 1377 3038 1432; x_wconf 84' lang='lat' dir='ltr'><strong>Rhemorum</strong></span> <span class='ocrx_word' id='word_1_205' title='bbox 3051 1373 3445 1446; x_wconf 86' lang='lat' dir='ltr'><strong>archiepiscopi</strong></span> <span class='ocrx_word' id='word_1_206' title='bbox 3461 1372 3679 1447; x_wconf 88' lang='lat' dir='ltr'><strong>quando</strong></span> 
     </span>
    </p>
   </div>
   <div class='ocr_carea' id='block_1_30' title="bbox 2079 1463 3680 1535">
    <p class='ocr_par' dir='ltr' id='par_1_30' title="bbox 2079 1463 3680 1535">
     <span class='ocr_line' id='line_1_30' title="bbox 2079 1463 3680 1535; baseline -0.001 -16"><span class='ocrx_word' id='word_1_207' title='bbox 2079 1463 2340 1520; x_wconf 85' lang='lat' dir='ltr'><strong>Rodulfus</strong></span> <span class='ocrx_word' id='word_1_208' title='bbox 2369 1482 2503 1520; x_wconf 86' lang='lat' dir='ltr'><strong>avus</strong></span> <span class='ocrx_word' id='word_1_209' title='bbox 2533 1465 2747 1520; x_wconf 90' lang='lat' dir='ltr'><strong>Parduli</strong></span> <span class='ocrx_word' id='word_1_210' title='bbox 2792 1463 3167 1520; x_wconf 90' lang='lat' dir='ltr'><strong>Laudunensis</strong></span> <span class='ocrx_word' id='word_1_211' title='bbox 3216 1463 3460 1535; x_wconf 91' lang='lat' dir='ltr'><strong>episcopi</strong></span> <span class='ocrx_word' id='word_1_212' title='bbox 3501 1463 3680 1534; x_wconf 89' lang='lat' dir='ltr'><strong>ipsam</strong></span> 
     </span>
    </p>
   </div>
   <div class='ocr_carea' id='block_1_31' title="bbox 2080 1550 3680 1625">
    <p class='ocr_par' dir='ltr' id='par_1_31' title="bbox 2080 1550 3680 1625">
     <span class='ocr_line' id='line_1_31' title="bbox 2080 1550 3680 1625; baseline -0.001 -19"><span class='ocrx_word' id='word_1_213' title='bbox 2080 1552 2263 1607; x_wconf 88' lang='lat' dir='ltr'><strong>villam</strong></span> <span class='ocrx_word' id='word_1_214' title='bbox 2292 1553 2349 1607; x_wconf 92' lang='lat' dir='ltr'><strong>in</strong></span> <span class='ocrx_word' id='word_1_215' title='bbox 2374 1553 2641 1609; x_wconf 86' lang='lat' dir='ltr'><strong>beneficio</strong></span> <span class='ocrx_word' id='word_1_216' title='bbox 2672 1553 2880 1621; x_wconf 87' lang='lat' dir='ltr'><strong>habuit,</strong></span> <span class='ocrx_word' id='word_1_217' title='bbox 2925 1553 3025 1607; x_wconf 88' lang='lat' dir='ltr'><strong>fuit</strong></span> <span class='ocrx_word' id='word_1_218' title='bbox 3071 1553 3126 1607; x_wconf 94' lang='lat' dir='ltr'><strong>in</strong></span> <span class='ocrx_word' id='word_1_219' title='bbox 3175 1552 3398 1625; x_wconf 65' lang='lat' dir='ltr'><strong>praefata</strong></span> <span class='ocrx_word' id='word_1_220' title='bbox 3445 1550 3680 1607; x_wconf 87' lang='lat' dir='ltr'><strong>ecclesia</strong></span> 
     </span>
    </p>
   </div>
   <div class='ocr_carea' id='block_1_32' title="bbox 2080 1632 3680 1714">
    <p class='ocr_par' dir='ltr' id='par_1_32' title="bbox 2080 1632 3680 1714">
     <span class='ocr_line' id='line_1_32' title="bbox 2080 1632 3680 1714; baseline -0.001 -19"><span class='ocrx_word' id='word_1_221' title='bbox 2080 1641 2329 1696; x_wconf 89' lang='lat' dir='ltr'><strong>Ferterus</strong></span> <span class='ocrx_word' id='word_1_222' title='bbox 2354 1643 2663 1714; x_wconf 87' lang='lat' dir='ltr'><strong>presbyter.</strong></span> <span class='ocrx_word' id='word_1_223' title='bbox 2696 1642 2825 1697; x_wconf 89' lang='lat' dir='ltr'><strong>Post</strong></span> <span class='ocrx_word' id='word_1_224' title='bbox 2854 1632 3059 1697; x_wconf 86' lang='lat' dir='ltr'><strong>obitum</strong></span> <span class='ocrx_word' id='word_1_225' title='bbox 3089 1640 3301 1697; x_wconf 86' lang='lat' dir='ltr'><strong>Ferteri</strong></span> <span class='ocrx_word' id='word_1_226' title='bbox 3329 1639 3427 1694; x_wconf 85' lang='lat' dir='ltr'><strong>fuit</strong></span> <span class='ocrx_word' id='word_1_227' title='bbox 3455 1640 3512 1694; x_wconf 90' lang='lat' dir='ltr'><strong>in</strong></span> <span class='ocrx_word' id='word_1_228' title='bbox 3558 1639 3680 1710; x_wconf 88' lang='lat' dir='ltr'><strong>ipsa</strong></span> 
     </span>
    </p>
   </div>
   <div class='ocr_carea' id='block_1_33' title="bbox 381 1727 1991 1820">
    <p class='ocr_par' dir='ltr' id='par_1_33' title="bbox 381 1740 1980 1810">
     <span class='ocr_line' id='line_1_33' title="bbox 381 1740 1980 1810; baseline 0.001 -14"><span class='ocrx_word' id='word_1_229' title='bbox 381 1740 624 1807; x_wconf 89' lang='lat' dir='ltr'><strong>clesiam,</strong></span> <span class='ocrx_word' id='word_1_230' title='bbox 657 1749 710 1796; x_wconf 90' lang='lat' dir='ltr'><strong>et</strong></span> <span class='ocrx_word' id='word_1_231' title='bbox 739 1741 884 1796; x_wconf 90' lang='lat' dir='ltr'><strong>circa</strong></span> <span class='ocrx_word' id='word_1_232' title='bbox 915 1741 1252 1797; x_wconf 85' lang='lat' dir='ltr'><strong>sacerdotale</strong></span> <span class='ocrx_word' id='word_1_233' title='bbox 1269 1742 1621 1810; x_wconf 90' lang='lat' dir='ltr'><strong>consortium,</strong></span> <span class='ocrx_word' id='word_1_234' title='bbox 1642 1744 1740 1798; x_wconf 91' lang='lat' dir='ltr'><strong>sed</strong></span> <span class='ocrx_word' id='word_1_235' title='bbox 1764 1743 1980 1798; x_wconf 85' lang='lat' dir='ltr'><strong>inﬂatus</strong></span> 
     </span>
    </p>
   </div>
   <div class='ocr_carea' id='block_1_34' title="bbox 2072 1727 3680 1820">
    <p class='ocr_par' dir='ltr' id='par_1_34' title="bbox 2079 1727 3680 1803">
     <span class='ocr_line' id='line_1_34' title="bbox 2079 1727 3680 1803; baseline -0.001 -18"><span class='ocrx_word' id='word_1_236' title='bbox 2079 1730 2309 1785; x_wconf 89' lang='lat' dir='ltr'><strong>ecclesia</strong></span> <span class='ocrx_word' id='word_1_237' title='bbox 2347 1731 2502 1786; x_wconf 95' lang='lat' dir='ltr'><strong>Dodo</strong></span> <span class='ocrx_word' id='word_1_238' title='bbox 2539 1732 2842 1803; x_wconf 86' lang='lat' dir='ltr'><strong>presbyter,</strong></span> <span class='ocrx_word' id='word_1_239' title='bbox 2886 1731 3104 1802; x_wconf 87' lang='lat' dir='ltr'><strong>quando</strong></span> <span class='ocrx_word' id='word_1_240' title='bbox 3169 1729 3478 1786; x_wconf 90' lang='lat' dir='ltr'><strong>Odelherus</strong></span> <span class='ocrx_word' id='word_1_241' title='bbox 3533 1727 3680 1784; x_wconf 79' lang='lat' dir='ltr'><strong>filius</strong></span> 
     </span>
    </p>
   </div>
   <div class='ocr_carea' id='block_1_35' title="bbox 383 1830 1984 1904">
    <p class='ocr_par' dir='ltr' id='par_1_35' title="bbox 383 1830 1984 1904">
     <span class='ocr_line' id='line_1_35' title="bbox 383 1830 1984 1904; baseline 0.004 -19"><span class='ocrx_word' id='word_1_242' title='bbox 383 1837 436 1885; x_wconf 90' lang='lat' dir='ltr'><strong>et</strong></span> <span class='ocrx_word' id='word_1_243' title='bbox 464 1831 533 1885; x_wconf 88' lang='lat' dir='ltr'><strong>ab</strong></span> <span class='ocrx_word' id='word_1_244' title='bbox 563 1830 668 1886; x_wconf 90' lang='lat' dir='ltr'><strong>hoc</strong></span> <span class='ocrx_word' id='word_1_245' title='bbox 697 1830 968 1886; x_wconf 90' lang='lat' dir='ltr'><strong>consortio</strong></span> <span class='ocrx_word' id='word_1_246' title='bbox 1000 1838 1280 1901; x_wconf 87' lang='lat' dir='ltr'><strong>separatus</strong></span> <span class='ocrx_word' id='word_1_247' title='bbox 1335 1839 1486 1902; x_wconf 88' lang='lat' dir='ltr'><strong>putat</strong></span> <span class='ocrx_word' id='word_1_248' title='bbox 1544 1831 1779 1904; x_wconf 64' lang='lat' dir='ltr'><strong>propria</strong></span> <span class='ocrx_word' id='word_1_249' title='bbox 1835 1833 1984 1903; x_wconf 89' lang='lat' dir='ltr'><strong>plebi</strong></span> 
     </span>
    </p>
   </div>
   <div class='ocr_carea' id='block_1_36' title="bbox 377 1917 1982 1991">
    <p class='ocr_par' dir='ltr' id='par_1_36' title="bbox 377 1917 1982 1991">
     <span class='ocr_line' id='line_1_36' title="bbox 377 1917 1982 1991; baseline 0.004 -17"><span class='ocrx_word' id='word_1_250' title='bbox 377 1917 838 1986; x_wconf 91' lang='lat' dir='ltr'><strong>incubandum,et</strong></span> <span class='ocrx_word' id='word_1_251' title='bbox 892 1934 1278 1991; x_wconf 87' lang='lat' dir='ltr'><strong>nonnunquam</strong></span> <span class='ocrx_word' id='word_1_252' title='bbox 1337 1927 1636 1976; x_wconf 89' lang='lat' dir='ltr'><strong>conventus</strong></span> <span class='ocrx_word' id='word_1_253' title='bbox 1693 1922 1764 1976; x_wconf 89' lang='lat' dir='ltr'><strong>ad</strong></span> <span class='ocrx_word' id='word_1_254' title='bbox 1792 1924 1982 1980; x_wconf 93' lang='lat' dir='ltr'><strong>conci-</strong></span> 
     </span>
    </p>
   </div>
   <div class='ocr_carea' id='block_1_37' title="bbox 376 2007 1983 2074">
    <p class='ocr_par' dir='ltr' id='par_1_37' title="bbox 376 2007 1983 2074">
     <span class='ocr_line' id='line_1_37' title="bbox 376 2007 1983 2074; baseline 0.004 -12"><span class='ocrx_word' id='word_1_255' title='bbox 376 2007 508 2062; x_wconf 89' lang='lat' dir='ltr'><strong>lium</strong></span> <span class='ocrx_word' id='word_1_256' title='bbox 539 2007 727 2063; x_wconf 89' lang='lat' dir='ltr'><strong>venire</strong></span> <span class='ocrx_word' id='word_1_257' title='bbox 757 2008 1042 2074; x_wconf 81' lang='lat' dir='ltr'><strong>detractat,</strong></span> <span class='ocrx_word' id='word_1_258' title='bbox 1093 2009 1240 2064; x_wconf 91' lang='lat' dir='ltr'><strong>circa</strong></span> <span class='ocrx_word' id='word_1_259' title='bbox 1285 2009 1427 2064; x_wconf 90' lang='lat' dir='ltr'><strong>hunc</strong></span> <span class='ocrx_word' id='word_1_260' title='bbox 1472 2025 1584 2065; x_wconf 90' lang='lat' dir='ltr'><strong>non</strong></span> <span class='ocrx_word' id='word_1_261' title='bbox 1613 2018 1818 2065; x_wconf 90' lang='lat' dir='ltr'><strong>tantum</strong></span> <span class='ocrx_word' id='word_1_262' title='bbox 1847 2011 1983 2068; x_wconf 66' lang='lat' dir='ltr'><strong>diua-</strong></span> 
     </span>
    </p>
   </div>
   <div class='ocr_carea' id='block_1_38' title="bbox 381 2095 1980 2170">
    <p class='ocr_par' dir='ltr' id='par_1_38' title="bbox 381 2095 1980 2170">
     <span class='ocr_line' id='line_1_38' title="bbox 381 2095 1980 2170; baseline 0.003 -18"><span class='ocrx_word' id='word_1_263' title='bbox 381 2095 552 2152; x_wconf 88' lang='lat' dir='ltr'><strong>cesim</strong></span> <span class='ocrx_word' id='word_1_264' title='bbox 579 2111 686 2152; x_wconf 91' lang='lat' dir='ltr'><strong>non</strong></span> <span class='ocrx_word' id='word_1_265' title='bbox 715 2112 837 2152; x_wconf 90' lang='lat' dir='ltr'><strong>esse</strong></span> <span class='ocrx_word' id='word_1_266' title='bbox 865 2097 1207 2164; x_wconf 86' lang='lat' dir='ltr'><strong>servandam,</strong></span> <span class='ocrx_word' id='word_1_267' title='bbox 1240 2113 1431 2153; x_wconf 91' lang='lat' dir='ltr'><strong>verum</strong></span> <span class='ocrx_word' id='word_1_268' title='bbox 1458 2106 1510 2153; x_wconf 89' lang='lat' dir='ltr'><strong>et</strong></span> <span class='ocrx_word' id='word_1_269' title='bbox 1539 2099 1606 2153; x_wconf 93' lang='lat' dir='ltr'><strong>de</strong></span> <span class='ocrx_word' id='word_1_270' title='bbox 1635 2100 1858 2170; x_wconf 89' lang='lat' dir='ltr'><strong>propria</strong></span> <span class='ocrx_word' id='word_1_271' title='bbox 1884 2117 1980 2158; x_wconf 90' lang='lat' dir='ltr'><strong>ec-</strong></span> 
     </span>
    </p>
   </div>
   <div class='ocr_carea' id='block_1_39' title="bbox 379 2184 1981 2256">
    <p class='ocr_par' dir='ltr' id='par_1_39' title="bbox 379 2184 1981 2256">
     <span class='ocr_line' id='line_1_39' title="bbox 379 2184 1981 2256; baseline 0.002 -15"><span class='ocrx_word' id='word_1_272' title='bbox 379 2184 566 2252; x_wconf 89' lang='lat' dir='ltr'><strong>clesia,</strong></span> <span class='ocrx_word' id='word_1_273' title='bbox 600 2201 722 2256; x_wconf 67' lang='lat' dir='ltr'><strong>quae</strong></span> <span class='ocrx_word' id='word_1_274' title='bbox 750 2185 827 2239; x_wconf 90' lang='lat' dir='ltr'><strong>illi</strong></span> <span class='ocrx_word' id='word_1_275' title='bbox 857 2185 1000 2240; x_wconf 88' lang='lat' dir='ltr'><strong>male</strong></span> <span class='ocrx_word' id='word_1_276' title='bbox 1027 2185 1239 2252; x_wconf 86' lang='lat' dir='ltr'><strong>faverit,</strong></span> <span class='ocrx_word' id='word_1_277' title='bbox 1274 2186 1586 2242; x_wconf 90' lang='lat' dir='ltr'><strong>omnimodo</strong></span> <span class='ocrx_word' id='word_1_278' title='bbox 1629 2187 1981 2244; x_wconf 89' lang='lat' dir='ltr'><strong>adnitendum</strong></span> 
     </span>
    </p>
   </div>
   <div class='ocr_carea' id='block_1_40' title="bbox 377 2273 1980 2349">
    <p class='ocr_par' dir='ltr' id='par_1_40' title="bbox 377 2273 1980 2349">
     <span class='ocr_line' id='line_1_40' title="bbox 377 2273 1980 2349; baseline 0.003 -21"><span class='ocrx_word' id='word_1_279' title='bbox 377 2281 434 2328; x_wconf 92' lang='lat' dir='ltr'><strong>ut</strong></span> <span class='ocrx_word' id='word_1_280' title='bbox 465 2273 624 2328; x_wconf 89' lang='lat' dir='ltr'><strong>etiam</strong></span> <span class='ocrx_word' id='word_1_281' title='bbox 655 2274 974 2329; x_wconf 90' lang='lat' dir='ltr'><strong>auctoritate</strong></span> <span class='ocrx_word' id='word_1_282' title='bbox 1003 2273 1220 2345; x_wconf 87' lang='lat' dir='ltr'><strong>publica</strong></span> <span class='ocrx_word' id='word_1_283' title='bbox 1249 2275 1549 2344; x_wconf 89' lang='lat' dir='ltr'><strong>rejiciatur,</strong></span> <span class='ocrx_word' id='word_1_284' title='bbox 1583 2283 1745 2347; x_wconf 83' lang='lat' dir='ltr'><strong>atque</strong></span> <span class='ocrx_word' id='word_1_285' title='bbox 1765 2277 1832 2332; x_wconf 91' lang='lat' dir='ltr'><strong>ab</strong></span> <span class='ocrx_word' id='word_1_286' title='bbox 1862 2277 1980 2349; x_wconf 89' lang='lat' dir='ltr'><strong>ipsa</strong></span> 
     </span>
    </p>
   </div>
   <div class='ocr_carea' id='block_1_41' title="bbox 374 2361 1975 2434">
    <p class='ocr_par' dir='ltr' id='par_1_41' title="bbox 374 2361 1975 2434">
     <span class='ocr_line' id='line_1_41' title="bbox 374 2361 1975 2434; baseline 0.002 -17"><span class='ocrx_word' id='word_1_287' title='bbox 374 2361 664 2434; x_wconf 88' lang='lat' dir='ltr'><strong>principali</strong></span> <span class='ocrx_word' id='word_1_288' title='bbox 702 2363 958 2418; x_wconf 89' lang='lat' dir='ltr'><strong>cathedra</strong></span> <span class='ocrx_word' id='word_1_289' title='bbox 996 2371 1360 2418; x_wconf 90' lang='lat' dir='ltr'><strong>romoveatur.</strong></span> <span class='ocrx_word' id='word_1_290' title='bbox 1421 2365 1491 2419; x_wconf 92' lang='lat' dir='ltr'><strong>Et</strong></span> <span class='ocrx_word' id='word_1_291' title='bbox 1556 2365 1602 2418; x_wconf 89' lang='lat' dir='ltr'><strong>si</strong></span> <span class='ocrx_word' id='word_1_292' title='bbox 1669 2373 1975 2433; x_wconf 83' lang='lat' dir='ltr'><strong>accusatus,</strong></span> 
     </span>
    </p>
   </div>
   <div class='ocr_carea' id='block_1_42' title="bbox 367 2451 1976 2524">
    <p class='ocr_par' dir='ltr' id='par_1_42' title="bbox 367 2451 1976 2524">
     <span class='ocr_line' id='line_1_42' title="bbox 367 2451 1976 2524; baseline 0.002 -18"><span class='ocrx_word' id='word_1_293' title='bbox 367 2452 524 2521; x_wconf 87' lang='lat' dir='ltr'><strong>juxta</strong></span> <span class='ocrx_word' id='word_1_294' title='bbox 555 2451 988 2524; x_wconf 85' lang='lat' dir='ltr'><strong>Carthaginense</strong></span> <span class='ocrx_word' id='word_1_295' title='bbox 1020 2452 1311 2508; x_wconf 90' lang='lat' dir='ltr'><strong>concilium</strong></span> <span class='ocrx_word' id='word_1_296' title='bbox 1341 2452 1412 2507; x_wconf 90' lang='lat' dir='ltr'><strong>ad</strong></span> <span class='ocrx_word' id='word_1_297' title='bbox 1438 2452 1704 2508; x_wconf 87' lang='lat' dir='ltr'><strong>rationem</strong></span> <span class='ocrx_word' id='word_1_298' title='bbox 1735 2455 1976 2510; x_wconf 91' lang='lat' dir='ltr'><strong>redden-</strong></span> 
     </span>
    </p>
   </div>
   <div class='ocr_carea' id='block_1_43' title="bbox 374 2540 1977 2614">
    <p class='ocr_par' dir='ltr' id='par_1_43' title="bbox 374 2540 1977 2614">
     <span class='ocr_line' id='line_1_43' title="bbox 374 2540 1977 2614; baseline 0.003 -19"><span class='ocrx_word' id='word_1_299' title='bbox 374 2540 503 2595; x_wconf 88' lang='lat' dir='ltr'><strong>dam</strong></span> <span class='ocrx_word' id='word_1_300' title='bbox 529 2540 718 2596; x_wconf 89' lang='lat' dir='ltr'><strong>venire</strong></span> <span class='ocrx_word' id='word_1_301' title='bbox 747 2541 1031 2613; x_wconf 81' lang='lat' dir='ltr'><strong>refugerit,</strong></span> <span class='ocrx_word' id='word_1_302' title='bbox 1068 2549 1120 2595; x_wconf 92' lang='lat' dir='ltr'><strong>et</strong></span> <span class='ocrx_word' id='word_1_303' title='bbox 1151 2541 1656 2597; x_wconf 89' lang='lat' dir='ltr'><strong>excommunicatus</strong></span> <span class='ocrx_word' id='word_1_304' title='bbox 1687 2559 1716 2596; x_wconf 91' lang='lat' dir='ltr'><strong>a</strong></span> <span class='ocrx_word' id='word_1_305' title='bbox 1747 2543 1977 2614; x_wconf 87' lang='lat' dir='ltr'><strong>primate</strong></span> 
     </span>
    </p>
   </div>
   <div class='ocr_carea' id='block_1_44' title="bbox 377 2629 1978 2701">
    <p class='ocr_par' dir='ltr' id='par_1_44' title="bbox 377 2629 1978 2701">
     <span class='ocr_line' id='line_1_44' title="bbox 377 2629 1978 2701; baseline 0.002 -17"><span class='ocrx_word' id='word_1_306' title='bbox 377 2645 479 2684; x_wconf 85' lang='lat' dir='ltr'><strong>suo</strong></span> <span class='ocrx_word' id='word_1_307' title='bbox 509 2629 792 2695; x_wconf 82' lang='lat' dir='ltr'><strong>exstiterit,</strong></span> <span class='ocrx_word' id='word_1_308' title='bbox 827 2637 1071 2700; x_wconf 90' lang='lat' dir='ltr'><strong>tempore</strong></span> <span class='ocrx_word' id='word_1_309' title='bbox 1102 2645 1208 2701; x_wconf 90' lang='lat' dir='ltr'><strong>quo</strong></span> <span class='ocrx_word' id='word_1_310' title='bbox 1238 2645 1347 2685; x_wconf 89' lang='lat' dir='ltr'><strong>non</strong></span> <span class='ocrx_word' id='word_1_311' title='bbox 1379 2631 1756 2698; x_wconf 87' lang='lat' dir='ltr'><strong>communicat,</strong></span> <span class='ocrx_word' id='word_1_312' title='bbox 1790 2648 1893 2688; x_wconf 92' lang='lat' dir='ltr'><strong>nec</strong></span> <span class='ocrx_word' id='word_1_313' title='bbox 1921 2633 1978 2688; x_wconf 92' lang='lat' dir='ltr'><strong>in</strong></span> 
     </span>
    </p>
   </div>
   <div class='ocr_carea' id='block_1_45' title="bbox 377 2717 1972 2790">
    <p class='ocr_par' dir='ltr' id='par_1_45' title="bbox 377 2717 1972 2790">
     <span class='ocr_line' id='line_1_45' title="bbox 377 2717 1972 2790; baseline 0.003 -18"><span class='ocrx_word' id='word_1_314' title='bbox 377 2734 475 2773; x_wconf 89' lang='lat' dir='ltr'><strong>sua</strong></span> <span class='ocrx_word' id='word_1_315' title='bbox 523 2717 772 2788; x_wconf 87' lang='lat' dir='ltr'><strong>ecclesia,</strong></span> <span class='ocrx_word' id='word_1_316' title='bbox 823 2719 910 2774; x_wconf 91' lang='lat' dir='ltr'><strong>vel</strong></span> <span class='ocrx_word' id='word_1_317' title='bbox 951 2718 1206 2789; x_wconf 90' lang='lat' dir='ltr'><strong>parochia</strong></span> <span class='ocrx_word' id='word_1_318' title='bbox 1252 2719 1631 2774; x_wconf 88' lang='lat' dir='ltr'><strong>communicet.</strong></span> <span class='ocrx_word' id='word_1_319' title='bbox 1683 2721 1972 2790; x_wconf 90' lang='lat' dir='ltr'><strong>Percurre,</strong></span> 
     </span>
    </p>
   </div>
   <div class='ocr_carea' id='block_1_46' title="bbox 375 2806 1976 2875">
    <p class='ocr_par' dir='ltr' id='par_1_46' title="bbox 375 2806 1976 2875">
     <span class='ocr_line' id='line_1_46' title="bbox 375 2806 1976 2875; baseline 0.002 -13"><span class='ocrx_word' id='word_1_320' title='bbox 375 2807 566 2873; x_wconf 87' lang='lat' dir='ltr'><strong>frater,</strong></span> <span class='ocrx_word' id='word_1_321' title='bbox 597 2822 756 2863; x_wconf 89' lang='lat' dir='ltr'><strong>sacra</strong></span> <span class='ocrx_word' id='word_1_322' title='bbox 785 2806 1012 2862; x_wconf 90' lang='lat' dir='ltr'><strong>concilia</strong></span> <span class='ocrx_word' id='word_1_323' title='bbox 1036 2822 1326 2875; x_wconf 88' lang='lat' dir='ltr'><strong>canonum,</strong></span> <span class='ocrx_word' id='word_1_324' title='bbox 1350 2815 1404 2863; x_wconf 90' lang='lat' dir='ltr'><strong>et</strong></span> <span class='ocrx_word' id='word_1_325' title='bbox 1438 2808 1662 2864; x_wconf 90' lang='lat' dir='ltr'><strong>decreta</strong></span> <span class='ocrx_word' id='word_1_326' title='bbox 1701 2809 1976 2866; x_wconf 84' lang='lat' dir='ltr'><strong>Romano-</strong></span> 
     </span>
    </p>
   </div>
   <div class='ocr_carea' id='block_1_47' title="bbox 375 2894 1976 2970">
    <p class='ocr_par' dir='ltr' id='par_1_47' title="bbox 375 2894 1976 2970">
     <span class='ocr_line' id='line_1_47' title="bbox 375 2894 1976 2970; baseline 0.003 -20"><span class='ocrx_word' id='word_1_327' title='bbox 375 2912 499 2950; x_wconf 89' lang='lat' dir='ltr'><strong>rum</strong></span> <span class='ocrx_word' id='word_1_328' title='bbox 530 2894 862 2966; x_wconf 88' lang='lat' dir='ltr'><strong>pontiﬁcum,</strong></span> <span class='ocrx_word' id='word_1_329' title='bbox 899 2905 951 2950; x_wconf 91' lang='lat' dir='ltr'><strong>et</strong></span> <span class='ocrx_word' id='word_1_330' title='bbox 980 2911 1010 2950; x_wconf 90' lang='lat' dir='ltr'><strong>a</strong></span> <span class='ocrx_word' id='word_1_331' title='bbox 1049 2895 1243 2952; x_wconf 90' lang='lat' dir='ltr'><strong>Siricio</strong></span> <span class='ocrx_word' id='word_1_332' title='bbox 1282 2903 1335 2952; x_wconf 92' lang='lat' dir='ltr'><strong>et</strong></span> <span class='ocrx_word' id='word_1_333' title='bbox 1362 2896 1416 2950; x_wconf 93' lang='lat' dir='ltr'><strong>in</strong></span> <span class='ocrx_word' id='word_1_334' title='bbox 1464 2897 1750 2970; x_wconf 88' lang='lat' dir='ltr'><strong>reliquum,</strong></span> <span class='ocrx_word' id='word_1_335' title='bbox 1795 2899 1867 2952; x_wconf 91' lang='lat' dir='ltr'><strong>ita</strong></span> <span class='ocrx_word' id='word_1_336' title='bbox 1920 2906 1976 2955; x_wconf 90' lang='lat' dir='ltr'><strong>ut</strong></span> 
     </span>
    </p>
   </div>
   <div class='ocr_carea' id='block_1_48' title="bbox 374 2983 1974 3056">
    <p class='ocr_par' dir='ltr' id='par_1_48' title="bbox 374 2983 1974 3056">
     <span class='ocr_line' id='line_1_48' title="bbox 374 2983 1974 3056; baseline 0.003 -17"><span class='ocrx_word' id='word_1_337' title='bbox 374 2985 722 3056; x_wconf 66' lang='lat' dir='ltr'><strong>prtemissum</strong></span> <span class='ocrx_word' id='word_1_338' title='bbox 752 2992 852 3054; x_wconf 93' lang='lat' dir='ltr'><strong>est,</strong></span> <span class='ocrx_word' id='word_1_339' title='bbox 873 2983 1118 3040; x_wconf 90' lang='lat' dir='ltr'><strong>invenies</strong></span> <span class='ocrx_word' id='word_1_340' title='bbox 1147 2983 1315 3040; x_wconf 89' lang='lat' dir='ltr'><strong>fuisse</strong></span> <span class='ocrx_word' id='word_1_341' title='bbox 1345 2985 1622 3041; x_wconf 90' lang='lat' dir='ltr'><strong>decretum</strong></span> <span class='ocrx_word' id='word_1_342' title='bbox 1651 3001 1716 3042; x_wconf 89' lang='lat' dir='ltr'><strong>ac</strong></span> <span class='ocrx_word' id='word_1_343' title='bbox 1744 3003 1974 3044; x_wconf 89' lang='lat' dir='ltr'><strong>conser-</strong></span> 
     </span>
    </p>
   </div>
   <div class='ocr_carea' id='block_1_49' title="bbox 374 3073 1976 3146">
    <p class='ocr_par' dir='ltr' id='par_1_49' title="bbox 374 3073 1976 3146">
     <span class='ocr_line' id='line_1_49' title="bbox 374 3073 1976 3146; baseline 0.002 -18"><span class='ocrx_word' id='word_1_344' title='bbox 374 3081 583 3143; x_wconf 87' lang='lat' dir='ltr'><strong>vatum,</strong></span> <span class='ocrx_word' id='word_1_345' title='bbox 617 3081 670 3128; x_wconf 91' lang='lat' dir='ltr'><strong>et</strong></span> <span class='ocrx_word' id='word_1_346' title='bbox 699 3073 916 3144; x_wconf 84' lang='lat' dir='ltr'><strong>corrige</strong></span> <span class='ocrx_word' id='word_1_347' title='bbox 942 3073 1160 3129; x_wconf 90' lang='lat' dir='ltr'><strong>illorum</strong></span> <span class='ocrx_word' id='word_1_348' title='bbox 1189 3074 1440 3130; x_wconf 89' lang='lat' dir='ltr'><strong>sensibus</strong></span> <span class='ocrx_word' id='word_1_349' title='bbox 1471 3091 1693 3131; x_wconf 91' lang='lat' dir='ltr'><strong>sensum</strong></span> <span class='ocrx_word' id='word_1_350' title='bbox 1721 3084 1889 3146; x_wconf 88' lang='lat' dir='ltr'><strong>tuum,</strong></span> <span class='ocrx_word' id='word_1_351' title='bbox 1924 3084 1976 3134; x_wconf 92' lang='lat' dir='ltr'><strong>et</strong></span> 
     </span>
    </p>
   </div>
   <div class='ocr_carea' id='block_1_50' title="bbox 373 3162 1970 3235">
    <p class='ocr_par' dir='ltr' id='par_1_50' title="bbox 373 3162 1970 3235">
     <span class='ocr_line' id='line_1_50' title="bbox 373 3162 1970 3235; baseline 0.002 -17"><span class='ocrx_word' id='word_1_352' title='bbox 373 3162 550 3235; x_wconf 85' lang='lat' dir='ltr'><strong>dirige</strong></span> <span class='ocrx_word' id='word_1_353' title='bbox 581 3162 651 3218; x_wconf 91' lang='lat' dir='ltr'><strong>ad</strong></span> <span class='ocrx_word' id='word_1_354' title='bbox 679 3178 866 3217; x_wconf 89' lang='lat' dir='ltr'><strong>eorum</strong></span> <span class='ocrx_word' id='word_1_355' title='bbox 895 3162 1191 3217; x_wconf 87' lang='lat' dir='ltr'><strong>doctrinam</strong></span> <span class='ocrx_word' id='word_1_356' title='bbox 1224 3171 1277 3218; x_wconf 89' lang='lat' dir='ltr'><strong>et</strong></span> <span class='ocrx_word' id='word_1_357' title='bbox 1323 3164 1746 3235; x_wconf 82' lang='lat' dir='ltr'><strong>praeceptionem</strong></span> <span class='ocrx_word' id='word_1_358' title='bbox 1795 3165 1970 3221; x_wconf 90' lang='lat' dir='ltr'><strong>inten-</strong></span> 
     </span>
    </p>
   </div>
   <div class='ocr_carea' id='block_1_51' title="bbox 377 3251 1970 3326">
    <p class='ocr_par' dir='ltr' id='par_1_51' title="bbox 377 3251 1970 3326">
     <span class='ocr_line' id='line_1_51' title="bbox 377 3251 1970 3326; baseline 0.001 -20"><span class='ocrx_word' id='word_1_359' title='bbox 377 3251 581 3307; x_wconf 92' lang='lat' dir='ltr'><strong>tionem</strong></span> <span class='ocrx_word' id='word_1_360' title='bbox 611 3260 772 3306; x_wconf 89' lang='lat' dir='ltr'><strong>tuam.</strong></span> <span class='ocrx_word' id='word_1_361' title='bbox 797 3252 866 3306; x_wconf 89' lang='lat' dir='ltr'><strong>Et</strong></span> <span class='ocrx_word' id='word_1_362' title='bbox 891 3251 969 3307; x_wconf 91' lang='lat' dir='ltr'><strong>sic</strong></span> <span class='ocrx_word' id='word_1_363' title='bbox 984 3251 1228 3325; x_wconf 90' lang='lat' dir='ltr'><strong>intellige</strong></span> <span class='ocrx_word' id='word_1_364' title='bbox 1260 3268 1446 3307; x_wconf 90' lang='lat' dir='ltr'><strong>sacras</strong></span> <span class='ocrx_word' id='word_1_365' title='bbox 1477 3253 1698 3326; x_wconf 86' lang='lat' dir='ltr'><strong>regulas</strong></span> <span class='ocrx_word' id='word_1_366' title='bbox 1729 3253 1865 3310; x_wconf 91' lang='lat' dir='ltr'><strong>sicut</strong></span> <span class='ocrx_word' id='word_1_367' title='bbox 1893 3254 1970 3309; x_wconf 92' lang='lat' dir='ltr'><strong>illi</strong></span> 
     </span>
    </p>
   </div>
   <div class='ocr_carea' id='block_1_52' title="bbox 376 3340 1970 3415">
    <p class='ocr_par' dir='ltr' id='par_1_52' title="bbox 376 3340 1970 3415">
     <span class='ocr_line' id='line_1_52' title="bbox 376 3340 1970 3415; baseline 0.002 -20"><span class='ocrx_word' id='word_1_368' title='bbox 376 3356 472 3395; x_wconf 88' lang='lat' dir='ltr'><strong>eas</strong></span> <span class='ocrx_word' id='word_1_369' title='bbox 501 3340 924 3407; x_wconf 86' lang='lat' dir='ltr'><strong>intellexerunt;</strong></span> <span class='ocrx_word' id='word_1_370' title='bbox 959 3341 1085 3412; x_wconf 88' lang='lat' dir='ltr'><strong>quia</strong></span> <span class='ocrx_word' id='word_1_371' title='bbox 1117 3349 1296 3412; x_wconf 91' lang='lat' dir='ltr'><strong>potest</strong></span> <span class='ocrx_word' id='word_1_372' title='bbox 1324 3340 1444 3396; x_wconf 82' lang='lat' dir='ltr'><strong>fieri</strong></span> <span class='ocrx_word' id='word_1_373' title='bbox 1472 3349 1529 3396; x_wconf 90' lang='lat' dir='ltr'><strong>ut</strong></span> <span class='ocrx_word' id='word_1_374' title='bbox 1578 3358 1683 3415; x_wconf 84' lang='lat' dir='ltr'><strong>ego</strong></span> <span class='ocrx_word' id='word_1_375' title='bbox 1723 3351 1774 3398; x_wconf 90' lang='lat' dir='ltr'><strong>et</strong></span> <span class='ocrx_word' id='word_1_376' title='bbox 1818 3350 1876 3399; x_wconf 89' lang='lat' dir='ltr'><strong>tu</strong></span> <span class='ocrx_word' id='word_1_377' title='bbox 1914 3343 1970 3398; x_wconf 91' lang='lat' dir='ltr'><strong>in</strong></span> 
     </span>
    </p>
   </div>
   <div class='ocr_carea' id='block_1_53' title="bbox 371 3429 1969 3498">
    <p class='ocr_par' dir='ltr' id='par_1_53' title="bbox 371 3429 1969 3498">
     <span class='ocr_line' id='line_1_53' title="bbox 371 3429 1969 3498; baseline 0.003 -14"><span class='ocrx_word' id='word_1_378' title='bbox 371 3429 558 3484; x_wconf 87' lang='lat' dir='ltr'><strong>multis</strong></span> <span class='ocrx_word' id='word_1_379' title='bbox 587 3446 830 3484; x_wconf 90' lang='lat' dir='ltr'><strong>erremus</strong></span> <span class='ocrx_word' id='word_1_380' title='bbox 863 3448 875 3484; x_wconf 94' lang='lat'>:</span> <span class='ocrx_word' id='word_1_381' title='bbox 909 3445 1018 3485; x_wconf 91' lang='lat' dir='ltr'><strong>non</strong></span> <span class='ocrx_word' id='word_1_382' title='bbox 1047 3430 1210 3485; x_wconf 89' lang='lat' dir='ltr'><strong>debet</strong></span> <span class='ocrx_word' id='word_1_383' title='bbox 1236 3438 1412 3484; x_wconf 89' lang='lat' dir='ltr'><strong>autem</strong></span> <span class='ocrx_word' id='word_1_384' title='bbox 1443 3430 1614 3498; x_wconf 85' lang='lat' dir='ltr'><strong>credi,</strong></span> <span class='ocrx_word' id='word_1_385' title='bbox 1663 3432 1749 3487; x_wconf 91' lang='lat' dir='ltr'><strong>vel</strong></span> <span class='ocrx_word' id='word_1_386' title='bbox 1805 3432 1969 3489; x_wconf 89' lang='lat' dir='ltr'><strong>etiam</strong></span> 
     </span>
    </p>
   </div>
   <div class='ocr_carea' id='block_1_54' title="bbox 370 3518 1968 3591">
    <p class='ocr_par' dir='ltr' id='par_1_54' title="bbox 370 3518 1968 3591">
     <span class='ocr_line' id='line_1_54' title="bbox 370 3518 1968 3591; baseline 0.003 -18"><span class='ocrx_word' id='word_1_387' title='bbox 370 3518 658 3589; x_wconf 88' lang='lat' dir='ltr'><strong>suspicari,</strong></span> <span class='ocrx_word' id='word_1_388' title='bbox 691 3528 747 3573; x_wconf 89' lang='lat' dir='ltr'><strong>ut</strong></span> <span class='ocrx_word' id='word_1_389' title='bbox 773 3519 878 3590; x_wconf 91' lang='lat' dir='ltr'><strong>ipsi</strong></span> <span class='ocrx_word' id='word_1_390' title='bbox 908 3519 1232 3575; x_wconf 89' lang='lat' dir='ltr'><strong>erraverint.</strong></span> <span class='ocrx_word' id='word_1_391' title='bbox 1268 3518 1610 3591; x_wconf 88' lang='lat' dir='ltr'><strong>Quapropter</strong></span> <span class='ocrx_word' id='word_1_392' title='bbox 1638 3521 1774 3576; x_wconf 85' lang='lat' dir='ltr'><strong>velis</strong></span> <span class='ocrx_word' id='word_1_393' title='bbox 1830 3521 1968 3578; x_wconf 91' lang='lat' dir='ltr'><strong>nolis</strong></span> 
     </span>
    </p>
   </div>
   <div class='ocr_carea' id='block_1_55' title="bbox 369 3608 1968 3684">
    <p class='ocr_par' dir='ltr' id='par_1_55' title="bbox 369 3608 1968 3684">
     <span class='ocr_line' id='line_1_55' title="bbox 369 3608 1968 3684; baseline 0.003 -22"><span class='ocrx_word' id='word_1_394' title='bbox 369 3608 490 3663; x_wconf 69' lang='lat' dir='ltr'><strong>haec</strong></span> <span class='ocrx_word' id='word_1_395' title='bbox 520 3615 719 3662; x_wconf 89' lang='lat' dir='ltr'><strong>statuta</strong></span> <span class='ocrx_word' id='word_1_396' title='bbox 749 3608 1012 3664; x_wconf 89' lang='lat' dir='ltr'><strong>convulsa</strong></span> <span class='ocrx_word' id='word_1_397' title='bbox 1041 3609 1352 3676; x_wconf 89' lang='lat' dir='ltr'><strong>manebunt,</strong></span> <span class='ocrx_word' id='word_1_398' title='bbox 1385 3626 1416 3663; x_wconf 91' lang='lat' dir='ltr'><strong>a</strong></span> <span class='ocrx_word' id='word_1_399' title='bbox 1445 3609 1642 3682; x_wconf 90' lang='lat' dir='ltr'><strong>quibus</strong></span> <span class='ocrx_word' id='word_1_400' title='bbox 1697 3611 1762 3678; x_wconf 92' lang='lat' dir='ltr'><strong>si,</strong></span> <span class='ocrx_word' id='word_1_401' title='bbox 1823 3612 1968 3684; x_wconf 90' lang='lat' dir='ltr'><strong>quod</strong></span> 
     </span>
    </p>
   </div>
   <div class='ocr_carea' id='block_1_56' title="bbox 367 3697 1968 3768">
    <p class='ocr_par' dir='ltr' id='par_1_56' title="bbox 367 3697 1968 3768">
     <span class='ocr_line' id='line_1_56' title="bbox 367 3697 1968 3768; baseline 0.002 -16"><span class='ocrx_word' id='word_1_402' title='bbox 367 3697 528 3765; x_wconf 88' lang='lat' dir='ltr'><strong>absit,</strong></span> <span class='ocrx_word' id='word_1_403' title='bbox 565 3697 762 3768; x_wconf 89' lang='lat' dir='ltr'><strong>aliquis</strong></span> <span class='ocrx_word' id='word_1_404' title='bbox 791 3697 1140 3768; x_wconf 88' lang='lat' dir='ltr'><strong>pertinaciter</strong></span> <span class='ocrx_word' id='word_1_405' title='bbox 1185 3698 1481 3755; x_wconf 85' lang='lat' dir='ltr'><strong>deviaverit</strong></span> <span class='ocrx_word' id='word_1_406' title='bbox 1525 3716 1636 3755; x_wconf 92' lang='lat' dir='ltr'><strong>non</strong></span> <span class='ocrx_word' id='word_1_407' title='bbox 1681 3700 1824 3756; x_wconf 90' lang='lat' dir='ltr'><strong>inter</strong></span> <span class='ocrx_word' id='word_1_408' title='bbox 1870 3715 1968 3757; x_wconf 86' lang='lat' dir='ltr'><strong>ca-</strong></span> 
     </span>
    </p>
   </div>
   <div class='ocr_carea' id='block_1_57' title="bbox 370 3785 1967 3857">
    <p class='ocr_par' dir='ltr' id='par_1_57' title="bbox 370 3785 1967 3857">
     <span class='ocr_line' id='line_1_57' title="bbox 370 3785 1967 3857; baseline 0.003 -17"><span class='ocrx_word' id='word_1_409' title='bbox 370 3785 602 3841; x_wconf 90' lang='lat' dir='ltr'><strong>tholicos</strong></span> <span class='ocrx_word' id='word_1_410' title='bbox 629 3786 1040 3857; x_wconf 86' lang='lat' dir='ltr'><strong>computabitur,</strong></span> <span class='ocrx_word' id='word_1_411' title='bbox 1083 3787 1180 3842; x_wconf 90' lang='lat' dir='ltr'><strong>sed</strong></span> <span class='ocrx_word' id='word_1_412' title='bbox 1235 3805 1360 3843; x_wconf 90' lang='lat' dir='ltr'><strong>cum</strong></span> <span class='ocrx_word' id='word_1_413' title='bbox 1418 3789 1779 3845; x_wconf 85' lang='lat' dir='ltr'><strong>schismaticis</strong></span> <span class='ocrx_word' id='word_1_414' title='bbox 1838 3806 1967 3846; x_wconf 93' lang='lat' dir='ltr'><strong>con-</strong></span> 
     </span>
    </p>
   </div>
   <div class='ocr_carea' id='block_1_58' title="bbox 368 3875 1968 3948">
    <p class='ocr_par' dir='ltr' id='par_1_58' title="bbox 368 3875 1968 3948">
     <span class='ocr_line' id='line_1_58' title="bbox 368 3875 1968 3948; baseline 0.003 -17"><span class='ocrx_word' id='word_1_415' title='bbox 368 3875 734 3941; x_wconf 88' lang='lat' dir='ltr'><strong>demnabitur,</strong></span> <span class='ocrx_word' id='word_1_416' title='bbox 761 3875 906 3947; x_wconf 88' lang='lat' dir='ltr'><strong>quia,</strong></span> <span class='ocrx_word' id='word_1_417' title='bbox 938 3883 996 3930; x_wconf 91' lang='lat' dir='ltr'><strong>ut</strong></span> <span class='ocrx_word' id='word_1_418' title='bbox 1024 3875 1240 3931; x_wconf 86' lang='lat' dir='ltr'><strong>Hilarus</strong></span> <span class='ocrx_word' id='word_1_419' title='bbox 1264 3893 1410 3948; x_wconf 89' lang='lat' dir='ltr'><strong>papa</strong></span> <span class='ocrx_word' id='word_1_420' title='bbox 1451 3879 1600 3946; x_wconf 91' lang='lat' dir='ltr'><strong>dicit,</strong></span> <span class='ocrx_word' id='word_1_421' title='bbox 1632 3895 1742 3935; x_wconf 92' lang='lat' dir='ltr'><strong>non</strong></span> <span class='ocrx_word' id='word_1_422' title='bbox 1787 3880 1968 3935; x_wconf 90' lang='lat' dir='ltr'><strong>minus</strong></span> 
     </span>
    </p>
   </div>
   <div class='ocr_carea' id='block_1_59' title="bbox 367 3962 1962 4039">
    <p class='ocr_par' dir='ltr' id='par_1_59' title="bbox 367 3962 1962 4039">
     <span class='ocr_line' id='line_1_59' title="bbox 367 3962 1962 4039; baseline 0.006 -23"><span class='ocrx_word' id='word_1_423' title='bbox 367 3962 424 4017; x_wconf 91' lang='lat' dir='ltr'><strong>in</strong></span> <span class='ocrx_word' id='word_1_424' title='bbox 485 3971 798 4020; x_wconf 88' lang='lat' dir='ltr'><strong>sanctarum</strong></span> <span class='ocrx_word' id='word_1_425' title='bbox 854 3964 1204 4020; x_wconf 89' lang='lat' dir='ltr'><strong>traditionum</strong></span> <span class='ocrx_word' id='word_1_426' title='bbox 1253 3967 1581 4039; x_wconf 90' lang='lat' dir='ltr'><strong>delinquitur</strong></span> <span class='ocrx_word' id='word_1_427' title='bbox 1635 3969 1962 4038; x_wconf 86' lang='lat' dir='ltr'><strong>sanctiones,</strong></span> 
     </span>
    </p>
   </div>
   <div class='ocr_carea' id='block_1_60' title="bbox 368 4052 1964 4127">
    <p class='ocr_par' dir='ltr' id='par_1_60' title="bbox 368 4052 1964 4127">
     <span class='ocr_line' id='line_1_60' title="bbox 368 4052 1964 4127; baseline 0.006 -22"><span class='ocrx_word' id='word_1_428' title='bbox 368 4068 531 4124; x_wconf 89' lang='lat' dir='ltr'><strong>quam</strong></span> <span class='ocrx_word' id='word_1_429' title='bbox 562 4052 618 4106; x_wconf 89' lang='lat' dir='ltr'><strong>in</strong></span> <span class='ocrx_word' id='word_1_430' title='bbox 645 4053 821 4124; x_wconf 83' lang='lat' dir='ltr'><strong>ipsius</strong></span> <span class='ocrx_word' id='word_1_431' title='bbox 850 4054 1069 4109; x_wconf 91' lang='lat' dir='ltr'><strong>Domini</strong></span> <span class='ocrx_word' id='word_1_432' title='bbox 1098 4055 1293 4124; x_wconf 87' lang='lat' dir='ltr'><strong>injuria</strong></span> <span class='ocrx_word' id='word_1_433' title='bbox 1321 4056 1620 4127; x_wconf 90' lang='lat' dir='ltr'><strong>prosilitur.</strong></span> <span class='ocrx_word' id='word_1_434' title='bbox 1644 4059 1713 4112; x_wconf 92' lang='lat' dir='ltr'><strong>Et</strong></span> <span class='ocrx_word' id='word_1_435' title='bbox 1743 4058 1879 4114; x_wconf 90' lang='lat' dir='ltr'><strong>sicut</strong></span> <span class='ocrx_word' id='word_1_436' title='bbox 1909 4058 1964 4114; x_wconf 90' lang='lat' dir='ltr'><strong>in</strong></span> 
     </span>
    </p>
   </div>
   <div class='ocr_carea' id='block_1_61' title="bbox 366 4141 1965 4218">
    <p class='ocr_par' dir='ltr' id='par_1_61' title="bbox 366 4141 1965 4218">
     <span class='ocr_line' id='line_1_61' title="bbox 366 4141 1965 4218; baseline 0.004 -23"><span class='ocrx_word' id='word_1_437' title='bbox 366 4141 606 4196; x_wconf 89' lang='lat' dir='ltr'><strong>decretis</strong></span> <span class='ocrx_word' id='word_1_438' title='bbox 635 4143 948 4212; x_wconf 66' lang='lat' dir='ltr'><strong>apostolicae</strong></span> <span class='ocrx_word' id='word_1_439' title='bbox 977 4144 1123 4198; x_wconf 91' lang='lat' dir='ltr'><strong>sedis</strong></span> <span class='ocrx_word' id='word_1_440' title='bbox 1155 4145 1420 4216; x_wconf 91' lang='lat' dir='ltr'><strong>scriptum</strong></span> <span class='ocrx_word' id='word_1_441' title='bbox 1439 4154 1538 4214; x_wconf 91' lang='lat' dir='ltr'><strong>est,</strong></span> <span class='ocrx_word' id='word_1_442' title='bbox 1562 4146 1806 4218; x_wconf 87' lang='lat' dir='ltr'><strong>quisquis</strong></span> <span class='ocrx_word' id='word_1_443' title='bbox 1829 4147 1965 4204; x_wconf 89' lang='lat' dir='ltr'><strong>schi-</strong></span> 
     </span>
    </p>
   </div>
   <div class='ocr_carea' id='block_1_62' title="bbox 367 4230 1964 4307">
    <p class='ocr_par' dir='ltr' id='par_1_62' title="bbox 367 4230 1964 4307">
     <span class='ocr_line' id='line_1_62' title="bbox 367 4230 1964 4307; baseline 0.004 -22"><span class='ocrx_word' id='word_1_444' title='bbox 367 4230 598 4287; x_wconf 88' lang='lat' dir='ltr'><strong>smatico</strong></span> <span class='ocrx_word' id='word_1_445' title='bbox 629 4232 942 4300; x_wconf 90' lang='lat' dir='ltr'><strong>assenserit,</strong></span> <span class='ocrx_word' id='word_1_446' title='bbox 976 4233 1354 4290; x_wconf 87' lang='lat' dir='ltr'><strong>schismaticus</strong></span> <span class='ocrx_word' id='word_1_447' title='bbox 1382 4251 1505 4289; x_wconf 91' lang='lat' dir='ltr'><strong>esse</strong></span> <span class='ocrx_word' id='word_1_448' title='bbox 1527 4235 1718 4307; x_wconf 87' lang='lat' dir='ltr'><strong>negari</strong></span> <span class='ocrx_word' id='word_1_449' title='bbox 1738 4251 1847 4290; x_wconf 91' lang='lat' dir='ltr'><strong>non</strong></span> <span class='ocrx_word' id='word_1_450' title='bbox 1867 4252 1964 4306; x_wconf 92' lang='lat' dir='ltr'><strong>po-</strong></span> 
     </span>
    </p>
   </div>
   <div class='ocr_carea' id='block_1_63' title="bbox 368 4318 1966 4388">
    <p class='ocr_par' dir='ltr' id='par_1_63' title="bbox 368 4318 1966 4388">
     <span class='ocr_line' id='line_1_63' title="bbox 368 4318 1966 4388; baseline 0.004 -14"><span class='ocrx_word' id='word_1_451' title='bbox 368 4320 515 4375; x_wconf 92' lang='lat' dir='ltr'><strong>terit.</strong></span> <span class='ocrx_word' id='word_1_452' title='bbox 551 4318 710 4388; x_wconf 85' lang='lat' dir='ltr'><strong>Quod</strong></span> <span class='ocrx_word' id='word_1_453' title='bbox 739 4321 839 4376; x_wconf 88' lang='lat' dir='ltr'><strong>etsi</strong></span> <span class='ocrx_word' id='word_1_454' title='bbox 889 4338 1080 4378; x_wconf 90' lang='lat' dir='ltr'><strong>omnes</strong></span> <span class='ocrx_word' id='word_1_455' title='bbox 1112 4323 1428 4379; x_wconf 87' lang='lat' dir='ltr'><strong>sacerdotes</strong></span> <span class='ocrx_word' id='word_1_456' title='bbox 1459 4324 1758 4379; x_wconf 89' lang='lat' dir='ltr'><strong>etmundus</strong></span> <span class='ocrx_word' id='word_1_457' title='bbox 1779 4341 1966 4380; x_wconf 82' lang='lat' dir='ltr'><strong>assen-</strong></span> 
     </span>
    </p>
   </div>
   <div class='ocr_carea' id='block_1_64' title="bbox 2082 1817 3678 1892">
    <p class='ocr_par' dir='ltr' id='par_1_64' title="bbox 2082 1817 3678 1892">
     <span class='ocr_line' id='line_1_64' title="bbox 2082 1817 3678 1892; baseline -0.002 -18"><span class='ocrx_word' id='word_1_458' title='bbox 2082 1818 2314 1890; x_wconf 81' lang='lat' dir='ltr'><strong>Rodulﬁ,</strong></span> <span class='ocrx_word' id='word_1_459' title='bbox 2347 1828 2504 1890; x_wconf 91' lang='lat' dir='ltr'><strong>pater</strong></span> <span class='ocrx_word' id='word_1_460' title='bbox 2532 1819 2750 1874; x_wconf 90' lang='lat' dir='ltr'><strong>Parduli</strong></span> <span class='ocrx_word' id='word_1_461' title='bbox 2781 1819 3023 1892; x_wconf 87' lang='lat' dir='ltr'><strong>episcopi</strong></span> <span class='ocrx_word' id='word_1_462' title='bbox 3052 1819 3224 1890; x_wconf 88' lang='lat' dir='ltr'><strong>ipsam</strong></span> <span class='ocrx_word' id='word_1_463' title='bbox 3251 1818 3433 1875; x_wconf 89' lang='lat' dir='ltr'><strong>villam</strong></span> <span class='ocrx_word' id='word_1_464' title='bbox 3463 1817 3519 1872; x_wconf 91' lang='lat' dir='ltr'><strong>in</strong></span> <span class='ocrx_word' id='word_1_465' title='bbox 3575 1818 3678 1872; x_wconf 92' lang='lat' dir='ltr'><strong>be-</strong></span> 
     </span>
    </p>
   </div>
   <div class='ocr_carea' id='block_1_65' title="bbox 2081 1905 3678 1979">
    <p class='ocr_par' dir='ltr' id='par_1_65' title="bbox 2081 1905 3678 1979">
     <span class='ocr_line' id='line_1_65' title="bbox 2081 1905 3678 1979; baseline -0.002 -17"><span class='ocrx_word' id='word_1_466' title='bbox 2081 1906 2278 1963; x_wconf 85' lang='lat' dir='ltr'><strong>neficio</strong></span> <span class='ocrx_word' id='word_1_467' title='bbox 2309 1908 2513 1963; x_wconf 88' lang='lat' dir='ltr'><strong>habuit.</strong></span> <span class='ocrx_word' id='word_1_468' title='bbox 2547 1909 2673 1964; x_wconf 91' lang='lat' dir='ltr'><strong>Post</strong></span> <span class='ocrx_word' id='word_1_469' title='bbox 2704 1909 2910 1963; x_wconf 88' lang='lat' dir='ltr'><strong>obitum</strong></span> <span class='ocrx_word' id='word_1_470' title='bbox 2939 1907 3184 1963; x_wconf 90' lang='lat' dir='ltr'><strong>Dodonis</strong></span> <span class='ocrx_word' id='word_1_471' title='bbox 3213 1905 3522 1979; x_wconf 89' lang='lat' dir='ltr'><strong>presbyteri</strong></span> <span class='ocrx_word' id='word_1_472' title='bbox 3578 1905 3678 1962; x_wconf 90' lang='lat' dir='ltr'><strong>fuit</strong></span> 
     </span>
    </p>
   </div>
   <div class='ocr_carea' id='block_1_66' title="bbox 2081 1993 3678 2070">
    <p class='ocr_par' dir='ltr' id='par_1_66' title="bbox 2081 1993 3678 2070">
     <span class='ocr_line' id='line_1_66' title="bbox 2081 1993 3678 2070; baseline 0 -20"><span class='ocrx_word' id='word_1_473' title='bbox 2081 1995 2135 2050; x_wconf 92' lang='lat' dir='ltr'><strong>in</strong></span> <span class='ocrx_word' id='word_1_474' title='bbox 2167 1996 2283 2068; x_wconf 91' lang='lat' dir='ltr'><strong>ipsa</strong></span> <span class='ocrx_word' id='word_1_475' title='bbox 2313 1997 2544 2053; x_wconf 90' lang='lat' dir='ltr'><strong>ecclesia</strong></span> <span class='ocrx_word' id='word_1_476' title='bbox 2574 1998 2914 2070; x_wconf 83' lang='lat' dir='ltr'><strong>Agmeradus</strong></span> <span class='ocrx_word' id='word_1_477' title='bbox 2943 1998 3231 2069; x_wconf 91' lang='lat' dir='ltr'><strong>presbyter</strong></span> <span class='ocrx_word' id='word_1_478' title='bbox 3253 1995 3467 2068; x_wconf 89' lang='lat' dir='ltr'><strong>quando</strong></span> <span class='ocrx_word' id='word_1_479' title='bbox 3506 1993 3678 2050; x_wconf 86' lang='lat' dir='ltr'><strong>Odel-</strong></span> 
     </span>
    </p>
   </div>
   <div class='ocr_carea' id='block_1_67' title="bbox 2081 2083 3682 2158">
    <p class='ocr_par' dir='ltr' id='par_1_67' title="bbox 2081 2083 3682 2158">
     <span class='ocr_line' id='line_1_67' title="bbox 2081 2083 3682 2158; baseline -0.001 -19"><span class='ocrx_word' id='word_1_480' title='bbox 2081 2085 2233 2156; x_wconf 86' lang='lat' dir='ltr'><strong>gisus</strong></span> <span class='ocrx_word' id='word_1_481' title='bbox 2262 2085 2432 2141; x_wconf 83' lang='lat' dir='ltr'><strong>frater</strong></span> <span class='ocrx_word' id='word_1_482' title='bbox 2457 2087 2677 2141; x_wconf 91' lang='lat' dir='ltr'><strong>Parduli</strong></span> <span class='ocrx_word' id='word_1_483' title='bbox 2708 2086 2948 2158; x_wconf 83' lang='lat' dir='ltr'><strong>episcOpi</strong></span> <span class='ocrx_word' id='word_1_484' title='bbox 2977 2086 3164 2141; x_wconf 89' lang='lat' dir='ltr'><strong>habuit</strong></span> <span class='ocrx_word' id='word_1_485' title='bbox 3189 2085 3366 2156; x_wconf 89' lang='lat' dir='ltr'><strong>ipsam</strong></span> <span class='ocrx_word' id='word_1_486' title='bbox 3394 2083 3579 2141; x_wconf 89' lang='lat' dir='ltr'><strong>villam</strong></span> <span class='ocrx_word' id='word_1_487' title='bbox 3625 2083 3682 2138; x_wconf 89' lang='lat' dir='ltr'><strong>in</strong></span> 
     </span>
    </p>
   </div>
   <div class='ocr_carea' id='block_1_68' title="bbox 2081 2173 3677 2247">
    <p class='ocr_par' dir='ltr' id='par_1_68' title="bbox 2081 2173 3677 2247">
     <span class='ocr_line' id='line_1_68' title="bbox 2081 2173 3677 2247; baseline 0.001 -19"><span class='ocrx_word' id='word_1_488' title='bbox 2081 2173 2366 2230; x_wconf 87' lang='lat' dir='ltr'><strong>beneﬁcio.</strong></span> <span class='ocrx_word' id='word_1_489' title='bbox 2400 2176 2467 2230; x_wconf 87' lang='lat' dir='ltr'><strong>Et</strong></span> <span class='ocrx_word' id='word_1_490' title='bbox 2497 2174 2587 2230; x_wconf 90' lang='lat' dir='ltr'><strong>isti</strong></span> <span class='ocrx_word' id='word_1_491' title='bbox 2616 2184 2725 2231; x_wconf 91' lang='lat' dir='ltr'><strong>tres</strong></span> <span class='ocrx_word' id='word_1_492' title='bbox 2753 2175 3060 2247; x_wconf 88' lang='lat' dir='ltr'><strong>presbyteri</strong></span> <span class='ocrx_word' id='word_1_493' title='bbox 3089 2174 3304 2231; x_wconf 86' lang='lat' dir='ltr'><strong>fuerunt</strong></span> <span class='ocrx_word' id='word_1_494' title='bbox 3331 2173 3386 2228; x_wconf 94' lang='lat' dir='ltr'><strong>in</strong></span> <span class='ocrx_word' id='word_1_495' title='bbox 3415 2173 3534 2245; x_wconf 85' lang='lat' dir='ltr'><strong>ipsa</strong></span> <span class='ocrx_word' id='word_1_496' title='bbox 3581 2187 3677 2229; x_wconf 85' lang='lat' dir='ltr'><strong>ec-</strong></span> 
     </span>
    </p>
   </div>
   <div class='ocr_carea' id='block_1_69' title="bbox 2080 2261 3677 2336">
    <p class='ocr_par' dir='ltr' id='par_1_69' title="bbox 2080 2261 3677 2336">
     <span class='ocr_line' id='line_1_69' title="bbox 2080 2261 3677 2336; baseline -0.001 -18"><span class='ocrx_word' id='word_1_497' title='bbox 2080 2261 2244 2318; x_wconf 91' lang='lat' dir='ltr'><strong>clesia</strong></span> <span class='ocrx_word' id='word_1_498' title='bbox 2275 2280 2373 2335; x_wconf 93' lang='lat' dir='ltr'><strong>per</strong></span> <span class='ocrx_word' id='word_1_499' title='bbox 2399 2264 2775 2320; x_wconf 90' lang='lat' dir='ltr'><strong>successiones</strong></span> <span class='ocrx_word' id='word_1_500' title='bbox 2806 2273 3050 2336; x_wconf 88' lang='lat' dir='ltr'><strong>tempore</strong></span> <span class='ocrx_word' id='word_1_501' title='bbox 3096 2264 3476 2336; x_wconf 88' lang='lat' dir='ltr'><strong>episcoporum</strong></span> <span class='ocrx_word' id='word_1_502' title='bbox 3532 2262 3677 2316; x_wconf 89' lang='lat' dir='ltr'><strong>Lau-</strong></span> 
     </span>
    </p>
   </div>
   <div class='ocr_carea' id='block_1_70' title="bbox 2079 2350 3677 2423">
    <p class='ocr_par' dir='ltr' id='par_1_70' title="bbox 2079 2350 3677 2423">
     <span class='ocr_line' id='line_1_70' title="bbox 2079 2350 3677 2423; baseline -0.001 -17"><span class='ocrx_word' id='word_1_503' title='bbox 2079 2351 2338 2408; x_wconf 88' lang='lat' dir='ltr'><strong>dunensis</strong></span> <span class='ocrx_word' id='word_1_504' title='bbox 2366 2353 2649 2420; x_wconf 71' lang='lat' dir='ltr'><strong>Ecclesiae,</strong></span> <span class='ocrx_word' id='word_1_505' title='bbox 2683 2353 2998 2409; x_wconf 90' lang='lat' dir='ltr'><strong>Genebaudi</strong></span> <span class='ocrx_word' id='word_1_506' title='bbox 3049 2352 3302 2423; x_wconf 88' lang='lat' dir='ltr'><strong>junioris,</strong></span> <span class='ocrx_word' id='word_1_507' title='bbox 3361 2350 3677 2408; x_wconf 88' lang='lat' dir='ltr'><strong>Berniconis</strong></span> 
     </span>
    </p>
   </div>
   <div class='ocr_carea' id='block_1_71' title="bbox 2079 2439 3678 2514">
    <p class='ocr_par' dir='ltr' id='par_1_71' title="bbox 2079 2439 3678 2514">
     <span class='ocr_line' id='line_1_71' title="bbox 2079 2439 3678 2514; baseline -0.001 -18"><span class='ocrx_word' id='word_1_508' title='bbox 2079 2450 2132 2496; x_wconf 92' lang='lat' dir='ltr'><strong>et</strong></span> <span class='ocrx_word' id='word_1_509' title='bbox 2163 2441 2438 2498; x_wconf 87' lang='lat' dir='ltr'><strong>Gaufredi.</strong></span> <span class='ocrx_word' id='word_1_510' title='bbox 2481 2444 2608 2497; x_wconf 91' lang='lat' dir='ltr'><strong>Post</strong></span> <span class='ocrx_word' id='word_1_511' title='bbox 2645 2442 2848 2498; x_wconf 92' lang='lat' dir='ltr'><strong>obitum</strong></span> <span class='ocrx_word' id='word_1_512' title='bbox 2878 2442 3176 2514; x_wconf 82' lang='lat' dir='ltr'><strong>Agmeradi</strong></span> <span class='ocrx_word' id='word_1_513' title='bbox 3206 2441 3304 2497; x_wconf 84' lang='lat' dir='ltr'><strong>fuit</strong></span> <span class='ocrx_word' id='word_1_514' title='bbox 3332 2441 3387 2496; x_wconf 90' lang='lat' dir='ltr'><strong>in</strong></span> <span class='ocrx_word' id='word_1_515' title='bbox 3418 2455 3484 2496; x_wconf 90' lang='lat' dir='ltr'><strong>ea</strong></span> <span class='ocrx_word' id='word_1_516' title='bbox 3529 2439 3678 2495; x_wconf 86' lang='lat' dir='ltr'><strong>ordi-</strong></span> 
     </span>
    </p>
   </div>
   <div class='ocr_carea' id='block_1_72' title="bbox 2078 2526 3673 2603">
    <p class='ocr_par' dir='ltr' id='par_1_72' title="bbox 2078 2526 3673 2603">
     <span class='ocr_line' id='line_1_72' title="bbox 2078 2526 3673 2603; baseline 0 -20"><span class='ocrx_word' id='word_1_517' title='bbox 2078 2537 2236 2585; x_wconf 88' lang='lat' dir='ltr'><strong>natus</strong></span> <span class='ocrx_word' id='word_1_518' title='bbox 2301 2531 2573 2588; x_wconf 88' lang='lat' dir='ltr'><strong>Ottericus</strong></span> <span class='ocrx_word' id='word_1_519' title='bbox 2610 2532 2896 2603; x_wconf 89' lang='lat' dir='ltr'><strong>presbyter</strong></span> <span class='ocrx_word' id='word_1_520' title='bbox 2932 2548 2966 2586; x_wconf 91' lang='lat' dir='ltr'><strong>a</strong></span> <span class='ocrx_word' id='word_1_521' title='bbox 2987 2531 3280 2587; x_wconf 91' lang='lat' dir='ltr'><strong>Wenilone</strong></span> <span class='ocrx_word' id='word_1_522' title='bbox 3329 2526 3673 2585; x_wconf 91' lang='lat' dir='ltr'><strong>Laudunensi</strong></span> 
     </span>
    </p>
   </div>
   <div class='ocr_carea' id='block_1_73' title="bbox 2078 2619 3674 2692">
    <p class='ocr_par' dir='ltr' id='par_1_73' title="bbox 2078 2619 3674 2692">
     <span class='ocr_line' id='line_1_73' title="bbox 2078 2619 3674 2692; baseline 0 -18"><span class='ocrx_word' id='word_1_523' title='bbox 2078 2619 2352 2691; x_wconf 88' lang='lat' dir='ltr'><strong>episc0po.</strong></span> <span class='ocrx_word' id='word_1_524' title='bbox 2388 2619 2510 2692; x_wconf 91' lang='lat' dir='ltr'><strong>Ipse</strong></span> <span class='ocrx_word' id='word_1_525' title='bbox 2541 2619 2808 2676; x_wconf 84' lang='lat' dir='ltr'><strong>Ottericus</strong></span> <span class='ocrx_word' id='word_1_526' title='bbox 2841 2622 2971 2676; x_wconf 90' lang='lat' dir='ltr'><strong>dum</strong></span> <span class='ocrx_word' id='word_1_527' title='bbox 3001 2620 3173 2692; x_wconf 90' lang='lat' dir='ltr'><strong>ipsam</strong></span> <span class='ocrx_word' id='word_1_528' title='bbox 3204 2619 3492 2676; x_wconf 89' lang='lat' dir='ltr'><strong>ecclesiam</strong></span> <span class='ocrx_word' id='word_1_529' title='bbox 3522 2625 3674 2674; x_wconf 90' lang='lat' dir='ltr'><strong>tene-</strong></span> 
     </span>
    </p>
   </div>
   <div class='ocr_carea' id='block_1_74' title="bbox 2075 2707 3672 2779">
    <p class='ocr_par' dir='ltr' id='par_1_74' title="bbox 2075 2707 3672 2779">
     <span class='ocr_line' id='line_1_74' title="bbox 2075 2707 3672 2779; baseline -0.001 -17"><span class='ocrx_word' id='word_1_530' title='bbox 2075 2715 2160 2762; x_wconf 90' lang='lat' dir='ltr'><strong>ret</strong></span> <span class='ocrx_word' id='word_1_531' title='bbox 2190 2709 2429 2764; x_wconf 89' lang='lat' dir='ltr'><strong>cantavit</strong></span> <span class='ocrx_word' id='word_1_532' title='bbox 2457 2709 2513 2764; x_wconf 91' lang='lat' dir='ltr'><strong>in</strong></span> <span class='ocrx_word' id='word_1_533' title='bbox 2541 2709 2826 2779; x_wconf 88' lang='lat' dir='ltr'><strong>Noviante,</strong></span> <span class='ocrx_word' id='word_1_534' title='bbox 2857 2717 2908 2765; x_wconf 88' lang='lat' dir='ltr'><strong>et</strong></span> <span class='ocrx_word' id='word_1_535' title='bbox 2938 2710 2993 2764; x_wconf 91' lang='lat' dir='ltr'><strong>in</strong></span> <span class='ocrx_word' id='word_1_536' title='bbox 3019 2708 3286 2764; x_wconf 86' lang='lat' dir='ltr'><strong>Landrica</strong></span> <span class='ocrx_word' id='word_1_537' title='bbox 3328 2715 3478 2764; x_wconf 92' lang='lat' dir='ltr'><strong>curte</strong></span> <span class='ocrx_word' id='word_1_538' title='bbox 3523 2715 3574 2762; x_wconf 90' lang='lat' dir='ltr'><strong>et</strong></span> <span class='ocrx_word' id='word_1_539' title='bbox 3615 2707 3672 2762; x_wconf 90' lang='lat' dir='ltr'><strong>in</strong></span> 
     </span>
    </p>
   </div>
   <div class='ocr_carea' id='block_1_75' title="bbox 2075 2795 3674 2871">
    <p class='ocr_par' dir='ltr' id='par_1_75' title="bbox 2075 2795 3674 2871">
     <span class='ocr_line' id='line_1_75' title="bbox 2075 2795 3674 2871; baseline -0.001 -20"><span class='ocrx_word' id='word_1_540' title='bbox 2075 2797 2292 2852; x_wconf 91' lang='lat' dir='ltr'><strong>Broeris</strong></span> <span class='ocrx_word' id='word_1_541' title='bbox 2325 2816 2338 2852; x_wconf 89' lang='lat'><strong>:</strong></span> <span class='ocrx_word' id='word_1_542' title='bbox 2372 2798 2557 2854; x_wconf 87' lang='lat' dir='ltr'><strong>titulus</strong></span> <span class='ocrx_word' id='word_1_543' title='bbox 2584 2807 2764 2854; x_wconf 88' lang='lat' dir='ltr'><strong>autem</strong></span> <span class='ocrx_word' id='word_1_544' title='bbox 2793 2799 2964 2871; x_wconf 89' lang='lat' dir='ltr'><strong>ipsius</strong></span> <span class='ocrx_word' id='word_1_545' title='bbox 3028 2798 3082 2853; x_wconf 93' lang='lat' dir='ltr'><strong>in</strong></span> <span class='ocrx_word' id='word_1_546' title='bbox 3139 2813 3245 2870; x_wconf 89' lang='lat' dir='ltr'><strong>quo</strong></span> <span class='ocrx_word' id='word_1_547' title='bbox 3318 2805 3372 2852; x_wconf 91' lang='lat' dir='ltr'><strong>et</strong></span> <span class='ocrx_word' id='word_1_548' title='bbox 3426 2795 3674 2852; x_wconf 89' lang='lat' dir='ltr'><strong>residuus</strong></span> 
     </span>
    </p>
   </div>
   <div class='ocr_carea' id='block_1_76' title="bbox 2077 2885 3672 2961">
    <p class='ocr_par' dir='ltr' id='par_1_76' title="bbox 2077 2885 3672 2961">
     <span class='ocr_line' id='line_1_76' title="bbox 2077 2885 3672 2961; baseline -0.001 -19"><span class='ocrx_word' id='word_1_549' title='bbox 2077 2893 2210 2954; x_wconf 90' lang='lat' dir='ltr'><strong>erat,</strong></span> <span class='ocrx_word' id='word_1_550' title='bbox 2241 2885 2338 2942; x_wconf 89' lang='lat' dir='ltr'><strong>fuit</strong></span> <span class='ocrx_word' id='word_1_551' title='bbox 2367 2887 2420 2942; x_wconf 92' lang='lat' dir='ltr'><strong>in</strong></span> <span class='ocrx_word' id='word_1_552' title='bbox 2438 2887 2874 2961; x_wconf 64' lang='lat' dir='ltr'><strong>Follanabrayo.</strong></span> <span class='ocrx_word' id='word_1_553' title='bbox 2903 2889 2966 2943; x_wconf 90' lang='lat' dir='ltr'><strong>In</strong></span> <span class='ocrx_word' id='word_1_554' title='bbox 2986 2887 3105 2960; x_wconf 91' lang='lat' dir='ltr'><strong>ipso</strong></span> <span class='ocrx_word' id='word_1_555' title='bbox 3149 2895 3395 2958; x_wconf 89' lang='lat' dir='ltr'><strong>tempore</strong></span> <span class='ocrx_word' id='word_1_556' title='bbox 3439 2885 3540 2940; x_wconf 85' lang='lat' dir='ltr'><strong>fuit</strong></span> <span class='ocrx_word' id='word_1_557' title='bbox 3557 2885 3672 2941; x_wconf 81' lang='lat' dir='ltr'><strong>No-</strong></span> 
     </span>
    </p>
   </div>
   <div class='ocr_carea' id='block_1_77' title="bbox 2075 2973 3668 3048">
    <p class='ocr_par' dir='ltr' id='par_1_77' title="bbox 2075 2973 3668 3048">
     <span class='ocr_line' id='line_1_77' title="bbox 2075 2973 3668 3048; baseline -0.001 -18"><span class='ocrx_word' id='word_1_558' title='bbox 2075 2975 2349 3031; x_wconf 90' lang='lat' dir='ltr'><strong>dalbertus</strong></span> <span class='ocrx_word' id='word_1_559' title='bbox 2376 2977 2667 3048; x_wconf 90' lang='lat' dir='ltr'><strong>presbyter</strong></span> <span class='ocrx_word' id='word_1_560' title='bbox 2693 2977 2751 3032; x_wconf 89' lang='lat' dir='ltr'><strong>in</strong></span> <span class='ocrx_word' id='word_1_561' title='bbox 2780 2977 3066 3034; x_wconf 89' lang='lat' dir='ltr'><strong>Codiciaco</strong></span> <span class='ocrx_word' id='word_1_562' title='bbox 3096 2993 3198 3048; x_wconf 90' lang='lat' dir='ltr'><strong>per</strong></span> <span class='ocrx_word' id='word_1_563' title='bbox 3225 2991 3396 3032; x_wconf 88' lang='lat' dir='ltr'><strong>annos</strong></span> <span class='ocrx_word' id='word_1_564' title='bbox 3425 2973 3618 3047; x_wconf 84' lang='lat' dir='ltr'><strong>viginti</strong></span> <span class='ocrx_word' id='word_1_565' title='bbox 3655 2991 3668 3029; x_wconf 91' lang='lat'>:</span> 
     </span>
    </p>
   </div>
   <div class='ocr_carea' id='block_1_78' title="bbox 2075 3062 3670 3135">
    <p class='ocr_par' dir='ltr' id='par_1_78' title="bbox 2075 3062 3670 3135">
     <span class='ocr_line' id='line_1_78' title="bbox 2075 3062 3670 3135; baseline 0 -16"><span class='ocrx_word' id='word_1_566' title='bbox 2075 3064 2207 3120; x_wconf 89' lang='lat' dir='ltr'><strong>obiit</strong></span> <span class='ocrx_word' id='word_1_567' title='bbox 2236 3073 2415 3122; x_wconf 91' lang='lat' dir='ltr'><strong>autem</strong></span> <span class='ocrx_word' id='word_1_568' title='bbox 2442 3065 2685 3132; x_wconf 89' lang='lat' dir='ltr'><strong>Wenilo,</strong></span> <span class='ocrx_word' id='word_1_569' title='bbox 2733 3073 2786 3122; x_wconf 91' lang='lat' dir='ltr'><strong>et</strong></span> <span class='ocrx_word' id='word_1_570' title='bbox 2832 3065 3095 3122; x_wconf 89' lang='lat' dir='ltr'><strong>successit</strong></span> <span class='ocrx_word' id='word_1_571' title='bbox 3141 3064 3427 3121; x_wconf 92' lang='lat' dir='ltr'><strong>Ostroldus</strong></span> <span class='ocrx_word' id='word_1_572' title='bbox 3449 3062 3670 3135; x_wconf 87' lang='lat' dir='ltr'><strong>episco-</strong></span> 
     </span>
    </p>
   </div>
   <div class='ocr_carea' id='block_1_79' title="bbox 2077 3153 3667 3224">
    <p class='ocr_par' dir='ltr' id='par_1_79' title="bbox 2077 3153 3667 3224">
     <span class='ocr_line' id='line_1_79' title="bbox 2077 3153 3667 3224; baseline 0.001 -17"><span class='ocrx_word' id='word_1_573' title='bbox 2077 3169 2185 3224; x_wconf 92' lang='lat' dir='ltr'><strong>pus</strong></span> <span class='ocrx_word' id='word_1_574' title='bbox 2217 3154 2275 3208; x_wconf 92' lang='lat' dir='ltr'><strong>in</strong></span> <span class='ocrx_word' id='word_1_575' title='bbox 2301 3154 2547 3210; x_wconf 90' lang='lat' dir='ltr'><strong>Ecclesia</strong></span> <span class='ocrx_word' id='word_1_576' title='bbox 2576 3154 2942 3211; x_wconf 89' lang='lat' dir='ltr'><strong>Laudunensi.</strong></span> <span class='ocrx_word' id='word_1_577' title='bbox 2979 3154 3126 3210; x_wconf 89' lang='lat' dir='ltr'><strong>Obiit</strong></span> <span class='ocrx_word' id='word_1_578' title='bbox 3151 3153 3515 3209; x_wconf 80' lang='lat' dir='ltr'><strong>Nodalbertus</strong></span> <span class='ocrx_word' id='word_1_579' title='bbox 3533 3168 3667 3224; x_wconf 91' lang='lat' dir='ltr'><strong>pre-</strong></span> 
     </span>
    </p>
   </div>
   <div class='ocr_carea' id='block_1_80' title="bbox 2075 3241 3667 3314">
    <p class='ocr_par' dir='ltr' id='par_1_80' title="bbox 2075 3241 3667 3314">
     <span class='ocr_line' id='line_1_80' title="bbox 2075 3241 3667 3314; baseline 0.001 -19"><span class='ocrx_word' id='word_1_580' title='bbox 2075 3241 2262 3313; x_wconf 88' lang='lat' dir='ltr'><strong>sbyter</strong></span> <span class='ocrx_word' id='word_1_581' title='bbox 2299 3243 2368 3298; x_wconf 92' lang='lat' dir='ltr'><strong>de</strong></span> <span class='ocrx_word' id='word_1_582' title='bbox 2407 3243 2716 3310; x_wconf 91' lang='lat' dir='ltr'><strong>Codiciaco,</strong></span> <span class='ocrx_word' id='word_1_583' title='bbox 2751 3251 2805 3299; x_wconf 92' lang='lat' dir='ltr'><strong>et</strong></span> <span class='ocrx_word' id='word_1_584' title='bbox 2835 3243 3098 3301; x_wconf 89' lang='lat' dir='ltr'><strong>successit</strong></span> <span class='ocrx_word' id='word_1_585' title='bbox 3126 3242 3177 3298; x_wconf 91' lang='lat' dir='ltr'><strong>ei</strong></span> <span class='ocrx_word' id='word_1_586' title='bbox 3208 3242 3506 3298; x_wconf 88' lang='lat' dir='ltr'><strong>Gozmarus</strong></span> <span class='ocrx_word' id='word_1_587' title='bbox 3534 3257 3667 3314; x_wconf 91' lang='lat' dir='ltr'><strong>pre-</strong></span> 
     </span>
    </p>
   </div>
   <div class='ocr_carea' id='block_1_81' title="bbox 2073 3329 3668 3404">
    <p class='ocr_par' dir='ltr' id='par_1_81' title="bbox 2073 3329 3668 3404">
     <span class='ocr_line' id='line_1_81' title="bbox 2073 3329 3668 3404; baseline 0.001 -19"><span class='ocrx_word' id='word_1_588' title='bbox 2073 3330 2257 3401; x_wconf 86' lang='lat' dir='ltr'><strong>sbyter</strong></span> <span class='ocrx_word' id='word_1_589' title='bbox 2292 3332 2384 3404; x_wconf 89' lang='lat' dir='ltr'><strong>qui</strong></span> <span class='ocrx_word' id='word_1_590' title='bbox 2421 3332 2490 3387; x_wconf 90' lang='lat' dir='ltr'><strong>de</strong></span> <span class='ocrx_word' id='word_1_591' title='bbox 2529 3332 2796 3389; x_wconf 90' lang='lat' dir='ltr'><strong>canonica</strong></span> <span class='ocrx_word' id='word_1_592' title='bbox 2832 3332 3128 3388; x_wconf 86' lang='lat' dir='ltr'><strong>Rbemensi</strong></span> <span class='ocrx_word' id='word_1_593' title='bbox 3192 3331 3393 3388; x_wconf 85' lang='lat' dir='ltr'><strong>missus</strong></span> <span class='ocrx_word' id='word_1_594' title='bbox 3457 3337 3542 3386; x_wconf 88' lang='lat' dir='ltr'><strong>est</strong></span> <span class='ocrx_word' id='word_1_595' title='bbox 3597 3329 3668 3387; x_wconf 87' lang='lat' dir='ltr'><strong>ad</strong></span> 
     </span>
    </p>
   </div>
   <div class='ocr_carea' id='block_1_82' title="bbox 2071 3418 3666 3493">
    <p class='ocr_par' dir='ltr' id='par_1_82' title="bbox 2071 3418 3666 3493">
     <span class='ocr_line' id='line_1_82' title="bbox 2071 3418 3666 3493; baseline 0.001 -20"><span class='ocrx_word' id='word_1_596' title='bbox 2071 3419 2376 3476; x_wconf 76' lang='lat' dir='ltr'><strong>Ecclesium</strong></span> <span class='ocrx_word' id='word_1_597' title='bbox 2403 3420 2460 3476; x_wconf 91' lang='lat' dir='ltr'><strong>in</strong></span> <span class='ocrx_word' id='word_1_598' title='bbox 2491 3421 2802 3489; x_wconf 90' lang='lat' dir='ltr'><strong>Codiciaco,</strong></span> <span class='ocrx_word' id='word_1_599' title='bbox 2835 3428 2891 3478; x_wconf 87' lang='lat' dir='ltr'><strong>et</strong></span> <span class='ocrx_word' id='word_1_600' title='bbox 2918 3421 3014 3476; x_wconf 83' lang='lat' dir='ltr'><strong>fuit</strong></span> <span class='ocrx_word' id='word_1_601' title='bbox 3042 3420 3118 3476; x_wconf 90' lang='lat' dir='ltr'><strong>ibi</strong></span> <span class='ocrx_word' id='word_1_602' title='bbox 3170 3437 3271 3493; x_wconf 91' lang='lat' dir='ltr'><strong>per</strong></span> <span class='ocrx_word' id='word_1_603' title='bbox 3307 3434 3479 3476; x_wconf 88' lang='lat' dir='ltr'><strong>annos</strong></span> <span class='ocrx_word' id='word_1_604' title='bbox 3499 3418 3666 3477; x_wconf 88' lang='lat' dir='ltr'><strong>circi-</strong></span> 
     </span>
    </p>
   </div>
   <div class='ocr_carea' id='block_1_83' title="bbox 2071 3508 3669 3582">
    <p class='ocr_par' dir='ltr' id='par_1_83' title="bbox 2071 3508 3669 3582">
     <span class='ocr_line' id='line_1_83' title="bbox 2071 3508 3669 3582; baseline 0 -19"><span class='ocrx_word' id='word_1_605' title='bbox 2071 3515 2156 3563; x_wconf 91' lang='lat' dir='ltr'><strong>ter</strong></span> <span class='ocrx_word' id='word_1_606' title='bbox 2185 3509 2427 3581; x_wconf 83' lang='lat' dir='ltr'><strong>triginta.</strong></span> <span class='ocrx_word' id='word_1_607' title='bbox 2461 3509 2607 3566; x_wconf 88' lang='lat' dir='ltr'><strong>Obiit</strong></span> <span class='ocrx_word' id='word_1_608' title='bbox 2637 3510 2922 3566; x_wconf 92' lang='lat' dir='ltr'><strong>Ostroldus</strong></span> <span class='ocrx_word' id='word_1_609' title='bbox 2961 3519 3015 3566; x_wconf 93' lang='lat' dir='ltr'><strong>et</strong></span> <span class='ocrx_word' id='word_1_610' title='bbox 3078 3509 3394 3582; x_wconf 89' lang='lat' dir='ltr'><strong>aliquandiu</strong></span> <span class='ocrx_word' id='word_1_611' title='bbox 3456 3508 3669 3566; x_wconf 84' lang='lat' dir='ltr'><strong>vacavit</strong></span> 
     </span>
    </p>
   </div>
   <div class='ocr_carea' id='block_1_84' title="bbox 2069 3597 3662 3672">
    <p class='ocr_par' dir='ltr' id='par_1_84' title="bbox 2069 3597 3662 3672">
     <span class='ocr_line' id='line_1_84' title="bbox 2069 3597 3662 3672; baseline -0.001 -19"><span class='ocrx_word' id='word_1_612' title='bbox 2069 3597 2414 3670; x_wconf 89' lang='lat' dir='ltr'><strong>episcopatus</strong></span> <span class='ocrx_word' id='word_1_613' title='bbox 2444 3599 2500 3654; x_wconf 91' lang='lat' dir='ltr'><strong>in</strong></span> <span class='ocrx_word' id='word_1_614' title='bbox 2529 3599 2943 3672; x_wconf 67' lang='lat' dir='ltr'><strong>Follanabrayo</strong></span> <span class='ocrx_word' id='word_1_615' title='bbox 2975 3614 3100 3656; x_wconf 90' lang='lat' dir='ltr'><strong>cum</strong></span> <span class='ocrx_word' id='word_1_616' title='bbox 3131 3597 3457 3654; x_wconf 87' lang='lat' dir='ltr'><strong>Odelharius</strong></span> <span class='ocrx_word' id='word_1_617' title='bbox 3488 3597 3662 3653; x_wconf 91' lang='lat' dir='ltr'><strong>bene-</strong></span> 
     </span>
    </p>
   </div>
   <div class='ocr_carea' id='block_1_85' title="bbox 2069 3686 3664 3762">
    <p class='ocr_par' dir='ltr' id='par_1_85' title="bbox 2069 3686 3664 3762">
     <span class='ocr_line' id='line_1_85' title="bbox 2069 3686 3664 3762; baseline 0 -20"><span class='ocrx_word' id='word_1_618' title='bbox 2069 3686 2250 3743; x_wconf 83' lang='lat' dir='ltr'><strong>ﬁcium</strong></span> <span class='ocrx_word' id='word_1_619' title='bbox 2277 3687 2408 3744; x_wconf 91' lang='lat' dir='ltr'><strong>illud</strong></span> <span class='ocrx_word' id='word_1_620' title='bbox 2436 3689 2670 3744; x_wconf 89' lang='lat' dir='ltr'><strong>habebat</strong></span> <span class='ocrx_word' id='word_1_621' title='bbox 2699 3705 2875 3762; x_wconf 89' lang='lat' dir='ltr'><strong>usque</strong></span> <span class='ocrx_word' id='word_1_622' title='bbox 2913 3689 2984 3745; x_wconf 92' lang='lat' dir='ltr'><strong>ad</strong></span> <span class='ocrx_word' id='word_1_623' title='bbox 3041 3705 3227 3746; x_wconf 89' lang='lat' dir='ltr'><strong>meum</strong></span> <span class='ocrx_word' id='word_1_624' title='bbox 3283 3696 3496 3758; x_wconf 91' lang='lat' dir='ltr'><strong>tempus</strong></span> <span class='ocrx_word' id='word_1_625' title='bbox 3555 3702 3664 3760; x_wconf 90' lang='lat' dir='ltr'><strong>quo</strong></span> 
     </span>
    </p>
   </div>
   <div class='ocr_carea' id='block_1_86' title="bbox 2068 3775 3664 3850">
    <p class='ocr_par' dir='ltr' id='par_1_86' title="bbox 2068 3775 3664 3850">
     <span class='ocr_line' id='line_1_86' title="bbox 2068 3775 3664 3850; baseline 0 -18"><span class='ocrx_word' id='word_1_626' title='bbox 2068 3775 2146 3832; x_wconf 86' lang='lat' dir='ltr'><strong>fui</strong></span> <span class='ocrx_word' id='word_1_627' title='bbox 2174 3777 2454 3833; x_wconf 90' lang='lat' dir='ltr'><strong>ordinatus</strong></span> <span class='ocrx_word' id='word_1_628' title='bbox 2483 3779 2776 3850; x_wconf 88' lang='lat' dir='ltr'><strong>episcopus</strong></span> <span class='ocrx_word' id='word_1_629' title='bbox 2804 3785 2929 3850; x_wconf 92' lang='lat' dir='ltr'><strong>post</strong></span> <span class='ocrx_word' id='word_1_630' title='bbox 2955 3778 3138 3850; x_wconf 91' lang='lat' dir='ltr'><strong>plures</strong></span> <span class='ocrx_word' id='word_1_631' title='bbox 3171 3792 3344 3834; x_wconf 87' lang='lat' dir='ltr'><strong>annos</strong></span> <span class='ocrx_word' id='word_1_632' title='bbox 3360 3775 3664 3832; x_wconf 87' lang='lat' dir='ltr'><strong>ordinatio-</strong></span> 
     </span>
    </p>
   </div>
   <div class='ocr_carea' id='block_1_87' title="bbox 2069 3864 3664 3940">
    <p class='ocr_par' dir='ltr' id='par_1_87' title="bbox 2069 3864 3664 3940">
     <span class='ocr_line' id='line_1_87' title="bbox 2069 3864 3664 3940; baseline 0 -19"><span class='ocrx_word' id='word_1_633' title='bbox 2069 3865 2154 3921; x_wconf 90' lang='lat' dir='ltr'><strong>nis</strong></span> <span class='ocrx_word' id='word_1_634' title='bbox 2185 3866 2455 3924; x_wconf 88' lang='lat' dir='ltr'><strong>Simeonis</strong></span> <span class='ocrx_word' id='word_1_635' title='bbox 2493 3867 2753 3939; x_wconf 84' lang='lat' dir='ltr'><strong>episcOpi.</strong></span> <span class='ocrx_word' id='word_1_636' title='bbox 2788 3869 2854 3923; x_wconf 89' lang='lat' dir='ltr'><strong>Et</strong></span> <span class='ocrx_word' id='word_1_637' title='bbox 2882 3867 3006 3940; x_wconf 90' lang='lat' dir='ltr'><strong>quia</strong></span> <span class='ocrx_word' id='word_1_638' title='bbox 3053 3868 3169 3937; x_wconf 88' lang='lat' dir='ltr'><strong>jam</strong></span> <span class='ocrx_word' id='word_1_639' title='bbox 3200 3867 3502 3924; x_wconf 89' lang='lat' dir='ltr'><strong>Gozmarus</strong></span> <span class='ocrx_word' id='word_1_640' title='bbox 3540 3864 3664 3924; x_wconf 79' lang='lat' dir='ltr'><strong>offi-</strong></span> 
     </span>
    </p>
   </div>
   <div class='ocr_carea' id='block_1_88' title="bbox 2069 3955 3664 4030">
    <p class='ocr_par' dir='ltr' id='par_1_88' title="bbox 2069 3955 3664 4030">
     <span class='ocr_line' id='line_1_88' title="bbox 2069 3955 3664 4030; baseline -0.001 -18"><span class='ocrx_word' id='word_1_641' title='bbox 2069 3955 2213 4012; x_wconf 92' lang='lat' dir='ltr'><strong>cium</strong></span> <span class='ocrx_word' id='word_1_642' title='bbox 2249 3957 2625 4028; x_wconf 80' lang='lat' dir='ltr'><strong>presbyterale</strong></span> <span class='ocrx_word' id='word_1_643' title='bbox 2663 3972 2826 4030; x_wconf 89' lang='lat' dir='ltr'><strong>agere</strong></span> <span class='ocrx_word' id='word_1_644' title='bbox 2863 3971 2973 4013; x_wconf 90' lang='lat' dir='ltr'><strong>non</strong></span> <span class='ocrx_word' id='word_1_645' title='bbox 3009 3964 3241 4028; x_wconf 89' lang='lat' dir='ltr'><strong>poterat,</strong></span> <span class='ocrx_word' id='word_1_646' title='bbox 3283 3955 3560 4013; x_wconf 88' lang='lat' dir='ltr'><strong>consensit</strong></span> <span class='ocrx_word' id='word_1_647' title='bbox 3604 3961 3664 4011; x_wconf 89' lang='lat' dir='ltr'><strong>ut</strong></span> 
     </span>
    </p>
   </div>
   <div class='ocr_carea' id='block_1_89' title="bbox 2067 4044 3663 4118">
    <p class='ocr_par' dir='ltr' id='par_1_89' title="bbox 2067 4044 3663 4118">
     <span class='ocr_line' id='line_1_89' title="bbox 2067 4044 3663 4118; baseline 0.002 -20"><span class='ocrx_word' id='word_1_648' title='bbox 2067 4044 2202 4100; x_wconf 89' lang='lat' dir='ltr'><strong>alter</strong></span> <span class='ocrx_word' id='word_1_649' title='bbox 2229 4044 2517 4118; x_wconf 86' lang='lat' dir='ltr'><strong>presbyter</strong></span> <span class='ocrx_word' id='word_1_650' title='bbox 2547 4046 2624 4100; x_wconf 92' lang='lat' dir='ltr'><strong>illi</strong></span> <span class='ocrx_word' id='word_1_651' title='bbox 2653 4045 2708 4101; x_wconf 93' lang='lat' dir='ltr'><strong>in</strong></span> <span class='ocrx_word' id='word_1_652' title='bbox 2728 4046 2919 4102; x_wconf 90' lang='lat' dir='ltr'><strong>eadem</strong></span> <span class='ocrx_word' id='word_1_653' title='bbox 2942 4046 3174 4102; x_wconf 90' lang='lat' dir='ltr'><strong>ecclesia</strong></span> <span class='ocrx_word' id='word_1_654' title='bbox 3196 4044 3536 4113; x_wconf 90' lang='lat' dir='ltr'><strong>succederet,</strong></span> <span class='ocrx_word' id='word_1_655' title='bbox 3562 4044 3663 4101; x_wconf 91' lang='lat' dir='ltr'><strong>sic-</strong></span> 
     </span>
    </p>
   </div>
   <div class='ocr_carea' id='block_1_90' title="bbox 2068 4133 3661 4206">
    <p class='ocr_par' dir='ltr' id='par_1_90' title="bbox 2068 4133 3661 4206">
     <span class='ocr_line' id='line_1_90' title="bbox 2068 4133 3661 4206; baseline -0.001 -17"><span class='ocrx_word' id='word_1_656' title='bbox 2068 4149 2174 4206; x_wconf 85' lang='lat' dir='ltr'><strong>que</strong></span> <span class='ocrx_word' id='word_1_657' title='bbox 2214 4134 2588 4190; x_wconf 87' lang='lat' dir='ltr'><strong>consentiente</strong></span> <span class='ocrx_word' id='word_1_658' title='bbox 2616 4134 2865 4190; x_wconf 86' lang='lat' dir='ltr'><strong>Simeone</strong></span> <span class='ocrx_word' id='word_1_659' title='bbox 2897 4135 3153 4206; x_wconf 87' lang='lat' dir='ltr'><strong>episcopo</strong></span> <span class='ocrx_word' id='word_1_660' title='bbox 3177 4135 3378 4190; x_wconf 90' lang='lat' dir='ltr'><strong>missus</strong></span> <span class='ocrx_word' id='word_1_661' title='bbox 3407 4142 3491 4189; x_wconf 91' lang='lat' dir='ltr'><strong>est</strong></span> <span class='ocrx_word' id='word_1_662' title='bbox 3531 4133 3661 4188; x_wconf 84' lang='lat' dir='ltr'><strong>Hai-</strong></span> 
     </span>
    </p>
   </div>
   <div class='ocr_carea' id='block_1_91' title="bbox 2066 4222 3656 4294">
    <p class='ocr_par' dir='ltr' id='par_1_91' title="bbox 2066 4222 3656 4294">
     <span class='ocr_line' id='line_1_91' title="bbox 2066 4222 3656 4294; baseline 0 -18"><span class='ocrx_word' id='word_1_663' title='bbox 2066 4223 2321 4279; x_wconf 90' lang='lat' dir='ltr'><strong>meradus</strong></span> <span class='ocrx_word' id='word_1_664' title='bbox 2351 4223 2578 4280; x_wconf 91' lang='lat' dir='ltr'><strong>clericus</strong></span> <span class='ocrx_word' id='word_1_665' title='bbox 2609 4222 2850 4279; x_wconf 91' lang='lat' dir='ltr'><strong>Simeoni</strong></span> <span class='ocrx_word' id='word_1_666' title='bbox 2878 4223 3139 4294; x_wconf 87' lang='lat' dir='ltr'><strong>episcopo</strong></span> <span class='ocrx_word' id='word_1_667' title='bbox 3168 4223 3241 4278; x_wconf 86' lang='lat' dir='ltr'><strong>ad</strong></span> <span class='ocrx_word' id='word_1_668' title='bbox 3295 4222 3656 4278; x_wconf 89' lang='lat' dir='ltr'><strong>ordinandum</strong></span> 
     </span>
    </p>
   </div>
   <div class='ocr_carea' id='block_1_92' title="bbox 2065 4310 3657 4383">
    <p class='ocr_par' dir='ltr' id='par_1_92' title="bbox 2065 4310 3657 4383">
     <span class='ocr_line' id='line_1_92' title="bbox 2065 4310 3657 4383; baseline 0 -17"><span class='ocrx_word' id='word_1_669' title='bbox 2065 4312 2122 4366; x_wconf 93' lang='lat' dir='ltr'><strong>in</strong></span> <span class='ocrx_word' id='word_1_670' title='bbox 2159 4311 2468 4368; x_wconf 90' lang='lat' dir='ltr'><strong>Codiciaco.</strong></span> <span class='ocrx_word' id='word_1_671' title='bbox 2510 4313 2639 4368; x_wconf 90' lang='lat' dir='ltr'><strong>Post</strong></span> <span class='ocrx_word' id='word_1_672' title='bbox 2688 4311 2894 4368; x_wconf 90' lang='lat' dir='ltr'><strong>obitum</strong></span> <span class='ocrx_word' id='word_1_673' title='bbox 2960 4311 3230 4368; x_wconf 91' lang='lat' dir='ltr'><strong>Simeonis</strong></span> <span class='ocrx_word' id='word_1_674' title='bbox 3296 4310 3538 4383; x_wconf 90' lang='lat' dir='ltr'><strong>episcopi</strong></span> <span class='ocrx_word' id='word_1_675' title='bbox 3601 4310 3657 4366; x_wconf 91' lang='lat' dir='ltr'><strong>in</strong></span> 
     </span>
    </p>
   </div>
   <div class='ocr_carea' id='block_1_93' title="bbox 365 4399 3654 4485">
    <p class='ocr_par' dir='ltr' id='par_1_93' title="bbox 365 4399 3654 4485">
     <span class='ocr_line' id='line_1_93' title="bbox 365 4399 3654 4485; baseline 0.002 -23"><span class='ocrx_word' id='word_1_676' title='bbox 365 4409 478 4478; x_wconf 91' lang='lat' dir='ltr'><strong>tiat,</strong></span> <span class='ocrx_word' id='word_1_677' title='bbox 512 4409 784 4466; x_wconf 89' lang='lat' dir='ltr'><strong>damnatio</strong></span> <span class='ocrx_word' id='word_1_678' title='bbox 815 4412 1216 4467; x_wconf 90' lang='lat' dir='ltr'><strong>consentientes</strong></span> <span class='ocrx_word' id='word_1_679' title='bbox 1245 4412 1486 4478; x_wconf 89' lang='lat' dir='ltr'><strong>involvit,</strong></span> <span class='ocrx_word' id='word_1_680' title='bbox 1538 4429 1648 4470; x_wconf 89' lang='lat' dir='ltr'><strong>non</strong></span> <span class='ocrx_word' id='word_1_681' title='bbox 1699 4414 1963 4485; x_wconf 64' lang='lat' dir='ltr'><strong>pravari-</strong></span> <span class='ocrx_word' id='word_1_682' title='bbox 2065 4401 2405 4456; x_wconf 66' lang='lat' dir='ltr'><strong>LandunenSi</strong></span> <span class='ocrx_word' id='word_1_683' title='bbox 2434 4400 2682 4458; x_wconf 75' lang='grc' dir='ltr'><strong>ΕοοῙθείει</strong></span> <span class='ocrx_word' id='word_1_684' title='bbox 2721 4401 2986 4458; x_wconf 52' lang='lat' dir='ltr'><strong>success“</strong></span> <span class='ocrx_word' id='word_1_685' title='bbox 3030 4400 3294 4457; x_wconf 63' lang='grc' dir='ltr'><strong>Ρατάυλιιε</strong></span> <span class='ocrx_word' id='word_1_686' title='bbox 3343 4399 3654 4472; x_wconf 65' lang='lat' dir='ltr'><strong>episcopus.</strong></span> 
     </span>
    </p>
   </div>
   <div class='ocr_carea' id='block_1_94' title="bbox 360 4485 1991 4564">
    <p class='ocr_par' dir='ltr' id='par_1_94' title="bbox 360 4485 1991 4559">
     <span class='ocr_line' id='line_1_94' title="bbox 360 4485 1991 4559; baseline 0.003 -5"><span class='ocrx_word' id='word_1_687' title='bbox 360 4497 632 4554; x_wconf 75' lang='lat' dir='ltr'><strong>sationem</strong></span> <span class='ocrx_word' id='word_1_688' title='bbox 661 4515 960 4555; x_wconf 88' lang='lat' dir='ltr'><strong>consensus</strong></span> <span class='ocrx_word' id='word_1_689' title='bbox 992 4501 1224 4558; x_wconf 88' lang='lat' dir='ltr'><strong>absolvit</strong></span> <span class='ocrx_word' id='word_1_690' title='bbox 1257 4520 1268 4555; x_wconf 92' lang='lat'>:</span> <span class='ocrx_word' id='word_1_691' title='bbox 1303 4518 1412 4557; x_wconf 93' lang='lat' dir='ltr'><strong>non</strong></span> <span class='ocrx_word' id='word_1_692' title='bbox 1442 4501 1586 4558; x_wconf 91' lang='lat' dir='ltr'><strong>enim</strong></span> <span class='ocrx_word' id='word_1_693' title='bbox 1616 4503 1824 4559; x_wconf 90' lang='lat' dir='ltr'><strong>crimen</strong></span> <span class='ocrx_word' id='word_1_694' title='bbox 1851 4503 1958 4559; x_wconf 89' lang='lat' dir='ltr'><strong>mi-</strong></span> <span class='ocrx_word' id='word_1_695' title='bbox 1987 4485 1991 4545; x_wconf 66' lang='grc' dir='ltr'>Ῑ</span> 
     </span>
    </p>
   </div>
   <div class='ocr_carea' id='block_1_95' title="bbox 2072 4485 3657 4564">
    <p class='ocr_par' dir='ltr' id='par_1_95' title="bbox 2072 4488 3657 4564">
     <span class='ocr_line' id='line_1_95' title="bbox 2072 4488 3657 4564; baseline -0.001 -17"><span class='ocrx_word' id='word_1_696' title='bbox 2072 4490 2212 4560; x_wconf 75' lang='lat' dir='ltr'><strong>:ujus</strong></span> <span class='ocrx_word' id='word_1_697' title='bbox 2241 4498 2486 4562; x_wconf 87' lang='lat' dir='ltr'><strong>tempore</strong></span> <span class='ocrx_word' id='word_1_698' title='bbox 2515 4491 2647 4546; x_wconf 91' lang='lat' dir='ltr'><strong>obiit</strong></span> <span class='ocrx_word' id='word_1_699' title='bbox 2677 4489 2949 4548; x_wconf 91' lang='lat' dir='ltr'><strong>Ottericus</strong></span> <span class='ocrx_word' id='word_1_700' title='bbox 2961 4491 3246 4564; x_wconf 89' lang='lat' dir='ltr'><strong>presbyter</strong></span> <span class='ocrx_word' id='word_1_701' title='bbox 3264 4490 3333 4546; x_wconf 92' lang='lat' dir='ltr'><strong>de</strong></span> <span class='ocrx_word' id='word_1_702' title='bbox 3353 4488 3657 4545; x_wconf 63' lang='lat' dir='ltr'><strong>Follannm-</strong></span> 
     </span>
    </p>
   </div>
   <div class='ocr_carea' id='block_1_96' title="bbox 357 4586 1959 4664">
    <p class='ocr_par' dir='ltr' id='par_1_96' title="bbox 357 4586 1959 4664">
     <span class='ocr_line' id='line_1_96' title="bbox 357 4586 1959 4664; baseline 0.006 -24"><span class='ocrx_word' id='word_1_703' title='bbox 357 4586 559 4653; x_wconf 90' lang='lat' dir='ltr'><strong>nuitur,</strong></span> <span class='ocrx_word' id='word_1_704' title='bbox 594 4588 691 4644; x_wconf 90' lang='lat' dir='ltr'><strong>sed</strong></span> <span class='ocrx_word' id='word_1_705' title='bbox 719 4589 995 4656; x_wconf 90' lang='lat' dir='ltr'><strong>accressit,</strong></span> <span class='ocrx_word' id='word_1_706' title='bbox 1031 4605 1155 4646; x_wconf 92' lang='lat' dir='ltr'><strong>cum</strong></span> <span class='ocrx_word' id='word_1_707' title='bbox 1182 4591 1437 4662; x_wconf 83' lang='lat' dir='ltr'><strong>generale</strong></span> <span class='ocrx_word' id='word_1_708' title='bbox 1482 4590 1541 4646; x_wconf 84' lang='lat' dir='ltr'><strong>fit</strong></span> <span class='ocrx_word' id='word_1_709' title='bbox 1587 4608 1651 4648; x_wconf 86' lang='lat' dir='ltr'><strong>ex</strong></span> <span class='ocrx_word' id='word_1_710' title='bbox 1696 4592 1911 4664; x_wconf 90' lang='lat' dir='ltr'><strong>privato</strong></span> <span class='ocrx_word' id='word_1_711' title='bbox 1945 4611 1959 4649; x_wconf 90' lang='lat'><strong>:</strong></span> 
     </span>
    </p>
   </div>
   <div class='ocr_carea' id='block_1_97' title="bbox 361 4675 1959 4754">
    <p class='ocr_par' dir='ltr' id='par_1_97' title="bbox 361 4675 1959 4754">
     <span class='ocr_line' id='line_1_97' title="bbox 361 4675 1959 4754; baseline 0.006 -24"><span class='ocrx_word' id='word_1_712' title='bbox 361 4675 470 4732; x_wconf 87' lang='lat' dir='ltr'><strong>hoc</strong></span> <span class='ocrx_word' id='word_1_713' title='bbox 505 4676 651 4731; x_wconf 91' lang='lat' dir='ltr'><strong>enim</strong></span> <span class='ocrx_word' id='word_1_714' title='bbox 691 4678 838 4732; x_wconf 92' lang='lat' dir='ltr'><strong>Deus</strong></span> <span class='ocrx_word' id='word_1_715' title='bbox 877 4679 1119 4734; x_wconf 89' lang='lat' dir='ltr'><strong>omnium</strong></span> <span class='ocrx_word' id='word_1_716' title='bbox 1175 4680 1432 4737; x_wconf 89' lang='lat' dir='ltr'><strong>indicavit</strong></span> <span class='ocrx_word' id='word_1_717' title='bbox 1489 4682 1580 4754; x_wconf 90' lang='lat' dir='ltr'><strong>qui</strong></span> <span class='ocrx_word' id='word_1_718' title='bbox 1637 4690 1959 4754; x_wconf 90' lang='lat' dir='ltr'><strong>peccantem</strong></span> 
     </span>
    </p>
   </div>
   <div class='ocr_carea' id='block_1_98' title="bbox 359 4765 1457 4840">
    <p class='ocr_par' dir='ltr' id='par_1_98' title="bbox 359 4765 1457 4840">
     <span class='ocr_line' id='line_1_98' title="bbox 359 4765 1457 4840; baseline 0.005 -21"><span class='ocrx_word' id='word_1_719' title='bbox 359 4765 625 4820; x_wconf 89' lang='lat' dir='ltr'><strong>mundum</strong></span> <span class='ocrx_word' id='word_1_720' title='bbox 656 4767 905 4840; x_wconf 84' lang='lat' dir='ltr'><strong>generali</strong></span> <span class='ocrx_word' id='word_1_721' title='bbox 933 4767 1137 4824; x_wconf 90' lang='lat' dir='ltr'><strong>diluvio</strong></span> <span class='ocrx_word' id='word_1_722' title='bbox 1165 4769 1457 4827; x_wconf 89' lang='lat' dir='ltr'><strong>interemit.</strong></span> 
     </span>
    </p>
   </div>
   <div class='ocr_carea' id='block_1_99' title="bbox 756 4902 1570 4960">
    <p class='ocr_par' dir='ltr' id='par_1_99' title="bbox 756 4902 1570 4960">
     <span class='ocr_line' id='line_1_99' title="bbox 756 4902 1570 4960; baseline 0.006 -5"><span class='ocrx_word' id='word_1_723' title='bbox 756 4902 1099 4959; x_wconf 85' lang='lat' dir='ltr'><strong>HINCMARI</strong></span> <span class='ocrx_word' id='word_1_724' title='bbox 1167 4904 1570 4960; x_wconf 83' lang='lat' dir='ltr'><strong>RHEMENSIS</strong></span> 
     </span>
    </p>
   </div>
   <div class='ocr_carea' id='block_1_100' title="bbox 976 5024 1331 5068">
    <p class='ocr_par' dir='ltr' id='par_1_100' title="bbox 976 5024 1331 5068">
     <span class='ocr_line' id='line_1_100' title="bbox 976 5024 1331 5068; baseline 0.011 -4"><span class='ocrx_word' id='word_1_725' title='bbox 976 5024 1050 5064; x_wconf 80' lang='lat' dir='ltr'><strong>AD</strong></span> <span class='ocrx_word' id='word_1_726' title='bbox 1080 5026 1331 5068; x_wconf 76' lang='lat' dir='ltr'><strong>EUMDEM.</strong></span> 
     </span>
    </p>
   </div>
   <div class='ocr_carea' id='block_1_101' title="bbox 433 5116 1960 5191">
    <p class='ocr_par' dir='ltr' id='par_1_101' title="bbox 433 5116 1960 5191">
     <span class='ocr_line' id='line_1_101' title="bbox 433 5116 1960 5191; baseline 0.004 -21"><span class='ocrx_word' id='word_1_727' title='bbox 433 5116 762 5172; x_wconf 73' lang='lat' dir='ltr'><strong>HlNcuAaus</strong></span> <span class='ocrx_word' id='word_1_728' title='bbox 792 5117 1126 5173; x_wconf 88' lang='lat' dir='ltr'><strong>Rhemorum</strong></span> <span class='ocrx_word' id='word_1_729' title='bbox 1157 5120 1444 5191; x_wconf 90' lang='lat' dir='ltr'><strong>cpiscopus</strong></span> <span class='ocrx_word' id='word_1_730' title='bbox 1475 5120 1672 5176; x_wconf 90' lang='lat' dir='ltr'><strong>dilecto</strong></span> <span class='ocrx_word' id='word_1_731' title='bbox 1701 5119 1858 5175; x_wconf 86' lang='lat' dir='ltr'><strong>fratri</strong></span> <span class='ocrx_word' id='word_1_732' title='bbox 1909 5128 1960 5176; x_wconf 90' lang='lat' dir='ltr'><strong>et</strong></span> 
     </span>
    </p>
   </div>
   <div class='ocr_carea' id='block_1_102' title="bbox 353 5205 1530 5277">
    <p class='ocr_par' dir='ltr' id='par_1_102' title="bbox 353 5205 1530 5277">
     <span class='ocr_line' id='line_1_102' title="bbox 353 5205 1530 5277; baseline 0.001 -15"><span class='ocrx_word' id='word_1_733' title='bbox 353 5205 686 5277; x_wconf 90' lang='lat' dir='ltr'><strong>coepiscopo</strong></span> <span class='ocrx_word' id='word_1_734' title='bbox 714 5215 902 5263; x_wconf 90' lang='lat' dir='ltr'><strong>nostro</strong></span> <span class='ocrx_word' id='word_1_735' title='bbox 931 5209 1226 5264; x_wconf 66' lang='lat' dir='ltr'><strong>Hrucmano</strong></span> <span class='ocrx_word' id='word_1_736' title='bbox 1283 5209 1530 5264; x_wconf 88' lang='lat' dir='ltr'><strong>salutem.</strong></span> 
     </span>
    </p>
   </div>
   <div class='ocr_carea' id='block_1_103' title="bbox 431 5293 1956 5371">
    <p class='ocr_par' dir='ltr' id='par_1_103' title="bbox 431 5293 1956 5371">
     <span class='ocr_line' id='line_1_103' title="bbox 431 5293 1956 5371; baseline 0.005 -24"><span class='ocrx_word' id='word_1_737' title='bbox 431 5293 694 5349; x_wconf 89' lang='lat' dir='ltr'><strong>Homines</strong></span> <span class='ocrx_word' id='word_1_738' title='bbox 742 5296 809 5351; x_wconf 91' lang='lat' dir='ltr'><strong>de</strong></span> <span class='ocrx_word' id='word_1_739' title='bbox 865 5296 991 5352; x_wconf 91' lang='lat' dir='ltr'><strong>villa</strong></span> <span class='ocrx_word' id='word_1_740' title='bbox 1047 5315 1168 5370; x_wconf 83' lang='lat' dir='ltr'><strong>quae</strong></span> <span class='ocrx_word' id='word_1_741' title='bbox 1221 5306 1444 5353; x_wconf 89' lang='lat' dir='ltr'><strong>vocatur</strong></span> <span class='ocrx_word' id='word_1_742' title='bbox 1496 5297 1956 5371; x_wconf 66' lang='lat' dir='ltr'><strong>Follanaebrayus,</strong></span> 
     </span>
    </p>
   </div>
   <div class='ocr_carea' id='block_1_104' title="bbox 353 5383 1960 5457">
    <p class='ocr_par' dir='ltr' id='par_1_104' title="bbox 353 5383 1960 5457">
     <span class='ocr_line' id='line_1_104' title="bbox 353 5383 1960 5457; baseline 0.004 -20"><span class='ocrx_word' id='word_1_743' title='bbox 353 5383 677 5455; x_wconf 85' lang='lat' dir='ltr'><strong>metrOpolis</strong></span> <span class='ocrx_word' id='word_1_744' title='bbox 692 5385 954 5442; x_wconf 69' lang='lat' dir='ltr'><strong>Ecclesia:</strong></span> <span class='ocrx_word' id='word_1_745' title='bbox 975 5387 1305 5442; x_wconf 83' lang='lat' dir='ltr'><strong>Rbemorum</strong></span> <span class='ocrx_word' id='word_1_746' title='bbox 1323 5386 1632 5457; x_wconf 82' lang='lat' dir='ltr'><strong>indignitati</strong></span> <span class='ocrx_word' id='word_1_747' title='bbox 1654 5403 1790 5444; x_wconf 69' lang='lat' dir='ltr'><strong>mea:</strong></span> <span class='ocrx_word' id='word_1_748' title='bbox 1809 5403 1960 5445; x_wconf 85' lang='lat' dir='ltr'><strong>com-</strong></span> 
     </span>
    </p>
   </div>
   <div class='ocr_carea' id='block_1_105' title="bbox 355 5472 1958 5546">
    <p class='ocr_par' dir='ltr' id='par_1_105' title="bbox 355 5472 1958 5546">
     <span class='ocr_line' id='line_1_105' title="bbox 355 5472 1958 5546; baseline 0.004 -19"><span class='ocrx_word' id='word_1_749' title='bbox 355 5472 560 5540; x_wconf 85' lang='lat' dir='ltr'><strong>missae,</strong></span> <span class='ocrx_word' id='word_1_750' title='bbox 592 5473 648 5527; x_wconf 94' lang='lat' dir='ltr'><strong>in</strong></span> <span class='ocrx_word' id='word_1_751' title='bbox 678 5482 771 5530; x_wconf 90' lang='lat' dir='ltr'><strong>tua</strong></span> <span class='ocrx_word' id='word_1_752' title='bbox 799 5477 1064 5546; x_wconf 89' lang='lat' dir='ltr'><strong>parochia</strong></span> <span class='ocrx_word' id='word_1_753' title='bbox 1093 5476 1423 5533; x_wconf 80' lang='lat' dir='ltr'><strong>consistente</strong></span> <span class='ocrx_word' id='word_1_754' title='bbox 1454 5478 1523 5532; x_wconf 90' lang='lat' dir='ltr'><strong>ad</strong></span> <span class='ocrx_word' id='word_1_755' title='bbox 1553 5494 1640 5532; x_wconf 89' lang='lat' dir='ltr'><strong>me</strong></span> <span class='ocrx_word' id='word_1_756' title='bbox 1689 5479 1958 5535; x_wconf 86' lang='lat' dir='ltr'><strong>reclama-</strong></span> 
     </span>
    </p>
   </div>
   <div class='ocr_carea' id='block_1_106' title="bbox 356 5563 1959 5642">
    <p class='ocr_par' dir='ltr' id='par_1_106' title="bbox 356 5563 1959 5642">
     <span class='ocr_line' id='line_1_106' title="bbox 356 5563 1959 5642; baseline 0.007 -26"><span class='ocrx_word' id='word_1_757' title='bbox 356 5570 556 5617; x_wconf 86' lang='lat' dir='ltr'><strong>verunt</strong></span> <span class='ocrx_word' id='word_1_758' title='bbox 587 5563 711 5635; x_wconf 90' lang='lat' dir='ltr'><strong>quia</strong></span> <span class='ocrx_word' id='word_1_759' title='bbox 738 5564 794 5620; x_wconf 91' lang='lat' dir='ltr'><strong>in</strong></span> <span class='ocrx_word' id='word_1_760' title='bbox 825 5565 1056 5624; x_wconf 91' lang='lat' dir='ltr'><strong>ecclesia</strong></span> <span class='ocrx_word' id='word_1_761' title='bbox 1087 5567 1156 5624; x_wconf 88' lang='lat' dir='ltr'><strong>ad</strong></span> <span class='ocrx_word' id='word_1_762' title='bbox 1196 5584 1358 5641; x_wconf 88' lang='lat' dir='ltr'><strong>quam</strong></span> <span class='ocrx_word' id='word_1_763' title='bbox 1397 5583 1430 5624; x_wconf 88' lang='lat' dir='ltr'><strong>a</strong></span> <span class='ocrx_word' id='word_1_764' title='bbox 1487 5567 1654 5642; x_wconf 88' lang='lat' dir='ltr'><strong>longo</strong></span> <span class='ocrx_word' id='word_1_765' title='bbox 1711 5576 1959 5642; x_wconf 91' lang='lat' dir='ltr'><strong>tempore</strong></span> 
     </span>
    </p>
   </div>
   <div class='ocr_carea' id='block_1_107' title="bbox 2064 4577 3658 4652">
    <p class='ocr_par' dir='ltr' id='par_1_107' title="bbox 2064 4577 3658 4652">
     <span class='ocr_line' id='line_1_107' title="bbox 2064 4577 3658 4652; baseline 0 -18"><span class='ocrx_word' id='word_1_766' title='bbox 2064 4579 2256 4652; x_wconf 90' lang='lat' dir='ltr'><strong>brayo,</strong></span> <span class='ocrx_word' id='word_1_767' title='bbox 2285 4579 2377 4652; x_wconf 94' lang='lat' dir='ltr'><strong>qui</strong></span> <span class='ocrx_word' id='word_1_768' title='bbox 2403 4596 2501 4652; x_wconf 91' lang='lat' dir='ltr'><strong>per</strong></span> <span class='ocrx_word' id='word_1_769' title='bbox 2539 4596 2709 4638; x_wconf 92' lang='lat' dir='ltr'><strong>annos</strong></span> <span class='ocrx_word' id='word_1_770' title='bbox 2766 4580 2982 4637; x_wconf 91' lang='lat' dir='ltr'><strong>circiter</strong></span> <span class='ocrx_word' id='word_1_771' title='bbox 3039 4580 3321 4651; x_wconf 83' lang='lat' dir='ltr'><strong>sexaginta</strong></span> <span class='ocrx_word' id='word_1_772' title='bbox 3379 4577 3436 4634; x_wconf 91' lang='lat' dir='ltr'><strong>in</strong></span> <span class='ocrx_word' id='word_1_773' title='bbox 3465 4578 3658 4634; x_wconf 90' lang='lat' dir='ltr'><strong>eadem</strong></span> 
     </span>
    </p>
   </div>
   <div class='ocr_carea' id='block_1_108' title="bbox 2065 4667 3654 4744">
    <p class='ocr_par' dir='ltr' id='par_1_108' title="bbox 2065 4667 3654 4744">
     <span class='ocr_line' id='line_1_108' title="bbox 2065 4667 3654 4744; baseline 0 -20"><span class='ocrx_word' id='word_1_774' title='bbox 2065 4669 2302 4726; x_wconf 88' lang='lat' dir='ltr'><strong>ecclesia</strong></span> <span class='ocrx_word' id='word_1_775' title='bbox 2337 4670 2628 4742; x_wconf 89' lang='lat' dir='ltr'><strong>presbyter</strong></span> <span class='ocrx_word' id='word_1_776' title='bbox 2664 4670 2869 4744; x_wconf 86' lang='lat' dir='ltr'><strong>deguit.</strong></span> <span class='ocrx_word' id='word_1_777' title='bbox 2904 4671 3033 4725; x_wconf 92' lang='lat' dir='ltr'><strong>Post</strong></span> <span class='ocrx_word' id='word_1_778' title='bbox 3061 4669 3266 4724; x_wconf 91' lang='lat' dir='ltr'><strong>obitum</strong></span> <span class='ocrx_word' id='word_1_779' title='bbox 3296 4667 3516 4724; x_wconf 88' lang='lat' dir='ltr'><strong>Otterici</strong></span> <span class='ocrx_word' id='word_1_780' title='bbox 3553 4684 3654 4724; x_wconf 90' lang='lat' dir='ltr'><strong>ve-</strong></span> 
     </span>
    </p>
   </div>
   <div class='ocr_carea' id='block_1_109' title="bbox 2063 4755 3658 4831">
    <p class='ocr_par' dir='ltr' id='par_1_109' title="bbox 2063 4755 3658 4831">
     <span class='ocr_line' id='line_1_109' title="bbox 2063 4755 3658 4831; baseline 0.001 -18"><span class='ocrx_word' id='word_1_781' title='bbox 2063 4766 2261 4814; x_wconf 88' lang='lat' dir='ltr'><strong>nerunt</strong></span> <span class='ocrx_word' id='word_1_782' title='bbox 2290 4758 2541 4815; x_wconf 90' lang='lat' dir='ltr'><strong>homines</strong></span> <span class='ocrx_word' id='word_1_783' title='bbox 2570 4759 2638 4815; x_wconf 92' lang='lat' dir='ltr'><strong>de</strong></span> <span class='ocrx_word' id='word_1_784' title='bbox 2668 4759 2786 4831; x_wconf 91' lang='lat' dir='ltr'><strong>ipsa</strong></span> <span class='ocrx_word' id='word_1_785' title='bbox 2814 4759 2944 4814; x_wconf 89' lang='lat' dir='ltr'><strong>villa</strong></span> <span class='ocrx_word' id='word_1_786' title='bbox 2974 4765 3099 4814; x_wconf 90' lang='lat' dir='ltr'><strong>ante</strong></span> <span class='ocrx_word' id='word_1_787' title='bbox 3127 4755 3420 4812; x_wconf 88' lang='lat' dir='ltr'><strong>Pardulum</strong></span> <span class='ocrx_word' id='word_1_788' title='bbox 3449 4757 3658 4830; x_wconf 84' lang='lat' dir='ltr'><strong>episco-</strong></span> 
     </span>
    </p>
   </div>
   <div class='ocr_carea' id='block_1_110' title="bbox 2057 4846 3658 4920">
    <p class='ocr_par' dir='ltr' id='par_1_110' title="bbox 2057 4846 3658 4920">
     <span class='ocr_line' id='line_1_110' title="bbox 2057 4846 3658 4920; baseline 0.001 -18"><span class='ocrx_word' id='word_1_789' title='bbox 2057 4863 2188 4918; x_wconf 90' lang='lat' dir='ltr'><strong>pum</strong></span> <span class='ocrx_word' id='word_1_790' title='bbox 2219 4847 2594 4915; x_wconf 89' lang='lat' dir='ltr'><strong>reclamantes,</strong></span> <span class='ocrx_word' id='word_1_791' title='bbox 2638 4848 2760 4920; x_wconf 90' lang='lat' dir='ltr'><strong>quia</strong></span> <span class='ocrx_word' id='word_1_792' title='bbox 2797 4864 2906 4903; x_wconf 94' lang='lat' dir='ltr'><strong>non</strong></span> <span class='ocrx_word' id='word_1_793' title='bbox 2953 4847 3213 4902; x_wconf 89' lang='lat' dir='ltr'><strong>haberent</strong></span> <span class='ocrx_word' id='word_1_794' title='bbox 3273 4846 3658 4919; x_wconf 87' lang='lat' dir='ltr'><strong>presbyterum</strong></span> 
     </span>
    </p>
   </div>
   <div class='ocr_carea' id='block_1_111' title="bbox 2059 4935 3654 5009">
    <p class='ocr_par' dir='ltr' id='par_1_111' title="bbox 2059 4935 3654 5009">
     <span class='ocr_line' id='line_1_111' title="bbox 2059 4935 3654 5009; baseline 0.003 -19"><span class='ocrx_word' id='word_1_795' title='bbox 2059 4936 2116 4991; x_wconf 94' lang='lat' dir='ltr'><strong>in</strong></span> <span class='ocrx_word' id='word_1_796' title='bbox 2180 4953 2276 4991; x_wconf 89' lang='lat' dir='ltr'><strong>sua</strong></span> <span class='ocrx_word' id='word_1_797' title='bbox 2343 4937 2576 4995; x_wconf 89' lang='lat' dir='ltr'><strong>ecclesia</strong></span> <span class='ocrx_word' id='word_1_798' title='bbox 2609 4955 2624 4992; x_wconf 89' lang='lat'><strong>:</strong></span> <span class='ocrx_word' id='word_1_799' title='bbox 2681 4936 2944 4992; x_wconf 91' lang='lat' dir='ltr'><strong>Pardulus</strong></span> <span class='ocrx_word' id='word_1_800' title='bbox 2983 4943 3162 4992; x_wconf 88' lang='lat' dir='ltr'><strong>autem</strong></span> <span class='ocrx_word' id='word_1_801' title='bbox 3201 4935 3491 5009; x_wconf 86' lang='lat' dir='ltr'><strong>episcopus</strong></span> <span class='ocrx_word' id='word_1_802' title='bbox 3529 4953 3654 4994; x_wconf 89' lang='lat' dir='ltr'><strong>cum</strong></span> 
     </span>
    </p>
   </div>
   <div class='ocr_carea' id='block_1_112' title="bbox 2059 5024 3656 5100">
    <p class='ocr_par' dir='ltr' id='par_1_112' title="bbox 2059 5024 3656 5100">
     <span class='ocr_line' id='line_1_112' title="bbox 2059 5024 3656 5100; baseline 0.003 -20"><span class='ocrx_word' id='word_1_803' title='bbox 2059 5041 2184 5082; x_wconf 90' lang='lat' dir='ltr'><strong>meo</strong></span> <span class='ocrx_word' id='word_1_804' title='bbox 2213 5041 2487 5082; x_wconf 90' lang='lat' dir='ltr'><strong>consensu</strong></span> <span class='ocrx_word' id='word_1_805' title='bbox 2504 5033 2834 5100; x_wconf 83' lang='lat' dir='ltr'><strong>suggerente</strong></span> <span class='ocrx_word' id='word_1_806' title='bbox 2854 5024 2986 5080; x_wconf 89' lang='lat' dir='ltr'><strong>mihi</strong></span> <span class='ocrx_word' id='word_1_807' title='bbox 3003 5025 3214 5081; x_wconf 91' lang='lat' dir='ltr'><strong>Osvero</strong></span> <span class='ocrx_word' id='word_1_808' title='bbox 3227 5026 3312 5082; x_wconf 91' lang='lat' dir='ltr'><strong>cui</strong></span> <span class='ocrx_word' id='word_1_809' title='bbox 3329 5026 3656 5084; x_wconf 81' lang='lat' dir='ltr'><strong>beneficium</strong></span> 
     </span>
    </p>
   </div>
   <div class='ocr_carea' id='block_1_113' title="bbox 2062 5114 3653 5189">
    <p class='ocr_par' dir='ltr' id='par_1_113' title="bbox 2062 5114 3653 5189">
     <span class='ocr_line' id='line_1_113' title="bbox 2062 5114 3653 5189; baseline 0.001 -17"><span class='ocrx_word' id='word_1_810' title='bbox 2062 5114 2340 5172; x_wconf 90' lang='lat' dir='ltr'><strong>Odelharii</strong></span> <span class='ocrx_word' id='word_1_811' title='bbox 2369 5115 2462 5171; x_wconf 87' lang='lat' dir='ltr'><strong>filii</strong></span> <span class='ocrx_word' id='word_1_812' title='bbox 2492 5115 2740 5189; x_wconf 87' lang='lat' dir='ltr'><strong>Odelgisi</strong></span> <span class='ocrx_word' id='word_1_813' title='bbox 2769 5115 2982 5186; x_wconf 91' lang='lat' dir='ltr'><strong>nepotis</strong></span> <span class='ocrx_word' id='word_1_814' title='bbox 3002 5115 3070 5170; x_wconf 90' lang='lat' dir='ltr'><strong>de</strong></span> <span class='ocrx_word' id='word_1_815' title='bbox 3091 5114 3256 5171; x_wconf 89' lang='lat' dir='ltr'><strong>fratre</strong></span> <span class='ocrx_word' id='word_1_816' title='bbox 3280 5115 3501 5172; x_wconf 86' lang='lat' dir='ltr'><strong>Parduli</strong></span> <span class='ocrx_word' id='word_1_817' title='bbox 3535 5116 3653 5189; x_wconf 88' lang='lat' dir='ltr'><strong>epi-</strong></span> 
     </span>
    </p>
   </div>
   <div class='ocr_carea' id='block_1_114' title="bbox 2061 5203 3652 5278">
    <p class='ocr_par' dir='ltr' id='par_1_114' title="bbox 2061 5203 3652 5278">
     <span class='ocr_line' id='line_1_114' title="bbox 2061 5203 3652 5278; baseline 0.001 -18"><span class='ocrx_word' id='word_1_818' title='bbox 2061 5204 2211 5277; x_wconf 91' lang='lat' dir='ltr'><strong>scopi</strong></span> <span class='ocrx_word' id='word_1_819' title='bbox 2250 5205 2632 5261; x_wconf 90' lang='lat' dir='ltr'><strong>commiseram</strong></span> <span class='ocrx_word' id='word_1_820' title='bbox 2678 5203 3026 5277; x_wconf 85' lang='lat' dir='ltr'><strong>Wlfegerum</strong></span> <span class='ocrx_word' id='word_1_821' title='bbox 3091 5205 3354 5263; x_wconf 90' lang='lat' dir='ltr'><strong>clericum</strong></span> <span class='ocrx_word' id='word_1_822' title='bbox 3417 5206 3473 5262; x_wconf 91' lang='lat' dir='ltr'><strong>in</strong></span> <span class='ocrx_word' id='word_1_823' title='bbox 3536 5207 3652 5278; x_wconf 89' lang='lat' dir='ltr'><strong>ipsa</strong></span> 
     </span>
    </p>
   </div>
   <div class='ocr_carea' id='block_1_115' title="bbox 2060 5293 3654 5368">
    <p class='ocr_par' dir='ltr' id='par_1_115' title="bbox 2060 5293 3654 5368">
     <span class='ocr_line' id='line_1_115' title="bbox 2060 5293 3654 5368; baseline 0.001 -18"><span class='ocrx_word' id='word_1_824' title='bbox 2060 5295 2293 5351; x_wconf 81' lang='lat' dir='ltr'><strong>ecclesia</strong></span> <span class='ocrx_word' id='word_1_825' title='bbox 2321 5294 2684 5350; x_wconf 90' lang='lat' dir='ltr'><strong>ordinandum</strong></span> <span class='ocrx_word' id='word_1_826' title='bbox 2715 5293 2953 5366; x_wconf 90' lang='lat' dir='ltr'><strong>suscepit</strong></span> <span class='ocrx_word' id='word_1_827' title='bbox 2986 5313 2999 5350; x_wconf 92' lang='lat'><strong>:</strong></span> <span class='ocrx_word' id='word_1_828' title='bbox 3030 5302 3155 5350; x_wconf 88' lang='lat' dir='ltr'><strong>ante</strong></span> <span class='ocrx_word' id='word_1_829' title='bbox 3185 5310 3316 5353; x_wconf 91' lang='lat' dir='ltr'><strong>vero</strong></span> <span class='ocrx_word' id='word_1_830' title='bbox 3347 5311 3505 5368; x_wconf 87' lang='lat' dir='ltr'><strong>quam</strong></span> <span class='ocrx_word' id='word_1_831' title='bbox 3535 5295 3654 5368; x_wconf 90' lang='lat' dir='ltr'><strong>ipse</strong></span> 
     </span>
    </p>
   </div>
   <div class='ocr_carea' id='block_1_116' title="bbox 2057 5382 3649 5457">
    <p class='ocr_par' dir='ltr' id='par_1_116' title="bbox 2057 5382 3649 5457">
     <span class='ocr_line' id='line_1_116' title="bbox 2057 5382 3649 5457; baseline 0 -17"><span class='ocrx_word' id='word_1_832' title='bbox 2057 5384 2374 5456; x_wconf 84' lang='lat' dir='ltr'><strong>Wlfegerus</strong></span> <span class='ocrx_word' id='word_1_833' title='bbox 2412 5382 2601 5439; x_wconf 84' lang='lat' dir='ltr'><strong>fuisset</strong></span> <span class='ocrx_word' id='word_1_834' title='bbox 2638 5383 2916 5440; x_wconf 90' lang='lat' dir='ltr'><strong>ordinatus</strong></span> <span class='ocrx_word' id='word_1_835' title='bbox 2945 5384 3077 5442; x_wconf 91' lang='lat' dir='ltr'><strong>obiit</strong></span> <span class='ocrx_word' id='word_1_836' title='bbox 3123 5385 3392 5441; x_wconf 89' lang='lat' dir='ltr'><strong>Pardulus</strong></span> <span class='ocrx_word' id='word_1_837' title='bbox 3429 5384 3649 5457; x_wconf 82' lang='lat' dir='ltr'><strong>episco-</strong></span> 
     </span>
    </p>
   </div>
   <div class='ocr_carea' id='block_1_117' title="bbox 2057 5473 3649 5545">
    <p class='ocr_par' dir='ltr' id='par_1_117' title="bbox 2057 5473 3649 5545">
     <span class='ocr_line' id='line_1_117' title="bbox 2057 5473 3649 5545; baseline 0.001 -17"><span class='ocrx_word' id='word_1_838' title='bbox 2057 5489 2177 5545; x_wconf 91' lang='lat' dir='ltr'><strong>pus.</strong></span> <span class='ocrx_word' id='word_1_839' title='bbox 2194 5473 2407 5528; x_wconf 91' lang='lat' dir='ltr'><strong>Interea</strong></span> <span class='ocrx_word' id='word_1_840' title='bbox 2427 5481 2549 5529; x_wconf 90' lang='lat' dir='ltr'><strong>ante</strong></span> <span class='ocrx_word' id='word_1_841' title='bbox 2566 5473 2964 5531; x_wconf 89' lang='lat' dir='ltr'><strong>ordinationem</strong></span> <span class='ocrx_word' id='word_1_842' title='bbox 2992 5482 3138 5530; x_wconf 88' lang='lat' dir='ltr'><strong>tuam</strong></span> <span class='ocrx_word' id='word_1_843' title='bbox 3168 5474 3400 5530; x_wconf 85' lang='lat' dir='ltr'><strong>cantavit</strong></span> <span class='ocrx_word' id='word_1_844' title='bbox 3447 5473 3649 5530; x_wconf 88' lang='lat' dir='ltr'><strong>ibidem</strong></span> 
     </span>
    </p>
   </div>
   <div class='ocr_carea' id='block_1_118' title="bbox 2059 5569 3646 5648">
    <p class='ocr_par' dir='ltr' id='par_1_118' title="bbox 2059 5569 3646 5648">
     <span class='ocr_line' id='line_1_118' title="bbox 2059 5569 3646 5648; baseline 0.003 -22"><span class='ocrx_word' id='word_1_845' title='bbox 2059 5569 2418 5628; x_wconf 88' lang='lat' dir='ltr'><strong>Haimeradus</strong></span> <span class='ocrx_word' id='word_1_846' title='bbox 2447 5572 2738 5648; x_wconf 86' lang='lat' dir='ltr'><strong>presbyter</strong></span> <span class='ocrx_word' id='word_1_847' title='bbox 2766 5573 2822 5630; x_wconf 92' lang='lat' dir='ltr'><strong>in</strong></span> <span class='ocrx_word' id='word_1_848' title='bbox 2852 5571 3162 5631; x_wconf 86' lang='lat' dir='ltr'><strong>Codiciacio</strong></span> <span class='ocrx_word' id='word_1_849' title='bbox 3189 5571 3468 5630; x_wconf 87' lang='lat' dir='ltr'><strong>ordinatus</strong></span> <span class='ocrx_word' id='word_1_850' title='bbox 3495 5584 3528 5626; x_wconf 84' lang='lat' dir='ltr'><strong>a</strong></span> <span class='ocrx_word' id='word_1_851' title='bbox 3557 5569 3646 5630; x_wconf 76' lang='lat' dir='ltr'><strong>Si-</strong></span> 
     </span>
    </p>
   </div>
  </div>
