4174 6324
530 304 632 359 539
1448 299 1791 358 HINCMARI
1838 297 2242 357 RHEMENSIS
2309 298 2863 357 ARCHIEPISCOPI.
3727 305 3838 360 540

529 442 724 483 meone
756 425 1030 499 episcopo,
1056 432 1109 483 et
1127 425 1457 483 reclamante
1477 425 1599 498 ipso
1614 424 1940 481 Haimerado
1983 423 2128 494 apud
2156 422 2213 483 A
2232 422 2457 479 sitiones
2496 431 2549 479 et
2586 423 2957 493 difﬁnitiones,
3018 440 3143 482 cum
3188 425 3346 499 leges
3383 426 3617 498 publicas
3666 434 3835 500 atque

526 531 615 571 me
644 523 697 571 et
722 522 846 572 ante
875 524 926 572 te
957 515 1081 588 quia
1112 516 1230 587 ipsa
1256 514 1511 572 Ecclesia
1541 515 1787 585 subjecta
1819 530 1944 569 esse
1968 513 2138 568 debe-
2240 511 2627 569 ecclesiastica:
2653 514 2971 582 decernant,
3003 523 3062 570 ut
3089 532 3211 587 quae
3237 515 3491 589 legaliter
3519 531 3583 572 ac
3612 517 3838 589 regula-

526 613 608 660 ret
635 604 902 661 Ecclesiae
930 605 999 660 de
1029 603 1338 671 Codiciaco,
1372 620 1497 661 cum
1524 620 1649 659 meo
1697 618 1970 660 consensu
2026 600 2138 655 mi-
2237 600 2370 655 riter
2396 601 2650 658 distincta
2679 611 2801 658 sunt
2829 620 2939 659 non
2955 604 3255 660 evellantur
3287 620 3465 677 neque
3501 620 3838 661 removean-

526 692 647 748 sisti
688 694 924 751 vicarios
972 702 1096 750 tuos
1142 695 1385 763 Ivonem,
1462 691 1761 748 Luidonem
1790 690 2138 748 archidiaco-
2236 696 2363 745 tur:
2395 691 2493 745 sed
2524 698 2576 746 et
2588 691 2986 764 legespublicae
3006 700 3169 766 atque
3190 692 3579 749 ecclesiasticae
3598 690 3840 751 decretae

527 799 676 848 num,
712 782 1097 850 Hedenulfum,
1128 783 1534 855 Angelrannum
1573 782 1843 837 decanum
1900 779 2137 851 presby—

530 878 728 940 terum,
763 871 855 944 qui
897 871 1260 943 inquisierunt
1302 871 1430 926 inde
1468 870 1550 925 rei
1602 869 1895 934 veritatem,
1935 868 2137 940 quique

528 959 625 1015 tibi
667 961 1110 1016 renuntiaverunt
1153 960 1298 1033 quod
1346 960 1443 1015 tibi
1492 960 1631 1014 bene
1696 965 1780 1013 est
1825 965 2032 1026 notum,
2085 964 2137 1011 et

527 1048 664 1105 sicut
691 1048 746 1103 in
774 1049 975 1105 nostris
1004 1049 1173 1123 gestis
1216 1048 1481 1103 habemus
1536 1046 1825 1104 veracibus
1882 1045 2130 1111 testibus,

529 1145 583 1193 et
622 1137 962 1194 evidentibus
1017 1136 1358 1193 documentis
1415 1136 1741 1192 invenerunt
1805 1135 1949 1207 quod
2014 1134 2134 1204 ipsa

2237 786 2363 833 sunt
2389 778 2459 834 de
2487 779 2573 835 his
2602 780 2694 852 qui
2724 780 2950 836 diﬂinita
2978 796 3145 838 causa
3171 798 3459 838 removere
3476 791 3836 852 praesumunt.

2239 868 2431 923 Postea
2459 884 2594 924 vero
2623 884 2787 941 quam
2816 870 2938 941 ipsa
2967 870 3201 927 ecclesia
3230 870 3410 927 eidem
3436 871 3658 937 clerico,
3692 872 3839 928 sicut

2237 956 2459 1028 quidam
2487 957 2758 1027 dixerunt,
2791 958 2907 1015 sine
2936 967 3032 1014 tua
3061 959 3838 1016 commendationeinterdicta

2235 1054 2335 1111 est,
2367 1045 2539 1101 missa
2565 1046 2771 1103 ibidem
2801 1048 3079 1104 celebrata
3104 1064 3216 1104 non
3244 1048 3363 1115 fuit,
3396 1063 3501 1104 nec
3533 1049 3733 1121 aliquis
3760 1049 3835 1105 de

2232 1133 2355 1205 ipsa
2383 1134 2512 1191 villa
2539 1135 2596 1190 in
2625 1135 2994 1203 confessione,
3052 1137 3140 1193 vel
3187 1137 3246 1193 in
3292 1137 3692 1205 communione,
3743 1139 3836 1194 vel

529 1226 781 1282 Ecclesia
809 1227 878 1282 de
905 1225 1312 1297 Follanaabrayo
1342 1240 1619 1297 nunquam
1646 1222 1912 1280 Ecclesiae
1942 1223 1999 1277 in
2029 1222 2136 1278 Co—
2232 1222 2287 1277 in
2344 1223 2708 1295 baptizatione
2764 1226 3105 1282 sacerdotale
3161 1226 3485 1298 obsequium
3523 1226 3728 1293 habuit,
3774 1233 3834 1281 et

533 1314 741 1371 diciaco
771 1314 935 1370 fuerit
959 1315 1220 1385 subjecta,
1260 1314 1355 1370 sed
1388 1314 1770 1385 presbyterum
1799 1316 2018 1383 semper
2039 1311 2133 1366 ha-
2230 1311 2336 1368 hac
2393 1313 2683 1369 occasione
2720 1313 2829 1369 duo
2866 1314 3071 1371 ibidem
3126 1315 3376 1371 homines
3414 1314 3554 1371 sicut
3608 1315 3677 1369 ad
3741 1330 3836 1369 me

525 1402 720 1459 buerit.
754 1403 885 1458 Inde
907 1402 1046 1459 sicut
1063 1402 1167 1474 ipsi
1184 1402 1433 1459 homines
1455 1402 1639 1458 dicunt
1662 1417 1762 1473 per
1800 1409 1952 1455 tuum
1992 1415 2130 1456 con-
2228 1401 2478 1472 pervenit
2504 1403 2621 1458 sine
2653 1402 2995 1459 confessione
3042 1411 3096 1459 et
3133 1403 3527 1460 communionis
3575 1405 3838 1460 reconci-

528 1507 750 1548 sensum
780 1492 1080 1547 Bertfridus
1109 1492 1402 1564 presbyter
1430 1491 1486 1545 in
1540 1491 1734 1546 eadem
1777 1488 2029 1559 ecclesia,
2078 1496 2131 1545 et
2227 1489 2450 1546 liatione
2475 1490 2690 1547 fuerunt
2718 1493 2940 1558 mortui,
2974 1509 3207 1565 quorum
3235 1508 3375 1548 unus
3422 1492 3742 1559 Erleherus,
3780 1500 3838 1548 et

526 1580 583 1637 in
612 1580 841 1637 ecclesia
879 1589 967 1635 tua
1000 1581 1144 1653 apud
1174 1582 1404 1636 Broeras
1434 1596 1535 1652 per
1562 1579 1801 1652 quinque
1828 1595 1930 1650 per
1957 1594 2127 1633 annos
2227 1579 2365 1634 alter
2402 1579 2754 1636 Gislehardus
2811 1581 3183 1651 vocabantur;
3241 1597 3370 1637 nam
3417 1581 3539 1653 ipsa
3596 1580 3838 1638 ecclesia

525 1670 774 1736 cantavit,
794 1670 886 1741 qui
905 1669 1204 1725 Bertfridus
1238 1670 1383 1741 apud
1414 1676 1464 1724 te
1495 1685 1555 1724 se
1598 1667 1919 1724 reclamavit
1979 1667 2127 1739 quod
2227 1669 2392 1724 habet
2418 1669 2562 1724 unde
2592 1669 2731 1726 bene
2760 1686 2859 1741 per
2886 1687 2947 1726 se
2976 1671 3464 1742 potestconsistere
3495 1678 3590 1737 ;et
3608 1671 3713 1726 hoc
3740 1670 3835 1726 in-

526 1759 883 1814 Haimeradus
908 1758 1083 1830 ipsam
1109 1759 1369 1831 capellam
1397 1759 1725 1813 destructam
1753 1755 2020 1822 haberet;
2072 1762 2125 1811 et
2152 1785 2206 1845 B
2225 1763 2306 1812 ter
2332 1764 2527 1814 caetera
2555 1759 2785 1814 habetur
2810 1758 3091 1827 indicium,
3125 1758 3381 1832 quoniam
3409 1774 3442 1814 a
3469 1759 3636 1832 longo
3684 1767 3834 1814 tem-

526 1847 653 1903 inde
680 1846 908 1919 pallium
935 1864 1124 1915 unum,
1159 1855 1213 1902 et
1242 1848 1484 1903 casulam
1524 1863 1709 1916 unam,
1771 1854 1825 1900 et
1878 1844 2124 1901 schillam
2154 1844 2191 1845 ³
2223 1861 2358 1917 pore
2388 1863 2487 1918 per
2513 1863 2574 1903 se
2603 1847 2858 1917 constitit,
2893 1848 3022 1920 quia
3050 1848 3215 1903 etiam
3244 1856 3420 1904 terras
3452 1848 3631 1916 habet,
3694 1864 3835 1919 quas

527 1929 715 2004 unam,
749 1944 800 1992 et
830 1936 1031 1991 librum
1059 1952 1227 1992 unum
1255 1935 1554 2002 abstulerit,
1588 1943 1659 2001 et,
1692 1934 1829 1991 sicut
1875 1933 2127 1989 homines

527 2025 635 2098 ipsi
663 2024 866 2093 dicunt,
899 2025 1094 2081 misisti
1125 2025 1325 2081 missos
1353 2032 1474 2080 tuos
1503 2025 1571 2080 ad
1599 2025 1742 2079 hanc
1774 2038 1999 2079 causam
2035 2023 2126 2099 ⁸ἰῐι-

531 2114 857 2186 quirendam
885 2113 1179 2170 Hadulfum
1227 2114 1434 2171 scilicet
1493 2113 1951 2182 archidiaconem,
1997 2111 2127 2168 Fai-

529 2201 737 2258 nulfum
770 2211 823 2259 et
847 2204 1255 2277 Angelrannum
1299 2202 1674 2275 presbyteros,
1727 2208 1778 2257 et
1825 2201 1962 2257 sicut
2007 2199 2126 2272 ipse

527 2292 828 2349 Bertfridus
857 2292 1414 2350 dixeratinvenerunt.

598 2378 944 2453 Quapropter
974 2389 1027 2438 et
1053 2398 1119 2438 ea
1150 2398 1269 2453 qua:
1286 2380 1518 2452 repetita
1532 2379 1746 2435 fuerant
1766 2377 2126 2434 Haimeradus

526 2469 631 2542 ipsi
659 2470 909 2527 ecclesiae
948 2486 1127 2527 coram
1183 2470 1369 2525 missis
1421 2469 1528 2525 tuis
1591 2468 1842 2524 restituit.
1908 2468 1969 2522 In
2006 2467 2128 2538 ipsa

525 2559 778 2628 ecclesia,
835 2568 893 2615 ut
947 2559 1195 2631 praedixi,
1236 2559 1379 2615 idem
1445 2557 1740 2614 Bertfridus
1794 2572 1896 2628 per
1951 2571 2125 2611 annos

521 2647 757 2722 quinque
786 2664 887 2720 per
912 2656 1059 2704 tuam
1085 2648 1359 2705 licentiam
1384 2647 1726 2717 ministravit,
1757 2646 1933 2701 donec
1980 2645 2127 2699 fama

520 2737 591 2794 de
628 2752 692 2793 eo
730 2737 953 2810 vulgata
984 2737 1268 2793 abscessit.
1300 2736 1510 2792 Deinde
1541 2735 1861 2807 Sigebertus
1876 2734 1963 2791 cui
1991 2732 2125 2788 illud

523 2824 849 2882 beneﬁcium
886 2826 956 2882 de
993 2826 1175 2882 drame
1205 2824 1294 2898 υἱ,
1330 2825 1456 2881 dedi
1485 2841 1517 2880 a
1545 2824 1654 2897 me]
1684 2824 1983 2879 secundum
2023 2839 2125 2877 an-

522 2915 727 2987 tiquam
756 2916 1205 2971 consuetudinem
1228 2914 1484 2971 clericum
1513 2913 1684 2986 petiit,
1747 2913 1839 2985 qui
1894 2911 1951 2967 in
2005 2912 2127 2983 ipsa

526 3002 756 3060 ecclesia
784 3019 815 3059 a
844 3012 898 3059 te
928 3004 1285 3074 ordinaretur,
1320 3004 1407 3060 cui
1436 3002 1737 3060 secundum
1766 3000 2123 3059 consuetudi-

524 3109 652 3149 nem
680 3100 1088 3149 antecessorum
1130 3109 1391 3163 meorum,
1434 3100 1488 3149 et
1545 3091 1845 3148 secundum
1900 3090 2119 3162 regulas

522 3182 921 3240 ecclesiasticas
960 3197 1026 3239 ac
1080 3182 1363 3254 synodalia
1429 3181 1663 3254 capitula
1726 3179 1986 3237 clericum
2051 3179 2121 3234 de

520 3278 787 3344 potestate
817 3270 1062 3328 ecclesia;
1094 3279 1298 3327 nostrae
1328 3288 1390 3327 ea
1427 3269 1739 3327 conditione
1763 3268 2033 3333 concessi,
2066 3273 2125 3321 ut

522 3361 571 3416 si
599 3368 656 3415 tu
688 3361 840 3416 illum
868 3359 1209 3431 probabilem
1234 3360 1523 3430 judicares,
1558 3374 1663 3430 ego
1693 3358 1773 3413 illi
1811 3358 2123 3414 libertatem

524 3449 952 3507 ecclesiasticam
981 3450 1170 3507 darem
1195 3468 1210 3518 ;
1242 3457 1298 3505 et
1326 3450 1403 3505 sic
1432 3450 1652 3505 demum
1681 3455 1739 3503 tu
1769 3447 1923 3501 illum
1961 3462 2122 3518 regu-

522 3538 710 3596 lariter
754 3539 1058 3596 ordinares.
1112 3538 1218 3609 Qui
1259 3539 1488 3595 clericus
1534 3537 1754 3592 nomine
1815 3535 2124 3592 Seminatus

521 3642 620 3701 per
650 3636 880 3702 quatuor
906 3644 1079 3685 annos
1108 3635 1162 3685 te
1188 3627 1394 3684 sciente
1422 3627 1594 3699 ipsam
1616 3625 1902 3682 ecclesiam
1929 3624 2119 3691 tenuit,

524 3726 578 3773 et
608 3718 910 3774 secundum
938 3723 1313 3789 paupertatem
1343 3731 1520 3783 suam,
1573 3715 1712 3772 sicut
1766 3713 1927 3768 simul
1976 3729 2123 3785 saepe

522 3806 778 3874 vidimus,
820 3815 873 3862 et
911 3807 1087 3862 adhuc
1116 3813 1291 3878 paret,
1323 3806 1465 3860 bene
1496 3804 1550 3859 in
1609 3819 1671 3860 ea
1729 3803 2012 3869 laboravit,
2069 3809 2123 3858 et

521 3896 590 3952 ad
618 3894 763 3950 illius
793 3895 970 3953 vicem
996 3912 1170 3968 usque
1198 3895 1329 3951 dum
1358 3894 1426 3949 ad
1484 3891 1879 3949 ordinationem
1933 3892 2122 3947 venire

520 4002 621 4058 per
650 4000 852 4040 annum
880 3993 934 4040 et
960 3985 1243 4041 dimidium
1269 3982 1739 4040 commendatione
1754 3980 2122 4036 ministrorum

523 4083 760 4144 tuorum,
797 4073 1005 4131 scilicet
1031 4072 1247 4130 Hadulfi
1279 4071 1652 4129 archidiaconi
1694 4077 1748 4125 et
1787 4070 2122 4143 Angelranni

519 4162 714 4220 decani
741 4163 1064 4236 presbyteri,
1097 4162 1283 4219 Grimo
1338 4162 1627 4234 presbyter
1686 4168 1790 4215 tua:
1845 4159 2121 4231 parochia:

521 4252 577 4308 in
606 4253 728 4325 ipsa
756 4252 988 4310 ecclesia
1016 4252 1246 4309 cantavit
1280 4270 1292 4306 :
1342 4250 1540 4307 deinde
1590 4251 1833 4322 ipsorum
1882 4264 2120 4305 consen-

523 4341 678 4399 sione
706 4341 1047 4397 Heimericus
1074 4341 1365 4413 presbyter
1395 4348 1499 4396 tuae
1528 4339 1800 4411 parochias
1840 4354 1942 4410 per
1982 4339 2120 4394 duos

521 4440 576 4488 et
633 4430 917 4487 dimidium
982 4446 1152 4486 annos
1215 4429 1417 4484 ibidem
1483 4428 1718 4485 ofﬁcium
1784 4428 2120 4484 sacerdotale

2227 1934 2500 1991 Ottericus
2528 1937 2814 2009 presbyter
2840 1936 2896 1991 in
2941 1953 3009 1993 ea
3053 1937 3333 1993 ordinatus
3378 1936 3730 2007 comparavit,
3777 1944 3834 1991 et

2225 2024 2525 2080 secundum
2579 2026 2804 2098 regulas
2842 2024 3245 2082 ecclesiasticas
3310 2025 3555 2082 moriens
3620 2025 3830 2081 ibidem

2224 2113 2456 2185 reliquit,
2499 2121 2554 2169 et
2604 2114 2911 2185 presbyteri
2939 2115 3033 2186 qui
3059 2131 3158 2185 per
3186 2122 3335 2170 tanta
3363 2123 3614 2186 tempora
3658 2115 3715 2169 in
3760 2129 3832 2170 ea

2225 2200 2443 2257 fuerunt
2475 2202 2614 2258 bene
2646 2202 2772 2258 inde
2803 2219 2862 2258 se
2892 2203 3290 2260 conduxerunt.

2300 2290 2617 2362 Pr0pterea,
2699 2290 2884 2359 frater,
2966 2307 3164 2348 moneo
3243 2292 3588 2349 dilectionem
3655 2299 3830 2360 tuam,

2224 2386 2281 2434 ut
2310 2379 2561 2450 deposita
2610 2379 2757 2435 omni
2805 2388 2992 2436 contra
3038 2381 3259 2453 regulas
3304 2381 3661 2438 irrationabili
3706 2381 3832 2436 ani-

2224 2468 2496 2535 mositate,
2563 2468 2720 2523 nobis
2785 2477 2971 2525 contra
3035 2470 3262 2525 salutem
3327 2478 3380 2525 et
3469 2469 3832 2526 ministerium

2225 2563 2377 2612 tuum
2432 2557 2501 2612 de
2561 2558 2756 2613 eadem
2793 2557 3030 2614 ecclesia
3069 2573 3255 2631 agere,
3296 2575 3396 2631 pro
3435 2574 3500 2614 eo
3538 2559 3687 2631 quod
3764 2576 3832 2616 ex

2223 2645 2359 2700 mihi
2387 2645 2679 2701 commissa
2708 2646 2945 2702 ecclesia
2975 2654 3028 2702 et
3056 2647 3324 2704 beneficio
3364 2647 3634 2720 Sigeberti
3686 2648 3820 2702 mihi

2224 2732 2421 2804 ﬁdelis,
2462 2734 2565 2790 viri
2603 2735 2808 2792 sororis
2837 2743 2961 2805 tuae,
3003 2736 3266 2807 probatur
3322 2736 3576 2804 existere,
3638 2745 3827 2793 contra

2226 2839 2362 2895 quos
2400 2823 2640 2879 indebite
2679 2840 2739 2879 es
2799 2833 3123 2881 commotus.
3166 2826 3476 2882 Praesertim
3532 2841 3658 2882 cum
3724 2842 3826 2883 ne-

2222 2911 2425 2968 minem
2490 2913 2726 2984 pastoris
2778 2914 3096 2987 fungentem
3158 2914 3335 2971 officio
3399 2915 3571 2971 latere
3609 2914 3824 2983 debeat,

2224 3001 2352 3074 quia
2388 3001 2443 3056 in
2481 3003 2832 3075 exsequendo
2860 3003 3045 3059 divino
3110 3003 3368 3076 mysterio
3433 3004 3571 3060 sicut
3628 3004 3826 3060 nullius

2223 3091 2401 3164 gratia
2428 3091 2497 3146 ad
2524 3091 2767 3147 indebita
2795 3092 3103 3163 provocari,
3146 3093 3218 3147 ita
3274 3101 3329 3148 et
3384 3093 3567 3149 debita
3628 3093 3827 3150 nullius

2224 3180 2371 3247 odio,
2405 3180 2490 3236 vel
2518 3180 2716 3252 privati
2747 3180 2912 3235 studii
2950 3182 3067 3237 zelo
3124 3181 3321 3237 debeat
3374 3182 3656 3239 retardare
3712 3182 3826 3239 sive

2223 3275 2543 3341 pervertere
2573 3287 2586 3324 :
2622 3270 2826 3325 scimus
2857 3269 3003 3325 enim
3034 3270 3160 3343 quia
3179 3271 3389 3343 regulae
3411 3270 3824 3328 Aurelianensis

2225 3358 2444 3415 concilii
2473 3357 2680 3426 dicunt,
2715 3375 2838 3430 quae
2868 3366 3111 3431 tempore
3139 3359 3399 3417 Ludovici
3456 3359 3609 3433 regis
3665 3376 3825 3433 quem

2222 3456 2445 3504 sanctus
2474 3447 2758 3521 Remigius
2786 3463 2913 3505 cum
2942 3449 3278 3504 Francorum
3308 3449 3547 3505 millibus
3576 3450 3823 3522 baptiza-

2221 3535 2300 3593 vit
2336 3537 2573 3594 decretaa
2610 3535 2845 3603 fuerunt,
2906 3545 2964 3593 ut
3001 3553 3191 3593 omnes
3251 3537 3494 3594 basilicae
3548 3555 3671 3610 qua:
3729 3554 3825 3611 per

2222 3626 2438 3681 diversa
2474 3634 2797 3683 constructae
2835 3633 2978 3693 sunt,
3019 3626 3109 3683 vel
3146 3626 3389 3698 quotidie
3425 3635 3826 3684 construuntur

2223 3714 2524 3770 secundum
2553 3715 2799 3786 priorum
2829 3730 3103 3772 canonum
3129 3714 3381 3789 regulam
3397 3715 3453 3771 in
3474 3716 3593 3785 ejus
3617 3716 3824 3788 episco-

2220 3802 2277 3874 pi
2314 3803 2370 3857 in
2407 3804 2560 3873 cujus
2587 3803 2866 3860 territorio
2902 3805 3095 3876 positae
3124 3813 3266 3873 sunt,
3307 3812 3575 3876 potestate
3636 3804 3822 3862 consi-

2223 3899 2386 3947 stant.
2421 3893 2491 3948 Et
2518 3892 2836 3949 Toletanum
2866 3893 3157 3951 concilium
3186 3893 3335 3961 dicit,
3367 3902 3427 3949 ut
3456 3895 3613 3950 dotes
3643 3894 3822 3952 eccle-

2222 3981 2445 4050 siarum,
2465 3989 2518 4038 et
2537 3983 2719 4038 omnia
2750 3982 3052 4040 secundum
3081 3982 3517 4040 constitutionem
3547 3984 3823 4057 antiquam

2222 4070 2292 4125 ad
2322 4071 2564 4142 episc0pi
2592 4072 2991 4128 ordinationem
3022 4081 3076 4128 et
3117 4080 3442 4144 potestatem
3494 4073 3819 4144 pertineant,

2222 4159 2450 4231 scilicet,
2481 4168 2540 4215 ut
2568 4161 2968 4218 Antiochenum
2997 4161 3285 4218 concilium
3311 4162 3458 4229 dicit,
3490 4171 3647 4235 regat
3673 4163 3824 4232 juxta

2221 4250 2587 4306 reverentiam
2615 4250 2845 4322 singulis
2892 4259 3310 4322 competentem,
3369 4258 3424 4307 et
3479 4251 3822 4323 prudentiam

2219 4347 2375 4413 gerat
2404 4339 2581 4396 omnis
2608 4340 2976 4412 possessionis
3005 4358 3126 4414 quae
3152 4341 3254 4396 sub
3280 4340 3396 4410 ejus
3427 4348 3819 4413 estpotestate:

2221 4430 2291 4484 ita
2319 4437 2378 4485 ut
2406 4429 2761 4501 presbyteros
2790 4438 2844 4485 et
2872 4430 3135 4487 diaconos
3156 4429 3390 4498 ordinet,
3412 4438 3465 4486 et
3485 4430 3703 4502 singula
3724 4446 3818 4486 suo

522 4520 783 4587 exhibuit,
814 4535 1008 4591 usque,
1036 4526 1097 4574 ut
1125 4535 1289 4591 supra
1318 4519 1448 4586 dixi,
1480 4519 1653 4590 pridie
1672 4519 1858 4574 Nonas
1873 4518 2119 4589 proxime
2137 4510 2191 4571 D
2214 4518 2422 4588 judicio
2460 4520 2909 4591 comprehendat.
2951 4521 3061 4576 Sed
3090 4527 3381 4593 antequam
3429 4520 3565 4591 ipsae
3620 4520 3822 4594 regula:

519 4609 879 4683 praecedentis
926 4608 1185 4676 Februar,
1246 4608 1463 4681 quando
1507 4606 1733 4679 praefato
1779 4607 1979 4663 clerico
2035 4607 2118 4662 in-

521 4699 744 4756 terdicta
783 4705 866 4755 est
902 4697 1023 4769 ipsa
1061 4698 1330 4764 ecclesia;
1377 4705 1450 4764 et,
1492 4712 1636 4753 nunc
1700 4696 1826 4754 inde
1892 4695 2119 4767 quaestio

521 4796 851 4855 removetur,
872 4786 1025 4860 quasi
1053 4804 1162 4843 non
1191 4787 1389 4843 debeat
1418 4785 1666 4842 sufficere
1695 4785 1760 4840 ad
1800 4784 2119 4857 sopiendam

521 4892 739 4933 omnem
771 4877 1122 4933 remotionem
1165 4876 1476 4948 antiquitas,
1544 4883 1596 4931 et
1632 4883 1782 4930 tanta
1838 4875 2119 4947 longitudo

524 4973 828 5038 temporum
857 4972 910 5023 et
938 4966 1298 5022 numerositas
1336 4965 1740 5037 episcoporum,
1780 4981 1843 5021 ac
1898 4965 2120 5036 presby-

526 5063 770 5111 terorum
799 5055 899 5110 sub
933 5054 1129 5127 quibus
1157 5056 1279 5127 ipsa
1308 5054 1542 5112 ecclesia
1570 5071 1669 5127 per
1697 5071 1758 5111 se
1786 5054 1919 5110 nulli
1964 5054 2119 5109 alteri

526 5144 777 5203 ecclesiae
813 5145 1054 5215 subjecta
1092 5145 1347 5214 constitit,
1390 5161 1513 5201 cum
1549 5152 1601 5201 et
1666 5145 1820 5218 leges
1885 5143 2117 5215 publica:

523 5240 636 5290 tam
665 5234 809 5306 apud
837 5235 1131 5302 Romanos,
1163 5249 1323 5307 quam
1353 5243 1407 5291 et
1427 5236 1573 5306 apud
1604 5241 1896 5301 nostrates,
1932 5233 2031 5288 sed
2066 5241 2119 5288 et

524 5339 781 5393 canones,
818 5331 978 5396 atque
1015 5324 1163 5379 sedis
1214 5324 1474 5381 Romanae
1526 5323 1845 5396 pontificum
1899 5321 2119 5378 decreta

519 5413 832 5487 praeﬁgunt,
866 5421 924 5468 ut
950 5412 1094 5468 ultra
1120 5413 1336 5485 triginta
1365 5429 1538 5470 annos
1567 5413 1700 5470 nulli
1712 5413 1890 5470 'liceat
1917 5428 2018 5484 pro
2052 5427 2118 5468 eo

521 5501 797 5575 appellare
827 5503 975 5575 quod
1003 5503 1187 5576 legum
1211 5511 1427 5577 tempus
1452 5503 1690 5561 excludit
1722 5522 1736 5571 ;
1771 5502 1924 5575 quasi
1955 5502 2118 5557 etiam

522 5608 633 5659 non
659 5593 896 5652 debeant
923 5591 1167 5651 sufﬁcere
1194 5601 1299 5651 tute
1327 5610 1425 5671 per
1450 5593 1731 5653 ministros
1759 5599 1883 5650 tuos
1936 5590 2119 5669 requi-

2221 4615 2467 4679 tempore
2531 4607 2789 4665 Ludovici
2854 4608 3005 4682 regis
3042 4609 3101 4664 in
3161 4609 3371 4681 synodo
3447 4609 3821 4665 Aurelianensi

2219 4695 2421 4753 fuerint
2448 4697 2772 4765 constitutas,
2800 4696 3141 4769 antiquiores
3169 4713 3282 4755 non
3309 4697 3605 4770 refragatae
3643 4701 3820 4753 Arau-

2221 4785 2322 4842 sici
2350 4785 2567 4842 concilii
2596 4786 2802 4859 regula
2832 4794 3153 4854 statuerunt,
3187 4794 3246 4842 ut
3275 4786 3322 4842 si
3352 4787 3474 4859 quis
3530 4787 3820 4859 episcopo-

2220 4891 2340 4930 rum
2368 4875 2425 4930 in
2455 4875 2648 4931 aliena)
2677 4875 2906 4932 civitatis
2936 4875 3208 4932 territorio
3239 4876 3530 4932 ecclesiam
3553 4876 3820 4933 aedificare

2219 4964 2477 5035 disponit,
2510 4965 2596 5021 vel
2624 4980 2724 5036 pro
2749 4965 2900 5020 fundi
2928 4964 3030 5033 sui,
3068 4973 3161 5020 aut
3193 4964 3569 5033 ecclesiastici,
3601 4965 3690 5022 vel
3721 4980 3815 5037 pro

2221 5069 2545 5127 quacunque
2572 5069 2792 5109 suorum
2822 5053 3243 5125 opportunitate,
3278 5054 3547 5125 permissa
3602 5054 3819 5110 licentia

2218 5141 2543 5208 aedificandi,
2575 5143 2699 5215 quia
2724 5142 3004 5214 prohiberi
3034 5144 3138 5199 hoc
3166 5150 3290 5199 voto
3346 5142 3501 5199 nefas
3557 5151 3659 5213 est,
3715 5158 3817 5198 non

2218 5239 2508 5303 praesumat
2537 5232 2951 5300 dedicationem,
2985 5250 3107 5304 quae
3135 5232 3212 5288 illi
3254 5232 3583 5289 omnimodis
3638 5238 3819 5288 reser-

2218 5329 2375 5377 vatur
2402 5321 2459 5376 in
2488 5322 2642 5391 cujus
2673 5322 2945 5379 territorio
2975 5323 3209 5379 ecclesia
3239 5322 3499 5395 assurgit,
3534 5330 3586 5378 et
3635 5338 3816 5377 reser-

2218 5418 2342 5467 vata
2378 5409 2689 5468 aediﬁcatori
2726 5428 2826 5468 suo
2863 5413 2966 5469 hac
3004 5412 3198 5485 gratia,
3240 5420 3300 5466 ut
3338 5427 3474 5484 quos
3540 5411 3815 5467 desiderat

2217 5500 2447 5557 clericos
2483 5500 2541 5556 in
2576 5517 2634 5557 re
2673 5517 2774 5556 sua
2810 5500 3014 5570 videre,
3056 5501 3206 5573 ipsos
3262 5500 3477 5555 ordinet
3544 5500 3601 5554 in
3671 5500 3817 5570 cujus

2216 5596 2490 5654 territorio
2521 5598 2727 5669 est,vel
2762 5598 2808 5654 si
2836 5597 3072 5654 ordinati
3102 5598 3219 5668 jam
3257 5604 3399 5664 sunt,
3429 5595 3581 5670 ipsos
3611 5595 3812 5653 habere
