4174 6302
359 281 455 337 541
976 275 1216 336 OPUSC.
1261 277 1353 334 ET
1407 277 1626 335 EPIST.

1688 279 1762 334 IN
1813 277 2038 337 CAUSA
2092 279 2436 338 HINCMARI
2483 279 2787 337 LAUDUN.

3549 279 3654 337 542

363 403 695 475 acquiescat,
730 407 782 456 et
812 400 1271 458 omnisecclesiae
1315 402 1486 473 ipsius
1535 403 1859 475 gubernatio
1889 403 1960 458 ad
1981 407 2035 469 A
2064 413 2118 460 et
2144 405 2199 459 in
2245 421 2312 460 ea
2369 404 2620 460 laborare
2678 404 3023 471 consensisti,
3077 420 3186 460 non
3242 403 3440 475 placet,
3475 410 3528 458 et
3555 418 3657 474 per

363 509 490 548 eum
517 491 574 546 in
601 491 753 560 cujus
792 490 1022 546 civitatis
1072 491 1341 547 territorio
1387 491 1616 547 ecclesia
1664 493 1964 548 surrexerit

362 580 677 652 pertinebit.
708 580 776 633 Et
814 580 915 634 hac
962 580 1277 635 auctoritate
1323 595 1356 635 a
1404 580 1742 651 temporibus
1789 581 1963 636 sancti

364 668 597 741 Remigii
635 683 852 739 semper
896 669 1332 738 praedecessores
1380 669 1487 724 mei
1529 668 1584 723 in
1631 670 1962 741 temporibus

362 758 835 829 praedecessorum
866 744 1079 812 tuorum
1123 758 1179 811 in
1208 758 1455 814 ecclesiis
1501 758 1570 812 ad
1619 758 1961 815 Codiciacam

365 847 547 902 villam
578 846 954 901 Laudunensis
999 847 1288 918 parochim,
1342 847 1439 902 sed
1487 854 1539 902 et
1586 847 1656 902 ad
1704 847 1962 902 Juliacam

364 936 547 990 villam
578 936 634 989 in
664 935 927 1007 parochia
958 935 1284 992 Suessonica
1323 951 1447 991 cum
1490 951 1761 991 consensu
1807 937 1960 1008 ipsa-

365 1041 483 1080 rum
514 1025 790 1080 civitatum
820 1025 1196 1095 episc0porum
1229 1025 1508 1080 ordinatos
1535 1025 1798 1081 miserunt
1836 1042 1961 1097 pre-

366 1115 636 1185 sbyteros.
673 1114 828 1169 Unde
860 1121 912 1168 et
952 1129 1057 1186 ego
1101 1114 1154 1168 in
1199 1114 1505 1181 Codiciaco,
1554 1122 1605 1170 et
1651 1115 1707 1168 in
1751 1115 1960 1170 Juliaco

364 1203 568 1258 inveni.

439 1292 546 1347 Sed
580 1290 708 1362 quia
735 1290 866 1345 mihi
896 1307 994 1362 pro
1024 1293 1232 1346 honore
1261 1292 1712 1364 coepiscoporum
1740 1301 1959 1349 nostro-

364 1398 486 1436 rum
518 1380 759 1451 ipsarum
791 1379 1000 1434 sedium
1029 1380 1371 1451 complacuit,
1419 1389 1476 1436 ut
1517 1381 1626 1436 illis
1649 1381 1959 1438 decedenti-

365 1471 468 1525 bus
497 1469 727 1525 clericos
755 1469 1088 1525 ordinandos
1108 1469 1162 1523 in
1183 1470 1391 1524 eisdem
1411 1470 1659 1526 ecclesiis
1689 1471 1962 1542 episcOpis

362 1557 710 1630 prepriarum
763 1557 1142 1628 parochiamm
1199 1558 1496 1631 dirigerem
1542 1574 1666 1614 cum
1711 1559 1960 1614 libertate

365 1645 738 1702 ecclesiastica
768 1653 819 1699 et
848 1645 1041 1700 litteris
1068 1645 1207 1700 meis
1247 1647 1582 1701 ordinandos
1609 1647 1960 1719 presbyteros

365 1735 421 1789 in
459 1733 696 1805 praefatis
745 1733 991 1788 ecclesiis
1035 1734 1204 1788 misi:
1241 1741 1294 1789 et
1341 1734 1580 1802 Simeon,
1629 1743 1688 1790 ut
1731 1736 1959 1806 praedixi

365 1823 590 1878 missum
619 1838 652 1876 a
679 1838 767 1876 me
799 1822 902 1876 sibi
931 1822 1318 1878 Haimeradum
1357 1823 1627 1879 ordinavit
1665 1825 1958 1895 presbyte-

365 1929 506 1978 rum,
539 1920 593 1966 et
623 1912 857 1967 domnus
887 1911 1166 1966 Rothadus
1196 1929 1334 1968 mea:
1361 1912 1606 1968 missioni
1647 1928 1756 1969 non
1786 1913 1962 1968 resul-

364 2009 507 2070 tans,
535 2001 646 2069 jam
675 2000 730 2054 in
759 2000 969 2056 Juliaco
999 2001 1135 2055 duos
1164 2017 1197 2055 a
1225 2018 1312 2056 me
1344 2001 1448 2056 sibi
1485 2001 1683 2058 missos
1732 2002 1962 2058 clericos

364 2089 636 2146 ordinavit
662 2089 1038 2161 presbyteros,
1073 2098 1124 2144 et
1156 2105 1262 2161 ego
1291 2090 1414 2161 ipsi,
1441 2091 1538 2145 sed
1559 2099 1609 2146 et
1631 2091 1752 2145 aliis
1781 2091 1964 2162 coepi-

364 2179 546 2250 scopis
574 2178 775 2233 nostris
815 2178 870 2232 in
918 2179 1178 2250 parochia
1225 2187 1406 2233 nostra
1450 2180 1711 2235 ecclesias
1760 2181 1963 2235 haben-

363 2268 527 2333 tibus,
561 2268 813 2322 eumdem
839 2269 1102 2322 honorem
1134 2269 1271 2323 sicut
1301 2276 1353 2323 et
1379 2269 1816 2340 prmdecessores
1854 2271 1964 2324 mei

363 2356 580 2411 illorum
609 2356 1110 2426 praedecessor-ibus
1141 2355 1405 2424 fecerunt,
1432 2373 1717 2413 conservo.
1752 2359 1821 2412 Et
1850 2375 1964 2414 rec-

363 2454 477 2500 tum
529 2452 611 2500 est
651 2452 709 2499 ut
754 2452 810 2499 tu
856 2445 1093 2516 antiqua:
1133 2446 1439 2501 auctoritati
1486 2453 1539 2500 et
1585 2447 1962 2501 consuetudini

363 2542 468 2590 ture
514 2533 804 2605 metropoli
850 2549 882 2588 a
926 2534 1030 2588 tuis
1077 2535 1572 2605 praedecessoribus
1620 2544 1962 2592 conservatae

360 2639 473 2679 non
521 2623 759 2695 deroges
801 2640 814 2676 :
859 2623 1163 2693 praesertim
1204 2639 1329 2679 cum
1377 2624 1446 2678 sit
1500 2624 1848 2680 constitutum
1905 2625 1961 2678 in

359 2712 540 2784 primo
569 2711 708 2766 libro
739 2711 1098 2782 capitulorum
1128 2713 1471 2784 synodalium
1489 2721 1730 2784 tempore
1754 2716 1962 2784 Augus-

355 2809 541 2857 torum
571 2809 874 2856 nostrorum
897 2816 929 2855 a
949 2801 1150 2856 nostris
1171 2802 1470 2871 majoribus
1493 2810 1957 2869 conservatorum,

357 2900 416 2945 ut
483 2890 599 2945 sine
666 2889 1018 2956 auctoritate,
1083 2889 1174 2944 vel
1239 2906 1511 2946 consensu
1579 2891 1961 2962 episcoporum

357 2979 665 3052 presbyteri
692 2979 747 3032 in
779 2979 1108 3050 quibuslibet
1138 2979 1387 3034 ecclesiis
1416 2980 1831 3044 constituantur,
1860 2996 1961 3037 nec

360 3068 734 3140 expellantur;
771 3076 821 3122 et
853 3067 898 3121 si
930 3067 1051 3122 laici
1093 3068 1322 3123 clericos
1366 3069 1663 3139 probabilis
1713 3069 1852 3136 vitae,
1910 3077 1962 3124 et

2062 495 2352 564 rationem,
2411 503 2500 548 aut
2551 509 2651 564 pro
2705 493 2951 561 crimine,
3011 501 3102 548 aut
3130 509 3231 564 pro
3269 491 3658 548 indocibilitate

2062 582 2218 637 illum
2247 583 2524 652 rejeceris,
2560 598 2722 655 quem
2752 591 2938 639 contra
2957 582 3176 654 regulas
3204 581 3320 636 sine
3348 597 3469 636 mea
3497 581 3660 635 licen-

2060 672 2153 738 tia,
2187 679 2240 727 et
2270 673 2386 728 sine
2436 672 2683 727 libertate
2713 671 2972 728 canonica
3011 671 3294 739 ordinasti,
3327 669 3574 736 ostende,
3608 676 3662 724 et

2063 761 2294 816 alterum
2343 761 2720 828 inveniemus;
2755 767 2964 815 tantum
3009 767 3067 814 ut
3093 758 3318 830 praefata
3365 758 3660 814 auctoritas

2062 850 2395 921 regularum,
2431 858 2483 905 et
2512 850 2734 921 antiqua
2779 848 3116 906 consuetudo
3165 848 3233 902 de
3264 847 3385 918 ipsa
3428 845 3662 902 ecclesia

2063 939 2221 993 nobis
2249 955 2280 992 a
2310 946 2361 994 te
2393 946 2769 1004 conservetur,
2803 939 2942 994 sicut
2971 935 3307 1008 temporibus
3345 935 3660 1006 praedecesâ€”

2063 1043 2248 1082 sorum
2282 1036 2335 1082 et
2364 1028 2714 1084 decessorum
2757 1035 2972 1082 tuorum
3015 1024 3354 1091 Genebaudi,
3397 1022 3660 1079 Bernico-

2062 1115 2168 1183 nis,
2199 1116 2496 1182 Gairfredi,
2528 1115 2855 1181 Wenilonis,
2892 1114 3134 1170 Ostroldi
3159 1133 3173 1179 ;
3207 1121 3260 1170 et
3291 1113 3508 1185 quando
3539 1111 3660 1182 epi-

2063 1213 2320 1276 scopatus
2360 1205 2570 1260 vacavit
2600 1206 2655 1259 in
2684 1205 2980 1274 Ailemaro,
3016 1211 3069 1259 et
3097 1210 3338 1274 tempore
3369 1199 3658 1267 Simeonis,

2061 1310 2124 1350 ac
2171 1293 2408 1361 Parduli,
2461 1295 2556 1349 sed
2607 1302 2660 1348 et
2707 1302 2798 1348 tuo
2847 1301 3091 1364 tempore
3134 1305 3306 1364 usque
3333 1291 3497 1346 modo
3525 1289 3664 1345 meis

2060 1383 2561 1455 praedecessoribus
2591 1398 2655 1439 ac
2683 1382 3068 1438 decessoribus
3096 1381 3330 1452 Tilpino,
3361 1387 3414 1435 et
3443 1378 3663 1451 quando

2059 1479 2185 1543 post
2213 1488 2340 1528 eum
2363 1472 2571 1529 vacavit
2594 1472 2956 1544 episcopatus,
2992 1471 3090 1526 sed
3111 1478 3164 1526 et
3183 1468 3438 1536 Wlfario,
3461 1467 3660 1537 Eboni,

2061 1568 2115 1616 et
2144 1561 2384 1632 quandiu
2413 1560 2592 1632 ipsum
2623 1561 2991 1632 episcopatum
3039 1559 3212 1616 tenuit
3240 1557 3426 1625 Fulco,
3461 1564 3515 1612 et
3540 1563 3665 1627 post

2062 1666 2188 1705 eum
2216 1651 2380 1716 Noto,
2415 1649 2512 1705 sed
2543 1657 2596 1704 et
2625 1649 2756 1704 mihi
2795 1650 2910 1719 jam
2939 1665 3039 1720 per
3068 1647 3261 1721 viginti
3291 1646 3530 1718 quinque
3557 1659 3662 1699 an-

1988 1769 2041 1828 B
2065 1754 2167 1794 nos
2221 1739 2276 1794 in
2333 1739 2668 1794 Rhemorum
2711 1737 2843 1793 sede
2887 1736 3215 1792 ministranti
3260 1737 3522 1791 hactenus
3581 1739 3665 1828 est

2065 1835 2388 1883 conservata
2433 1827 2668 1898 amplius
2717 1841 2881 1898 quam
2909 1841 3011 1898 per
3035 1833 3254 1882 centum
3292 1839 3485 1890 annos,
3519 1821 3667 1878 velut

2063 1933 2164 1988 per
2189 1916 2459 1972 veridicas
2501 1916 2790 1972 chronicas
2837 1914 3166 1987 computavi,
3215 1921 3270 1969 et
3315 1913 3410 1968 tibi
3435 1925 3663 1984 possum

2064 2005 2373 2071 ostendere,
2435 2020 2560 2062 cum
2609 2012 2819 2061 constet
2857 2005 3092 2078 legibus,
3152 2011 3204 2058 et
3243 2001 3409 2058 sacris
3455 2000 3664 2072 regulis

2063 2102 2301 2160 cautum,
2335 2094 2460 2166 quia
2509 2093 2648 2149 sicut
2680 2094 2840 2149 nobis
2869 2110 2970 2165 pro
2999 2100 3186 2148 nostro
3214 2091 3369 2147 libitu
3397 2105 3507 2145 non
3535 2089 3665 2144 licet

2061 2183 2350 2255 parochias
2399 2183 2700 2238 rusticanas
2747 2183 3042 2254 antiquitus
3071 2180 3390 2238 constitutas
3418 2178 3536 2234 sine
3565 2192 3662 2233 ra-

2063 2273 2210 2328 tione
2239 2272 2482 2329 dividere
2515 2290 2528 2327 :
2561 2272 2636 2327 ita
2665 2271 2828 2327 etiam
2855 2287 2964 2327 non
2987 2271 3113 2327 licet
3141 2268 3492 2326 confundere.
3525 2267 3664 2336 Quia

2063 2377 2192 2418 vero
2239 2361 2418 2432 ipsum
2465 2361 2724 2417 clericum
2772 2368 2963 2424 contra
3001 2359 3222 2432 regulas
3252 2356 3533 2426 ordinasti,
3566 2371 3661 2411 re-

2063 2450 2208 2522 gulae
2239 2465 2413 2505 sacrae
2443 2450 2816 2504 demonstrant
2847 2450 3090 2506 dicentes
3121 2465 3133 2502 :
3164 2446 3555 2513 Admittuntur,
3588 2444 3663 2499 in-

2063 2539 2179 2610 quit
2231 2540 2339 2594 Leo
2398 2539 2453 2593 in
2511 2539 2739 2611 epistola
2786 2539 2854 2593 ad
2899 2537 3186 2593 universos
3236 2535 3524 2607 episcopos
3563 2549 3662 2606 per

2062 2627 2344 2683 universas
2389 2627 2696 2699 provincias
2725 2627 3068 2693 constitutos,
3095 2625 3297 2698 passim
3319 2625 3389 2679 ad
3410 2623 3660 2680 ordinem

2063 2731 2295 2783 sacrum,
2329 2716 2524 2788 quibus
2553 2716 2704 2772 nulla
2733 2715 3011 2783 natalium,
3051 2715 3201 2770 nulla
3231 2729 3446 2769 morum
3476 2711 3661 2783 digni-

2062 2813 2142 2860 tas
2171 2805 2535 2877 suffragatur;
2569 2813 2622 2860 et
2652 2805 2774 2877 quia
2804 2804 3042 2861 dominis
3070 2803 3182 2860 suis
3210 2802 3512 2859 libertatem
3532 2816 3662 2857 con-

2063 2895 2219 2966 sequi
2279 2893 2500 2950 minime
2554 2901 2862 2965 potuerunt,
2911 2893 2981 2949 ad
3025 2892 3304 2964 fastigium
3348 2889 3659 2956 sacerdotii,

2061 2991 2321 3056 tanquam
2352 2983 2565 3040 servilis
2610 2983 2790 3038 vilitas
2818 2985 2963 3039 hunc
2989 2984 3255 3038 honorem
3300 2981 3492 3052 capiat,
3523 2993 3659 3051 pro-

2062 3074 2347 3139 vehuntur,
2372 3080 2425 3128 et
2450 3073 2672 3144 probari
2701 3072 2818 3127 Deo
2845 3087 3009 3142 posse
3039 3071 3293 3137 creditur,
3317 3069 3408 3141 qui
3439 3067 3660 3123 domino

356 3157 623 3212 doctrina-3
653 3156 924 3228 episcOpis
945 3158 1367 3225 consecrandos,
1394 3158 1614 3229 suisque
1635 3158 1688 3211 in
1712 3158 1957 3213 ecclesiis
1989 3131 2038 3194 C
2061 3177 2160 3216 suo
2190 3161 2426 3216 necdum
2450 3131 2695 3232 probare
2725 3176 2785 3216 se
2811 3131 3003 3232 potuit.
3037 3159 3250 3231 Duplex
3269 3131 3454 3229 itaque
3481 3157 3538 3211 in
3556 3157 3662 3213 hac

357 3246 772 3302 constituendos
825 3245 1146 3314 obtulerint,
1193 3246 1340 3303 nulla
1385 3247 1625 3318 qualibet
1672 3247 1960 3303 occasione

357 3352 456 3391 eos
512 3335 795 3404 rejiciant;
857 3342 909 3390 et
969 3335 1163 3390 exinde
1210 3351 1381 3406 nuper
1429 3336 1484 3389 in
1529 3335 1727 3406 placito
1776 3336 1962 3391 domni

355 3425 532 3481 nostri
565 3424 715 3497 regis
745 3424 925 3479 Caroli
957 3425 1100 3495 apud
1132 3425 1302 3479 Pistas
1331 3425 1682 3480 constitutum
1712 3432 1794 3479 est
1816 3426 1961 3497 quod

358 3523 413 3570 et
442 3522 528 3569 tua
558 3514 920 3570 consensione
971 3514 1199 3568 firmasti
1245 3514 1558 3585 capitulum,
1611 3529 1719 3586 quo
1766 3515 1963 3570 dicitur

356 3612 416 3658 ut
447 3603 493 3657 si
521 3604 766 3669 abbates,
801 3604 888 3657 vel
916 3602 1222 3671 abbatissae,
1256 3611 1347 3657 aut
1376 3603 1622 3672 comites,
1675 3620 1772 3658 seu
1813 3604 1961 3660 vassi

355 3693 546 3762 nostri,
598 3701 688 3747 aut
731 3692 913 3748 caateri
958 3692 1082 3748 laici
1129 3692 1355 3748 clericos
1399 3692 1696 3764 probabilis
1740 3694 1863 3749 vita:
1909 3702 1962 3750 et

358 3782 622 3838 doctrinae
652 3782 925 3853 episcOpis
955 3783 1217 3837 canonice
1259 3783 1682 3850 consecrandos,
1736 3783 1960 3855 suisque

355 3873 415 3926 in
445 3871 691 3927 ecclesiis
731 3871 1138 3926 constituendos
1170 3871 1484 3940 obtulerint,
1531 3872 1680 3927 nulla
1724 3873 1961 3945 qualibet

355 3961 651 4018 occasione
718 3976 814 4016 eos
871 3960 1115 4033 episcopi
1162 3961 1249 4016 vel
1305 3961 1540 4017 ministri
1596 3978 1783 4018 eorum
1831 3962 1958 4032 reji-

357 4051 528 4106 ciant.

432 4141 730 4211 Pr0pterea
761 4139 807 4194 si
836 4139 954 4210 ipse
984 4139 1214 4196 clericus
1245 4140 1571 4196 criminosus
1619 4157 1730 4196 non
1763 4148 1862 4208 est,
1908 4149 1962 4196 et

355 4229 612 4286 docibilis
644 4237 746 4299 est,
781 4230 928 4301 quod
958 4229 1120 4284 etiam
1152 4230 1205 4283 in
1238 4230 1496 4300 episcopo
1527 4244 1766 4285 canones
1815 4230 1959 4286 sacri

353 4319 658 4391 requirunt,
695 4319 947 4390 quoniam
981 4335 1012 4373 a
1040 4319 1197 4373 nobis
1228 4318 1321 4372 tibi
1350 4318 1685 4373 ordinandus
1713 4317 1956 4384 offertur,

359 4424 474 4464 non
505 4409 674 4463 debes
705 4408 853 4462 illum
883 4409 953 4462 ab
982 4408 1320 4463 ordinatione
1350 4407 1405 4462 in
1436 4407 1666 4463 ecclesia
1693 4411 1812 4479 ipsa
1837 4408 1959 4476 reji-

354 4515 502 4563 cere,
535 4497 619 4552 cui
649 4513 748 4568 per
776 4505 923 4551 tanta
952 4505 1199 4568 tempora
1229 4497 1472 4552 eamdem
1505 4497 1791 4553 ecclesiam
1819 4512 1956 4553 con-

360 4587 582 4642 sensisti
616 4604 628 4640 :
663 4602 784 4642 cum
817 4595 1037 4642 sanctus
1074 4587 1420 4643 Innocentius
1460 4587 1514 4642 in
1565 4587 1796 4642 decretis
1847 4587 1958 4642 suis

353 4677 427 4731 ad
459 4677 785 4731 Martianum
815 4676 1157 4730 Naisitanum
1188 4676 1504 4747 episcopum
1534 4676 1601 4731 de
1635 4677 1956 4748 quibusdam

353 4765 696 4836 presbyteris
726 4765 815 4836 qui
848 4765 901 4818 in
931 4765 1184 4836 parochia
1228 4765 1374 4820 illius
1421 4766 1732 4838 aliquandiu
1762 4775 1957 4821 tenue-

354 4861 488 4908 runt
517 4853 800 4923 ecclesias,
832 4855 928 4909 sed
960 4855 1190 4926 quadam
1213 4855 1498 4911 occasione
1519 4855 1956 4912 communionem

352 4943 504 4997 illius
531 4943 733 4998 mereri
762 4959 869 4998 non
919 4951 1168 5016 poterant
1214 4944 1359 5000 dicat
1393 4963 1406 4998 :
1439 4945 1641 5011 Frater,
1683 4945 1952 5016 inquiens,

354 5032 693 5096 charissime,
749 5033 796 5086 si
843 5048 1033 5088 eorum
1077 5034 1306 5088 assertio
1356 5033 1519 5089 fidem
1566 5032 1756 5105 recipit
1803 5034 1952 5099 veri,

351 5121 734 5190 suscipiendos
763 5137 886 5182 esse
916 5121 1195 5194 ambigere
1228 5139 1335 5177 non
1366 5123 1554 5190 debes,
1590 5124 1732 5195 quod
1771 5123 1957 5178 tandiu

353 5210 619 5265 ecclesias
651 5209 754 5264 sibi
784 5211 1016 5265 creditas
1045 5227 1238 5281 passus
1269 5228 1326 5265 es
1359 5212 1710 5268 retinere.'Et
1730 5213 1776 5267 si
1805 5229 1958 5268 eum-

354 5300 484 5353 dem
513 5299 772 5354 clericum
799 5300 853 5352 in
885 5301 1074 5354 eadem
1107 5300 1336 5355 ecclesia
1364 5300 1448 5354 vis
1481 5301 1749 5371 ordinare,
1776 5303 1956 5358 scribe

349 5387 486 5442 mihi
516 5389 816 5442 secundum
845 5405 1073 5458 morem,
1109 5397 1161 5444 et
1191 5405 1295 5462 ego
1327 5389 1402 5443 illi
1434 5389 1738 5445 libertatem
1773 5391 1954 5447 eccle-

349 5477 628 5532 siasticam
654 5477 816 5533 dabo.
850 5478 904 5532 Si
935 5487 1116 5534 autem
1150 5479 1266 5550 ipse
1297 5479 1524 5535 clericus
1568 5478 1652 5535 cui
1681 5496 1781 5551 per
1811 5488 1956 5534 tanta

350 5572 605 5648 tempora
635 5575 812 5648 ipsam
841 5577 1130 5634 ecclesiam
1174 5579 1230 5633 in
1279 5578 1682 5652 Follanaebrayo
1729 5580 1950 5651 habere,

2059 3258 2213 3322 parte
2252 3257 2437 3304 reatus
2484 3256 2584 3317 est,
2619 3249 2764 3322 quod
2795 3256 2848 3304 et
2885 3265 3104 3305 sacrum
3144 3245 3506 3303 ministerium
3535 3244 3660 3301 talis

2061 3339 2319 3396 consortii
2349 3339 2552 3396 vilitate
2593 3338 2870 3410 polluitur,
2903 3345 2956 3394 et
2985 3337 3351 3403 dominorum,
3396 3342 3658 3408 quantum

2058 3430 2128 3484 ad
2186 3428 2384 3484 illicita:
2439 3428 2804 3500 usurpationis
2860 3427 3217 3483 temeritatem
3260 3425 3497 3497 pertinet
3538 3424 3662 3493 jura

2062 3518 2362 3574 solvuntur.
2395 3517 2478 3572 Ab
2509 3517 2594 3571 his
2623 3517 2824 3588 itaque,
2865 3516 3062 3572 fratres
3109 3515 3434 3581 charissimi,
3467 3529 3660 3569 omnes

2060 3615 2260 3665 vestrm
2283 3607 2581 3679 provincia
2609 3607 2916 3662 abstineant
2945 3605 3277 3674 sacerdotes,
3309 3612 3364 3659 et
3391 3619 3501 3658 non
3530 3610 3658 3657 tan-

2061 3705 2174 3752 tum
2219 3697 2287 3752 ab
2319 3696 2423 3764 his,
2457 3697 2554 3753 sed
2583 3704 2634 3752 et
2673 3696 2743 3751 ab
2771 3695 2892 3750 aliis
2921 3696 3105 3763 etiam,
3138 3694 3231 3766 qui
3260 3691 3533 3765 originali,
3566 3699 3660 3747 aut

2059 3785 2220 3842 alicui
2265 3785 2560 3843 conditioni
2607 3785 2831 3857 obligati
2880 3791 3024 3851 sunt,
3058 3783 3311 3840 volumus
3339 3780 3654 3853 temperari,

2058 3875 2164 3930 nisi
2193 3875 2333 3931 forte
2376 3891 2567 3931 eorum
2613 3874 2800 3947 petitio
2830 3881 2922 3929 aut
2951 3873 3204 3930 voluntas
3243 3871 3538 3929 accesserit
3566 3869 3658 3942 qui

2060 3963 2266 4037 aliquid
2295 3964 2398 4019 sibi
2427 3964 2482 4018 in
2509 3979 2604 4020 eos
2633 3963 2908 4020 vindicant
2954 3961 3237 4033 potestatis
3270 3977 3284 4016 :
3317 3961 3481 4016 debet
3512 3959 3658 4016 enim

2061 4070 2183 4109 esse
2227 4053 2481 4108 immunis
2511 4053 2580 4107 ab
2609 4052 2728 4107 aliis
2755 4052 2849 4123 qui
2893 4051 3092 4107 divinae
3131 4050 3333 4106 militiae
3363 4048 3527 4105 fuerit
3552 4063 3656 4120 ag-

2059 4143 2398 4216 gregandus,
2431 4148 2538 4196 uta
2558 4140 2750 4196 castris
2769 4139 3056 4195 dominicis
3087 4139 3283 4211 quibus
3311 4153 3510 4194 nomen
3540 4137 3658 4205 ejus

2059 4231 2348 4287 ascribitur
2393 4229 2557 4284 nullis
2599 4227 2935 4285 necessitatis
2997 4227 3229 4283 vinculis
3284 4225 3652 4280 abstrahatur.

2058 4321 2127 4374 Et
2153 4328 2275 4391 post
2325 4320 2600 4375 decretam
2656 4317 2914 4372 natalium
2967 4317 3310 4372 honestatem
3363 4329 3655 4385 moresque

2059 4409 2486 4464 ordinandorum
2529 4407 2864 4475 describens,
2913 4406 3054 4462 hanc
3083 4404 3486 4462 conclusionem
3520 4402 3656 4458 sub-

1986 4497 2039 4557 D
2054 4499 2250 4571 jungit.
2286 4500 2400 4554 Hoc
2429 4497 2611 4571 itaque
2639 4495 2935 4552 admonitio
2963 4503 3148 4551 nostra
3177 4493 3474 4560 denuntiat,
3509 4491 3654 4564 quod

2056 4589 2105 4644 si
2136 4588 2256 4660 quis
2294 4588 2521 4643 fratrum
2569 4594 2760 4644 contra
2789 4587 2906 4642 haec
2937 4585 3224 4642 constituta
3252 4582 3440 4640 venire
3471 4587 3653 4638 tenta-

2058 4679 2215 4747 verit,
2267 4686 2319 4734 et
2364 4677 2634 4748 prohibita
2673 4675 2835 4731 fuerit
2864 4691 3028 4730 ausus
3067 4673 3373 4740 admittere,
3403 4687 3434 4725 a
3464 4686 3562 4727 suo
3591 4687 3654 4728 se

2057 4767 2268 4824 noverit
2295 4766 2470 4824 ofï¬cio
2508 4764 2958 4833 submovendum,
2993 4779 3095 4819 nec
3122 4759 3520 4818 communionis
3548 4774 3653 4817 no-

2059 4863 2184 4913 stra
2213 4856 2449 4912 futurum
2477 4872 2601 4912 esse
2630 4862 2958 4920 consortem,
2993 4852 3086 4924 qui
3118 4851 3299 4908 socius
3329 4866 3452 4907 esse
3481 4849 3655 4906 noluit

2059 4945 2377 5017 disciplinae.
2439 4944 2731 5001 Sciendum
2787 4957 2920 4999 vero
2973 4949 3057 4997 est
3111 4941 3200 4997 hic
3242 4956 3352 4996 non
3392 4955 3590 4997 vacare
3621 4955 3654 4995 a

2057 5035 2404 5102 discretione,
2456 5051 2520 5090 ex
2568 5032 2787 5088 rationis
2834 5030 3172 5103 specialitate
3203 5030 3319 5088 haec
3347 5045 3651 5103 pronomen

2056 5124 2282 5195 pluralis
2324 5123 2550 5193 numeri,
2601 5138 2727 5177 cum
2756 5120 2923 5188 dicit;
2957 5120 3003 5175 si
3033 5120 3152 5193 quis
3200 5119 3432 5176 fratrum
3461 5127 3651 5176 contra

2056 5215 2172 5270 haec
2225 5213 2514 5269 constituta
2570 5211 2756 5267 venire
2815 5210 3118 5277 tentaverit,
3169 5218 3223 5266 et
3252 5209 3479 5282 reliqua,
3515 5208 3651 5265 sicut

2057 5303 2356 5359 secundum
2378 5300 2593 5357 Domini
2611 5300 2814 5357 dictum
2839 5316 2852 5356 :
2878 5302 2996 5360 Iota
3015 5318 3197 5358 unum
3215 5304 3317 5357 aut
3332 5316 3480 5374 apex
3500 5315 3649 5356 unus

2056 5411 2090 5448 Î±
2124 5394 2238 5463 lege
2263 5407 2378 5447 non
2404 5391 2659 5464 praeterit
2690 5390 2911 5464 (Matth.
2935 5391 3024 5462 'v).

2126 5491 2456 5560 Repetamus
2486 5489 2773 5562 superiora
2801 5489 2958 5560 hujus
2984 5487 3226 5562 epistolae
3255 5487 3310 5543 in
3341 5503 3446 5560 qua
3475 5485 3604 5542 dicit
3628 5501 3641 5542 :

2052 5579 2421 5636 Admittuntur
2449 5579 2654 5652 passim
2681 5580 2750 5640 ad
2769 5579 3013 5638 ordinem
3044 5594 3263 5636 sacrum
3283 5577 3478 5654 quibus
3499 5575 3648 5635 nulla
