4174 6306
554 270 657 326 διες

1458 262 1803 320 HINCMARI
1856 259 2259 320 RHEMENSIS
2316 260 2868 321 ARCHIEPISCOPI.

3745 270 3854 327 544

551 392 804 450 natalium
847 391 1084 466 dignitas
1132 389 1483 464 suffragatur.
1517 390 1574 446 Si
1604 390 1746 447 inter
1781 405 1967 447 sacros
1996 387 2151 446 ordi-
2180 386 2457 449 Ahabere
2500 388 2846 459 consensisti,
2892 388 3033 447 sicut
3072 389 3323 463 plurimis
3365 397 3450 447 est
3475 391 3847 451 manifestum.

549 499 649 539 nes
675 481 809 538 ordo
836 480 1072 553 acolythi
1098 496 1210 536 non
1240 479 1551 551 deputatur,
1585 480 1655 535 de
1684 480 1790 536 hoc
1819 487 2007 535 nostro
2037 477 2148 534 cle-

549 571 667 628 rico
693 571 913 628 nomine
943 570 1144 627 Senato
1175 585 1208 625 a
1233 577 1288 625 te
1317 569 1568 642 acolytho
1598 568 1715 624 sine
1757 575 1945 623 nostra
1971 567 2147 624 licen-

547 659 641 730 tia,
664 659 753 716 vel
773 660 891 715 sine
910 658 1282 716 ecclesiastica
1300 657 1553 713 libertate
1573 657 1821 713 ordinato
1836 656 1913 711 nil
1934 663 2143 728 repeto.

547 749 620 806 Et
652 748 799 822 quia,
831 755 891 804 ut
907 748 1036 804 dicit
1054 747 1419 816 Innocentius,
1440 746 1750 802 observatio
1770 745 1924 817 prior
1937 744 2144 813 durior,

550 837 826 911 posterior
865 836 1261 894 interveniente
1301 835 1677 891 misericordia
1706 834 2012 890 inclinatior
2039 840 2143 904 est,

549 927 886 999 posteriores
940 940 1176 982 canones
1233 925 1437 991 dicunt,
1497 932 1556 978 ut
1611 922 1793 979 nullus
1836 922 2142 991 servilibus,

548 1015 949 1088 colonariisque
1005 1013 1403 1071 conditionibus
1449 1012 1720 1085 obligatus
1760 1013 1914 1082 juxta
1952 1018 2146 1067 statuta

549 1105 696 1161 sedis
742 1103 1055 1176 apostolica:
1082 1103 1149 1157 ad
1179 1104 1417 1158 honores
1455 1101 1860 1158 ecclesiasticos
1889 1100 2144 1156 admitta-

545 1202 654 1260 tur,
686 1193 811 1260 nisi,
843 1192 995 1264 prius
1022 1200 1111 1246 aut
1156 1198 1497 1257 testamento,
1532 1198 1625 1246 aut
1652 1207 1753 1262 per
1780 1188 1990 1245 tabulas
2020 1205 2146 1246 eum

545 1282 787 1354 legitime
831 1280 1132 1338 constiterit
1168 1280 1496 1335 absolutum.
1535 1278 1670 1349 Quae
1697 1280 1744 1335 si
1772 1280 1895 1352 quis
1925 1279 2144 1350 episco-

543 1387 741 1444 porum
768 1371 884 1441 ejus
906 1369 997 1442 qui
1027 1369 1313 1425 ordinatur
1354 1368 1721 1425 conditionem
1747 1369 1929 1425 sciens
1960 1375 2144 1423 trans-

545 1459 703 1532 gredi
730 1475 832 1531 per
877 1458 1271 1514 ordinationem
1300 1457 1584 1513 inhibitam
1624 1457 1857 1513 fortasse
1886 1456 2138 1526 voluerit,

545 1549 673 1605 anni
702 1547 878 1619 spatio
906 1547 1105 1603 missas
1133 1546 1314 1603 facere
1339 1562 1449 1602 non
1478 1555 1794 1618 praesumat.
1828 1547 1940 1602 Hos
1961 1554 2144 1602 autem

544 1637 856 1695 Gallicanos
903 1652 1162 1704 canones,
1225 1636 1423 1708 quibus
1479 1651 1627 1707 saepe
1673 1635 1727 1691 in
1770 1635 1877 1690 tuis
1925 1634 2144 1706 scriptis

2251 480 2374 550 Ipse
2403 486 2586 534 autem
2614 478 2821 535 nullam
2872 480 3136 536 rationem
3167 479 3429 552 spoliatus
3456 488 3646 538 contra
3672 483 3853 540 ratio—

2245 583 2393 638 nem,
2426 576 2479 624 et
2506 567 2878 624 auctoritatem
2924 568 3022 624 tibi
3053 569 3181 625 inde
3211 569 3264 625 in
3293 571 3501 642 synodo
3529 571 3855 644 regulariter

2246 656 2479 712 reddere
2508 656 2671 713 debet
2703 674 2717 712 :
2751 656 2798 712 si
2827 664 3004 713 autem
3033 658 3157 714 ideo
3205 658 3356 713 illum
3383 658 3467 714 vis
3493 658 3549 715 in
3580 660 3853 732 synodum

2246 753 2395 801 tuam
2450 746 2657 814 venire,
2733 746 2988 818 quoniam
3063 746 3542 804 Chalcedonenses
3608 764 3852 806 canones

2247 833 2435 891 dicunt
2479 834 2686 890 nullum
2733 834 2982 891 absolute
3025 836 3277 891 ordinare
3321 837 3525 893 debere
3554 838 3851 911 presbyte-

2245 939 2366 978 rum
2397 931 2490 978 aut
2518 917 2824 993 diaconum,
2857 939 2961 981 nec
2992 924 3362 996 quemlibetin
3391 926 3567 997 gradu
3585 927 3852 983 ecclesiae

2246 1012 2401 1079 stico,
2422 1020 2475 1068 et
2503 1012 2733 1085 reliqua,
2755 1020 2813 1068 ut
2829 1012 2968 1069 forte
2994 1013 3192 1070 oblitus
3212 1030 3310 1086 per
3327 1014 3478 1070 illum
3492 1015 3674 1072 discas
3693 1017 3851 1086 cujus

2247 1102 2502 1157 suasione
2530 1100 2680 1157 illum
2711 1109 2900 1158 contra
2931 1102 3147 1175 regulas
3177 1103 3552 1171 ordinaveris;
3578 1112 3848 1177 quatenus

2247 1191 2293 1245 si
2344 1189 2481 1245 forte
2530 1190 2587 1245 in
2643 1192 2854 1263 synodo
2901 1191 3282 1264 episcoporum
3319 1192 3448 1248 inde
3491 1194 3850 1265 compellatus

2244 1278 2430 1349 fueris,
2460 1279 2664 1334 habeas
2693 1279 2824 1351 quid
2861 1280 3218 1352 respondeas.
3252 1281 3445 1336 Manda
3473 1282 3628 1349 mihi,
3659 1291 3713 1338 et
3740 1298 3849 1357 ego

2244 1367 2395 1423 illum
2425 1368 2678 1440 quoniam
2725 1377 2929 1425 nostrae
2956 1368 3201 1426 ecclesiae
3231 1378 3313 1425 est
3341 1370 3666 1442 mancipium
3696 1372 3848 1427 nulla

2244 1457 2496 1514 libertate
2525 1458 2801 1527 donatum,
2834 1474 2936 1529 per
2965 1474 3119 1514 meos
3146 1458 3347 1515 missos
3376 1460 3468 1514 tibi
3498 1459 3554 1514 in
3575 1461 3849 1532 synodum

2244 1553 2388 1601 tuam
2429 1546 2812 1616 transmittam,
2858 1554 2918 1602 ut
2961 1547 3114 1603 dicas
3173 1548 3319 1621 quod
3377 1548 3566 1604 beatus
3621 1549 3731 1605 Leo
3773 1550 3848 1606 ad

2244 1634 2551 1691 Anatolium
2584 1635 3237 1708 Constantinopolitanum
3268 1637 3588 1709 episcopum
3616 1638 3845 1707 scribit;

541 1725 734 1798 uteris,
765 1734 820 1782 et
848 1742 947 1798 per
976 1741 1115 1798 quos
1142 1732 1196 1781 te
1225 1725 1514 1790 reclamas,
1549 1724 1663 1781 scio
1712 1723 1838 1797 quia
1860 1740 1971 1780 non
1999 1723 2141 1794 abji-
2160 1746 2215 1806 Β
2247 1724 2372 1797 quia
2416 1724 2556 1781 sicut
2585 1724 2639 1779 in
2682 1725 2824 1780 mala
2872 1726 3124 1781 suasione
3171 1726 3520 1798 delinquitur,
3573 1727 3648 1782 ita
3697 1735 3748 1783 et
3789 1727 3849 1785 in

541 1815 673 1883 cies,
727 1830 850 1872 cum
897 1815 1294 1871 Antiochenum
1338 1813 1629 1870 concilium
1671 1814 1819 1886 quod
1848 1812 2143 1885 apostolica

539 1903 721 1970 sedes,
746 1910 800 1960 et
817 1903 1137 1961 universalis
1155 1902 1405 1959 Ecclesia
1426 1902 1620 1974 recipit
1634 1902 1778 1958 dicat
1798 1921 1812 1957 :
1835 1901 2143 1958 Perfectum

540 1992 832 2049 concilium
862 2000 945 2048 est
979 1992 1071 2047 ubi
1094 1990 1395 2047 interfuerit
1422 1991 1871 2062 metropolitanus
1892 1990 2139 2047 antistes.

541 2080 612 2137 Et
663 2081 775 2136 Leo
829 2080 899 2137 ad
955 2081 1251 2136 Maximum
1302 2079 1698 2136 Antiochenum
1756 2079 2071 2151 episcopum
2125 2096 2138 2136 :

544 2191 568 2221 ι
590 2168 887 2242 Quidquid,
913 2169 1104 2241 inquit,
1128 2176 1354 2241 pr0pter
1382 2168 1653 2240 speciales
1682 2184 1875 2225 causas
1907 2168 2143 2241 synoda-

536 2258 675 2315 lium
718 2258 1072 2314 conciliorum
1121 2257 1191 2313 ad
1250 2273 1481 2314 examen
1526 2257 1838 2329 episcOpale
1874 2256 2138 2329 defertur,

539 2353 722 2420 potest
750 2346 985 2420 aliquam
1015 2346 1349 2422 dijudicagdi
1378 2346 1585 2402 habere
1613 2346 1901 2413 rationem,
1933 2346 1980 2401 si
2008 2346 2143 2401 nihil

535 2436 606 2492 de
634 2451 701 2492 eo
731 2443 812 2492 est
832 2452 862 2491 a
880 2435 1085 2493 sanctis
1113 2435 1366 2491 Patribus
1396 2435 1539 2506 apud
1568 2434 1811 2491 Nicaeam
1832 2434 2138 2492 diﬁinitum.

538 2523 696 2581 Sacri
740 2523 977 2598 denique
1023 2538 1263 2580 canones
1305 2523 1758 2580 manumissiones
1808 2523 1864 2578 in
1892 2523 2143 2580 Ecclesia

536 2612 655 2671 fieri
680 2628 845 2684 posse
874 2613 946 2668 ab
974 2612 1397 2684 imperatoribus
1427 2612 1718 2684 petierunt,
1742 2629 1863 2684 qua:
1891 2619 1944 2668 et
1972 2612 2040 2667 ab
2061 2612 2142 2668 eis

537 2716 805 2759 concessa
833 2708 936 2771 est,
971 2709 1073 2757 eta
1097 2709 1343 2772 tempore
1372 2701 1543 2772 ipsius
1572 2700 1945 2757 concessionis
1976 2718 2142 2773 regu-

536 2789 625 2860 la,
660 2798 715 2845 et
742 2804 869 2846 mox
912 2789 1318 2846 ecclesiasticus
1365 2791 1624 2847 hactenus
1671 2806 1764 2846 eas
1797 2789 2055 2859 servavit,
2090 2796 2144 2844 et

535 2885 737 2935 servat.
778 2901 801 2927 ι»
835 2877 992 2935 Unde
1048 2878 1309 2950 scriptum
1365 2886 1450 2935 est
1495 2878 1551 2933 in
1598 2878 1739 2934 libro
1787 2878 2141 2950 capitulorum

534 2966 879 3040 synodalium
920 2966 1118 3039 primo,
1172 2983 1294 3040 quae
1345 2975 1592 3040 tempore
1639 2970 2009 3041 Augustorum
2036 2983 2142 3023 no-

530 3063 766 3113 strorum
810 3056 990 3115 Caroli
1046 3063 1100 3112 et
1130 3056 1391 3113 Ludovici
1417 3055 1632 3113 fuerunt
1660 3056 1880 3114 condita
1907 3056 2142 3128 capitula

531 3144 928 3219 quinquaginta
983 3145 1244 3218 quinque.
1289 3144 1503 3217 Nullus,
1546 3145 1814 3218 inquiunt,
1850 3146 2141 3217 episcOpus

530 3249 748 3292 servum
796 3234 1023 3291 alterius
1063 3234 1132 3291 ad
1175 3234 1464 3291 clericatus
1512 3234 1748 3291 ofﬁcium
1789 3235 1906 3291 sine
1937 3234 2144 3295 domini

532 3322 617 3379 sui
665 3323 940 3380 voluntate
989 3338 1317 3395 promovere
1362 3331 1672 3395 prmsumat.
1725 3324 1795 3379 Et
1840 3325 1946 3381 hoc
1987 3324 2143 3380 Gan—

532 3427 738 3484 grense
767 3411 1059 3469 concilium
1088 3413 1339 3484 prohibet
1372 3420 1424 3469 et
1450 3412 1686 3485 capitulo
1718 3416 1785 3468 82
1815 3412 1885 3468 ad
1914 3412 2095 3469 locum
2123 3432 2137 3480 ;

532 3501 603 3557 de
630 3500 996 3558 ecclesiarum
1040 3517 1171 3558 vero
1218 3500 1392 3558 servis
1431 3500 1707 3558 communi
1738 3501 2007 3557 sententia
2035 3501 2139 3558 de-

528 3598 738 3648 cretum
766 3599 850 3647 est
876 3599 934 3647 ut
977 3590 1380 3663 archiepiscopi
1424 3606 1525 3662 per
1554 3590 1801 3664 singulas
1824 3590 2139 3662 provincias

525 3679 805 3738 constituti
861 3687 1104 3735 nostram
1165 3679 1558 3745 auctoritatem,
1619 3678 1948 3751 suﬁ‘raganei
2004 3696 2137 3737 vero

524 3767 743 3824 illorum
771 3767 1050 3838 exemplar
1098 3767 1247 3822 illius
1276 3784 1448 3839 penes
1481 3784 1541 3824 se
1570 3767 1826 3824 habeant.
1859 3768 1929 3823 Et
1955 3785 2136 3841 quan-

523 3857 813 3928 docunque
861 3856 931 3911 de
975 3854 1180 3911 familia
1224 3856 1473 3913 ecclesia
1518 3856 1664 3912 utilis
1722 3857 1974 3913 inventus
2031 3858 2135 3914 ali-

527 3939 651 4013 quis
692 3938 1031 3996 ordinandus
1060 3947 1163 4008 est,
1194 3940 1251 3995 in
1279 3940 1511 3997 amboue
1556 3940 1677 4012 ipsa
1703 3942 2002 3998 auctoritas
2032 3958 2133 3999 eo-

523 4043 648 4085 rum
679 4028 883 4101 populo
913 4028 1143 4102 legatur,
1176 4036 1231 4084 et
1259 4043 1443 4087 coram
1485 4030 1882 4099 sacerdotibus,
1915 4031 2003 4087 vel
2032 4047 2133 4089 co-

521 4135 637 4175 ram
693 4116 944 4174 ﬁdelibus
996 4117 1149 4174 laicis
1176 4125 1301 4174 ante
1345 4134 1516 4176 cornu
1545 4118 1754 4188 altaris,
1775 4120 1917 4177 sicut
1947 4119 2003 4176 in
2035 4137 2134 4178 no-

524 4215 639 4264 stra
669 4207 987 4264 auctoritate
1041 4207 1367 4277 continetur,
1402 4218 1617 4267 remota
1642 4209 1883 4283 qualibet
1911 4210 2130 4266 callidi-

527 4304 636 4353 tate
692 4295 1000 4353 libertatem
1055 4304 1463 4369 consequatur:
1494 4306 1547 4355 et
1600 4306 1728 4355 tunc
1784 4298 2004 4355 demum
2062 4300 2129 4354 ad

525 4385 736 4459 gradus
754 4384 1154 4442 ecclesiasticos
1174 4386 1525 4457 provehatur.
1550 4387 1809 4444 Similiter
1825 4403 2042 4461 quoque
2062 4389 2130 4444 de

2244 1813 2393 1869 mala
2421 1813 2783 1870 consensione
2810 1822 3089 1885 peccatur.
3113 1815 3391 1871 Retractes
3412 1816 3568 1870 etiam
3588 1817 3848 1888 quoniam

2242 1910 2301 1958 ut
2347 1917 2508 1974 supra
2560 1902 2794 1969 ostendi,
2842 1902 2935 1958 illa
2976 1920 3097 1975 quae
3140 1912 3385 1975 tempore
3433 1912 3849 1961 antecessorum

2242 1998 2457 2047 tuorum
2507 1991 2877 2058 constiterant,
2937 1999 2991 2048 et
3040 2000 3164 2064 post
3220 2000 3452 2049 mortem
3507 1993 3732 2052 Otterici
3775 1996 3849 2051 de

2244 2080 2475 2136 ecclesia
2528 2079 2585 2135 in
2642 2079 3058 2153 Follanmbrayo
3114 2090 3445 2154 presumpta
3490 2082 3707 2139 fuerunt
3744 2100 3850 2155 per

2241 2165 2522 2221 ministros
2565 2172 2689 2221 tuos
2736 2164 2979 2233 Ivonem,
3025 2165 3345 2234 Luidonem,
3396 2167 3847 2239 Angelrannum;

2242 2254 2481 2327 itemque
2511 2271 2611 2326 per
2642 2253 2956 2321 Hadulfum,
2988 2271 3087 2325 per
3105 2255 3428 2323 Famulfum,
3462 2271 3564 2328 per
3592 2258 3848 2314 eumdem

2241 2343 2654 2414 Angelrannum
2709 2342 3046 2413 destruxisti,
3109 2350 3165 2400 et
3218 2361 3341 2417 quae
3386 2352 3585 2401 statuta
3630 2348 3849 2403 fuerunt

2242 2438 2485 2503 tempore
2516 2439 2925 2487 antecessorum
2955 2439 3173 2489 tuorum
3218 2432 3579 2499 reaediﬁcasti,
3615 2452 3848 2507 quaeque

2240 2537 2386 2576 nunc
2432 2520 2629 2576 iterum
2660 2520 2729 2577 de
2758 2521 2880 2592 ipsa
2910 2521 3142 2578 ecclesia
3182 2521 3457 2579 destructa
3488 2531 3632 2591 sunt,
3668 2525 3767 2580 sed
3793 2533 3849 2581 et

2243 2626 2365 2682 quae
2391 2610 2687 2681 praenotavi
2736 2610 2806 2665 de
2857 2610 3066 2682 regulis
3115 2610 3503 2668 ecclesiasticis
3535 2620 3588 2667 et
3613 2614 3847 2685 synoda-

2240 2698 2383 2754 libus
2432 2697 2683 2769 capitulis
2726 2698 3067 2754 transtulisti.
3111 2699 3444 2756 Sententiam
3472 2701 3617 2756 beati
3648 2703 3846 2758 Leonis

2241 2787 2311 2842 ad
2367 2787 2606 2843 Leonem
2654 2789 2959 2859 Augustum
3017 2787 3399 2860 depromptam
3452 2789 3847 2861 parvipendere

2240 2875 2390 2932 nullo
2420 2876 2586 2933 modo
2616 2875 2807 2943 debes,
2838 2892 2997 2948 quam
3028 2876 3083 2931 in
3114 2877 3324 2948 synodo
3362 2879 3506 2950 apud
3536 2879 3846 2936 Suessionis

2241 2964 2473 3032 audisti;
2507 2972 2562 3020 et
2591 2965 2645 3020 in
2676 2964 2768 3021 illo
2799 2964 2940 3020 libro
2980 2980 3142 3037 quem
3187 2966 3281 3021 tibi
3328 2967 3456 3023 dedi
3498 2968 3618 3039 ipse
3656 2968 3845 3042 legere

2241 3061 2417 3125 potes.
2453 3054 2528 3121 Si,
2562 3053 2754 3126 inquit,
2791 3070 2912 3126 qua
2949 3054 3265 3111 destruxisti
3291 3056 3409 3113 hac
3436 3056 3671 3123 aediﬁco,
3703 3074 3847 3130 prae-

2244 3142 2604 3200 varicatorem
2675 3159 2763 3199 me
2838 3143 3128 3211 constituo,
3191 3152 3243 3200 et
3298 3144 3379 3201 eis
3431 3161 3520 3202 me
3579 3146 3843 3203 ultionum

2246 3232 2646 3289 conditionibus
2700 3232 2897 3300 subdo,
2959 3250 3093 3305 quas
3142 3249 3253 3289 non
3317 3234 3495 3290 solum
3552 3237 3843 3292 auctoritas

2244 3320 2416 3378 beata:
2460 3321 2742 3378 memoriae
2788 3321 3052 3393 principis
3097 3322 3366 3394 Martiani,
3413 3324 3509 3379 sed
3547 3325 3709 3381 etiam
3738 3341 3843 3397 ego

2242 3426 2367 3467 mea
2394 3412 2755 3468 consensione
2786 3410 2998 3468 firmavi
3021 3431 3034 3479 ;
3059 3419 3114 3467 et
3143 3412 3281 3468 sicut
3308 3413 3635 3486 presbytero
3659 3422 3844 3472 nostro

2240 3500 2516 3572 parochias
2572 3500 2642 3555 ad
2699 3508 2752 3556 te
2796 3500 2964 3557 misso
3007 3501 3356 3573 respondisti,
3399 3502 3528 3574 quia
3579 3503 3719 3559 sicut
3746 3503 3844 3559 tibi

2240 3589 2470 3645 fecimus
2498 3588 2553 3644 in
2582 3596 2764 3645 nostra
2799 3589 3065 3661 parochia
3093 3590 3162 3646 de
3194 3598 3286 3646 tua
3316 3591 3570 3662 ecclesia,
3604 3592 3678 3647 ita
3703 3600 3757 3649 et
3783 3600 3841 3648 tu

2238 3678 2396 3733 nobis
2444 3677 2614 3734 facies
2644 3678 2714 3733 de
2742 3686 2933 3735 nostra
2976 3679 3209 3735 ecclesia
3254 3680 3311 3734 in
3338 3687 3426 3735 tua
3445 3681 3703 3752 parochia
3731 3696 3842 3737 non

2238 3765 2414 3822 solum
2444 3782 2556 3822 non
2584 3767 2885 3834 consentio,
2910 3784 3102 3823 verum
3131 3776 3187 3824 et
3212 3768 3401 3824 hortor
3427 3778 3485 3824 ut
3511 3768 3701 3836 facias,
3736 3770 3841 3825 sci-

2236 3856 2363 3912 licet
2391 3863 2448 3911 ut
2476 3855 2720 3928 inquiras
2752 3856 3047 3930 diligenter
3074 3858 3174 3913 sub
3203 3858 3445 3914 veritatis
3465 3858 3841 3916 testificatione

2235 3944 2293 4000 in
2322 3931 2422 3999 suo
2452 3944 2762 4001 sacerdotio
2791 3962 2894 4017 per
2922 3945 3354 4020 Angelrannum,
3378 3963 3477 4019 per
3497 3947 3839 4014 Grimonem,

2233 4050 2334 4107 per
2353 4033 2708 4089 Fraurnarum
2728 4035 3099 4108 presbyteros,
3120 4036 3219 4092 sed
3241 4044 3294 4091 et
3311 4053 3412 4108 per
3432 4037 3609 4107 ipsum
3628 4038 3840 4093 Haime-

2232 4122 2420 4178 radum
2442 4124 2589 4196 quod
2610 4124 2679 4180 de
2700 4124 2819 4196 ipsa
2840 4124 3075 4181 ecclesia
3110 4123 3422 4182 testiﬁcatus
3466 4134 3549 4181 est
3572 4126 3838 4182 Pardulus

2233 4212 2490 4269 decessor
2517 4219 2641 4268 tuus
2669 4227 2850 4269 coram
2879 4214 3021 4286 ipsis
3042 4221 3166 4270 ante
3198 4214 3406 4270 obitum
3435 4231 3615 4270 suum.
3653 4215 3760 4272 Sed
3784 4225 3839 4273 et

2229 4317 2330 4373 per
2357 4300 2492 4357 alios
2519 4290 2888 4374 presbyteros,
2918 4310 2971 4359 et
2998 4303 3210 4360 vicinos
3241 4319 3305 4359 ac
3332 4303 3559 4360 idoneos
3588 4304 3761 4361 laicos
3779 4304 3837 4359 in

2228 4390 2349 4462 ipsa
2377 4390 2506 4447 villa
2563 4397 2991 4459 commanentes,
3043 4400 3097 4448 et
3147 4392 3643 4449 circummanentes
3688 4394 3838 4467 lega-

520 4475 608 4531 his
636 4474 913 4548 agendum
943 4482 1027 4531 est
1055 4490 1191 4548 quos
1221 4475 1346 4533 laici
1364 4477 1434 4532 de
1455 4475 1661 4533 familia
1681 4477 2041 4533 ecclesiarum
2062 4477 2130 4532 ad
2159 4468 2207 4531 C
2231 4478 2352 4535 liter
2398 4480 2635 4553 require,
2680 4482 2826 4553 quod
2854 4481 2983 4537 inde
3013 4498 3080 4538 ex
3116 4481 3350 4540 veritate
3399 4490 3739 4556 cognoscunt
3767 4482 3835 4538 de

521 4579 712 4621 sacros
759 4563 982 4620 ordines
1031 4564 1340 4636 promoveri
1384 4565 1690 4622 voluerunt.
1728 4566 1837 4622 Sed
1867 4574 1921 4622 et
1950 4566 2017 4622 de
2048 4566 2132 4622 his

523 4670 662 4727 quos
708 4652 983 4726 praepositi
1048 4654 1432 4711 canonicorum
1507 4661 1672 4726 atque
1741 4656 2132 4712 monachorum

522 4741 856 4799 ordinandos
906 4741 1247 4815 expetierint,
1281 4743 1472 4799 eadem
1517 4742 1695 4800 forma
1725 4745 1995 4801 servanda
2025 4753 2126 4801 est.

524 4828 766 4886 Ostende
795 4830 963 4903 igitur
990 4831 1149 4887 nobis
1182 4832 1342 4888 istam
1362 4832 1847 4890 manumissionem
1868 4834 2130 4891 ecclesia-

523 4918 717 4975 sticam
744 4918 814 4974 de
843 4919 1065 4992 praefato
1094 4920 1295 4978 clerico
1327 4936 1361 4977 a
1389 4929 1441 4977 te
1472 4921 1725 4995 acolytho
1770 4923 2038 4995 ordinato,
2077 4932 2132 4981 et

521 5006 656 5064 nihil
704 5014 908 5079 repeto.
957 5008 1172 5066 Dictum
1214 5017 1298 5065 est
1338 5010 1500 5066 etiam
1563 5011 1696 5067 mihi
1744 5013 1891 5085 quod
1919 5020 2001 5069 ter
2028 5029 2130 5086 per

524 5105 634 5153 tres
680 5096 1027 5169 presbyteros
1070 5098 1249 5170 ipsum
1288 5097 1549 5157 clericum
1578 5101 1644 5157 ad
1675 5110 1822 5157 tuam
1860 5102 2129 5175 synodum

523 5185 711 5243 vocari
752 5185 966 5256 jussisti
1014 5194 1072 5241 ut
1113 5186 1306 5244 reddat
1361 5190 1625 5247 rationem
1674 5191 1731 5246 in
1760 5199 1852 5247 tua
1893 5192 2123 5264 synodo,

524 5275 680 5345 cuius
710 5275 1034 5332 auctoritate
1065 5275 1351 5333 ecclesiam
1381 5278 1437 5333 in
1464 5280 1722 5353 parochia
1758 5289 1849 5337 tua
1874 5280 2086 5353 accepit
2110 5298 2124 5337 :

521 5364 668 5422 unde
710 5364 807 5420 tibi
835 5371 964 5437 puto
995 5382 1159 5437 supra
1188 5367 1451 5425 rationem
1481 5370 1715 5439 reddidi,
1747 5371 1901 5440 cujus
1933 5377 2126 5428 aucto-

523 5453 699 5522 ritate,
777 5461 832 5511 et
900 5470 1008 5528 qua
1079 5456 1287 5514 ratione
1341 5459 1654 5530 praedictam
1724 5460 2017 5519 ccclesiam
2070 5461 2127 5516 in

522 5543 787 5620 parochia
832 5552 918 5602 tua
969 5545 1225 5623 suscepit,
1275 5563 1439 5626 quam
1486 5550 1536 5607 ei
1565 5567 1665 5626 per
1700 5557 1848 5607 tanta
1878 5558 2127 5626 tempora

2230 4568 2315 4624 his
2345 4585 2466 4641 quas
2494 4570 2822 4642 praescripsi,
2847 4579 2899 4626 et
2928 4570 3068 4627 sicut
3096 4571 3383 4643 episcopus
3405 4588 3533 4629 cum
3553 4572 3834 4628 veritatem

2229 4657 2503 4714 inveneris
2532 4658 2659 4714 inde
2668 4659 2875 4730 justum
2886 4659 3149 4728 judicium
3163 4661 3367 4731 judica,
3392 4661 3538 4716 velut
3556 4668 3608 4717 et
3626 4676 3733 4733 ego
3747 4676 3837 4718 co.

2225 4762 2347 4802 ram
2387 4746 2570 4802 missis
2605 4747 2707 4803 tuis
2739 4747 2808 4804 de
2854 4748 3065 4820 capella
3094 4748 3356 4821 episcopii
3386 4749 3462 4804 tui
3490 4749 3546 4804 in
3575 4750 3835 4821 parochia

2229 4844 2415 4892 nostra
2444 4836 2701 4910 legaliter
2732 4845 2786 4892 et
2817 4837 3149 4910 regulariter
3168 4838 3444 4911 inquisivi,
3469 4846 3523 4894 et
3542 4840 3840 4896 secundum

2228 4915 2382 4997 leges
2414 4933 2465 4981 et
2496 4940 2685 4982 sacros
2735 4942 2977 4983 canones
3025 4942 3092 4984 ac
3135 4928 3359 4984 decreta
3404 4927 3552 4984 sedis
3583 4929 3840 4985 Romana:

2226 5014 2545 5087 pontificum
2574 5014 2820 5083 diﬂinivi,
2866 5016 3007 5072 sicut
3034 5016 3131 5071 tibi
3161 5017 3364 5088 scripto
3394 5016 3623 5073 veritate
3653 5025 3705 5073 et
3735 5034 3834 5072 au-

2228 5103 2476 5159 ctoritate
2506 5104 2738 5160 subnixo
2781 5105 3073 5161 ostendam
3119 5104 3241 5162 loco
3271 5114 3327 5162 et
3353 5114 3600 5177 tempore
3628 5121 3831 5179 Oppor-

2227 5200 2359 5250 tuno
2392 5192 2438 5247 si
2466 5193 2770 5250 necessitas
2801 5193 2981 5251 fuerit.
3030 5195 3171 5251 Nam
3217 5195 3405 5267 plures
3437 5196 3687 5252 ecclesiae
3715 5203 3838 5265 sunt

2226 5277 2282 5336 in
2311 5297 2433 5338 mea
2463 5283 2723 5355 parochia
2753 5284 2822 5340 de
2851 5284 3130 5357 episcopio
3157 5283 3499 5341 Laudunensi
3527 5285 3598 5341 de
3631 5285 3826 5358 quibus

2227 5387 2336 5427 non
2364 5372 2463 5427 tibi
2494 5388 2596 5429 nec
2630 5373 2791 5430 alicui
2820 5382 3036 5430 tuorum
3065 5373 3235 5430 ullum
3258 5374 3627 5445 prtejudicium
3657 5373 3829 5440 intuli,

2225 5476 2404 5534 neque
2433 5460 2633 5519 inferre
2688 5463 2833 5531 volo,
2869 5463 2998 5536 quia
3027 5480 3137 5521 non
3183 5464 3398 5531 debeo;
3430 5471 3482 5519 et
3509 5463 3633 5536 quia
3661 5479 3725 5519 ex
3751 5477 3836 5519 ca-

2225 5558 2373 5637 pella
2402 5559 2471 5617 de
2500 5576 2603 5636 qua
2630 5561 2899 5621 mandasti
2927 5570 3032 5620 tuae
3066 5561 3364 5621 intentioni
3391 5576 3501 5618 non
3528 5561 3714 5630 annui,
3745 5575 3834 5621 ra~
