4174 6304
361 245 466 299 545

1075 241 1317 299 OPUSC.
1374 243 1466 299 ET
1520 243 1737 300 EPIST.
1798 244 1872 299 IN
1929 243 2154 300 CAUSA
2207 244 2549 302 HINCMARI
2606 246 2912 303 LAUDUN.

3572 249 3676 303 546

362 367 438 422 tio
467 365 598 421 mihi
629 372 681 421 et
713 365 1010 421 auctoritas
1041 368 1387 423 contradixit.
1413 367 1572 438 Quod
1604 377 1780 424 autem
1814 368 1976 440 aqui—
2003 370 2061 430 A
2083 369 2319 441 dientim,
2352 378 2405 426 et
2433 369 2763 427 inobedienti
2783 370 3230 443 pervivaciaetuaa
3249 371 3441 444 exigis,
3464 370 3557 444 qui
3577 371 3664 427 la-

361 455 594 510 busdam
624 463 837 510 tuorum
865 456 1010 527 quod
1039 456 1159 527 ipsa
1187 457 1396 528 capella
1428 458 1699 530 antiquior
1720 458 1963 530 sitquam

365 544 599 600 ecclesia
623 544 679 598 in
709 543 990 600 Viviniaca
1021 545 1167 612 villa,
1200 546 1411 600 etiamsi
1433 563 1627 603 verum
1657 547 1811 614 foret,
1838 556 1964 603 tunc

363 631 442 687 illi
472 633 764 704 antiquitas
797 649 896 688 sua
925 633 1250 708 suffragium
1280 634 1521 706 afferret,
1544 637 1588 692 si
1616 636 1672 691 in
1726 636 1964 708 antiqui-

363 728 474 776 tate
504 737 603 776 sua
633 738 806 794 usque
835 723 905 777 ad
937 731 1185 794 tempora
1231 725 1499 780 moderna
1549 725 1684 781 sicut
1735 725 1966 781 ecclesia

359 809 416 863 in
447 809 854 882 Follana—abrayo
871 813 1088 882 mansit,
1108 813 1423 884 persisteret
1458 832 1470 868 :
1504 830 1632 868 nam
1664 813 1960 879 Atrabatis,

360 897 726 965 Viromandis,
761 908 812 954 et
841 901 1082 955 Bononia
1113 918 1180 956 ex
1209 903 1363 972 cujus
1394 903 1674 958 territorio
1706 920 1765 957 es
1823 902 1966 957 nati-

361 1003 481 1054 vus,
537 988 870 1058 antiquiores
921 990 1082 1045 sedes
1127 1006 1249 1046 cum
1301 991 1572 1062 episcopis
1621 991 1858 1063 propriis
1911 991 1966 1044 in

357 1076 693 1131 Rhemorum
751 1076 1032 1148 provincia
1074 1079 1402 1134 exstiterunt
1485 1096 1645 1152 quam
1727 1087 1967 1136 castrum

364 1165 562 1219 montis
593 1166 834 1220 Lauduni
864 1166 1006 1222 inter
1035 1169 1197 1224 sedes
1229 1176 1636 1240 computaretur
1660 1169 1716 1223 in
1745 1185 1852 1241 quo
1907 1185 1966 1224 es

361 1254 640 1309 ordinatus
673 1255 983 1326 cpiscopus.

435 1342 543 1397 Sed
573 1343 831 1414 quoniam
861 1360 894 1398 a
923 1344 1090 1418 longo
1119 1354 1364 1417 tempore
1395 1347 1560 1402 certis
1590 1354 1880 1403 eventuum
1902 1361 1967 1402 ac

366 1431 754 1486 necessitatum
784 1433 965 1488 causis
996 1434 1371 1490 accidentibus
1401 1435 1508 1491 illa
1547 1436 1664 1490 aliis
1708 1435 1967 1504 subjectae

364 1519 669 1576 civitatibus
700 1538 855 1577 suum
890 1523 1237 1595 privilegium
1266 1524 1623 1594 perdiderunt
1655 1525 1800 1596 quod
1858 1540 1969 1579 non

365 1618 706 1680 recuperant,
741 1619 794 1665 et
836 1619 1074 1666 castrum
1121 1613 1320 1667 montis
1372 1613 1620 1668 Lauduni
1669 1613 1964 1679 convaluit,

367 1697 496 1768 quia
525 1699 822 1754 secundum
852 1699 1022 1771 leges,
1057 1716 1121 1756 ac
1153 1717 1341 1756 sacros
1385 1717 1624 1757 canones
1666 1711 1826 1774 atque
1874 1701 2038 1790 de—B

366 1795 516 1842 creta
546 1787 691 1842 sedis
723 1789 975 1844 Romanae
1008 1788 1325 1860 pontificum
1354 1807 1455 1860 pro
1484 1790 1845 1862 idappellare,
1879 1791 1968 1846 id-

366 1891 473 1946 que
500 1874 770 1949 refragari
802 1893 909 1932 non
928 1877 1053 1932 licet
1087 1879 1233 1950 quod
1265 1878 1450 1950 legum
1479 1887 1691 1950 tempus
1712 1881 1967 1935 excludit.

364 1963 447 2018 De
479 1963 691 2020 dicimis
721 1966 990 2037 siquidem
1017 1966 1262 2022 ecclesiae
1283 1968 1544 2040 episcopii
1573 1969 1967 2037 Laudunensis,

364 2053 639 2123 parochiae
668 2070 800 2110 vero
832 2071 969 2110 mea:
998 2056 1054 2109 in
1109 2059 1389 2113 Antenaco
1447 2074 1514 2112 ex
1568 2057 1774 2112 domini
1820 2060 1970 2132 regis

369 2140 428 2195 in
457 2142 786 2198 dominicatu
812 2143 1142 2200 ordinationi
1171 2162 1309 2201 meae
1341 2146 1668 2213 commissae,
1721 2163 1831 2202 non
1880 2164 1970 2203 so-

364 2229 480 2284 lum
506 2231 639 2285 mihi
667 2239 721 2286 et
749 2233 1074 2304 presbytero
1123 2234 1211 2290 cui
1261 2251 1380 2290 eam
1419 2236 1490 2290 ad
1537 2236 1970 2307 dispensandum

373 2319 772 2387 commendavi,
806 2337 999 2376 verum
1029 2330 1082 2377 et
1110 2323 1309 2378 domno
1341 2323 1459 2396 regi
1490 2332 1679 2380 contra
1706 2325 1860 2398 leges
1916 2332 1971 2380 et

367 2422 609 2464 canones
639 2415 730 2464 tuo
760 2416 1028 2480 tempore,
1072 2412 1218 2482 quod
1247 2420 1372 2467 ante
1412 2421 1588 2467 actum
1633 2430 1742 2469 non
1790 2413 1970 2468 fuerat

362 2511 621 2570 magnum
649 2498 1026 2568 praejudicium
1070 2508 1153 2566 est
1195 2517 1226 2554 a
1271 2500 1532 2556 ministris
1589 2502 1696 2556 tuis
1733 2502 1964 2570 illatum,

365 2586 515 2656 quod
543 2594 770 2656 propter
796 2587 950 2657 pacis
979 2588 1370 2660 charitatisque
1416 2590 1720 2645 custodiam
1782 2591 1969 2647 hacte-

265 2722 275 2731 .
362 2689 468 2728 nus
495 2675 763 2744 patienter
795 2676 1026 2730 sustinui
1061 2694 1074 2730 :
1107 2678 1251 2732 unde
1281 2686 1438 2748 potes
1487 2679 1774 2735 advertere
1841 2679 1967 2751 quia

362 2761 462 2816 tibi
489 2763 558 2817 de
588 2763 679 2818 illa
709 2765 922 2835 capella
956 2765 1226 2833 justitiam
1273 2783 1382 2822 non
1423 2784 1708 2840 negarem,
1757 2768 1802 2823 si
1849 2768 1966 2840 ipsa

357 2851 574 2920 justitia
630 2853 735 2907 tuis
788 2853 928 2909 votis
986 2865 1356 2912 concurreret.
1409 2857 1720 2928 Propterea,
1772 2856 1963 2926 frater,

362 2955 466 3010 pro
499 2940 606 2996 loci
635 2941 743 2996 mei
772 2941 950 2998 officio
980 2943 1048 2998 de
1075 2943 1298 3014 praefata
1339 2946 1572 3002 ecclesia
1617 2946 1770 3015 juxta
1824 2946 1965 3002 anti-

359 3044 524 3101 quam
556 3031 1020 3099 consuetudinem,
1053 3035 1280 3101 ratione,
1309 3035 1532 3090 veritate
1577 3043 1734 3107 atque
1773 3045 1964 3092 aucto-

2063 459 2224 516 boras
2254 467 2308 514 ut
2340 459 2591 530 superior
2625 460 2680 514 in
2711 460 2920 516 cunctis
2949 477 3216 533 appereas
3243 470 3294 518 et
3325 461 3500 518 victor
3527 461 3650 517 exi-

2066 556 2196 614 stas,
2219 549 2638 620 metropolitano
2668 549 2955 621 privilegio
2983 551 3202 606 nomine
3231 559 3435 607 tantum
3450 550 3660 607 ironice

2064 653 2164 708 per
2193 637 2549 708 antiphrasim
2580 638 2955 693 inhonorando
2982 638 3261 708 insalutes,
3293 648 3346 695 et
3372 656 3495 696 cum
3514 639 3666 694 inho-

2065 721 2346 777 noratione
2377 723 2773 779 contumeliosa
2802 723 3164 779 inobediendo
3194 723 3447 792 resultes,
3497 724 3664 780 mihi-

2067 827 2172 883 que
2201 827 2262 866 os
2293 811 2430 867 adeo
2461 812 2705 878 obtures,
2741 819 2799 866 ut
2828 812 2896 868 de
2925 812 3012 867 his
3049 828 3149 883 pro
3198 813 3393 884 quibus
3438 814 3505 868 ad
3547 829 3659 880 me,

2065 900 2150 955 cui
2181 917 2280 970 per
2309 915 2490 956 sacros
2521 917 2758 956 canones
2787 901 2971 957 divino
3012 902 3217 970 judicio
3261 901 3551 958 commissa
3585 907 3668 958 est

2066 984 2361 1055 provinciae
2395 984 2558 1040 totius
2588 985 2643 1039 in
2675 1002 2777 1056 qua
2798 1001 2858 1040 es
2887 986 3164 1042 ordinatus
3195 988 3504 1058 episcopus,
3550 986 3666 1042 sol-

2065 1072 2306 1139 licitudo,
2340 1073 2431 1144 qui
2479 1073 2698 1146 negotia
2715 1073 2972 1131 videntur
3001 1075 3203 1132 habere
3221 1083 3562 1143 concurrant,
3615 1083 3667 1131 te

2065 1177 2175 1217 non
2201 1161 2428 1217 audeam
2460 1177 2826 1230 commonere,
2876 1179 3056 1235 neque
3101 1180 3428 1236 praesumam
3474 1165 3546 1221 de
3577 1164 3665 1218 his

2065 1266 2186 1322 qua:
2215 1267 2282 1305 ex
2311 1258 2362 1305 te
2392 1251 2852 1322 reprehensibiles
2881 1252 2950 1306 ad
2980 1269 3066 1307 me
3110 1253 3432 1324 parveniunt
3462 1253 3661 1310 redar-

2066 1355 2258 1412 guere,
2301 1339 2428 1411 quin
2469 1341 2629 1396 etiam
2675 1356 2779 1396 nec
2837 1341 2944 1396 tuis
2973 1341 3206 1412 scriptis,
3254 1341 3340 1398 vel
3383 1343 3566 1398 verbis
3614 1341 3671 1398 in

2067 1427 2252 1499 aliquo
2311 1429 2665 1500 respondere,
2726 1437 2779 1485 et
2833 1437 2891 1484 ut
2919 1437 3088 1485 totum
3119 1430 3274 1487 brevi
3301 1432 3671 1506 perstringam

2068 1515 2311 1588 cingulo,
2349 1518 2567 1572 timeam
2597 1517 2745 1590 quod
2789 1517 3073 1589 displiceat
3129 1519 3227 1574 tibi
3283 1520 3500 1576 mutire.
3561 1521 3670 1578 Sed

2069 1605 2336 1673 ejusmodi
2364 1621 2473 1662 non
2504 1623 2564 1662 es
2595 1606 2872 1678 sapientiae
2899 1615 2951 1662 et
2982 1609 3222 1664 scientiae
3251 1616 3412 1681 atque
3441 1610 3672 1684 religio-

2070 1693 2176 1761 nis,
2210 1711 2306 1750 seu
2335 1695 2442 1751 loci
2472 1695 2782 1768 episcopus,
2818 1705 2876 1752 ut
2905 1697 3020 1752 haec
3049 1697 3234 1753 valeas
3265 1699 3526 1756 obtinere.
3563 1699 3672 1769 Qui

2071 1783 2118 1837 si
2148 1785 2418 1839 veraciter
2440 1785 2655 1856 sapiens
2685 1794 2738 1841 et
2767 1785 3060 1858 religiosus
3080 1787 3248 1856 fores,
3271 1787 3402 1843 talia
3421 1789 3668 1846 obtinere

2070 1888 2180 1928 non
2207 1880 2500 1928 attentares
2534 1891 2547 1928 :
2577 1882 2630 1929 et
2663 1873 2920 1946 quoniam
2950 1875 3192 1946 veritate,
3228 1876 3460 1945 ratione,
3496 1886 3550 1934 et
3580 1894 3672 1934 au-

2070 1961 2319 2017 ctoritate
2348 1977 2458 2016 non
2487 1970 2663 2033 potes,
2699 1963 2960 2030 anxiaris,
2993 1973 3212 2032 aestuas,
3248 1973 3303 2021 et
3332 1966 3577 2035 anhelas,
3612 1975 3673 2024 ut

2069 2051 2455 2121 quoquomodo
2487 2059 2538 2106 et
2565 2068 2666 2122 per
2695 2053 3032 2120 verisimilia,
3069 2062 3121 2109 et
3143 2054 3300 2127 quasi
3330 2055 3658 2124 auctoritati,

2069 2146 2122 2194 et
2152 2139 2345 2195 rationi
2374 2140 2752 2196 convenientia
2780 2141 2912 2196 mihi
2943 2143 3125 2214 possis
3157 2143 3438 2212 resistere,
3471 2161 3668 2218 meque

2069 2228 2248 2299 possis
2277 2229 2642 2300 comprimere
2673 2238 2838 2302 atque
2867 2231 3169 2289 revincere.
3220 2233 3375 2289 Unde
3418 2242 3470 2290 et
3519 2242 3670 2293 recte

2069 2317 2210 2372 dicta
2242 2318 2430 2374 studes
2459 2334 2626 2390 prave
2653 2319 2723 2374 ad
2754 2336 2977 2376 sensum
3005 2329 3154 2377 tuum
3181 2321 3566 2396 inflecterehet
3603 2338 3670 2380 ea

2067 2420 2099 2458 a
2127 2422 2226 2461 suo
2261 2422 2425 2462 sensu
2456 2415 2717 2479 quantum
2748 2425 2812 2463 ex
2843 2417 2894 2464 te
2925 2416 3005 2464 est
3035 2409 3188 2482 cogis
3218 2410 3576 2483 peregrinari.
3602 2413 3668 2468 Et

2069 2495 2172 2550 hoc
2202 2495 2569 2566 perniciosum
2597 2505 2873 2553 certamen
2901 2497 3018 2553 sine
3047 2498 3159 2553 ulla
3186 2500 3512 2556 necessitate
3544 2516 3668 2557 con-

2067 2592 2151 2638 tra
2178 2600 2265 2638 me
2294 2585 2655 2656 assumpsisti,
2691 2594 2745 2641 et
2771 2586 2889 2642 sine
2911 2586 3023 2642 ulla
3036 2587 3264 2643 utilitate
3293 2588 3349 2643 in
3370 2605 3436 2646 eo
3459 2590 3667 2662 satagis

2066 2671 2342 2744 laborare,
2385 2689 2508 2729 cum
2539 2673 2671 2728 nihil
2701 2674 2847 2730 aliud
2900 2692 2931 2730 a
2981 2684 3034 2731 te
3091 2677 3390 2748 requiram,
3446 2678 3551 2734 nisi
3608 2686 3666 2734 ut

2068 2761 2330 2832 scriptum
2361 2770 2444 2817 est
2471 2763 2657 2834 (Deut.
2691 2764 2857 2836 xxvr)
2892 2782 2904 2819 :
2931 2765 3144 2821 Timeas
3164 2767 3469 2823 Dominum
3489 2768 3668 2824 Deum

2068 2853 2233 2906 tuum
2263 2867 2336 2906 ex
2371 2855 2482 2908 toto
2512 2852 2676 2910 corde
2707 2857 2823 2924 tuo,
2858 2857 2914 2909 et
2944 2854 3164 2911 obedias
3193 2857 3316 2927 ejus
3329 2857 3668 2928 imperio:et

2065 2938 2207 2995 sicut
2257 2940 2566 3012 episcopus,
2628 2943 2775 3013 quod
2823 2942 2972 2998 omni
3009 2944 3262 2999 convenit
3306 2944 3665 3002 Christiano:

2066 3030 2270 3085 Pacem
2300 3033 2554 3102 sequaris
2585 3034 2643 3086 et
2662 3032 3103 3088 sanctimoniam
3131 3034 3256 3089 sine
3281 3051 3390 3106 qua
3409 3051 3572 3091 nemo
3593 3036 3670 3092 vi-

358 3090 516 3174 ritate
547 3119 852 3190 subnixam,
886 3129 942 3175 ut
971 3090 1229 3192 praemisi,
1263 3090 1488 3195 exsequi
1537 3132 1590 3180 te
1636 3090 1965 3197 xtegulariter
1994 3090 2045 3156 θ’
2067 3118 2216 3172 debit
2232 3119 2408 3173 Deam
2429 3118 2742 3190 (Hebr.xn),
2777 3127 2830 3175 et
2860 3120 2964 3176 loci
2991 3121 3062 3176 tui
3077 3129 3360 3177 contentus
3397 3123 3670 3180 modestia

359 3221 580 3276 moneo,
616 3225 722 3279 quo
757 3209 1000 3282 benigno
1029 3211 1208 3266 animo
1239 3220 1290 3267 te
1320 3213 1598 3284 suscipere
1628 3222 1682 3268 et
1734 3214 1962 3284 implere

357 3305 577 3367 exopto.
611 3296 754 3365 Quid
784 3297 950 3354 facies
995 3300 1041 3354 si
1088 3300 1233 3356 beati
1288 3301 1485 3357 Leonis
1541 3303 1962 3374 praeceptionem

355 3386 536 3441 cordis
566 3402 696 3442 aure
725 3387 989 3443 obaudire
1020 3389 1335 3457 curaveris;
1371 3391 1464 3461 qui
1495 3391 1617 3462 scit,
1653 3392 1842 3464 inquit,
1903 3409 1962 3448 se

357 3475 684 3550 quibusdam
712 3477 1084 3547 praepositum,
1119 3494 1230 3533 non
1256 3479 1487 3535 moleste
1534 3480 1671 3536 ferat
1727 3481 1962 3553 aliquem

356 3562 464 3618 sibi
513 3580 637 3620 esse
673 3565 979 3636 prmlatum,
1030 3567 1128 3622 sed
1176 3567 1546 3623 obedientiam
1595 3586 1758 3641 quam
1795 3570 1964 3643 exigit

357 3651 526 3707 etiam
555 3653 672 3724 ipse
700 3655 992 3725 dependat.
1012 3657 1080 3710 Et
1111 3657 1239 3728 quia
1267 3674 1376 3713 non
1405 3658 1625 3730 impune
1656 3659 1778 3731 quis
1804 3675 1836 3714 a
1866 3675 1960 3715 sa-

356 3741 472 3796 cris
504 3742 706 3814 regulis
734 3744 971 3812 deviare,
1007 3752 1059 3801 et
1087 3746 1284 3802 debitae
1313 3747 1636 3804 obedientiae
1665 3749 1845 3804 valeat
1865 3749 1964 3804 ob-

354 3830 532 3897 viare,
575 3831 812 3888 scientiae
851 3841 953 3888 tuae
1006 3850 1221 3906 appone
1276 3837 1444 3893 verba
1500 3837 1643 3892 beati
1683 3838 1958 3911 Gregorii,

355 3919 558 3990 quibus
586 3919 657 3974 ad
685 3922 903 3976 Petrum
932 3923 1189 3980 Romanae
1217 3925 1464 3981 ecclesiae
1513 3927 1897 3984 subdiaconem
1911 3934 1966 3983 et

354 4008 670 4079 patrimonii
699 4011 889 4084 magni
928 4012 1073 4067 Petri
1103 4013 1158 4068 in
1199 4013 1384 4070 Sicilia
1437 4023 1749 4072 servantem
1808 4017 1957 4073 dicit.

355 4097 440 4152 De
473 4097 577 4164 his,
624 4098 895 4171 inquiens,
957 4118 1075 4173 quae
1127 4102 1222 4158 tibi
1277 4120 1377 4175 pro
1436 4106 1709 4160 servanda
1756 4105 1962 4174 justitia

356 4185 558 4258 scribo,
593 4204 698 4259 ego
728 4189 1004 4246 absolvor.
1037 4193 1105 4246 Et
1135 4199 1190 4246 tu
1249 4192 1295 4246 si
1346 4194 1604 4266 negligis,
1647 4194 1908 4266 obligaris
1941 4212 1956 4250 :

352 4275 654 4332 terribilem
679 4277 920 4347 judicem
948 4279 1254 4336 venientem
1285 4282 1592 4349 considera,
1637 4290 1689 4338 et
1735 4284 1804 4338 de
1859 4284 1960 4338 ad-

350 4374 522 4420 ventu
549 4365 692 4421 illius
720 4383 865 4424 nunc
894 4375 984 4424 tua
1027 4370 1386 4426 consideratio
1438 4372 1839 4440 contremiscat,
1891 4389 1961 4428 ne

2062 3213 2116 3260 te
2145 3205 2354 3262 altioria
2381 3223 2450 3262 ne
2481 3223 2716 3279 quaeras,
2751 3217 2804 3264 et
2831 3217 2890 3264 ut
2918 3209 3087 3266 frater
3114 3227 3178 3266 ac
3207 3209 3351 3266 filius
3395 3212 3662 3268 charissi—

2061 3310 2182 3350 mus
2210 3310 2362 3368 agas,
2396 3303 2658 3367 quatenus
2687 3313 2787 3352 nos
2815 3297 3047 3354 invicem
3077 3315 3560 3372 recognoscamus,
3591 3318 3664 3358 ne

2063 3383 2314 3455 antiquus
2343 3384 2514 3440 hostis
2541 3402 2642 3456 per
2693 3386 3012 3442 scandalum
3065 3389 3202 3444 duos
3258 3405 3506 3458 movens,
3564 3407 3664 3464 per

2062 3471 2450 3543 nequissimam
2479 3474 2756 3530 victoriam
2785 3476 2986 3533 multos
3016 3494 3136 3550 quae
3165 3494 3276 3533 non
3296 3487 3662 3536 convenerant

2062 3560 2212 3632 loqui
2242 3561 2404 3618 faciat
2440 3582 2452 3618 :
2488 3580 2594 3637 ego
2623 3566 2768 3620 enim
2798 3574 2856 3620 ut
2883 3573 3068 3638 aperte
3126 3567 3363 3623 indicem
3419 3569 3510 3640 qui
3564 3585 3664 3640 per

2063 3650 2355 3706 elationem
2384 3668 2418 3707 a
2447 3660 2496 3708 te
2527 3653 2662 3708 nihil
2693 3654 2910 3726 requiro
2943 3672 3064 3726 quae
3092 3656 3223 3710 mihi
3255 3657 3323 3711 de
3357 3657 3657 3713 canonibus

2066 3748 2376 3811 suppetunt,
2411 3742 2480 3797 de
2505 3741 2698 3814 quibus
2727 3743 2822 3797 tibi
2853 3743 2920 3798 ad
2942 3746 3467 3816 recognoscentiam,
3501 3754 3554 3802 et
3575 3763 3664 3803 re-

2066 3828 2436 3900 sipiscentiam
2469 3839 2615 3887 tuam
2641 3832 2752 3901 jam
2781 3833 2981 3905 saepius
3011 3834 3227 3906 scripsi,
3250 3843 3430 3892 tacere
3450 3836 3661 3908 potius-

2066 3933 2202 3986 scm,
2266 3919 2312 3974 si
2368 3936 2430 3976 ea
2486 3938 2607 3993 quae
2661 3921 2914 3978 familiari
2943 3940 3196 3980 sermone
3229 3940 3505 3980 monerem
3535 3941 3662 3982 cum

2065 4007 2324 4064 charitate
2355 4017 2407 4063 et
2437 4010 2738 4065 humilitate
2769 4011 3097 4082 susciperes.
3131 4012 3419 4081 Caeterum,
3448 4014 3658 4070 utbea-

2065 4101 2148 4150 tus
2207 4097 2504 4168 Gregorius
2561 4099 2631 4152 ad
2684 4100 2948 4154 Joannem
3007 4100 3656 4172 Constantinopolitanum

2065 4185 2379 4256 episcopum
2409 4185 2556 4253 dicit,
2591 4186 2761 4240 rixam
2792 4187 2991 4244 inferre
3020 4205 3126 4243 non
3157 4189 3301 4256 volo,
3336 4190 3432 4244 sed
3481 4199 3662 4247 tamen

2062 4289 2093 4327 a
2125 4280 2176 4328 te
2205 4274 2514 4329 venientem
2543 4290 2652 4330 non
2681 4276 2880 4346 devito,
2903 4277 3027 4349 quia
3047 4293 3155 4333 non
3176 4278 3352 4345 valeo,
3377 4294 3480 4335 nec
3500 4279 3661 4335 etiam

2063 4362 2236 4418 audeo
2267 4379 2367 4434 pro
2397 4363 2503 4420 loci
2531 4363 2638 4420 mei
2669 4363 2845 4422 oﬂicio
2880 4384 2893 4421 :
2927 4382 3051 4423 cum
3082 4366 3238 4440 quasi
3265 4384 3354 4423 me
3370 4367 3657 4439 pulsando,

354 4462 482 4509 tunc
513 4453 629 4512 sine
660 4472 822 4512 causa
845 4458 962 4527 jam
990 4458 1193 4526 timeat,
1227 4477 1349 4515 cum
1397 4476 1584 4517 coram
1630 4461 1721 4517 illo
1764 4462 1962 4518 coelum

2063 4452 2322 4524 egregius
2349 4452 2673 4524 praedicator
2703 4454 2847 4511 dicat
2881 4473 2893 4509 :
2929 4458 3127 4529 Argue,
3153 4458 3393 4523 obsecra,
3426 4459 3662 4529 increpa

351 4551 410 4598 et
437 4551 579 4599 terra
606 4547 904 4601 tremuerit.
925 4547 1135 4602 Audisti
1157 4549 1464 4621 quod_volo.
1489 4550 1626 4606 Vide
1648 4551 1778 4622 quid
1800 4566 1956 4624 agas.

353 4632 560 4689 Dutum
589 4649 626 4690 v
653 4635 777 4691 Kal.
792 4635 918 4690 Maii
947 4637 1230 4708 prasentis
1261 4639 1433 4695 tertia:
1481 4639 1813 4697 indictionis.

759 4741 1101 4799 HINCMARI
1140 4744 1543 4802 RHEMENSIS

981 4829 1054 4869 AD
1084 4830 1337 4873 EUMDEH.

425 4899 758 4959 Hmcnanus
775 4902 1107 4960 Rhemorum
1127 4905 1416 4978 episcopus
1437 4909 1735 4964 Hmcmno
1751 4907 1958 4964 Laudu-

348 4990 512 5047 nensi
542 4991 801 5064 episcopo
829 4993 1076 5062 salutem,
1107 5012 1230 5067 qua:
1258 5003 1341 5052 est
1369 4997 1427 5052 in
1457 4997 1669 5054 Christo
1685 4998 1813 5054 Jesu
1835 4999 1952 5054 Do-

348 5081 502 5136 mino
530 5089 742 5138 nostro.

423 5164 582 5235 Quod
604 5183 741 5240 erga
759 5183 846 5223 me
868 5167 1060 5225 volens
1083 5169 1384 5227 dissolvere
1400 5171 1492 5226 illa
1510 5189 1630 5243 quae
1651 5171 1747 5228 tibi
1768 5173 1950 5230 scribo

343 5271 448 5327 per
469 5251 785 5324 jactantiam
812 5257 1167 5315 rescribendo
1179 5259 1296 5332 agis
1319 5259 1690 5333 singulatium,
1720 5263 1817 5318 sed
1839 5279 1950 5318 non

345 5342 601 5418 singulis,
636 5361 801 5401 causa
829 5347 959 5402 mihi
986 5363 1095 5403 non
1125 5347 1333 5404 incerta
1362 5349 1683 5420 quibusdam
1711 5360 1946 5422 practer-

340 5433 547 5503 missis,
587 5435 919 5506 respondere
950 5453 1040 5493 me
1059 5453 1157 5508 pro
1181 5437 1286 5494 loci
1316 5435 1422 5495 mei
1471 5437 1665 5507 ofﬁcio,
1725 5457 1794 5496 ne
1851 5440 1947 5496 tibi

340 5521 566 5594 sapiens
596 5539 720 5581 esse
749 5524 1000 5599 videaris,
1034 5527 1104 5584 ad
1133 5525 1348 5601 singula
1389 5527 1696 5586 contumaci
1754 5530 1948 5588 inobe-

2061 4543 2125 4596 in
2153 4543 2310 4597 omni
2332 4543 2618 4614 patientia
2648 4548 2703 4600 et
2737 4544 3000 4602 doctrina
3029 4547 3104 4617 (II
3134 4547 3270 4602 Tim.
3297 4545 3463 4617 lu).Si
3485 4546 3650 4612 enim,

2061 4638 2119 4684 ut
2149 4631 2411 4690 veraciter
2438 4632 2628 4700 fatear,
2657 4633 2866 4690 utinam
2892 4651 3002 4691 non
3033 4635 3101 4690 ad
3148 4635 3657 4692 condemnationem

2059 4737 2261 4789 meam,
2294 4723 2740 4794 metropolitanus
2771 4732 2892 4779 tuus
2915 4723 3118 4793 judicio
3148 4724 3248 4780 Dei
3295 4741 3402 4779 non
3462 4723 3654 4795 forem,

2059 4818 2113 4866 et
2140 4819 2198 4866 tu
2228 4811 2572 4884 provincialis
2595 4813 2884 4884 episcopus
2905 4812 3208 4884 metropoli,
3225 4813 3315 4869 cui
3334 4813 3658 4886 disponente

2056 4901 2174 4956 Deo
2205 4901 2475 4970 deservio,
2509 4903 2783 4972 subjectus
2812 4911 2865 4957 et
2888 4919 2918 4956 a
2947 4918 3035 4958 me
3065 4903 3349 4960 ordinatus
3397 4921 3508 4961 non
3555 4921 3650 4962 es-

2057 5006 2167 5056 ses,
2202 4991 2300 5045 sed
2331 4990 2384 5046 in
2413 4991 2516 5046 alia
2543 4990 2825 5062 provincia
2855 4991 3078 5048 alterius
3106 4992 3388 5049 ordinatus
3447 4994 3644 5052 existe-

2054 5095 2164 5150 res,
2199 5087 2250 5134 et
2282 5080 2410 5136 talia
2438 5081 2507 5136 de
2537 5088 2587 5136 te
2617 5079 2881 5148 audirem,
2914 5081 3060 5138 sicus
3119 5083 3312 5138 audire
3369 5083 3531 5157 coepi,
3591 5101 3659 5141 ex

2055 5184 2163 5240 quo
2190 5176 2316 5239 post
2343 5169 2810 5242 concupiscentias
2833 5170 3034 5241 saeculi,
3077 5178 3128 5226 et
3163 5171 3453 5228 elationem
3474 5174 3657 5230 cordis

2051 5264 2108 5312 tu
2155 5257 2234 5313 ire
2280 5257 2510 5329 coepisti,
2545 5266 2599 5313 et
2640 5258 2856 5327 verbis,
2906 5267 2960 5316 et
3005 5259 3223 5334 scriptis
3272 5270 3323 5318 te
3377 5262 3655 5318 charitatis

2050 5346 2248 5402 affectu
2276 5363 2580 5416 monerem,
2609 5355 2661 5404 et
2715 5348 2761 5404 si
2819 5365 2928 5405 non
2958 5349 3264 5419 obaudirer,
3297 5351 3653 5423 apostolicam

2051 5451 2288 5506 sequens
2311 5435 2634 5507 jussionem,
2665 5438 2758 5512 qui
2788 5440 2856 5496 de
2885 5455 2952 5496 eo
2982 5440 3226 5512 praecipit
3255 5439 3346 5512 qui
3377 5441 3547 5496 semel
3601 5447 3657 5496 et

2049 5533 2290 5592 secundo
2319 5537 2681 5596 commonitus
2710 5554 2819 5598 non
2865 5540 3217 5610 convertitur,
3277 5554 3382 5597 nec
3409 5539 3646 5610 obaudit,
