4174 6314
522 212 627 267 547

1583 206 1928 265 HINCMARI
1979 202 2382 264 RHEMENSIS
2418 208 2967 268 ARCHIEPISCOPI.

3714 214 3820 269 5L8

524 342 579 390 te
606 332 939 391 devitarem:
970 346 1118 389 nunc
1143 339 1324 388 autem
1352 332 1476 404 quia
1504 347 1615 389 non
1643 333 1821 389 solum
1866 328 2195 404 sapienti-A
2222 331 2389 401 ribus,
2422 350 2534 390 non
2597 335 2737 391 adeo
2788 342 2844 391 ut
2901 334 3346 393 desideraveram
3427 335 3818 405 laudabilibus,

420 494 425 499 _
525 422 626 477 bus
653 429 707 477 et
735 420 1134 492 insipientibus,
1171 421 1270 477 sed
1285 421 1451 478 etiam
1471 421 1771 492 provinciae
1799 423 2130 478 Rhemorum

524 510 796 583 episcopis
824 510 982 581 meis,
1015 510 1224 567 scilicet
1252 510 1571 567 melioribus
1621 518 1676 566 et
1705 509 2128 582 sapientioribus

526 606 689 671 atque
718 598 1171 671 religiosioridus,
1202 598 1420 656 debitor
1443 616 1585 667 sum,
1618 599 1801 657 locum
1831 597 2130 671 effugiendi

526 687 776 745 invenire
806 703 916 744 non
942 689 1120 756 valeo,
1153 696 1211 744 ut
1238 695 1291 744 te
1317 697 1620 760 opportune
1666 688 1972 760 importune
2017 702 2127 742 non

522 792 800 846 moneam,
824 792 951 834 cum
967 777 1292 848 praedicator
1318 777 1649 834 fortissimus
1677 777 1822 833 dicat
1854 794 1868 831 :
1890 775 2126 834 Mundus

522 884 652 924 sum
668 884 705 924 a
723 867 1004 939 sanguine
1024 867 1282 923 omnium
1305 886 1323 922 :
1341 883 1457 923 non
1480 867 1635 922 enim
1664 866 1983 939 subterfugi
1995 882 2128 939 quo-

523 956 719 1012 minus
738 956 1149 1012 adnuntiarem
1167 972 1332 1012 omne
1347 956 1655 1013 consilium
1674 956 1776 1011 Dei
1803 955 1950 1012 vobis
1977 954 2122 1026 (Act.

523 1043 650 1116 χχ),
684 1043 731 1100 si
760 1044 906 1100 enim
935 1060 1045 1101 non
1073 1044 1465 1113 annuntiasset,
1523 1044 1760 1100 mundus
1779 1060 1811 1098 a
1859 1043 2127 1115 sanguine

524 1149 637 1190 non
665 1142 810 1189 esset
834 1152 848 1201 ;
881 1134 980 1189 sed
1009 1133 1205 1205 quibus
1233 1148 1397 1189 omne
1426 1132 1716 1190 consilium
1761 1132 1862 1189 Dei
1909 1148 2125 1189 annun-

520 1223 657 1279 tiare
687 1222 905 1289 studuit,
937 1222 1005 1277 ab
1035 1236 1226 1278 eorum
1255 1221 1521 1295 sanguine
1577 1222 1814 1278 mundus
1887 1221 2005 1277 fuit.
2064 1222 2125 1277 In

529 1327 636 1385 qua
662 1325 800 1368 voce
830 1317 883 1367 et
911 1325 1017 1382 ego
1042 1317 1303 1382 peccator
1347 1311 1660 1380 convenior,
1711 1326 1818 1384 ego
1861 1309 2126 1383 insipiens

524 1408 583 1456 ut
610 1407 664 1456 te
685 1414 938 1455 moneam
967 1406 1020 1454 et
1048 1413 1296 1470 arguam.
1321 1400 1392 1455 Et
1411 1399 1632 1472 quando
1655 1399 1958 1456 necessitas
2004 1398 2125 1454 exi-

523 1488 619 1560 git,
635 1488 931 1560 increpem,
965 1487 1124 1545 valde
1153 1487 1521 1560 constringor,
1536 1504 1642 1563 ego
1661 1504 1784 1545 reus
1806 1504 1929 1545 esse
1948 1495 2127 1544 osten-

520 1577 644 1645 dor,
677 1576 770 1649 qui
798 1576 1252 1648 metropolitanus
1280 1577 1572 1650 episcopus
1601 1592 1788 1645 vocor,
1822 1577 1915 1650 qui
1959 1593 2126 1649 super

2228 429 2282 478 et
2311 422 2414 478 tuis
2439 424 2974 493 contradictionibus,
3034 432 3087 481 et
3141 423 3449 480 durissimis
3507 440 3572 481 ac
3629 432 3829 481 contra

2227 511 2565 580 charitatem,
2586 530 2708 584 qum
2724 514 2871 569 Deus
2901 521 3002 583 est,
3034 513 3485 584 responsionibus
3540 520 3595 570 et
3647 512 3825 585 impa-

2227 600 2495 656 ctionibus
2524 600 2779 657 indebitis
2806 601 3181 659 indesinenter
3209 602 3508 660 excrucias.
3548 602 3658 659 Sed
3710 602 3826 658 uti-

2224 704 2350 743 nam
2377 689 2511 744 mihi
2538 688 2822 763 contingat
2849 690 2996 763 quod
3023 690 3083 746 in
3128 690 3429 764 Evangelio
3483 691 3637 763 (Luc.
3696 691 3826 763 χιιι)

2224 792 2359 833 voce
2387 778 2621 835 Abrahae
2646 778 2716 834 de
2743 779 2944 836 Lazaro
2998 796 3100 850 per
3154 779 3376 853 ﬂagella
3430 788 3734 853 expurgato
3792 796 3829 836 a

2224 865 2382 921 malis
2412 866 2522 921 suis
2552 866 2704 924 diviti
2733 867 2945 923 ardenti
2973 884 3301 940 responsum
3326 868 3597 924 audimus.
3639 870 3825 926 Rece-

2223 954 2301 1026 pit
2327 955 2563 1010 Lazarus
2595 954 2841 1011 similiter
2867 956 3016 1012 mala
3026 973 3127 1028 pro
3146 957 3303 1012 malis
3324 957 3382 1013 in
3400 957 3513 1014 vita
3526 973 3627 1014 sua
3644 957 3825 1027 ;sicut

2225 1050 2278 1098 et
2308 1042 2461 1099 dives
2488 1044 2635 1100 bona
2661 1060 2763 1116 pro
2794 1044 2954 1101 bonis
2981 1044 3040 1100 in
3067 1044 3178 1101 vita
3204 1061 3324 1101 sua.
3346 1047 3418 1101 Et
3432 1045 3509 1102 sic
3528 1054 3655 1118 opto
3684 1046 3826 1103 mihi

2222 1146 2325 1203 per
2353 1138 2405 1187 te
2431 1130 2567 1199 ﬁeri,
2586 1140 2644 1188 ut
2673 1133 2719 1188 si
2737 1149 2837 1205 per
2855 1132 3310 1205 inprovidentiam
3338 1136 3513 1190 Deum
3539 1135 3595 1190 in
3633 1135 3823 1208 aliquo

2224 1235 2291 1276 ex
2318 1228 2373 1277 te
2401 1219 2622 1291 offendi,
2656 1221 2748 1292 qui
2775 1221 2834 1277 in
2877 1222 3062 1278 multis
3116 1239 3241 1279 eum
3288 1239 3377 1279 me
3423 1222 3719 1280 offendisse
3768 1232 3823 1280 et

2224 1307 2507 1365 offendere
2533 1310 2723 1366 humili
2778 1318 2832 1365 et
2885 1310 3113 1367 contrito
3170 1311 3339 1368 corde
3367 1311 3646 1379 conﬁteor,
3669 1313 3821 1369 reci-

2221 1397 2369 1470 piam
2400 1414 2467 1454 ex
2492 1406 2545 1454 te
2593 1415 2694 1471 per
2721 1407 2774 1456 te
2831 1399 3209 1474 purgationem
3263 1400 3321 1456 in
3377 1400 3487 1457 vita
3541 1417 3685 1471 mea,
3744 1418 3821 1458 ne

2220 1485 2348 1543 inde
2379 1487 2591 1543 crucier
2626 1487 2682 1543 in
2719 1487 2827 1544 vita
2879 1486 3082 1557 futura,
3142 1489 3259 1560 qui,
3316 1495 3375 1546 ut
3401 1488 3513 1545 dixi
3586 1506 3688 1562 per
3715 1490 3822 1546 im-

2221 1575 2640 1646 providentiam,
2664 1591 2773 1633 non
2794 1584 2974 1633 autem
3000 1593 3099 1649 per
3124 1577 3517 1635 malevolentiae
3536 1578 3824 1636 conscien-

520 1680 587 1722 ea
615 1665 764 1722 mala
791 1681 915 1738 quae
942 1665 1166 1738 propria
1192 1666 1391 1734 habeo,
1425 1666 1631 1722 alienas
1660 1682 1877 1739 quoque
1916 1674 2123 1724 mortes
2149 1688 2204 1748 Β
2223 1663 2371 1733 tiam,
2403 1671 2671 1720 tantorum
2701 1665 2937 1737 gemitus
2983 1665 3076 1738 qui
3130 1666 3232 1722 sub
3286 1683 3451 1723 manu
3505 1674 3616 1734 tua,
3678 1675 3738 1724 ut
3790 1684 3826 1724 a

518 1754 681 1823 addo,
713 1754 806 1828 qui
833 1760 911 1810 tot
937 1754 1149 1823 occido,
1180 1762 1239 1811 ut
1267 1755 1452 1824 timeo,
1485 1763 1618 1827 quot
1652 1756 1722 1811 ad
1767 1762 2001 1812 mortem
2042 1755 2124 1812 ire

520 1842 762 1917 quotidie
790 1842 1004 1915 tepidus
1032 1851 1087 1900 et
1115 1850 1303 1901 tacens
1315 1844 1495 1911 video,
1519 1844 1735 1900 dicente
1754 1844 1988 1901 Domino
2022 1860 2124 1916 per

518 1933 844 2005 prophetam
873 1932 942 1989 de
955 1946 1066 1988 uno
1084 1940 1347 2004 pereunte
1367 1951 1381 2000 ;
1404 1934 1753 2006 Sanguinem
1774 1935 1897 2006 ejus
1916 1934 1982 1990 de
2002 1951 2125 1990 ma-

521 2038 606 2078 nu
627 2026 729 2078 tua
756 2022 1044 2095 requiram
1075 2022 1296 2092 (Ezech.
1336 2023 1570 2093 χχχιιι),
1603 2029 1807 2094 quanto
1836 2022 2014 2094 magis
2054 2023 2123 2078 de

519 2109 703 2167 multis
722 2109 751 2165 ?
776 2110 846 2166 Et
875 2110 1039 2166 etiam
1065 2109 1136 2165 de
1168 2109 1252 2166 his
1281 2126 1385 2183 per
1408 2126 1547 2183 quos
1576 2110 1731 2167 multi
1757 2110 1960 2167 debent
2007 2111 2121 2167 sal-

518 2199 654 2267 vari,
686 2198 819 2254 mihi
845 2199 965 2256 haec
1011 2198 1274 2256 terribilis
1330 2199 1565 2256 invectio
1612 2199 1888 2267 incutitur,
1921 2199 2014 2272 qui
2053 2200 2123 2256 ad

519 2287 931 2361 speculandum,
952 2294 1005 2343 et
1025 2287 1189 2343 etiam
1221 2287 1515 2361 episcopis,
1537 2288 1775 2360 peccatis
1814 2288 1955 2344 meis
2000 2288 2120 2345 exi-

516 2377 775 2452 gentibus
801 2377 903 2434 Dei
922 2377 1127 2446 judicio
1158 2377 1441 2449 praelatus.
1473 2377 1592 2447 Qua
1619 2378 1690 2434 de
1716 2394 1780 2434 re
1808 2385 1863 2434 et
1900 2378 2119 2434 archie-

513 2468 794 2540 piscopus,
824 2467 968 2523 unde
997 2482 1109 2523 non
1134 2466 1311 2535 laetor,
1341 2467 1443 2524 sed
1469 2482 1747 2537 revereor,
1782 2482 1902 2523 sum
1956 2481 2122 2526 voca-

515 2563 622 2626 tus,
653 2555 747 2628 qui
776 2563 933 2612 reatu
963 2555 1033 2612 de
1060 2563 1236 2614 morte
1266 2555 1579 2612 animarum
1599 2556 1971 2626 subjectorum
1988 2571 2120 2613 con-

517 2644 779 2716 stringor,
813 2660 936 2716 qua
964 2643 1102 2702 forte
1130 2644 1434 2717 potuissent
1450 2661 1672 2718 semper
1686 2644 1870 2703 vivere
1889 2644 1938 2700 si
1953 2645 2120 2702 verba

511 2747 649 2791 mea;
673 2733 1037 2805 correptionis
1065 2734 1334 2791 audirent.
1361 2734 1596 2808 Sanguis
1644 2750 1776 2807 ergo
1833 2733 2117 2791 morientis

2222 1752 2407 1809 multis
2437 1753 2652 1821 dicitur,
2682 1754 2823 1811 sicut
2849 1771 3042 1812 revera
3069 1755 3170 1811 sub
3196 1755 3334 1813 falce
3364 1756 3693 1829 gravissimo
3714 1773 3823 1830 ge-

2221 1849 2393 1910 munt,
2426 1842 2481 1898 in
2510 1843 2862 1915 provectione
2890 1850 2983 1900 tua
3013 1844 3260 1912 excitavi,
3294 1844 3533 1917 quotidie
3561 1845 3729 1902 emitti
3747 1845 3823 1902 ad

2221 1930 2552 1999 Dominum;
2586 1939 2639 1988 et
2667 1931 2896 2003 proinde
2926 1932 3259 2005 quotidiano,
3292 1932 3402 1989 imo
3431 1934 3689 1991 continuo
3746 1933 3820 1990 ti-

2221 2036 2374 2076 more
2406 2028 2459 2076 et
2489 2020 2679 2076 dolore
2708 2021 3032 2078 constrictus
3059 2038 3170 2080 non
3202 2021 3378 2078 solum
3408 2038 3591 2094 gemo,
3623 2023 3721 2080 sed
3764 2030 3824 2080 et

2222 2108 2301 2164 eis
2330 2109 2746 2182 congemiscens
2775 2111 2892 2166 Deo
2923 2111 3074 2181 cujus
3122 2111 3495 2182 permissionis
3530 2111 3736 2181 judicio
3784 2128 3821 2168 a

2222 2205 2274 2254 te
2298 2198 2713 2269 scandalizatus,
2747 2206 2802 2255 et
2843 2207 3025 2256 mente
3086 2200 3427 2257 excruciatus
3479 2200 3665 2258 verbis
3717 2200 3822 2257 viri

2219 2286 2450 2358 ﬂagellis
2480 2286 2647 2342 attriti
2672 2287 2838 2345 corde
2855 2288 3214 2346 contribulato
3237 2288 3381 2357 dico,
3400 2289 3496 2362 qui
3513 2291 3679 2362 capit
3698 2290 3820 2362 ipse

2218 2392 2309 2431 me
2328 2379 2606 2445 conterat,
2631 2377 2811 2433 solvat
2834 2394 3072 2434 manum
3091 2394 3258 2433 suam
3279 2381 3336 2433 et
3354 2378 3621 2434 succedat
3632 2392 3741 2448 me,
3759 2382 3819 2434 et

2220 2464 2337 2520 hac
2359 2466 2437 2521 sit
2460 2464 2605 2521 mihi
2639 2466 2947 2522 consolatio
2984 2470 3051 2522 ut
3084 2465 3339 2539 a/ﬂigens
3353 2482 3442 2522 me
3483 2466 3671 2523 dolore
3697 2482 3815 2523 non

2224 2556 2443 2625 parcat,
2467 2569 2571 2609 nec
2584 2555 2974 2611 contradicam
2993 2556 3345 2612 sermonibus
3357 2555 3544 2612 sancti
3559 2554 3678 2626 (Job
3694 2557 3771 2619 γι)
3796 2573 3812 2610 :

2217 2641 2415 2698 vellem
2431 2641 2577 2698 enim
2598 2641 2645 2697 si
2663 2642 2741 2697 illi
2761 2642 3021 2715 placeret,
3046 2650 3105 2699 ut
3124 2643 3354 2717 ﬂagellis
3375 2643 3601 2716 dignum
3611 2660 3699 2701 me
3712 2660 3814 2716 per

2217 2729 2384 2787 alium
2414 2747 2578 2803 quam
2603 2746 2705 2803 per
2724 2738 2776 2787 te
2791 2732 3114 2805 ﬂagellaret,
3138 2733 3236 2790 sed
3265 2733 3385 2805 quia
3430 2732 3503 2788 ita
3549 2733 3654 2789 sibi
3691 2734 3814 2804 pla-

408 3329 415 3333 η
519 3268 660 3327 sicut
679 3268 942 3340 scriptum
962 3275 1046 3324 est
1068 3287 1082 3324 :
1104 3270 1390 3336 Discurre,
1428 3272 1663 3341 festina,
1699 3271 1917 3327 suscita
1966 3271 2120 3326 ami-

508 2822 579 2879 de
622 2837 791 2878 manu
864 2822 1217 2894 speculatoris
1281 2822 1603 2895 requiritur,
1682 2822 1809 2894 quia
1836 2830 2117 2894 peccatum
2218 2827 2303 2876 cet
2332 2820 2419 2876 cui
2449 2821 2591 2876 bona
2621 2829 2816 2877 cuncta
2841 2820 3079 2893 placent,
3111 2822 3291 2879 verbis
3321 2821 3434 2878 suis
3455 2837 3582 2878 eum
3609 2837 3809 2880 conve-

511 2910 712 2967 subditi
740 2909 916 2981 culpae
942 2910 1225 2982 praepositi
1280 2911 1329 2967 si
1390 2911 1614 2968 tacuerit
1660 2918 1956 2982 reputatur.
2017 2913 2118 2967 Est
2215 2907 2361 2964 niam
2388 2909 2479 2981 qui
2508 2926 2575 2966 ex
2605 2909 2800 2967 affectu
2827 2918 3025 2967 nostrae
3043 2910 3396 2967 humanitatis
3442 2912 3589 2966 Patri
3616 2911 3811 2985 digna-

512 3015 666 3073 ergo,
696 3007 756 3055 ut
781 2999 974 3056 beatus
1003 2999 1306 3072 Gregorius
1336 3000 1488 3069 dicit,
1521 3000 1668 3073 quod
1708 3000 1841 3056 mihi
1897 3006 1980 3056 est
2038 3000 2116 3056 fa-
2151 3006 2303 3073 ntus
2332 3005 2413 3054 est
2437 2997 2655 3057 dicere:
2677 3001 2868 3067 Pater,
2898 3001 2947 3056 si
2964 3000 3091 3070 ﬁeri
3114 3004 3319 3073 potest,
3354 3004 3612 3057 transeat
3658 3020 3694 3058 a
3722 3018 3811 3059 me

514 3047 666 3073 --οη
701 3047 756 3055 --
781 3047 972 3056 ηπ.--
1008 3047 1305 3072 ..--ε,-----
1338 3047 1488 3069 _.---,
1522 3047 1668 3073 ιι-ν..
1708 3047 1841 3056 -..---
1900 3047 1980 3056 ν--
2038 3047 2090 3056 -_
2219 3047 2301 3053 η-
2336 3047 2413 3054 ν--
2441 3047 2655 3057 _-----
2677 3047 2699 3055 -
2725 3047 2831 3056 η--.
2855 3047 2868 3067 ,
2898 3047 3050 3070 νη--.
3072 3047 3091 3056 -
3114 3047 3319 3073 γυνη,
3354 3047 3610 3057 -..υ-η..-
3658 3047 3692 3058 ..
3725 3047 3809 3059 ..-ν

510 3089 784 3158 ciendum,
816 3096 877 3145 ut
912 3089 1074 3145 etiam
1104 3090 1374 3147 moriente
1403 3090 1621 3147 subdito
1641 3106 1730 3147 me
1747 3090 1981 3146 liberum
1999 3090 2122 3147 red-
2150 3047 2200 3113 α
2221 3088 2382 3144 calix
2397 3089 2507 3145 iste
2520 3092 2946 3156 ;verumtamen
2975 3105 3091 3146 non
3111 3090 3261 3147 sicut
3275 3106 3368 3162 ego
3383 3091 3523 3161 volo,
3546 3090 3643 3147 sed
3662 3090 3810 3147 sicut

525 3180 670 3247 dam,
704 3194 954 3252 surgam,
985 3178 1287 3253 invigilem,
1318 3179 1480 3236 malis
1508 3179 1717 3237 actibus
1733 3178 2118 3249 contradicam,
2225 3181 2287 3233 tu
2305 3178 2389 3233 vis
2402 3178 2622 3249 (Matth.
2644 3179 2916 3249 xxvr).Et
2940 3179 3073 3234 item
3107 3196 3120 3234 :
3153 3178 3350 3251 spiritu
3378 3193 3475 3235 suo
3504 3178 3574 3235 de
3622 3195 3688 3236 eo
3716 3178 3811 3251 qui

2219 3266 2338 3336 ejus
2367 3282 2489 3322 esse
2517 3265 2822 3335 videbatur,
2844 3266 3096 3339 prmdixit
3118 3285 3133 3322 :
3156 3268 3217 3325 Si
3233 3269 3502 3324 inimicus
3514 3285 3674 3325 meus
3692 3285 3810 3324 ma-

507 3374 640 3415 cum
665 3361 846 3424 tuum,
870 3374 944 3414 ne
960 3358 1181 3414 dederis
1203 3375 1469 3417 somnum
1487 3360 1666 3416 oculis
1694 3359 1830 3425 tuis,
1853 3375 1957 3415 nec
1985 3359 2118 3416 dor-

508 3446 1007 3520 mitentpalpebrae
1021 3450 1133 3504 tua:
1145 3447 1326 3519 (Prov.
1340 3447 1641 3520 χχνιιι).Ει
1654 3447 1700 3503 si
1716 3447 1913 3515 adhuc,
1929 3455 1987 3503 ut
1999 3463 2119 3504 coe-

507 3534 634 3608 pisti
652 3534 708 3592 in
728 3534 1033 3593 resistendo
1051 3536 1321 3609 persistis,
1358 3536 1577 3593 audiam
1592 3535 1723 3608 quid
1758 3536 2011 3609 loquatur
2060 3536 2118 3593 in

509 3641 619 3696 me,
638 3633 692 3682 et
705 3625 777 3681 ad
810 3641 898 3681 me
936 3624 1006 3682 de
1037 3625 1421 3683 resistentibus
1448 3625 1715 3681 Dominus
1755 3626 1918 3682 Deus.
1952 3627 2111 3698 Ecce,

508 3715 793 3785 inquiens,
801 3714 932 3770 dedi
944 3715 1157 3786 faciem
1173 3718 1334 3772 tuam
1348 3715 1722 3771 valentiorem
1745 3715 1996 3785 faciebas
2018 3731 2113 3772 eo-

510 3818 661 3868 rum,
687 3805 745 3857 et
763 3804 1013 3873 frontem
1026 3807 1187 3860 tuam
1207 3805 1495 3861 duriorem
1509 3804 1793 3874 frontibus
1828 3807 2117 3870 eorum,ut

518 3890 968 3961 adamantem,et
983 3897 1049 3948 ut
1071 3894 1291 3949 silicem
1310 3893 1441 3949 dedi
1458 3894 1669 3964 faciem
1693 3895 1854 3948 tuam
1886 3892 2108 3963 (Επειδὴ.

508 3977 615 4051 ιιι),
649 3978 856 4035 scilicet
882 3986 941 4036 ut
958 3980 1074 4038 sive
1091 3982 1162 4037 ab
1177 3981 1515 4038 auditoribus
1534 3980 1825 4038 conculcer
1840 3988 2004 4053 atque
2016 3980 2112 4037 de-

507 4066 730 4140 spiciar,
753 4084 858 4125 nec
874 4085 973 4141 per
991 4069 1229 4126 delatum
1258 4071 1522 4127 honorem
1561 4070 1868 4128 refrenetur
1920 4070 2111 4144 lingua

505 4173 572 4214 ex
601 4157 947 4226 verecundia,
978 4175 1081 4216 nec
1110 4175 1209 4231 per
1237 4159 1553 4231 despectum
1582 4167 1758 4218 taceat
1785 4176 1852 4217 ex
1886 4159 2111 4216 inﬁrmi-

505 4253 632 4302 tate.
669 4247 827 4304 Unde
855 4247 1055 4304 iterum
1084 4248 1218 4303 mihi
1246 4248 1353 4305 dici
1384 4249 1615 4307 exaudio
1636 4268 1648 4304 :
1673 4251 1752 4308 Ne
1773 4252 1977 4307 timeas
1993 4266 2102 4320 eos,

2220 3355 2516 3412 ledixisset
2543 3355 2708 3424 mihi,
2731 3361 3147 3430 supportassem
3165 3359 3392 3430 utique:
3416 3360 3481 3413 tu
3499 3372 3626 3414 vero
3648 3357 3806 3416 homo

2216 3445 2512 3501 unanimis
2532 3445 2652 3501 dua:
2671 3462 2851 3514 meus,
2865 3450 2922 3503 et
2940 3450 3109 3504 notus
3129 3463 3306 3514 meus,
3329 3447 3426 3519 qui
3434 3447 3808 3503 simulmeum

2215 3533 2405 3589 dulces
2426 3534 2684 3607 capiebas
2700 3535 2845 3592 cibos
2866 3537 2930 3592 in
2949 3536 3109 3593 domo
3123 3535 3225 3591 Dei
3239 3534 3654 3592 ambulavimus
3672 3552 3801 3592 cum

2212 3637 2492 3680 consensu
2512 3622 2838 3696 (Psal.uv).
2869 3626 3036 3682 Homo
3064 3623 3268 3681 scilicet
3287 3625 3445 3698 pacis
3459 3640 3598 3681 meae
3609 3627 3674 3681 in
3702 3641 3805 3698 quo

2211 3712 2522 3784 sperabam,
2549 3714 2644 3785 qui
2660 3713 2855 3770 edebat
2867 3730 3046 3786 panes
3074 3729 3245 3785 meos,
3272 3715 3322 3770 le
3331 3715 3479 3771 vavit
3495 3717 3696 3771 contra
3716 3729 3804 3770 me

2210 3801 2544 3857 calcaneum
2566 3818 2734 3859 suum
2762 3802 2944 3872 (Joan.
2978 3802 3104 3873 χιιι)
3128 3818 3222 3859 :ac
3251 3802 3299 3857 si
3347 3809 3532 3874 aperte
3578 3802 3801 3869 diceret,

2210 3889 2355 3961 quod
2383 3897 2529 3946 tanto
2556 3890 2775 3963 gravius
2804 3891 3022 3964 pertuli,
3049 3898 3250 3964 quanto
3278 3891 3396 3947 haec
3451 3891 3523 3946 ab
3578 3907 3645 3948 eo
3715 3891 3808 3964 qui

2209 3993 2365 4034 meus
2406 3995 2529 4034 esse
2558 3979 2844 4038 videbatur
2870 3980 3018 4037 sensi
3050 3997 3064 4036 :
3095 3980 3194 4037 sed
3222 3979 3349 4036 licet
3375 3979 3505 4036 hinc
3541 3996 3676 4053 erga
3717 3995 3804 4035 me

2207 4066 2382 4138 pietas
2403 4083 2496 4125 cor
2522 4076 2671 4125 tuum
2699 4085 2810 4125 non
2838 4077 3044 4143 tangat,
3075 4070 3236 4125 timor
3265 4076 3449 4125 tamen
3467 4068 3601 4124 illud
3644 4068 3806 4125 debet

2207 4172 2597 4231 compungere,
2642 4159 2767 4232 quia
2796 4159 3135 4217 contumacia
3181 4166 3237 4215 et
3275 4158 3647 4215 inobedientia
3719 4164 3805 4213 tua

2207 4246 2570 4322 qualicunque
2601 4249 2907 4305 successori
2938 4249 3087 4306 beati
3116 4247 3350 4321 Remigii
3385 4248 3442 4302 in
3494 4246 3804 4319 metropoli-

506 4353 685 4411 neque
702 4341 925 4395 metuas
938 4340 1132 4410 afacie
1143 4355 1356 4408 eorum,
1373 4340 1505 4413 quia
1517 4341 1732 4408 domus,
1760 4356 2108 4414 exasperans
2203 4342 2334 4392 tana
2362 4337 2494 4394 sede
2522 4337 2695 4409 ipsius
2724 4346 2831 4394 ate
2851 4338 2984 4394 mihi
3012 4338 3165 4394 illata
3180 4337 3236 4393 in
3256 4353 3379 4393 eum
3400 4336 3690 4404 redundat,
3710 4335 3802 4408 qui

505 4430 591 4482 est
607 4426 828 4499 (Ezech.
852 4426 933 4497 ιι).
958 4428 1148 4501 Itaque
1162 4427 1530 4501 increpandus
1559 4437 1643 4486 est
1664 4428 1836 4486 frater
1864 4437 1918 4486 et
1956 4445 2101 4486 nun-
2127 4415 2253 4481 Din
2282 4442 2370 4482 me
2398 4435 2687 4498 peccatore
2707 4426 2907 4485 vicario
2924 4442 3024 4483 suo
3054 4426 3216 4484 totius
3233 4427 3565 4483 Rhemorum
3584 4424 3803 4498 provin-

504 4531 670 4589 quam
697 4515 970 4573 timendus
999 4517 1093 4590 qui
1120 4524 1205 4574 est
1232 4532 1560 4591 exasperans
1599 4518 1815 4576 domus.

572 4633 873 4705 Pr0pterea
900 4633 970 4690 de
999 4649 1066 4690 eo
1096 4634 1244 4707 quod
1293 4634 1409 4704 jam
1465 4634 1616 4691 tertio
1670 4634 1729 4690 in
1781 4633 2102 4707 praefatione

502 4727 720 4777 tuarum
748 4722 1050 4779 litterarum
1076 4723 1210 4780 mihi
1248 4725 1497 4781 scribens
1545 4722 1817 4780 mandasti
1862 4723 2100 4781 debitam

501 4809 559 4864 in
586 4810 819 4867 Domino
849 4811 1213 4883 devotionem,
1245 4828 1411 4886 quam
1438 4829 1551 4871 non
1580 4813 1934 4885 subsequeris
1964 4829 2100 4886 pro-

502 4900 782 4971 sequendo
810 4900 1070 4972 debitam,
1094 4911 1148 4959 et
1175 4902 1232 4959 in
1261 4904 1495 4961 Domino
1522 4902 1836 4961 devotinem
1863 4902 1958 4959 tibi
2005 4920 2100 4960 re-

503 4995 704 5067 scribo,
736 4997 861 5071 quia
889 5009 1149 5065 quantum
1206 5009 1417 5074 spectat
1465 5002 1538 5058 ad
1594 5002 1861 5059 humanos
1916 5003 2100 5060 carnis

500 5094 709 5165 oculos,
741 5096 982 5155 debitam
1036 5100 1385 5158 devotionem
1427 5099 1561 5157 mihi
1602 5116 1714 5157 non
1757 5109 2030 5159 monstras
2081 5119 2097 5156 :

503 5200 762 5265 quantum
787 5210 917 5252 vero
947 5205 1157 5270 spectat
1183 5199 1256 5255 ad
1282 5200 1481 5258 mentis
1510 5201 1781 5257 humanos
1809 5200 2018 5269 oculos,
2041 5199 2099 5255 in

501 5290 735 5350 Domino
762 5293 1111 5352 devotionem
1138 5313 1248 5355 non
1279 5297 1526 5356 exhibes.
1585 5297 1859 5369 Quantum
1916 5306 2100 5356 autem

499 5388 557 5445 in
584 5389 782 5449 divinis
811 5393 984 5451 oculis
1027 5411 1265 5469 superno
1320 5397 1548 5455 consilio
1603 5397 1768 5455 timeo
1827 5396 2096 5468 trutinari,

500 5487 739 5548 debitam
767 5485 1116 5552 devotionem
1141 5494 1274 5553 mihi
1304 5496 1582 5571 rependis,
1605 5497 1700 5571 qui
1726 5513 1815 5556 me
1845 5496 1949 5555 tuis
1969 5511 2101 5570 ope-

2201 4514 2300 4572 ciae
2328 4531 2493 4572 onera
2510 4524 2710 4589 portat,
2770 4516 3032 4589 quinimo,
3095 4516 3308 4572 Christe
3361 4516 3512 4572 Deus
3568 4522 3796 4570 noster:

2200 4621 2388 4671 orante
2416 4615 2563 4687 apud
2591 4631 2716 4672 eum
2743 4631 2840 4687 pro
2869 4614 3029 4672 nobis
3059 4613 3631 4672 eodem‘sanctissimo
3647 4628 3797 4685 prae-

2201 4711 2493 4770 decessore
2519 4721 2727 4783 nostro,
2751 4729 2901 4771 meas
2932 4714 3356 4770 contumeliosas
3385 4711 3710 4779 calumnias,
3742 4717 3795 4766 et

2197 4811 2603 4883 persecutiones
2624 4812 3040 4884 derogationum
3069 4820 3278 4868 tuarum
3325 4811 3381 4866 in
3436 4826 3497 4867 se
3541 4810 3795 4883 dignatus

2199 4907 2498 4981 suscipere,
2534 4908 2629 4980 qui
2655 4907 2936 4965 conﬁdens
2966 4908 3111 4964 Patri
3140 4924 3309 4980 super
3329 4922 3523 4963 omnes
3547 4906 3716 4962 caelos
3745 4912 3798 4961 et

2200 5022 2365 5078 super
2382 5006 2627 5062 omnium
2657 5006 2980 5080 angelorum
3009 5006 3272 5064 verticem
3316 5004 3508 5072 Saulo,
3558 5011 3617 5060 ut
3662 5002 3801 5076 legi-

2198 5120 2338 5173 mus,
2362 5112 2415 5161 et
2435 5104 2711 5162 credimus
2740 5104 2875 5161 dixit
2898 5106 3118 5172 :Saule,
3147 5103 3476 5176 Saule,quid
3502 5119 3592 5159 me
3611 5117 3797 5175 perse-

2200 5204 2386 5275 queris
2418 5205 2442 5258 .9
2469 5200 2614 5275 (Act.
2645 5202 2752 5274 ιχ.)
2781 5203 2906 5258 Non
2945 5202 3091 5258 enim
3139 5208 3221 5257 est
3258 5199 3685 5258 discredendum
3742 5197 3797 5252 in

2199 5306 2346 5355 tanta
2372 5299 2534 5356 turba
2578 5299 2914 5356 credentium
2958 5315 3095 5372 quos
3132 5298 3327 5355 Saulus
3362 5296 3801 5370 persequebatur

2200 5397 2436 5469 aliquem
2466 5395 2654 5468 fuisse,
2677 5397 2803 5455 licet
2822 5413 2932 5454 non
2951 5396 3021 5453 ita
3037 5404 3094 5453 ut
3114 5413 3218 5469 ego
3241 5412 3362 5452 sum
3383 5394 3790 5467 imperfectum,

2199 5495 2255 5552 in
2286 5512 2392 5570 quo
2422 5497 2563 5556 sicut
2614 5504 2669 5555 et
2722 5496 2780 5554 in
2835 5496 3081 5570 reliquis,
3135 5494 3226 5568 qui
3280 5494 3537 5555 videlicet
3599 5508 3798 5565 corpus
