4174 6302
339 245 446 301 549

1064 238 1308 296 OPUSC.
1360 233 1453 291 ET
1506 236 1725 293 EPIST.
1772 234 1847 289 IN
1894 231 2122 289 CAUSA
2176 230 2518 287 HINCMARI
2572 229 2877 287 LAUDUN.

3548 229 3651 284 550

344 368 462 438 ejus
492 372 663 435 erant,
695 365 743 420 si
770 364 1033 421 Dominus
1062 365 1317 437 persequi
1345 364 1497 419 dixit.
1526 364 1594 419 Et
1624 361 1748 417 ideo
1778 359 1834 415 in
1861 374 1950 415 me
1981 359 2039 421 A
2059 357 2206 412 ciunt
2252 356 2560 427 increpare,
2621 370 2802 410 mores
2854 369 3145 426 pravorum
3197 368 3473 425 premere,
3522 351 3649 409 vitae

342 455 681 527 imperfecto,
714 454 878 510 modo
910 453 1152 527 quolibet
1192 461 1482 525 persecuto
1511 452 1663 507 illum
1691 448 1948 522 persequi

345 545 532 612 credo,
566 543 692 616 quia
720 550 772 599 et
802 558 938 599 voce
968 549 1172 599 sancta:
1199 541 1466 598 Ecclesiae
1489 540 1546 595 in
1574 556 1678 613 qua
1691 539 1806 609 ejus
1826 554 1950 593 sum

345 634 593 690 ultimum
623 632 927 687 membrum
950 648 1052 703 per
1102 630 1421 686 Psalmitam
1452 628 1650 685 dicitur
1682 646 1695 683 :
1729 629 1948 701 Imper-

347 725 565 794 fectum
574 737 764 777 meum
782 721 1047 776 viderunt
1059 720 1186 776 ocul
1191 721 1211 774 i
1224 720 1328 785 tui,
1348 722 1405 774 et
1416 720 1481 774 in
1497 719 1634 774 libro
1648 721 1744 773 tuo
1756 732 1949 772 omnes

348 811 667 868 scribentur
677 809 851 879 (Psal.
868 808 1174 879 cxxxvm).
1190 809 1257 863 Et
1272 807 1471 862 iterum
1484 805 1772 861 Psalmista
1784 804 1914 861 dicit
1931 821 1945 859 :

350 899 650 955 Benedixit
665 914 857 954 omnes
878 899 1143 953 timentes
1161 913 1218 953 se
1248 897 1521 952 Dominus
1550 896 1788 967 pusillos
1818 910 1949 949 cum

349 987 654 1057 maioribus
674 986 849 1054 (Psal.
870 986 1029 1055 cxm)
1064 992 1151 1053 ;et
1174 983 1266 1056 qui
1295 984 1351 1039 in
1374 982 1580 1052 judicio
1610 982 1755 1038 dicet
1770 982 1838 1037 de
1855 982 1950 1037 be-

349 1074 575 1131 nefactis
605 1072 1043 1130 benefactoribus
1076 1091 1090 1127 :
1128 1072 1390 1140 Quandiv
1414 1074 1633 1145 fecistis
1653 1072 1759 1128 uni
1773 1071 1839 1127 de
1862 1072 1949 1127 his

345 1165 604 1221 minimis
624 1164 765 1219 meis
782 1164 926 1218 mihi
941 1163 1162 1234 fecistis
1186 1162 1408 1233 (Matth.
1428 1160 1586 1234 xxv).

421 1252 697 1308 Veraciter
726 1251 894 1308 credo
922 1250 1045 1323 quia
1088 1250 1349 1323 quidquid
1370 1250 1502 1305 mihi
1534 1250 1649 1306 sive
1694 1248 1950 1320 benigni-

349 1340 495 1407 tatis,
529 1341 644 1396 sive
673 1339 1021 1413 malignitatis
1049 1354 1150 1410 pro
1197 1340 1315 1409 ejus
1371 1338 1591 1395 nomine
1647 1338 1947 1405 exhibetur,

351 1430 470 1485 sine
498 1428 664 1484 dubio
692 1427 771 1483 illi
798 1427 1152 1499 impenditur.
1184 1428 1255 1483 Et
1298 1429 1427 1499 quia
1474 1428 1665 1483 beatus
1711 1428 1952 1483 Joannes

350 1517 593 1590 Baptista
620 1533 721 1589 pro
751 1517 995 1583 veritate,
1029 1516 1285 1572 videlicet
1314 1533 1413 1588 pro
1443 1516 1657 1572 Christo
1687 1515 1806 1571 sine
1846 1515 1952 1571 du-

350 1605 613 1663 bitatione
641 1605 913 1676 occubuit,
948 1604 1088 1661 sicut
1142 1605 1261 1677 ipse
1308 1605 1603 1661 ostendens
1632 1605 1765 1661 dicit
1800 1623 1814 1660 :
1846 1607 1951 1676 Ego

2049 445 2335 518 prodesse.
2368 444 2714 501 Pensandum
2742 449 2825 498 est
2844 443 3007 515 igitur
3033 442 3250 515 quando
3279 442 3348 499 ab
3390 442 3648 514 increpa-

2049 536 2198 591 tione
2224 533 2542 607 quiescitur,
2574 539 2774 605 quanta
2802 531 2964 602 culpa
2993 531 3079 599 sit,
3140 531 3186 586 si
3244 547 3368 587 cum
3424 530 3508 586 his
3558 529 3649 601 qui

2048 622 2371 695 increpandi
2416 628 2541 677 sunt
2592 621 2709 677 sine
2764 619 3140 692 increpatione
3173 636 3280 692 pax
3329 628 3558 676 tenetur.
3591 617 3649 673 Si

2049 713 2317 783 propheta
2345 718 2526 766 tantus
2581 711 2686 766 hoc
2712 710 2860 766 velut
2905 708 3194 765 historiam
3222 708 3456 765 Domino
3485 708 3648 764 obtu-

2049 800 2127 870 lit,
2162 799 2309 873 quod
2337 808 2530 856 contra
2568 816 2629 854 se
2674 814 2972 870 pravorum
3015 796 3327 853 inimicitias
3373 795 3646 853 excitavit.

2050 890 2204 946 Unde
2252 889 2451 944 Paulus
2494 887 2793 959 discipulos
2837 887 3097 942 admonet
3135 886 3370 943 dicens:
3421 887 3481 942 Si
3526 886 3649 958 quis

2048 994 2164 1034 non
2195 978 2376 1034 obedit
2392 978 2551 1034 verbo
2565 981 2758 1034 nostra
2782 992 2887 1049 per
2907 976 3225 1049 epistolam,
3251 975 3402 1031 hunc
3432 977 3646 1041 notate,

2051 1070 2107 1123 et
2149 1083 2265 1123 non
2313 1066 2795 1123 commisceamini
2844 1082 2976 1121 cum
3016 1066 3118 1121 illo
3150 1068 3220 1120 ut
3261 1063 3656 1136 confundatur

2060 1156 2136 1225 (ΙΙ
2165 1156 2319 1212 Thes.
2371 1154 2476 1227 ιιι).
2535 1155 2715 1227 Atque
2744 1153 2890 1210 illico
2913 1152 3192 1222 subjunxit
3233 1170 3246 1207 :
3278 1154 3351 1208 Et
3380 1140 3558 1209 nolite
3585 1154 3655 1207 ut

2052 1244 2355 1300 inimicum
2371 1246 2704 1301 existimare
2720 1244 2907 1310 illum,
2927 1242 3024 1299 sed
3043 1242 3311 1315 corripite
3330 1245 3398 1298 ut
3413 1243 3658 1314 fratrem

2052 1333 2277 1403 (ibid),-
2307 1348 2374 1389 ac
2403 1332 2449 1387 si
2491 1332 2697 1388 diceret
2734 1350 2748 1387 :
2780 1333 2978 1388 Pacem
3024 1346 3150 1387 cum
3207 1346 3274 1386 eo
3331 1329 3657 1385 exteriorem

2054 1421 2267 1488 solvite,
2302 1421 2401 1477 sed
2429 1421 2746 1477 interiorem
2775 1427 2970 1478 contra
3013 1418 3166 1475 illum
3213 1418 3526 1475 medullitus
3554 1433 3656 1476 cu-

2055 1511 2269 1566 stodite.
2300 1511 2369 1566 Et
2398 1510 2490 1583 qui
2519 1526 2704 1567 amore
2735 1517 2827 1566 tuo
2859 1518 2911 1565 te
2940 1509 3108 1566 credo
3137 1507 3391 1581 refugere
3422 1508 3493 1564 ad
3521 1523 3656 1580 per-

2054 1599 2203 1672 fugia
2232 1599 2413 1668 solita,
2447 1599 2653 1656 scilicet
2674 1599 2746 1654 ad
2805 1598 3120 1655 excusanda
3168 1597 3550 1655 excusationes
3596 1596 3655 1654 in

352 1713 484 1752 sum
510 1697 718 1752 veritas
738 1693 1081 1766 (Joan.x1v).
1100 1694 1305 1766 Etego,
1329 1701 1388 1749 ut
1403 1694 1650 1765 Apostoli
1676 1702 1799 1749 utar
1827 1710 1952 1750 ver-
1980 1727 2034 1787 B
2054 1688 2310 1760 peccatis,
2344 1696 2402 1743 ut
2431 1688 2585 1745 dicas
2615 1688 2740 1761 quia
2770 1687 2936 1744 etiam
2963 1688 3032 1743 de
3083 1686 3411 1759 cogitatione
3459 1694 3512 1742 te
3561 1687 3657 1757 ju-

354 1783 461 1855 bis,
501 1783 748 1838 inimicus
778 1781 953 1839 factus
984 1798 1106 1837 sum
1137 1782 1233 1837 tibi
1263 1798 1397 1837 vera
1427 1782 1521 1837 tibi
1540 1782 1729 1839 dicens
1757 1790 1808 1837 et
1821 1798 1953 1837 sua-
1981 1776 2033 1787 ”
2056 1777 2200 1845 dico,
2233 1793 2358 1834 cum
2385 1777 2526 1834 dicat
2555 1776 2848 1849 Apostolus
2880 1794 2893 1831 :
2920 1778 3066 1846 Quis
3095 1777 3205 1832 scit
3221 1777 3514 1833 hominum
3535 1792 3658 1849 quae

352 1873 512 1938 dens,
552 1872 651 1927 sed
678 1872 1015 1943 persuadere
1035 1887 1146 1927 non
1173 1870 1379 1939 valens,
1413 1879 1491 1939 ut,
1525 1871 1664 1927 sicut
1692 1872 1813 1943 ipsa
1842 1872 1956 1927 Ve-

350 1961 487 2017 ritas
516 1976 616 2032 per
644 1960 863 2016 beatum
892 1961 1131 2016 Leonem
1159 1960 1289 2017 dicit
1320 1977 1335 2014 :
1361 1959 1744 2016 Obedientiam
1792 1975 1957 2031 quam

355 2064 391 2105 a
417 2049 524 2105 tuis
554 2048 784 2105 subditis
814 2048 1016 2122 exigis,
1046 2048 1289 2121 praelatis
1337 2049 1442 2105 tuis
1489 2049 1607 2120 ipse
1652 2049 1952 2120 dependas,

352 2146 409 2195 et
439 2137 495 2193 in
524 2154 586 2193 ea
612 2137 894 2194 vocatione
921 2153 1031 2209 qua
1058 2146 1286 2194 vocatus
1317 2153 1398 2209 es,
1431 2137 1488 2193 in
1518 2154 1580 2194 ea
1608 2153 1954 2209 permaneas,

355 2244 480 2299 qua
509 2226 636 2299 quia
664 2243 775 2282 non
804 2225 1024 2294 suffers,
1048 2243 1159 2283 non
1191 2227 1366 2284 solum
1397 2226 1548 2295 mihi,
1578 2227 1677 2282 sed
1705 2234 1759 2283 et
1812 2226 1957 2282 mul-

355 2315 426 2371 tis
456 2315 773 2371 scandalum
804 2314 1033 2389 ingeris,
1066 2324 1120 2372 et
1138 2316 1355 2373 Veritas
1372 2315 1503 2372 dicit
1533 2334 1546 2371 :
1583 2316 1688 2385 Qui
1705 2316 1957 2372 scanda-

358 2406 621 2461 lizaverit
648 2421 832 2460 unum
861 2406 928 2460 de
953 2406 1186 2478 pusillis
1206 2406 1335 2461 istis
1353 2407 1447 2478 qui
1477 2407 1540 2461 in
1564 2422 1655 2461 me
1696 2405 1953 2472 credunt,

355 2492 593 2567 expedit
604 2497 669 2550 ut
680 2495 731 2549 ei
747 2492 1130 2566 suspendatur
1140 2495 1291 2549 mola
1305 2494 1566 2550 asinaria
1583 2495 1645 2549 in
1657 2495 1799 2551 collo
1813 2496 1955 2566 ejus,

352 2583 783 2653 etdemergatur
802 2584 865 2638 in
873 2582 1224 2653 profundum
1246 2585 1426 2639 maris
1442 2582 1667 2654 (Matth.
1682 2581 1869 2654 xvm).
1889 2582 1960 2637 Et

353 2669 487 2727 item
515 2669 661 2726 idem
689 2670 937 2726 Christus
965 2670 1065 2726 Dei
1081 2670 1271 2738 virtus,
1297 2670 1470 2727 etDei
1497 2670 1762 2743 sapientia
1779 2670 1910 2727 dicit
1942 2688 1955 2725 :

365 2761 488 2817 Viro
521 2761 617 2832 qui
659 2760 1061 2832 corripientem
1088 2759 1232 2817 dura
1264 2762 1478 2817 cervice
1516 2762 1836 2818 contemnit
1863 2777 1959 2816 re-

352 2850 634 2922 pentinus
661 2851 1020 2922 superveniet
1041 2850 1334 2916 interitus,
1370 2853 1427 2905 et
1454 2866 1585 2906 eum
1597 2850 1817 2906 sanitas
1844 2866 1961 2906 non

358 2941 628 3010 sequetur
654 2938 835 3006 (Prov.
887 2938 1075 3011 xxix).
1126 2938 1195 2993 Et
1238 2939 1453 3010 Moyses
1499 2946 1554 2995 et
1597 2941 1782 2995 Aaron
1826 2938 1961 2993 dura

358 3025 575 3083 cervice
618 3026 891 3082 resistenti
933 3026 1037 3081 sibi
1082 3026 1285 3098 populo
1341 3026 1526 3082 dicunt
1558 3045 1571 3081 :
1603 3029 1712 3084 Nec
1761 3032 1961 3085 contra

359 3131 465 3173 nos
482 3119 568 3173 est
596 3133 860 3172 murmur
872 3120 1143 3185 vestrum,
1167 3116 1263 3172 sed
1293 3121 1494 3174 contra
1538 3119 1716 3173 Deum
1757 3118 1957 3189 (Exod.

354 3205 502 3277 xv1).
534 3204 691 3261 Unde
719 3220 823 3261 nec
842 3213 964 3260 tuas
993 3204 1308 3261 inimicitias
1337 3222 1555 3274 vereor,
1589 3222 1694 3263 nec
1722 3214 1775 3261 te
1835 3222 1959 3263 mo-

355 3309 493 3349 nere
521 3292 578 3348 in
623 3294 967 3362 necessariis,
1003 3311 1125 3366 quae
1177 3293 1296 3350 sine
1324 3302 1551 3366 peccato
1582 3310 1691 3351 non
1736 3311 1961 3366 possum

357 3381 652 3450 dimittere,
683 3383 951 3450 desinam,
1013 3383 1195 3439 sciens
1243 3398 1438 3455 pacem
1492 3383 1786 3441 dilectione
1814 3384 1961 3441 inte-

359 3487 469 3545 gra
497 3471 823 3528 intrinsecus
850 3488 939 3528 me
970 3480 1157 3528 tenere
1187 3472 1413 3541 debere,
1454 3487 1616 3545 quam
1645 3490 1742 3545 per
1758 3472 1964 3529 vectio-

361 3576 495 3616 nem
520 3560 671 3618 vocis
697 3561 830 3616 mihi
861 3561 1229 3618 exstrinsecus
1255 3578 1363 3617 non
1416 3561 1580 3618 timeo
1611 3562 1960 3634 perturbare.

362 3647 528 3718 Quod
556 3658 841 3723 utrumque
871 3650 1101 3722 provide
1137 3651 1313 3708 David
1343 3667 1403 3707 se
1430 3650 1683 3724 perhibet
1713 3668 1961 3720 servare,

360 3754 493 3795 cum
522 3738 651 3794 dicit
683 3756 695 3793 :
733 3739 870 3795 Cum
892 3740 980 3796 his
1010 3740 1107 3813 qui
1128 3740 1371 3798 oderunt
1381 3757 1582 3813 pacem
1595 3757 1752 3798 eram
1764 3742 1965 3814 paciﬁ-

359 3844 463 3885 cus
475 3848 495 3897 ;
507 3844 636 3884 cum
657 3829 915 3901 loquebar
926 3829 1046 3885 illis
1059 3830 1475 3902 impugnabant
1485 3847 1575 3886 me
1586 3832 1765 3903 gratis
1783 3830 1960 3901 (Psal.

359 3916 547 3988 cxix).
579 3917 725 3973 Ecce
745 3923 799 3972 et
828 3916 1058 3989 loquens
1083 3917 1524 3992 impugnabatur,
1549 3926 1602 3975 et
1647 3927 1827 3975 tamen
1856 3919 1965 3974 im-

357 4005 714 4077 impugnatus
739 4013 857 4061 erat
886 4005 1166 4077 paciﬁcus,
1199 4007 1461 4079 quoniam
1487 4022 1592 4064 nec
1632 4007 1965 4064 insanientes

361 4094 616 4151 cessabat
644 4095 1069 4167 reprehendere,
1100 4111 1204 4152 nec
1242 4097 1604 4169 reprehensos
1652 4097 1967 4170 negligebat

364 4199 570 4240 amare.
602 4183 739 4240 Hinc
767 4182 931 4239 etiam
960 4185 1158 4240 Paulus
1188 4185 1262 4240 ait
1294 4203 1307 4240 :
1341 4188 1401 4244 Si
1436 4187 1563 4255 ﬁeri
1594 4190 1782 4258 potest
1825 4187 1968 4258 quod

360 4289 439 4330 ex
455 4273 602 4330 vobis
622 4276 708 4330 est
726 4289 857 4329 cum
872 4275 1129 4331 omnibus
1151 4275 1468 4331 hominibus
1489 4292 1685 4346 pacem
1702 4275 1967 4331 habentes

362 4364 546 4433 (Rom.
578 4362 722 4433 xu);
744 4363 987 4419 hortatus
1015 4364 1159 4419 enim
1189 4363 1486 4436 Apostolus
1516 4372 1575 4419 ut
1603 4379 1797 4435 pacem
1844 4379 1969 4420 cum

2055 1870 2194 1923 sunt
2210 1866 2475 1934 hominis,
2509 1867 2625 1922 nisi
2644 1867 2882 1939 spiritus
2904 1865 3149 1922 hominis
3172 1864 3270 1938 qui
3287 1865 3351 1920 in
3381 1865 3499 1938 ipso
3521 1869 3605 1921 est
3634 1868 3659 1920 ?

2057 1955 2109 2026 (Ι
2163 1955 2281 2011 Cor.
2334 1953 2401 2026 ιι)
2443 1954 2723 2026 praevenio
2770 1954 2897 2010 huic
2944 1961 3051 2010 tua:
3090 1952 3385 2023 objectioni
3443 1953 3652 2021 dicens,

2057 2043 2182 2115 quia
2202 2051 2328 2099 tunc
2359 2043 2584 2115 spiritus
2612 2042 2849 2099 hominis
2878 2042 3167 2116 ignoratur
3197 2042 3265 2096 ab
3294 2042 3483 2110 altero,
3535 2057 3659 2112 cum

2057 2131 2259 2199 verbis,
2293 2132 2382 2188 vel
2436 2132 2693 2204 operibus
2748 2148 2858 2188 non
2904 2132 3313 2187 demonstratur
3344 2147 3505 2186 :nam
3536 2147 3661 2187 cum

2058 2220 2321 2293 scriptum
2354 2221 2439 2289 sit,
2473 2223 2562 2277 Ex
2588 2223 2873 2293 fructibus
2926 2238 3121 2278 eorum
3178 2221 3522 2293 cognoscetis
3570 2237 3661 2279 eos

2057 2310 2277 2382 (Matth.
2314 2310 2434 2380 vn),
2459 2326 2557 2381 per
2584 2309 2691 2366 hoc
2719 2310 2865 2383 quod
2893 2309 3028 2365 foris
3057 2308 3239 2382 agitur
3266 2309 3532 2382 quidquid
3578 2309 3662 2365 in-

2057 2416 2143 2462 tus
2173 2408 2302 2463 latet
2353 2407 2614 2480 aperitur.
2656 2407 2813 2464 Unde
2859 2414 3008 2463 recte
3037 2422 3254 2479 quoque
3290 2422 3391 2478 per
3421 2406 3664 2462 Salomo-

2057 2511 2185 2551 nem
2216 2496 2413 2553 dicitur
2446 2514 2458 2550 :
2492 2496 2766 2564 Quomodo
2797 2498 2863 2551 in
2893 2496 3053 2569 aquis
3083 2495 3451 2568 resplendent
3468 2496 3661 2551 vultus

2053 2585 2543 2658 perspicientium,
2577 2586 2657 2641 sic
2682 2585 2850 2642 corda
2878 2584 3172 2642 hominum
3183 2584 3497 2656 manifesta
3521 2587 3662 2640 sunt

2054 2674 2429 2746 prudentibus
2460 2673 2642 2746 (Prov.
2673 2672 2868 2743 xxvn).
2935 2673 3071 2728 Cum
3098 2671 3234 2729 dicis
3292 2679 3347 2729 te
3375 2671 3664 2744 scripsisse

2060 2762 2132 2816 ad
2178 2761 2535 2818 auferendam
2580 2760 3042 2835 amphibologiam
3090 2760 3399 2817 traditionis
3445 2768 3551 2816 tua;
3597 2777 3665 2817 ex

2058 2849 2332 2922 primitivo
2388 2850 2614 2924 genitivi
2686 2850 2828 2905 inter
2892 2851 3196 2905 tradentem
3272 2856 3324 2905 et
3376 2848 3657 2920 traditum,

2059 2939 2479 3012 grammaticam
2510 2955 2677 3012 quam
2703 2938 2800 2994 tibi
2828 2938 3088 2995 insinuari
3113 2937 3219 2995 feci
3274 2953 3380 3011 ego
3429 2946 3483 2993 et
3538 2938 3661 3011 ipse

2062 3028 2213 3097 satis,
2246 3029 2378 3084 mihi
2407 3028 2464 3083 in
2492 3028 2686 3085 faciem
2717 3027 2906 3100 expuis
2939 3046 2952 3083 :
2986 3028 3134 3100 quod
3176 3027 3380 3101 gratias
3426 3025 3506 3081 illi
3559 3044 3663 3099 pa-

2063 3116 2258 3173 tienter
2276 3125 2500 3190 portare
2529 3133 2774 3189 possum,
2824 3116 2918 3189 qui
2965 3117 3113 3189 quod
3157 3116 3227 3171 de
3283 3132 3343 3171 se
3389 3115 3660 3187 przedixit,

2059 3222 2162 3278 pro
2181 3223 2269 3261 me
2297 3214 2588 3278 peccatore
2619 3205 2873 3262 sustinuit
2906 3223 2918 3261 :
2951 3207 3195 3274 Faciem,
3238 3204 3431 3277 inquit,
3475 3222 3664 3262 meam

2061 3313 2178 3352 non
2204 3298 2385 3353 averti
2404 3296 2471 3353 ab
2481 3296 2934 3368 increpantibus,
2952 3298 3008 3351 et
3032 3310 3317 3368 conspuen
3328 3295 3474 3350 tibus
3495 3295 3561 3351 in
3573 3312 3664 3353 me

2062 3384 2194 3456 (Isa.
2217 3384 2293 3457 ι).
2324 3384 2436 3440 Sed
2494 3383 2622 3457 quia
2678 3391 2730 3440 te
2773 3383 3049 3452 traditum,
3099 3390 3154 3438 et
3208 3398 3319 3439 non
3358 3384 3665 3441 tradentem

2062 3473 2319 3545 designas
2339 3490 2405 3528 ex
2433 3473 2671 3545 nomine,
2706 3473 2775 3528 de
2827 3474 2934 3529 hoc
2992 3480 3087 3528 tuo
3134 3472 3281 3529 dicto
3340 3489 3452 3529 non
3509 3490 3667 3545 curo,

2064 3562 2431 3619 testimonium
2461 3562 2589 3618 inde
2618 3562 2941 3634 perhibente
2970 3560 3104 3617 mihi
3150 3561 3483 3618 conscientia
3539 3579 3666 3619 mea

2062 3652 2195 3707 nihil
2225 3668 2314 3708 me
2345 3651 2471 3708 hinc
2497 3650 2593 3707 tibi
2622 3668 2746 3707 esse
2775 3650 3099 3707 debitorem.
3130 3650 3287 3707 Unde
3310 3658 3372 3707 et
3399 3669 3502 3725 pro
3550 3652 3666 3708 mi-

2063 3743 2219 3799 nimo
2231 3744 2335 3808 est,
2349 3744 2499 3798 utea:
2522 3740 2667 3798 hoca
2684 3743 2738 3797 te
2741 3740 2968 3814 judicer
2978 3741 3065 3796 vel
3079 3740 3145 3795 ab
3157 3740 3412 3797 humano
3425 3741 3548 3800 die:
3569 3742 3668 3798 sed

2064 3846 2244 3903 neque
2255 3847 2344 3887 me
2354 3830 2543 3903 ipsum
2553 3829 2687 3886 inde
2698 3829 2944 3902 dijudico
2959 3829 3010 3901 (Ι
3020 3830 3140 3887 Cor.
3156 3829 3257 3900 ιν).
3276 3829 3669 3886 Verumtamen

2067 3919 2114 3974 si
2143 3928 2194 3975 te
2214 3919 2286 3974 ita
2316 3919 2457 3974 mori
2486 3926 2707 3990 gratum
2736 3918 2955 3986 scirem,
2988 3925 3048 3972 ut
3106 3919 3210 3975 hoc
3258 3918 3327 3973 ad
3383 3919 3668 3975 utilitatem

2065 4016 2230 4075 tuam,
2264 4016 2316 4063 et
2345 4008 2416 4063 ad
2444 4008 2642 4063 mentis
2671 4016 2779 4063 tuae
2811 4006 3101 4062 sanitatem
3130 4015 3317 4077 posset
3372 4006 3664 4079 proﬁcere,

2065 4098 2155 4153 vel
2182 4096 2314 4152 mihi
2342 4097 2470 4152 inde
2502 4112 2895 4169 cognoscerem
2915 4095 3154 4166 aliquam
3184 4096 3571 4152 necessitatem
3592 4097 3673 4152 in-

2067 4186 2343 4254 cumbere,
2378 4192 2431 4239 et
2459 4184 2672 4256 scriptis
2703 4183 2842 4239 meis
2867 4183 2939 4239 ad
2954 4199 3165 4256 regem,
3196 4191 3249 4239 et
3266 4184 3335 4238 ad
3354 4184 3665 4257 episc0pos,

2068 4282 2121 4330 et
2148 4273 2393 4346 ipsorum
2441 4272 2769 4340 testimonio,
2803 4288 2868 4329 ac
2894 4288 2996 4343 per
3053 4272 3191 4327 alios
3238 4272 3468 4328 idoneos
3496 4280 3669 4329 tester

2068 4379 2291 4435 possem
2316 4361 2409 4417 tibi
2437 4362 2730 4418 ostendere
2757 4378 2866 4429 me,
2900 4360 3039 4417 sicut
3067 4360 3196 4429 dixi,
3221 4360 3526 4417 debitorem
3542 4362 3670 4419 hinc

362 4450 619 4507 omnibus
647 4451 927 4519 haberent,
960 4452 1223 4523 praemisit
1251 4452 1441 4509 dicens
1475 4469 1486 4508 :
1520 4452 1579 4508 Si
1607 4451 1723 4509 fieri
1763 4461 1961 4525 potest,
1983 4447 2037 4508 D
2069 4451 2165 4507 tibi
2184 4468 2291 4507 non
2305 4468 2465 4508 esse:
2505 4451 3266 4524 Uniuscujusqueenimopus
3279 4452 3441 4525 quale
3461 4452 3670 4508 sitdies

361 4546 531 4611 atque
560 4539 863 4609 subjunxit;
899 4541 1047 4613 quod
1075 4557 1140 4597 ex
1174 4541 1330 4599 vobis
1352 4549 1436 4598 est
1469 4559 1482 4595 :
1517 4537 1735 4597 difﬁcile
1767 4540 1969 4614 quippe

364 4635 483 4684 erat
510 4635 567 4683 ut
596 4628 643 4683 si
668 4628 816 4685 mala
847 4636 970 4686 acta
998 4630 1359 4702 corriperent,
1392 4631 1591 4687 habere
1620 4647 1816 4703 pacem
1846 4648 1971 4688 cum

362 4716 620 4773 omnibus
645 4726 872 4789 possent
905 4736 917 4773 :
950 4719 1049 4775 sed
1078 4736 1202 4775 cum
1223 4721 1541 4793 temporalis
1579 4737 1687 4793 pax
1735 4721 1792 4775 in
1834 4737 1970 4793 pra-

362 4822 558 4863 vorum
587 4805 848 4863 cordibus
878 4823 945 4863 ex
975 4816 1162 4865 nostra
1190 4809 1566 4881 increpatione
1596 4808 1966 4878 confunditur,

363 4895 629 4951 inviolata
656 4912 885 4953 necesse
915 4905 999 4954 est
1028 4906 1086 4954 ut
1114 4897 1171 4953 in
1196 4907 1385 4956 nostro
1404 4900 1571 4956 corde
1593 4907 1859 4955 servetur.

439 4983 579 5040 Hinc
598 4984 792 5041 iterum
822 4986 998 5043 David
1028 5003 1150 5044 cum
1183 5004 1243 5044 se
1264 4995 1435 5044 totum
1461 4988 1533 5043 ad
1562 4987 1774 5044 foedera
1820 4987 1972 5060 pacis

362 5073 595 5129 internae
614 5074 1032 5148 constringeret,
1067 5083 1295 5133 testatur
1323 5078 1471 5150 quod
1496 5093 1620 5134 cum
1648 5077 1809 5134 malis
1841 5092 1972 5133 con-

365 5162 615 5220 cordiam
643 5180 753 5220 non
784 5171 990 5221 teneret
1007 5165 1195 5222 dicens
1229 5184 1242 5220 :
1275 5168 1470 5224 Nonne
1487 5168 1583 5239 qui
1614 5171 1666 5223 te
1704 5168 1969 5236 oderunt,

365 5254 538 5319 Deus,
558 5252 786 5310 oderam
806 5255 954 5322 illos,
979 5259 1035 5312 et
1051 5271 1223 5329 super
1238 5255 1501 5312 inimicos
1553 5260 1675 5312 tuos
1721 5257 1972 5313 tabesce-

369 5341 501 5398 bam
524 5345 548 5396 ἲ
573 5343 831 5414 Perfecto
852 5343 973 5401 odio
989 5345 1217 5401 oderam
1236 5345 1386 5413 illos,
1406 5345 1630 5400 inimici
1656 5347 1803 5416 facti
1833 5348 1973 5401 sunt

365 5429 518 5486 mihi
546 5431 721 5502 (Psal.
754 5433 1065 5507 cxxxvm).
1105 5433 1363 5490 Inimicos
1392 5432 1537 5490 enim
1557 5432 1803 5504 perfecto
1847 5433 1974 5490 odio

369 5527 563 5587 odisse
607 5536 712 5600 est,
758 5530 828 5587 ad
875 5530 1022 5603 quod
1060 5529 1191 5589 facti
1210 5539 1335 5590 sunt
1364 5530 1595 5605 diligere
1625 5538 1680 5588 et
1710 5530 1856 5604 quod
1884 5530 1973 5587 fa-

2070 4542 2296 4599 Domini
2306 4541 2632 4599 declarabit.
2659 4540 2711 4613 (I
2722 4541 2842 4598 Cor.
2863 4539 2968 4612 ιιι).
2998 4538 3140 4609 Quia
3152 4556 3281 4596 vero
3296 4540 3365 4596 de
3380 4539 3669 4597 traditione

2071 4639 2162 4686 tua
2188 4630 2461 4704 quereris,
2494 4638 2546 4686 et
2574 4629 2709 4685 nihil
2738 4628 2798 4686 fit
2825 4629 2882 4684 in
2912 4637 3055 4685 terra
3084 4629 3202 4685 sine
3224 4644 3405 4696 causa,
3425 4628 3668 4702 nihilque

2073 4721 2220 4793 quod
2249 4728 2340 4776 aut
2368 4736 2478 4776 non
2508 4718 2673 4775 faciat
2703 4720 2851 4775 Deus
2880 4718 3169 4791 propitius,
3233 4726 3326 4772 aut
3382 4716 3503 4774 ﬁeri
3558 4736 3671 4776 non

2070 4809 2345 4883 permittat
2372 4809 2561 4877 iratus,
2595 4816 2647 4865 et
2674 4808 2959 4879 pluraliter
2988 4805 3105 4863 ﬁeri
3144 4806 3461 4865 traditiones
3505 4816 3669 4882 atque

2073 4899 2306 4955 diversis
2336 4898 2513 4955 modis
2543 4898 2791 4953 diversos
2822 4904 2875 4952 et
2902 4912 3001 4968 pro
3035 4895 3272 4952 diversis
3301 4897 3485 4954 causis
3513 4897 3671 4955 tradi-

2073 4996 2156 5044 tos
2184 4987 2440 5060 legimus,
2472 5001 2699 5044 necesse
2727 4992 2810 5042 est
2837 4984 2932 5039 tibi
2961 4984 3227 5041 subtiliter
3252 4995 3492 5044 mentem
3520 4996 3671 5044 tuam

2073 5076 2366 5147 discutere,
2399 5084 2457 5132 ut
2484 5075 2770 5131 meditatus
2800 5089 2926 5130 cum
2947 5074 3111 5131 corde
3128 5082 3239 5144 tuo,
3265 5084 3317 5132 et
3333 5092 3443 5133 non
3458 5077 3671 5148 dolosa,

2074 5167 2173 5223 sed
2202 5174 2354 5222 recta
2383 5172 2583 5221 statera
2641 5164 2961 5235 appendens
3016 5179 3221 5233 mores,
3281 5166 3667 5240 cogitationes,

2073 5255 2264 5326 verba,
2300 5262 2354 5311 et
2382 5262 2534 5310 actus
2566 5261 2708 5321 tuos,
2740 5254 2885 5325 apud
2914 5262 2967 5310 te
2998 5254 3244 5311 invenias
3297 5256 3417 5313 haec
3455 5255 3670 5312 traditio

2073 5353 2167 5401 tua
2193 5343 2357 5411 unde,
2390 5351 2442 5399 et
2470 5359 2503 5398 a
2533 5358 2641 5416 quo
2669 5343 3019 5414 processerit,
3052 5351 3106 5400 et
3133 5361 3295 5418 quem
3349 5360 3669 5418 processum

2072 5433 2292 5501 haheat,
2327 5431 2415 5488 vel
2445 5432 2517 5488 ad
2547 5449 2707 5505 quem
2739 5430 2904 5490 finem
2962 5441 3172 5507 spectat
3203 5452 3216 5489 :
3258 5434 3495 5508 legimus
3523 5433 3671 5490 enim

2076 5530 2345 5604 quosdam
2373 5545 2407 5587 a
2435 5546 2496 5589 se
2524 5529 2775 5603 traditos,
2808 5539 2867 5590 ut
2894 5531 3098 5591 Paulus
3146 5532 3215 5590 ad
3268 5532 3539 5607 Ephesios
3601 5532 3670 5589 de
