4174 6296
1335 251 1682 312 HINCMARI
1707 254 2111 312 RHEMENSIS
2137 254 2686 312 ARCHIEPISCOPI.
3746 269 3854 324 552

559 257 656 310 551

558 378 884 453 quibusdam
893 377 1052 435 dicit:
1075 379 1178 450 Qui
1187 378 1550 453 desperantes
1567 382 1894 456 semetipsos
1907 381 2147 438 tradide—
2175 380 2233 443 A
2251 383 2463 438 reversi
2478 382 2704 452 (Jerem.
2723 383 2844 454 xv).
2859 382 2998 440 Hinc
3018 399 3210 441 rursus
3229 385 3305 441 ait
3324 402 3338 443 :
3357 389 3603 460 Populus
3627 405 3744 447 non
3763 395 3854 448 est

555 473 698 527 runt
733 485 792 526 se
826 468 1202 542 impudicitia:
1232 470 1297 525 in
1345 472 1731 542 operationem
1773 471 2154 528 immunditioe
2257 471 3014 544 reversusadpercutientem
3026 489 3084 530 se
3099 473 3229 546 (Isa.
3245 475 3648 546 tx).Hincvoce
3667 478 3854 552 ﬂagel-

556 559 740 616 omnis
759 559 822 614 in
841 557 1635 631 avaritia(Ephes.tv):Tanto
1647 559 1792 614 enim
1809 560 2152 627 hinc,beatus
2258 553 2486 614 lantium
2528 561 2800 632 propheta
2841 561 3196 634 conqueritur
3240 563 3430 620 dicens
3466 581 3480 620 :
3511 565 3849 624 Curavimus

555 646 726 720 inquit
756 644 1078 720 Gregorius,
1111 662 1171 702 se
1201 647 1432 720 quisque
1448 646 1673 703 inmalis
1695 649 2053 720 praesentibus
2064 649 2151 704 la-
2249 647 2606 720 Babylonem,
2628 653 2686 706 et
2713 667 2828 708 non
2849 655 2936 706 est
2976 655 3186 708 sanata
3205 652 3432 725 (Jerem.
3457 655 3532 724 ιι)
3561 670 3576 709 :
3599 655 3846 728 Babylon

553 735 659 791 tius
694 735 923 800 relaxat,
954 742 1158 808 quanto
1185 743 1309 807 post
1327 737 1470 792 hanc
1497 735 1664 792 vitam
1679 752 1740 792 se
1770 737 1988 810 assequi
2009 739 2152 793 bona
2249 735 2452 808 quippe
2477 745 2718 805 curatur,
2751 755 2855 796 nec
2895 747 3077 797 tamen
3108 741 3181 797 ad
3227 741 3517 798 sanitatem
3559 743 3846 801 reducitur

553 833 756 882 aeterna
782 825 1060 896 desperat,
1095 831 1149 880 et
1175 824 1410 881 Iacobus
1455 824 1736 896 apostolus
1765 825 1894 882 dicit
1919 838 1945 881 :‘
1971 829 2149 885 Unus-

554 916 786 988 quisque
808 917 1070 970 tentatur
1088 931 1124 970 a
1143 915 1605 986 concupiscentia
1624 931 1730 971 sua
1750 915 2070 972 abstractus
2091 919 2148 972 et

549 1004 779 1060 illectus
795 1002 936 1074 (Jac.
955 1001 1018 1074 ι),
1041 1001 1251 1059 scilicet
1271 1017 1305 1058 a
1333 1009 1482 1060 recto
1511 1002 1723 1073 itinere,
1755 1011 1808 1058 et
1844 1003 2060 1060 illectus
2090 1003 2146 1059 in

548 1091 774 1148 malum.
805 1093 875 1148 Et
893 1090 1024 1146 item
1053 1089 1254 1146 Paulus
1283 1090 1352 1146 ad
1371 1091 1648 1148 Romanos
1703 1091 1773 1148 de
1818 1092 2147 1165 quibusdam

550 1180 742 1238 scribit
772 1199 786 1236 :
816 1180 922 1248 Qui
936 1197 1066 1238 cum
1075 1179 1460 1252 cognovissent
1470 1181 1649 1237 Deum
1664 1197 1780 1238 non
1795 1183 1944 1238 sicut
1965 1183 2144 1238 Deum

547 1270 1141 1344 gloriﬁcaverunt,aut
1149 1269 1366 1340 gratias
1379 1273 1618 1342 egerunt
1630 1269 1695 1325 in
1711 1270 2142 1343 cogitationibus

548 1362 688 1426 suis,
707 1363 764 1416 et
774 1359 1132 1416 obscuratum
1147 1361 1234 1413 est
1246 1357 1526 1430 insipiens
1537 1374 1636 1415 cor
1646 1374 1840 1416 eorum
1855 1379 1874 1428 ;
1891 1359 2142 1417 dicentes

549 1448 705 1505 enim
723 1463 781 1504 se
797 1446 1212 1518 essesapientes
1254 1446 1422 1502 stulti
1459 1447 1605 1517 facti
1647 1451 1783 1503 sunt
1801 1448 1978 1517 (Rom,
2003 1447 2142 1518 t).Et

543 1535 702 1609 paulo
726 1543 851 1608 post
873 1552 888 1590 :
910 1537 1150 1608 Propter
1159 1535 1303 1608 quod
1320 1534 1561 1590 tradidit
1575 1535 1726 1594 illos.
1745 1535 2009 1604 Tradidit,
2049 1537 2139 1592 di-

542 1623 636 1696 xit,
669 1623 725 1680 id
752 1631 836 1680 est
865 1623 1045 1697 gratia
1069 1638 1181 1679 non
1229 1621 1482 1680 liberavit
1527 1622 1666 1680 sicut
1707 1639 1804 1681 cor
1835 1625 2140 1682 Pharaonis

538 1713 832 1784 induravit,
864 1713 1011 1786 quod
1037 1712 1215 1786 gratia
1229 1727 1339 1782 non
1369 1710 1648 1769 emollivit.
1678 1715 1748 1770 Et
1774 1715 2020 1786 psalmus
2048 1714 2138 1772 di-

539 1803 641 1861 cit:
659 1801 912 1861 Tradidit
931 1803 994 1858 in
1015 1801 1402 1874 captivitatem
1423 1802 1696 1858 virtutem
1717 1819 1928 1872 eorum,
1955 1805 2139 1877 etput-

541 1892 926 1951 chritudinem
947 1906 1140 1948 eorum
1158 1892 1224 1947 in
1243 1907 1450 1947 manus
1470 1891 1694 1948 inimici
1705 1891 2136 1967 (Psalmxxvn):

539 1981 596 2038 in
629 1979 996 2053 captivitatem
1025 1979 1170 2036 enim
1199 1979 1373 2036 virtus
1401 1987 1456 2036 et
1481 1980 1827 2052 pulchritudo
1870 1997 2138 2054 quorum-

537 2069 663 2127 dam
677 2070 736 2126 in
753 2085 949 2126 manus
969 2067 1173 2126 inimici
1187 2067 1438 2138 traditur,
1457 2085 1581 2126 cum
1601 2069 1843 2142 deceptae
1864 2071 2030 2128 menti
2049 2087 2140 2127 an‘

537 2158 718 2234 tiquus
747 2157 920 2216 hostis
949 2174 1016 2213 ex
1043 2155 1174 2214 boni
1201 2157 1386 2229 operis
1433 2157 1669 2214 elatione
1697 2157 2026 2215 dominatur.
2068 2161 2138 2216 Et

429 2232 441 2240 ’
539 2232 820 2322 apostolos
856 2247 1131 2320 expetivit
1152 2248 1396 2305 Satanas
1433 2251 1503 2304 ut
1550 2247 1828 2305 cribraret
1866 2265 1956 2306 eos
1983 2251 2136 2306 sicut

541 2340 801 2396 triticum
831 2336 991 2410 (Luc,
1027 2336 1190 2408 χχιι),
1215 2335 1308 2408 qui
1327 2336 1468 2406 jussi
1507 2344 1632 2392 sunt
1660 2353 1820 2394 orare
1849 2345 2032 2394 utnon
2051 2338 2134 2394 in-

536 2435 745 2484 trarent
773 2427 831 2482 in
859 2425 1233 2482 tentationem.
1266 2424 1336 2480 Et
1366 2424 1566 2481 Paulus
1597 2425 1886 2498 quemdam
1916 2427 2133 2484 tradidit

535 2515 769 2584 Satanm,
792 2518 860 2573 ut
880 2515 1117 2589 spiritus
1129 2515 1250 2588 ejus
1261 2515 1452 2572 salvus
1489 2515 1645 2584 ﬁerit
1681 2517 1748 2572 in
1787 2515 1881 2572 die
1903 2517 2134 2574 Domini

533 2605 585 2680 (I
603 2606 726 2663 Cor.
748 2603 828 2677 v).
846 2603 917 2660 Et
935 2603 1093 2659 item:
1110 2602 1390 2672 Quosdam
1402 2603 1620 2660 tradidit
1637 2603 1872 2672 Satanas,
1887 2613 1944 2661 ut
1959 2605 2134 2663 disce-

527 2701 648 2751 rent
675 2708 786 2750 non
814 2691 1218 2764 blasphemare,
1249 2699 1304 2748 et
1331 2689 1500 2748 filiam
1527 2693 1762 2750 Abrahae
1791 2692 2130 2751 incurvatam

529 2782 764 2858 legimus
793 2780 1065 2849 aSatana,
1111 2788 1165 2837 et
1220 2779 1407 2852 plures
1461 2789 1691 2854 propter
1745 2791 1973 2856 peccata
2019 2800 2129 2856 pu-

529 2871 732 2928 nienda
759 2886 881 2944 quae
917 2869 1150 2927 cruciari
1205 2877 1524 2927 meruerunt
1577 2871 1737 2944 quasi
1795 2871 2130 2944 quibusdam

529 2959 928 3036 questionariis
955 2965 1119 3032 atque
1140 2959 1435 3015 tortoribus
1463 2959 1687 3016 traditos
1717 2960 1954 3035 legimus
1986 2960 2129 3018 refu-

529 3051 616 3126 gis
644 3047 944 3123 spiritibus,
969 3048 1096 3122 quia
1125 3063 1234 3105 non
1275 3048 1451 3105 solum
1492 3047 1740 3106 homines
1785 3049 2017 3106 ministri
2073 3057 2127 3108 et

2248 825 2466 896 quando
2494 842 2651 882 mens
2677 826 2736 882 in
2761 843 2932 899 prava
2959 828 3173 886 actione
3200 829 3428 887 confusa
3454 832 3624 890 verba
3653 849 3848 890 corre-

2244 913 2446 984 ptionis
2476 915 2644 986 audit,
2675 915 2895 990 ﬂagella
2922 917 3277 976 correctionis
3294 919 3542 992 percipit,
3577 929 3630 978 et
3657 929 3846 980 tamen

2246 1001 2316 1057 ad
2369 1009 2518 1060 recta
2573 1003 2766 1060 salutis
2838 1005 3033 1062 itinera
3087 1007 3268 1064 redire
3325 1009 3638 1065 contemnit.
3701 1011 3844 1069 Hinc

2243 1090 2461 1162 captivo
2489 1091 2793 1150 Israelitico
2821 1094 3043 1167 populo,
3073 1111 3176 1153 nec
3215 1103 3394 1154 tamen
3439 1098 3507 1154 ab
3561 1098 3845 1172 iniquitate

2243 1193 2512 1236 converso
2532 1181 2798 1238 Dominus
2819 1183 3111 1254 exprobrat
3126 1184 3316 1242 dicens
3349 1203 3363 1240 :
3402 1187 3566 1244 Versa
3588 1191 3674 1244 est
3695 1189 3845 1246 mihi

2242 1266 2440 1326 domus
2455 1270 2632 1327 Israel
2647 1270 2711 1327 in
2723 1273 2968 1328 scoriam
2986 1290 3000 1327 :
3015 1289 3210 1330 omnes
3227 1275 3330 1331 isti
3347 1289 3444 1342 tes,
3461 1279 3518 1331 et
3533 1279 3835 1349 stannum,

2241 1361 2298 1413 et
2325 1359 2568 1429 ferrum,
2612 1363 2670 1414 et
2690 1360 2987 1432 plumbum
3010 1361 3075 1418 in
3103 1362 3288 1419 medio
3311 1365 3565 1435 fornacis
3607 1365 3834 1437 (Ezech.

2238 1445 2400 1517 xxu);
2413 1461 2477 1503 ac
2495 1446 2542 1502 si
2555 1455 2739 1519 aperte
2759 1447 2934 1505 dicat:
2960 1450 3206 1523 Purgare
3226 1466 3322 1508 eos
3335 1467 3436 1524 per
3453 1451 3640 1526 ignem
3660 1453 3838 1510 tribu-

2237 1532 2455 1590 lationis
2484 1535 2652 1604 volui,
2677 1544 2731 1592 et
2751 1545 3037 1609 argentum
3065 1538 3208 1609 illos,
3229 1539 3316 1596 vel
3333 1555 3528 1596 aurum
3547 1539 3666 1598 ﬁeri
3687 1559 3836 1614 quae-

2237 1621 2376 1690 sivi;
2411 1624 2508 1679 sed
2528 1623 2585 1679 in
2604 1623 2829 1682 fornace
2861 1626 2996 1681 mihi
3030 1627 3088 1682 in
3101 1642 3198 1695 aes,
3231 1637 3506 1698 stannum,
3555 1629 3761 1686 ferrum
3781 1639 3838 1688 et

2165 1741 2219 1803 B
2238 1709 2517 1803 plumbum
2535 1712 2680 1803 versi
2699 1721 2840 1803 sunt,
2861 1713 2990 1786 quia
3007 1731 3118 1771 non
3137 1715 3206 1772 ad
3227 1715 3499 1786 virtutem,
3520 1719 3618 1774 sed
3629 1719 3698 1775 ad
3709 1719 3837 1776 vitia

2241 1797 2408 1854 etiam
2434 1800 2490 1854 in
2517 1799 2868 1858 tribulatione
2909 1811 3307 1876 proruperunt;
3329 1805 3597 1878 quoniam
3631 1817 3724 1863 aut
3764 1808 3838 1866 ad

2237 1887 2472 1944 sonitum
2500 1890 2950 1947 murmurationis
2981 1901 3298 1966 eruperunt,
3331 1902 3428 1950 aut
3475 1894 3834 1953 simulationis

2237 1975 2366 2033 vitio
2395 1993 2506 2034 non
2535 1993 2728 2036 carere
2747 1979 3122 2053 decreverunt,
3151 1990 3243 2038 aut
3270 1983 3330 2039 in
3356 1984 3590 2041 nocendi
3626 1984 3833 2042 malitia

2236 2065 2497 2137 proximis
2523 2077 3032 2139 perseveraverunt,
3066 2079 3158 2126 aut
3183 2087 3218 2126 a
3257 2070 3542 2128 desideriis
3595 2073 3831 2132 terrenis

2234 2154 2409 2225 pressi
2437 2156 2493 2210 in
2519 2155 2868 2215 tribulatione
2895 2159 3125 2233 purgari
3144 2175 3254 2216 non
3282 2169 3594 2232 potuerunt.

2305 2243 2444 2300 Hinc
2473 2260 2664 2301 rursus
2693 2246 2956 2319 scriptum
2984 2255 3068 2304 est
3097 2265 3114 2304 :
3146 2250 3314 2307 Multo
3350 2251 3533 2308 labore
3559 2250 3830 2310 sudatum

2233 2335 2340 2400 est,
2370 2337 2428 2390 et
2455 2351 2573 2392 non
2588 2336 2769 2391 exivit
2799 2336 2865 2393 de
2885 2337 3083 2394 anima
3099 2339 3292 2411 rubigo
3334 2341 3475 2412 ejus,
3519 2356 3698 2414 neque
3725 2358 3826 2414 per

2232 2422 2420 2494 ignem
2434 2422 2656 2494 (Ezech.
2675 2423 2860 2492 xxiv),
2875 2424 3060 2499 ignem
3082 2425 3282 2500 quippe
3302 2427 3461 2485 nobis
3471 2427 3828 2487 tribulationis

2231 2509 2502 2580 admovet,
2526 2519 2583 2567 ut
2612 2511 2668 2568 in
2695 2512 2854 2569 nobis
2897 2513 3204 2586 rubiginem
3250 2517 3505 2573 vitiorum
3560 2519 3824 2576 Dominus

2228 2600 2552 2673 purget,sed
2579 2616 2680 2656 nec
2708 2617 2809 2673 per
2835 2600 3022 2674 ignem
3050 2603 3348 2661 amittimus
3365 2605 3584 2679 quando
3605 2615 3659 2663 et
3679 2608 3824 2663 rubi-

2229 2687 2372 2760 ginis
2402 2687 2543 2746 inter
2557 2681 2800 2763 ﬂagella,
2815 2691 2902 2746 vel
2921 2707 3020 2764 per
3047 2691 3267 2765 ﬂagella
3287 2694 3416 2752 vitio
3427 2711 3536 2751 non
3551 2710 3817 2754 caremus.

2226 2777 2364 2834 Hinc
2386 2779 2655 2850 propheta
2686 2778 2886 2835 iterum
2913 2780 3044 2838 dicit
3077 2799 3090 2838 :
3128 2783 3337 2840 Frusta
3383 2785 3656 2854 con/lavit
3679 2801 3818 2844 con-

2226 2867 2454 2934 solator,
2471 2868 2711 2924 malitia:
2721 2885 2915 2926 eorum
2926 2887 3041 2928 non
3077 2876 3575 2947 suntconsumptte
3587 2876 3814 2946 (Jerem.

2226 2968 2326 3028 v1).
2341 2956 2510 3012 Poena
2520 2956 2712 3029 inquit,
2730 2958 3048 3031 Gregorius,
3063 2977 3308 3032 praesens
3321 2961 3368 3016 si
3381 2960 3566 3018 aﬂlicti
3579 2963 3816 3020 animum

2226 3045 2511 3116 convertit,
2543 3043 2668 3102 ﬁnis
2696 3054 2780 3102 est
2808 3047 2984 3120 culpae
3010 3049 3372 3120 praecedentis
3407 3068 3422 3108 :
3454 3051 3500 3106 si
3537 3059 3720 3110 autem
3747 3053 3818 3108 ad

527 3103 732 3196 alteras
760 3145 885 3196 sunt
913 3103 1012 3196 ira;
1038 3136 1140 3194 Dei
1166 3137 1223 3193 in
1269 3136 1354 3194 his
1406 3137 1498 3211 qui
1549 3138 1754 3194 malum
1809 3147 2118 3212 cperantur,
2153 3103 2204 3168 α
2224 3133 2478 3190 timorem
2505 3134 2724 3192 Domini
2751 3135 2974 3192 minime
3003 3138 3286 3209 convertit,
3314 3138 3525 3196 initium
3541 3148 3623 3197 est
3643 3157 3818 3214 poenae

527 3228 730 3304 quique
760 3243 870 3285 non
906 3225 1026 3284 sine
1071 3243 1232 3284 causa
1261 3234 1483 3299 portant
1509 3227 1776 3302 gladium,
1828 3229 1927 3285 sed
1956 3229 2122 3286 etiam

526 3317 811 3376 contrariae
838 3316 1197 3384 fortitudines,
1231 3333 1352 3389 qua:
1375 3316 1721 3390 appellantur
1770 3316 1924 3374 furor
1942 3325 1996 3374 et
2026 3319 2121 3376 iras

522 3407 625 3464 Dei
652 3407 830 3480 (Rom.
855 3407 994 3478 xm).
1025 3404 1366 3478 Quapropter
1393 3405 1440 3462 si
1467 3405 1711 3462 moribus
1732 3413 1786 3462 et
1813 3405 1971 3464 factis
2015 3407 2122 3464 tuis

522 3495 866 3572 exigentibus
887 3496 1035 3566 justo
1072 3494 1173 3552 Dei
1213 3494 1420 3565 judicio
1467 3495 1832 3568 permittente,
1869 3504 1958 3554 aut
1988 3513 2022 3552 a
2069 3505 2120 3553 te

521 3586 664 3660 ipso,
697 3585 786 3644 vel
813 3601 912 3657 per
938 3583 1187 3656 spiritum
1216 3582 1470 3658 refugam
1497 3584 1554 3640 in
1564 3593 1870 3658 peccatum,
1888 3585 2014 3659 quia
2031 3585 2118 3643 1e-

520 3676 703 3750 gimus
731 3676 1109 3732 immissione:
1125 3690 1231 3748 per
1245 3674 1474 3746 angelos
1490 3676 1670 3732 malos
1687 3675 1862 3748 (Psal.
1886 3677 2116 3745 Lxxvu),

519 3764 608 3821 vel
639 3762 915 3820 hominem
953 3763 1054 3820 Dei
1082 3761 1392 3818 ministrum
1437 3763 1510 3820 ad
1550 3779 1771 3835 poenam
1816 3763 2030 3836 peccati
2058 3781 2118 3820 es

519 3852 772 3921 traditus,
795 3852 843 3909 si
869 3861 922 3910 te
936 3869 1046 3909 non
1067 3851 1442 3926 recognoscis,
1470 3860 1524 3907 et
1539 3869 1650 3908 non
1667 3852 1999 3926 corrigendo
2027 3870 2120 3910 re-

519 3942 756 4016 sipiscis,
786 3957 896 3998 non
923 3941 1096 3998 habes
1125 3941 1270 3997 unde
1299 3940 1566 4014 queraris,
1600 3941 1699 3997 sed
1728 3941 1872 3998 unde
1900 3941 2119 4000 tribule-

519 4034 594 4090 ris
613 4052 627 4101 ;
643 4031 772 4106 quia
787 4047 897 4088 non
907 4029 1038 4088 dicit
1053 4029 1318 4086 Dominus
1334 4048 1346 4085 :
1361 4031 1520 4087 Beati
1553 4032 1652 4104 qui
1663 4033 2117 4104 persecutionem

516 4123 825 4198 patiuntur
841 4129 1068 4194 propter
1085 4118 1157 4190 inj
1165 4119 1424 4187 ustitiam,
1459 4119 1557 4177 sed
1564 4124 1800 4194 propter
1818 4122 2116 4194 justitiam

517 4213 830 4286 (Matth.v).
862 4212 932 4266 Et
957 4209 1251 4282 Apostolus
1297 4208 1428 4266 dicit
1460 4227 1474 4264 :
1524 4211 1732 4267 Beatus
1768 4211 1866 4285 qui
1912 4211 2115 4284 suffert

514 4304 912 4370 tentationem,
927 4301 1193 4372 quoniam
1203 4315 1335 4355 cum
1353 4299 1622 4372 probatus
1661 4301 1846 4372 fuerit
1871 4301 2115 4374 accipiet

513 4408 781 4450 coronam
796 4391 926 4446 vitae
936 4387 1076 4459 (Jac,
1091 4389 1151 4458 ι),
1171 4386 1318 4460 quia,
1335 4386 1476 4444 sicut
1487 4387 1678 4444 beatus
1691 4389 1994 4461 Cyprianus
2014 4389 2108 4461 ait,

2222 3223 2520 3296 sequentis.
2555 3224 2870 3282 Cavendum
2899 3241 3035 3300 ergo
3065 3227 3224 3283 nobis
3254 3235 3337 3284 est
3375 3235 3430 3284 et
3470 3245 3816 3303 summopere

2219 3310 2278 3367 in
2304 3311 2520 3369 ﬂetibus
2535 3320 2647 3370 tota
2673 3313 2870 3371 mentis
2899 3316 3256 3373 conversione
3285 3317 3642 3391 vigilandum,
3663 3335 3730 3375 ne
3749 3319 3818 3376 de

2222 3407 2490 3459 tormento
2517 3402 2588 3458 ad
2615 3410 2878 3460 tormenta
2906 3411 3272 3463 transeamus.
3306 3405 3411 3476 Qui
3449 3423 3586 3481 ergo
3636 3409 3814 3479 justus

2219 3490 2441 3563 patitur,
2469 3491 2516 3547 si
2534 3492 2804 3564 patienter
2830 3509 2896 3549 ea
2917 3509 3035 3566 qua:
3055 3495 3253 3566 patitur
3277 3494 3522 3565 sustinet,
3545 3496 3814 3554 Christum

2219 3578 2478 3636 imitatur.
2507 3579 2619 3650 Qui
2645 3581 2700 3636 in
2721 3581 2957 3654 ﬂagellis
2979 3584 3284 3658 corrigitur,
3317 3581 3582 3642 latronem
3638 3585 3731 3659 qui
3761 3585 3816 3642 in

2219 3684 2381 3726 cruce
2411 3669 2683 3726 Christum
2713 3671 2987 3745 cognovit,
3020 3680 3074 3728 et
3100 3680 3224 3744 post
3245 3689 3465 3731 crucem
3504 3675 3814 3747 paradisum

2218 3772 2344 3814 cum
2374 3757 2586 3815 Christo
2614 3759 2833 3817 intravit
2857 3778 2871 3815 :
2905 3760 2998 3833 qui
3022 3777 3124 3819 nec
3144 3761 3286 3818 inter
3300 3763 3518 3837 ﬂagella
3538 3764 3752 3820 desistit
3767 3779 3800 3820 a

2216 3847 2411 3919 culpis,
2445 3847 2726 3904 sinistrum
2750 3849 3026 3906 imitamur
3083 3850 3371 3920 latronem,
3431 3852 3525 3925 qui
3581 3862 3802 3926 propter

2215 3944 2441 4009 peccata
2469 3937 2717 3994 ascendit
2744 3939 2800 3994 in
2827 3954 3062 4009 crucem,
3107 3947 3160 3996 et
3185 3949 3310 4013 post
3339 3957 3560 3998 crucem
3616 3941 3722 3997 ruit
3757 3942 3811 3997 in

2216 4031 2498 4081 tartarum.
2533 4026 2590 4083 Si
2620 4043 2757 4102 ergo
2783 4035 3008 4100 prapter
3034 4035 3320 4100 peccatum
3361 4031 3528 4086 modo
3573 4030 3810 4104 quolibet

2215 4113 2304 4172 vel
2332 4131 2366 4170 a
2393 4131 2720 4188 quocunque
2745 4116 2980 4172 traditus
3009 4133 3090 4186 es,
3122 4126 3175 4174 et
3203 4133 3304 4190 per
3333 4119 3639 4176 traditionis
3682 4137 3806 4192 per-

2215 4203 2552 4260 secutionem
2577 4213 2879 4274 correctus,
2914 4214 2972 4262 ut
3001 4207 3193 4264 audire
3210 4208 3478 4264 merearis
3505 4225 3536 4264 a
3553 4209 3801 4278 Domino,

2215 4299 2268 4348 et
2295 4291 2342 4348 si
2368 4310 2479 4350 non
2498 4294 2723 4350 auribus
2751 4296 3110 4368 corporis,vel
3123 4297 3346 4353 auribus
3391 4297 3498 4354 illis
3522 4299 3590 4354 de
3614 4299 3804 4371 quibus

2215 4381 2500 4439 Psalmista
2529 4383 2660 4441 dicit
2691 4402 2705 4440 :
2735 4385 2980 4442 Audiam
2995 4385 3129 4459 quid
3147 4387 3412 4459 loquatur
3427 4388 3490 4443 in
3506 4405 3596 4444 me
3613 4389 3802 4445 Domi-

512 4487 812 4554 martyrem
838 4493 950 4534 non
985 4476 1114 4534 facit
1151 4493 1334 4548 poena,
1393 4476 1494 4532 sed
1549 4493 1717 4534 causa
1752 4495 1764 4532 :
1802 4493 1930 4534 nam
1987 4469 2184 4535 cumD
2213 4487 2324 4528 nus
2339 4474 2486 4530 Deus
2529 4474 2703 4544 (Psal.
2743 4474 3008 4548 Lxxxtv),
3059 4475 3206 4548 quod
3227 4476 3432 4533 audivit
3463 4476 3558 4549 qui
3575 4483 3798 4549 propter

513 4569 730 4626 Christo
749 4583 968 4625 crucem
994 4565 1158 4622 etiam
1194 4564 1473 4638 periturus
1511 4565 1649 4623 latro
1695 4566 1957 4640 suscepit,
2010 4567 2111 4624 sed

511 4674 674 4732 quem
700 4665 882 4714 reatus
907 4653 1160 4729 proprius
1188 4654 1381 4722 tenuit,
1414 4670 1518 4727 par
1539 4653 1821 4712 cruciﬁxio
1851 4673 1962 4712 non
2006 4655 2111 4712 ab-

512 4746 691 4804 solvit.
715 4747 784 4803 Et
811 4745 1138 4818 persecutio,
1172 4745 1261 4803 vel
1287 4743 1508 4801 traditio
1537 4743 1668 4801 dum
1711 4759 1822 4801 non
1867 4745 2110 4802 rationa-

507 4835 690 4892 biliter
716 4835 1026 4904 sustinetur,
1057 4842 1116 4892 ut
1143 4835 1334 4892 beatus
1363 4841 1631 4890 monstrat
1660 4833 1979 4908 Gregorius,
2015 4853 2112 4892 ne-

511 4939 784 4998 quaquam
809 4922 1024 4996 proficit
1051 4925 1121 4980 ad
1151 4923 1399 4981 salutem.
1431 4923 1572 4980 Nam
1600 4923 1734 4980 nulli
1780 4923 1864 4980 fas
1914 4932 1997 4982 est
2025 4942 2112 4984 re-

507 5013 860 5071 tributionem
879 5012 1231 5086 praamiorum
1247 5018 1571 5085 exspectare
1586 5029 1686 5086 per
1701 5013 1938 5086 culpam,
1964 5015 2111 5089 quod

510 5111 565 5162 et
593 5102 788 5160 beatus
813 5103 1008 5160 Petrus
1036 5100 1317 5176 apostolus
1341 5101 1682 5159 demonstrat
1705 5102 1896 5160 dicens
1927 5122 1942 5160 :
1980 5105 2112 5174 Quae

508 5196 594 5252 est
615 5193 770 5250 enim
788 5194 976 5266 gratia
994 5193 1045 5249 si
1053 5194 1354 5266 peccantes
1382 5195 1440 5249 et
1467 5190 1813 5266 colaphizati
1828 5193 2112 5266 suﬁ‘ertis?

507 5282 725 5356 (IPetr.
757 5282 845 5356 ιι.)
868 5281 1068 5338 Contra
1087 5281 1190 5338 hos
1211 5281 1474 5354 pr0pheta
1501 5281 1734 5339 Domino
1764 5283 2006 5356 queritur
2033 5282 2113 5339 di-

506 5386 640 5431 cens
655 5391 670 5428 :
684 5373 725 5429 Α
734 5371 972 5430 ttrivisti
981 5387 1071 5428 eos
1083 5373 1140 5428 et
1149 5375 1470 5428 renuerunt
1479 5373 1733 5446 accipere
1744 5373 2112 5446 disciplinam

504 5462 734 5536 (Jerem.
764 5461 870 5534 ιιι).
905 5461 1041 5517 Hinc
1069 5468 1152 5518 est
1183 5460 1330 5534 quod
1350 5460 1614 5519 Dominus
1633 5462 1765 5520 dicit
1801 5481 1815 5518 :
1840 5463 2113 5533 Interfeci

502 5551 790 5626 etperdidi
799 5551 1069 5626 populum
1079 5552 1340 5621 istum,et
1351 5551 1706 5611 tamenaviis
1717 5552 2113 5610 suisnonsunt

2211 4570 2496 4634 peccatum
2524 4562 2850 4637 ﬂagellatus,
2881 4571 2935 4620 et
2959 4581 3062 4636 per
3092 4564 3370 4638 ﬂagellum
3403 4575 3672 4640 purgatus
3701 4573 3799 4632 est,

2212 4650 2426 4709 dicente
2437 4653 2671 4710 Domino
2704 4671 2718 4709 :
2749 4655 2890 4710 Ecce
2905 4671 3084 4712 sanus
3101 4657 3294 4727 factus
3314 4671 3390 4722 es,
3406 4657 3535 4728 jam
3546 4657 3670 4713 noli
3674 4672 3802 4730 pec-

2211 4756 2360 4809 care,
2400 4758 2474 4798 ne
2497 4740 2748 4800 deterius
2798 4742 2900 4799 tibi
2935 4743 3156 4816 aliquid
3194 4745 3688 4817 contingatann.
3724 4745 3800 4816 v).

2211 4829 2394 4886 Habes
2421 4829 2567 4886 unde
2586 4831 2850 4902 gaudeas,
2885 4839 2938 4888 et
2969 4832 3118 4904 quod
3136 4833 3382 4889 cavendo
3411 4834 3710 4890 custodias.
3748 4830 3802 4888 Si

2211 4925 2389 4976 autem
2420 4919 2545 4977 ideo
2600 4919 2848 4992 traditus,
2909 4928 2964 4978 et
3017 4919 3304 4978 traditione
3356 4921 3663 4996 ﬂagellatus
3718 4936 3794 4991 es,

2210 5022 2321 5065 non
2350 5007 2474 5081 quia
2516 5009 2777 5081 peccasti,
2835 5008 2935 5066 sed
2981 5025 3050 5066 ne
3097 5024 3374 5082 peccares,
3433 5011 3573 5068 sicut
3611 5010 3800 5067 Paulus

2211 5097 2305 5170 qui
2333 5097 2468 5153 dixit
2497 5115 2514 5152 :
2545 5097 2622 5155 Ne
2650 5097 2982 5172 magnitudo
3018 5101 3421 5158 reuelationem
3441 5101 3688 5158 extollat
3712 5115 3798 5156 me

2211 5187 2379 5244 datus
2400 5191 2486 5244 est
2496 5187 2642 5244 mihi
2667 5188 2938 5244 stimulus
2952 5190 3147 5245 carnis
3167 5205 3323 5256 meae,
3339 5193 3407 5246 ut
3435 5205 3526 5246 me
3543 5189 3798 5263 colaphi-

2211 5280 2302 5332 zet
2321 5276 2399 5349 (II
2437 5277 2558 5336 Cor.
2589 5277 2716 5350 xu).
2747 5275 3002 5334 Libenter
3048 5277 3288 5351 gloriare
3317 5279 3374 5334 in
3404 5276 3798 5334 infirmitatibus

2211 5365 2336 5435 tuis,
2367 5371 2437 5423 ut
2463 5367 2743 5424 inhabitet
2771 5368 2835 5424 in
2877 5371 2931 5424 te
2958 5368 3142 5424 virtus
3175 5369 3406 5426 Christi.
3429 5366 3486 5424 Si
3514 5369 3749 5442 denique
3768 5382 3800 5422 a

2213 5471 2554 5530 quocunque,
2585 5455 2675 5514 vel
2727 5455 2892 5513 modo
2947 5471 3272 5530 quocunque
3327 5457 3556 5514 traditus
3603 5473 3682 5525 es,
3715 5453 3798 5513 vel

2210 5567 2320 5610 non
2347 5561 2576 5627 propter
2616 5554 2936 5626 praecedens
2982 5562 3288 5628 peccatum,
3337 5553 3426 5613 vel
3455 5554 3580 5614 ideo
3607 5562 3666 5612 ut
3691 5569 3799 5611 non
