4174 6326
315 254 418 308 553

1104 249 1348 310 OPUSC.
1378 253 1469 310 ET
1495 253 1714 309 EPIST.
1747 254 1820 309 IN
1849 252 2076 310 CAUSA
2109 254 2451 314 HINCMARI
2479 249 2784 316 LAUDUN.

3510 263 3614 324 554

317 374 633 430 incurreres
665 374 810 444 quod
839 380 1051 445 poterat
1084 377 1339 433 accidere
1373 377 1468 432 tibi
1497 385 1797 447 peccatum,
1831 377 1931 432 sed
1962 378 2140 439 Aloci
2185 382 2293 437 mei
2322 383 2499 439 ofﬁcio
2538 381 2844 455 intelligere
2899 387 3170 444 debueras
3225 391 3551 449 monitorem
3599 414 3612 449 :

327 471 384 517 ut
406 462 586 531 justus
607 462 987 530 justiﬁcareris
1019 464 1212 530 adhuc,
1262 464 1401 520 sicut
1447 465 1667 534 Tobias,
1728 474 1781 521 et
1828 465 1928 520 Job

327 551 395 605 de
425 566 532 623 quo
562 550 824 606 Dominus
856 551 988 605 dixit
1020 552 1089 606 ad
1121 552 1287 608 Satan
1321 570 1334 606 :
1368 555 1506 608 Ecce
1539 554 1603 608 in
1637 570 1816 609 manu
1834 557 1933 609 tua

324 643 426 707 est,
455 643 679 695 tantum
704 641 959 695 animam
979 641 1139 696 illius
1161 657 1319 697 serva
1341 641 1460 711 (Job
1479 635 1548 712 ἰ),
1578 642 1855 696 custodire
1878 649 1930 696 te

319 735 532 798 oportet
560 733 619 782 ut
647 743 715 781 ne
745 727 813 782 de
846 727 1065 799 ﬂagello
1095 745 1422 794 murmures,
1449 737 1500 784 et
1521 729 1758 785 animam
1786 737 1932 783 tuam

325 831 488 887 quam
545 815 808 871 Dominus
853 831 1074 871 servare
1131 816 1187 871 in
1217 817 1318 871 Job
1370 817 1633 885 jusserat,
1691 833 1932 872 murmu-

327 903 501 959 rando
530 903 586 958 in
615 910 942 974 potestatem
970 903 1118 958 illius
1147 904 1350 958 tradas.
1386 906 1567 976 Neque
1601 922 1932 960 murmura-

323 994 538 1057 veritis,
574 991 753 1062 inquit
809 991 1120 1064 Apostolus,
1153 993 1304 1048 sicut
1325 994 1553 1064 quidam
1577 1009 1771 1048 eorum
1784 1010 1934 1049 mur-

323 1083 717 1146 muraverunt,
753 1083 809 1135 et
837 1097 871 1135 a
920 1081 1275 1151 serpentibus
1305 1085 1598 1152 perierunt
1638 1083 1687 1151 (I
1720 1082 1928 1151 Const).

329 1168 536 1223 Cavere
560 1168 725 1223 etiam
754 1183 1100 1239 summopere
1131 1169 1300 1223 debes
1332 1176 1388 1222 ut
1413 1175 1568 1225 aucta
1596 1185 1697 1240 per
1745 1169 1932 1240 ﬂagel-

323 1255 436 1311 lum
465 1257 654 1310 merita
685 1256 752 1312 de
785 1264 981 1312 cetero
1036 1257 1314 1326 peccando
1369 1273 1478 1311 non
1522 1256 1793 1328 inquines,
1835 1257 1932 1311 sed

325 1344 482 1413 juxta
511 1359 704 1399 vocem
750 1344 968 1399 Domini
1021 1345 1186 1400 corde
1205 1345 1342 1401 bono
1369 1349 1424 1400 et
1445 1347 1652 1416 Optimo
1681 1346 1928 1411 verbum,

329 1441 383 1488 et
401 1433 783 1503 purgationem
805 1433 922 1501 ejus
954 1434 1210 1489 retinens
1240 1437 1497 1503 fructum
1514 1434 1718 1503 afferas
1741 1434 1804 1488 in
1834 1449 1932 1502 pa-

334 1522 540 1576 tientia
570 1521 724 1591 (Luc.
785 1519 926 1590 vni),
977 1521 1236 1592 quoniam
1283 1521 1375 1592 qui
1434 1521 1712 1576 humiliter
1769 1521 1930 1576 etiam

324 1623 429 1679 pro
456 1608 696 1679 peccatis
727 1607 839 1662 suis
870 1608 1090 1680 ﬂagella
1119 1607 1438 1680 suscipiunt,
1466 1616 1591 1680 post
1612 1608 1832 1680 ﬂagella
1861 1608 1932 1663 ad

325 1697 569 1768 requiem
620 1696 919 1751 sublimiter
967 1697 1348 1768 suscipiuntur.
1397 1697 1487 1752 Sic
1530 1713 1636 1752 uva
1683 1697 1922 1752 calcibus
1953 1727 2006 1786 B

324 1784 588 1851 tunditur,
624 1793 676 1839 et
705 1785 761 1840 in
788 1784 898 1839 vini
925 1801 1181 1855 saporem
1206 1785 1444 1856 liquatur
1469 1804 1483 1852 ;
1517 1785 1594 1842 sic
1625 1785 1768 1840 oliva
1799 1801 1923 1842 con-

322 1872 637 1928 tritionibus
692 1888 955 1943 expressa
1017 1890 1292 1930 amurcam
1362 1890 1513 1928 suam
1579 1873 1818 1940 deserit,
1879 1880 1930 1928 et

322 1959 381 2015 in
407 1960 513 2015 olei
541 1960 813 2032 liquorem
861 1961 1191 2031 pinguescit,
1240 1977 1319 2016 src
1365 1978 1463 2032 per
1509 1961 1757 2017 trituram
1787 1977 1929 2016 areae

325 2048 552 2120 apaleis
581 2065 752 2120 grana
783 2057 1125 2120 separantur,
1174 2057 1225 2105 et
1271 2049 1339 2105 ad
1387 2051 1644 2105 horreum
1700 2057 1929 2120 purgata

319 2138 666 2208 perveniunt.
701 2137 961 2209 Quisquis
992 2154 1123 2210 ergo
1153 2138 1358 2209 appetit
1405 2138 1567 2208 plene
1623 2137 1754 2194 vitia
1812 2137 1930 2192 vin-

324 2240 476 2295 cere,
510 2225 724 2281 studeat
746 2225 1018 2281 humiliter
1049 2225 1390 2298 purgationis
1423 2241 1532 2281 sua‘:
1578 2225 1790 2298 ﬂagella
1847 2232 1928 2281 to-

326 2313 524 2379 lerare,
575 2322 633 2368 ut
677 2321 826 2370 tanto
855 2321 977 2384 post
1016 2314 1085 2369 ad
1129 2315 1367 2383 judicem
1423 2313 1674 2369 mundior
1727 2313 1924 2380 veniat,

327 2410 530 2474 quanto
559 2418 704 2458 nunc
736 2402 852 2471 ejus
881 2402 1188 2472 rubiginem
1217 2402 1361 2475 ignis
1390 2402 1751 2458 tribulationis
1797 2419 1928 2473 pur-

325 2498 445 2563 gat.
477 2490 635 2559 Quod
664 2490 800 2547 dicis
829 2490 966 2545 meis
1020 2491 1266 2562 apicibus
1322 2498 1376 2547 te
1407 2491 1565 2547 solito
1603 2507 1752 2547 more
1783 2505 1928 2547 mor-

323 2579 463 2647 deri,
497 2579 594 2634 sed
623 2595 732 2634 non
762 2587 813 2634 te
845 2578 1084 2634 sensisse
1113 2578 1256 2645 ledi,
1283 2579 1328 2634 si
1357 2579 1429 2633 ita
1462 2579 1609 2651 quod
1662 2577 1799 2636 dicis
1855 2579 1929 2634 ita

323 2674 387 2721 ut
407 2673 492 2723 est
520 2667 934 2740 intelligendum
981 2667 1263 2738 intelligis,
1314 2682 1424 2723 non
1478 2667 1751 2739 improbo,
1804 2667 1930 2738 quia

325 2763 384 2812 et
423 2763 536 2810 erat
577 2755 722 2811 unde
749 2755 1010 2824 morderi,
1047 2755 1145 2812 sed
1191 2756 1262 2812 ad
1293 2756 1610 2824 sanitatem;
1643 2764 1696 2812 et
1723 2755 1928 2812 idcirco

324 2852 381 2901 te
400 2858 510 2898 non
527 2843 652 2899 laedi
668 2843 868 2899 sentire
888 2843 1129 2899 debebas
1163 2861 1176 2898 :
1209 2842 1279 2900 sit
1301 2844 1446 2899 enim
1466 2851 1525 2899 ut
1543 2843 1601 2898 in
1627 2842 1928 2914 Evangelio

323 2931 565 3004 legimus
593 2931 754 3004 plaga
783 2939 1019 3003 sanatus,
1052 2932 1256 2988 scilicet
1285 2948 1386 3004 per
1414 2947 1600 2988 acrem
1631 2931 1740 2988 vini
1788 2947 1931 2986 mor-

325 3033 472 3086 sum,
505 3025 558 3072 et
586 3033 685 3089 per
714 3017 820 3074 olei
849 3017 1146 3074 fomentum
1181 3035 1192 3071 :
1220 3033 1342 3072 cum
1371 3017 1516 3072 enim
1568 3016 1662 3072 tibi
1716 3015 1930 3072 ostendi

327 3107 478 3179 quod
507 3113 684 3161 actum
713 3106 801 3174 sit,
833 3107 934 3162 rite
965 3106 1034 3160 ad
1064 3121 1306 3162 morsum
1334 3104 1664 3171 intellexisti,
1725 3112 1778 3159 et
1802 3119 1927 3160 cum

327 3193 545 3252 ostendi
571 3195 700 3265 quid
729 3194 1002 3268 agendum
1033 3194 1120 3260 sit,
1155 3193 1201 3248 si
1221 3202 1363 3250 recte
1380 3193 1531 3258 facis,
1552 3193 1827 3264 pertinere
1857 3192 1927 3248 ad

326 3291 438 3350 olei
466 3289 762 3348 fomentum
791 3291 1071 3363 intelligis.
1106 3290 1162 3345 Si
1192 3298 1374 3345 autem
1403 3291 1539 3346 adeo
1569 3289 1927 3345 intentionem

331 3390 485 3436 tuam
512 3380 678 3436 rebus
723 3379 1046 3436 transitoriis
1100 3378 1514 3434 immoderatius
1570 3377 1837 3449 implicas,
1871 3385 1929 3433 ut

327 3469 531 3541 quibus
561 3468 1012 3540 negligentiarum
1037 3467 1228 3536 jaculis
1267 3465 1624 3539 transﬁgaris,
1669 3465 1758 3523 vel
1801 3464 1927 3536 qui-

323 3558 430 3612 bus
459 3556 817 3612 monitionum
844 3554 1258 3612 medicamentis
1288 3555 1493 3612 debeas
1513 3554 1716 3610 curari
1763 3554 1926 3626 igno-

328 3662 444 3711 res,
481 3645 605 3716 quia
632 3660 738 3701 nec
763 3645 975 3711 laesum,
1008 3661 1109 3700 nec
1148 3643 1444 3700 sanabilem
1473 3651 1526 3700 te
1544 3641 1714 3699 sentis
1729 3642 1928 3714 proba-

330 3733 518 3789 biliter
547 3733 818 3804 improbo.
854 3732 1011 3789 Unde
1039 3748 1140 3803 per
1169 3731 1512 3788 Salomonem
1541 3747 1644 3787 vox
1682 3730 1930 3801 percussi

329 3831 388 3879 et
425 3820 746 3878 dormientis
766 3820 1085 3892 exprimitur
1105 3821 1197 3892 qui
1212 3819 1286 3876 ait
1315 3837 1326 3875 :
1362 3821 1798 3876 Verberaverunt
1816 3835 1926 3884 me,

329 3909 431 3967 sed
449 3925 565 3967 non
577 3909 727 3964 dolui
749 3930 767 3977 ;
783 3913 1096 3965 traxerunt
1114 3926 1220 3974 me,
1247 3911 1304 3964 et
1322 3925 1415 3979 ego
1435 3925 1551 3964 non
1569 3908 1723 3963 sensi
1744 3907 1929 3976 (Prov.

333 3998 509 4069 xxm)
540 4013 554 4051 :
581 4013 738 4053 mens
786 3996 985 4069 quippe
1014 4012 1048 4053 a
1075 4012 1205 4053 cura
1234 4013 1347 4052 suae
1375 3995 1755 4052 sollicitudinis
1805 3994 1934 4049 dor-

333 4085 516 4142 ruiens
542 4086 881 4156 verberatur,
914 4093 968 4141 et
1015 4101 1124 4141 non
1179 4084 1366 4153 dolet;
1397 4084 1520 4157 quia
1567 4084 1706 4140 sicut
1758 4083 1936 4138 immi-

334 4174 522 4232 nentia
549 4173 690 4229 mala
717 4189 828 4229 non
853 4173 1136 4245 prospicit,
1189 4173 1268 4228 sic
1312 4188 1414 4228 nec
1471 4177 1773 4243 perpetrata
1801 4187 1933 4242 per-

335 4261 576 4320 timescit
612 4279 626 4317 :
660 4261 888 4317 trahitur
917 4269 970 4317 et
995 4277 1338 4332 nequaquam
1369 4260 1531 4315 sentit
1559 4259 1814 4331 quoniam
1833 4273 1935 4329 per

335 4350 627 4409 illecebras
653 4350 907 4406 vitiorum
936 4350 1148 4405 ducitur
1178 4365 1278 4405 nec
1307 4356 1489 4404 tamen
1521 4363 1554 4402 a
1603 4348 1687 4403 sui
1745 4354 1931 4402 custo-

1960 3073 2008 3135 C

2034 479 2084 525 et
2117 478 2170 524 tu
2201 486 2308 525 non
2338 487 2426 526 me
2455 488 2650 528 aversa
2698 474 2868 539 hasta,
2917 482 2976 529 ut
3017 477 3202 532 Abner
3246 482 3445 536 Asahel
3485 500 3616 554 per-

2033 568 2349 630 sequentem
2403 559 2552 621 feris.
2599 569 2653 615 et
2696 561 2988 632 tranquille
3032 581 3097 620 ex
3142 567 3463 636 quibusdam
3505 579 3619 626 tan-

2032 646 2135 717 gis,
2171 655 2224 701 et
2253 647 2408 718 quasi
2449 649 2727 718 parcendo
2770 665 3014 720 superas,
3065 653 3163 707 sed
3210 653 3534 725 invehendo,
3568 668 3622 716 et

2031 734 2338 790 resistendo
2363 735 2420 788 in
2462 735 2660 791 faciem
2689 745 2952 807 quantum
2977 747 3137 810 potes
3177 756 3278 811 per
3333 754 3620 802 contuma-

2032 839 2153 877 cem
2180 830 2547 893 contemptum
2578 824 2624 878 si
2667 833 2822 896 potes
2863 827 2933 880 ad
2981 826 3222 883 furorem
3277 835 3622 901 provocando

2033 926 2372 982 exaggerare
2400 928 2510 966 non
2537 928 2761 980 cessas;
2796 921 2850 968 et
2878 914 3003 969 ideo
3057 919 3474 987 responsionum
3525 939 3622 978 ra-

2032 998 2177 1053 tione
2207 998 2263 1054 in
2292 999 2496 1055 intimis
2527 1000 2625 1054 sub
2657 1002 3046 1072 tranquillitate
3077 1012 3251 1061 tactus
3279 1007 3350 1061 ab
3381 1025 3445 1064 eo
3472 1012 3618 1081 quod

2031 1102 2118 1142 me
2165 1103 2267 1158 pro
2311 1087 2637 1143 necessitate
2685 1089 2792 1146 loci
2818 1090 2928 1146 mei
2955 1107 3241 1148 erexeram
3287 1111 3398 1152 non
3453 1098 3614 1169 cado,

2031 1190 2210 1246 neque
2231 1177 2546 1244 succumbo,
2579 1177 2677 1232 sed
2722 1177 2954 1234 validius
2996 1196 3216 1254 semper
3258 1183 3451 1251 clamo,
3506 1187 3624 1242 ela-

2030 1263 2192 1328 mavi,
2228 1263 2474 1318 clamabo
2503 1281 2604 1334 per
2631 1281 2824 1333 aevum,
2857 1271 2914 1322 et
2967 1270 3116 1324 sicut
3174 1272 3308 1327 tuba
3365 1275 3626 1332 exaltabo

2031 1367 2219 1407 vocem
2247 1368 2434 1408 meam
2485 1354 2618 1422 (Isa.
2651 1353 2827 1425 Lvm),
2861 1361 2915 1410 et
2943 1357 3270 1413 annuntiabo
3301 1359 3400 1416 tibi
3429 1378 3625 1419 exces-

2031 1455 2124 1493 sus
2170 1446 2311 1505 tuos,
2347 1447 2401 1495 et
2429 1446 2678 1512 satagam
2706 1449 2760 1496 te
2789 1457 3047 1499 revocare
3075 1461 3173 1516 pro
3188 1446 3400 1503 viribus
3431 1465 3466 1506 a
3494 1467 3626 1506 con-

2031 1527 2230 1582 tumaci
2261 1527 2495 1584 elatione
2541 1535 2652 1584 tua.
2695 1528 2853 1598 Quod
2899 1531 3036 1587 dicis
3077 1539 3132 1590 te
3177 1535 3348 1591 serris
3397 1537 3622 1605 tritum;

2029 1613 2326 1686 improprie
2353 1623 2614 1688 quantum
2644 1617 2822 1673 audeo
2849 1618 3030 1675 dicere
3060 1622 3163 1677 hoc
3193 1630 3285 1679 tua
3348 1641 3624 1696 gramma-

2029 1703 2136 1758 tica
2163 1703 2386 1773 protulit
2418 1720 2430 1758 :
2464 1720 2628 1761 nemo
2661 1705 2806 1760 enim
2837 1707 2999 1762 serris
3043 1709 3246 1777 teritur,
3307 1713 3404 1767 sed
3460 1729 3622 1770 seca-

2029 1799 2138 1856 tur,
2161 1791 2306 1862 quod
2327 1791 2466 1847 bene
2484 1791 2682 1847 Paulus
2699 1792 2960 1849 intellexit
2976 1795 3222 1852 scribens
3255 1799 3324 1852 ad
3361 1801 3623 1858 Hebraeos

2030 1892 2155 1934 cum
2181 1878 2466 1949 passiones
2496 1886 2809 1935 sanctorum
2839 1881 3127 1953 descripsit
3153 1884 3342 1941 dicens
3374 1903 3387 1941 :
3425 1890 3625 1945 Sancti

2033 1966 2274 2021 ludibria
2294 1971 2352 2022 et
2369 1967 2594 2023 verbera
2605 1971 2847 2040 experti,
2867 1971 3099 2042 insuper
3113 1976 3172 2027 et
3183 1973 3413 2030 vincula
3430 1981 3484 2032 et
3497 1994 3622 2033 car-

2029 2069 2201 2120 ceres,
2224 2055 2463 2126 lapidati
2479 2061 2633 2120 sunt,
2655 2058 2798 2111 secti
2815 2061 2953 2112 sunt
2969 2058 3150 2127 (Hebr.
3168 2060 3269 2132 vn)
3302 2079 3315 2116 :
3339 2079 3448 2118 non
3478 2065 3622 2120 enim

2029 2141 2161 2196 dixit
2189 2142 2300 2196 triti
2329 2149 2454 2198 snnt
2487 2159 2500 2196 :
2533 2158 2684 2198 serra
2725 2144 2871 2200 enim
2901 2145 3120 2202 dentata
3148 2147 3266 2204 fieri
3295 2149 3515 2222 legitur,
3571 2163 3624 2209 et

2030 2244 2135 2300 ego
2165 2223 2420 2302 quantum
2449 2247 2674 2302 possum
2702 2232 2934 2288 dentatis
2963 2235 3129 2290 serris
3157 2242 3211 2290 te
3240 2236 3311 2292 ab
3369 2239 3622 2297 acciden-

2029 2316 2174 2372 tibus
2204 2333 2326 2389 que
2348 2318 2608 2389 episcopo
2636 2335 2744 2376 non
2775 2328 2900 2376 sunt
2925 2323 3146 2392 propria
3175 2339 3363 2381 secare
3409 2326 3614 2395 laboro,

2030 2412 2083 2460 et
2112 2406 2445 2476 spiritalibus
2476 2407 2747 2474 dentibus,
2780 2409 3038 2466 mordere
3059 2426 3124 2466 ac
3155 2413 3386 2468 stimulis
3415 2416 3620 2472 verbo-

2028 2510 2147 2550 rum
2176 2495 2531 2562 monentium,
2563 2503 2616 2550 et
2662 2495 2828 2552 clavis
2876 2497 3308 2568 increpationum
3337 2502 3618 2576 contigere

2028 2597 2139 2639 non
2167 2582 2448 2648 omittam;
2483 2583 2758 2653 quoniam,
2811 2590 2869 2640 ut
2916 2585 3193 2656 Scriptura
3249 2589 3398 2656 dicit,
3458 2591 3623 2647 verba

2029 2673 2355 2742 sapientum
2383 2671 2543 2744 quasi
2571 2673 2814 2738 stimuli,
2841 2677 2900 2728 et
2916 2676 3076 2746 quasi
3092 2677 3238 2731 clavi
3255 2677 3318 2732 in
3335 2679 3520 2734 altum
3537 2681 3626 2734 de-

2033 2758 2139 2827 ﬁxi
2169 2759 2363 2827 (Eccli.
2415 2759 2540 2829 xu),
2573 2760 2700 2830 quia
2744 2759 3018 2828 videlicet,
3066 2769 3126 2818 ut
3171 2765 3390 2835 exponit
3432 2766 3625 2822 beatus

2031 2846 2347 2918 Gregorius,
2380 2848 2549 2903 verba
2596 2847 2901 2918 sapientum
2947 2849 3136 2921 culpas
3192 2851 3624 2925 delinquentium

2029 2935 2279 2991 nesciunt
2306 2935 2548 3007 palpare,
2582 2935 2680 2991 sed
2707 2952 2977 3009 pungere.
3012 2937 3150 3006 Quia
3178 2955 3309 2996 vero
3335 2941 3622 3014 incompo-

2031 3023 2130 3078 site
2158 3022 2491 3094 praeteritum
2519 3023 2671 3080 verbi
2705 3028 2855 3082 teror
2875 3025 3045 3082 serris
3074 3027 3445 3099 composuisti,
3477 3031 3622 3086 mul-

2029 3111 2097 3166 tis
2124 3111 2260 3167 locis
2289 3126 2401 3166 non
2431 3112 2602 3166 solum
2635 3111 2690 3166 in
2720 3119 2812 3168 tua
2840 3114 3215 3185 grammatica,
3248 3117 3346 3172 sed
3375 3117 3532 3172 etiam
3567 3118 3624 3173 in

2028 3198 2317 3270 Scripturis
2345 3199 2613 3270 praevales
2641 3197 2903 3265 invenire,
2939 3201 3036 3257 sed
3069 3208 3123 3259 et
3153 3203 3211 3258 in
3237 3200 3332 3259 illo
3359 3203 3480 3260 loco
3529 3205 3622 3262 ubi

2026 3286 2290 3344 Dominus
2319 3287 2493 3358 Moysi
2522 3286 2753 3358 qualiter
2781 3287 3073 3360 thymiama
3101 3291 3252 3362 quod
3279 3300 3462 3348 nostra
3510 3293 3622 3350 lin-

2028 3391 2135 3446 gua
2163 3375 2448 3430 incensum
2476 3365 2878 3433 dicitur'facere
2899 3377 3064 3446 jussit
3092 3378 3282 3436 dicens
3317 3397 3330 3434 :
3376 3382 3622 3454 Cumque

2027 3466 2091 3519 in
2154 3464 2555 3520 tenuissimum
2630 3465 2924 3536 pulverem
2973 3469 3241 3525 universa
3301 3471 3624 3528 contuderis

2029 3553 2226 3622 (Exod.
2243 3551 2408 3624 xxx).
2437 3551 2592 3607 Unde
2609 3561 2826 3608 sanctus
2840 3553 3137 3624 Gregorius
3152 3573 3165 3609 :
3180 3555 3234 3610 in
3251 3557 3626 3615 tenuissimum

2027 3641 2310 3710 pulverem
2367 3648 2610 3695 aromata
2664 3642 2919 3696 universa
2975 3642 3321 3698 conterimus.
3367 3646 3434 3701 Et
3471 3646 3620 3714 item,

2031 3736 2270 3785 aromata
2285 3728 2341 3784 in
2356 3728 2637 3799 pulverem
2656 3729 3017 3802 redigere,est
3035 3730 3260 3788 virtutes
3276 3731 3629 3804 recogitando

2030 3824 2226 3874 terere.
2262 3817 2434 3886 Hujus
2458 3816 2620 3873 activi
2649 3817 2928 3888 passivum
2949 3827 3052 3886 est,
3087 3819 3438 3878 sicutmelius
3458 3823 3622 3890 nosti,

2033 3902 2233 3972 tereor,
2269 3906 2420 3974 cujus
2442 3913 2523 3961 est
2550 3906 2883 3976 praeteritum
2916 3909 3109 3976 tritus,
3162 3908 3308 3980 quod
3363 3925 3472 3965 non
3528 3911 3628 3967 rite

2035 3993 2223 4062 serris,
2257 3994 2355 4048 sed
2382 3994 2506 4064 pilae
2535 4009 2599 4050 ac
2628 3995 2738 4065 pilo
2767 3994 2942 4065 potius
2972 3993 3235 4066 applicari
3263 3997 3445 4063 debet,
3488 3997 3628 4055 sicut

2036 4081 2291 4138 Salomon
2319 4081 2656 4136 demonstrat
2676 4081 2864 4136 dicens
2897 4099 2912 4136 :
2951 4083 3008 4138 Si
3039 4083 3364 4140 contuderis
3380 4085 3626 4142 stultum

2035 4173 2098 4225 in
2111 4171 2254 4241 pila,
2275 4171 2434 4240 quasi
2448 4170 2708 4240 ptisanas
2725 4169 2971 4239 feriente
2984 4171 3225 4241 desuper
3239 4173 3378 4242 pilo,
3399 4189 3515 4228 non
3532 4191 3628 4230 au-

2035 4260 2257 4330 feretur
2275 4257 2341 4313 ab
2359 4273 2419 4312 eo
2432 4258 2684 4312 stultitia
2700 4257 2820 4327 ejus
2837 4257 3506 4330 (Prov.xxvu).Quodque
3518 4261 3632 4331 thy-

2038 4343 2239 4399 miama
2250 4359 2350 4414 per
2361 4345 2602 4414 Moysem
2615 4359 2648 4398 a
2668 4341 2900 4399 Domino
2909 4341 3124 4412 jussum
3139 4343 3256 4401 ﬁeri
3273 4344 3512 4418 quotidie
3523 4363 3624 4404 nos

333 4439 425 4496 dia
456 4439 762 4496 suscitatur.
795 4438 955 4508 Quod
979 4437 1117 4494 dicis
1147 4454 1179 4493 a
1232 4453 1320 4494 me
1366 4436 1563 4506 iaculis
1611 4443 1665 4491 te
1716 4434 1936 4506 impeti-
1956 4423 2008 4482 D
2042 4432 2184 4488 sacri
2211 4430 2393 4488 altaris
2423 4431 2723 4488 ministerio
2753 4431 2954 4488 addicti
2984 4430 3246 4490 debemus
3275 4449 3624 4506 componere,

336 4536 474 4596 tum,
535 4543 798 4599 naevoque
853 4533 1114 4592 notatum,
1165 4524 1277 4582 noli
1330 4540 1493 4598 agere
1539 4531 1599 4579 ut
1647 4524 1750 4580 hoc
1803 4521 1938 4578 mihi

336 4631 570 4672 necesse
600 4616 669 4670 sit
698 4614 898 4682 facere,
949 4622 1003 4669 et
1046 4631 1135 4670 me
1169 4613 1237 4668 ab
1293 4612 1379 4668 his
1421 4612 1623 4669 senties
1669 4611 1935 4682 conquie-

338 4720 520 4761 scere.
554 4701 711 4773 Quod
741 4702 876 4758 dicis
924 4710 975 4758 te
1023 4702 1238 4775 integro
1267 4701 1511 4774 fugatum
1548 4716 1713 4768 anno,
1748 4707 1801 4755 et
1829 4715 1939 4755 non

338 4793 478 4849 dicis
505 4807 536 4846 a
567 4807 674 4862 quo
705 4791 922 4864 fugatus
979 4790 1200 4857 existas,
1251 4790 1439 4846 nescio
1499 4788 1627 4860 quid
1673 4789 1799 4843 inde
1842 4787 1938 4842 tibi

336 4879 724 4951 respondeam,
755 4879 861 4964 nisi
893 4879 1036 4949 quod
1066 4878 1196 4933 dicit
1244 4877 1539 4949 Scriptura,
1591 4877 1739 4948 quod
1785 4877 1842 4930 in
1888 4883 1939 4930 te

336 4963 607 5021 Dominus
623 4961 822 5018 cadere
840 4978 948 5018 non
961 4961 1235 5033 permittat
1261 4980 1273 5015 :
1308 4962 1473 5034 Fugit
1485 4962 1693 5032 impius
1710 4963 1939 5017 nemine

325 5054 702 5126 persequente
731 5052 914 5122 (Prov.
948 5051 1174 5122 xxvm).
1228 5049 1390 5119 Quod
1419 5049 1556 5105 dicis
1589 5058 1638 5104 te
1668 5049 1738 5104 ad
1769 5049 1940 5102 instar

346 5141 538 5197 Abner
571 5139 818 5213 fugatum
868 5140 944 5212 (ΙΙ
973 5142 1098 5210 Reg.
1153 5138 1249 5210 tv),
1282 5147 1334 5194 et
1379 5138 1556 5193 serris
1611 5138 1830 5203 tritum,
1889 5144 1941 5192 et

338 5229 469 5285 ideo
497 5245 610 5284 non
631 5236 812 5285 tacere
840 5226 1188 5299 permissum,
1221 5241 1328 5281 non
1385 5226 1769 5282 convenienter
1817 5240 1940 5280 sen-

340 5317 574 5374 tentiam
600 5317 748 5372 beati
804 5315 1058 5387 Gregorii
1123 5315 1178 5369 in
1222 5314 1600 5386 persecutione
1639 5314 1826 5369 Abner
1871 5313 1940 5368 ab

338 5405 546 5462 Asahel
579 5404 828 5476 posuisti,
863 5405 991 5476 quia
1018 5419 1129 5459 non
1156 5419 1244 5458 me
1274 5401 1544 5458 furentem
1573 5409 1724 5456 tuum
1754 5417 1944 5472 perse-

338 5501 608 5560 cutorem,
660 5493 758 5548 sed
815 5493 884 5547 ad
942 5492 1332 5563 corrigendum
1380 5505 1639 5547 excessus
1683 5497 1804 5545 tuos
1840 5505 1942 5560 pro

603 5606 842 5663 PATROL.
879 5607 1124 5664 CXXVI.

2035 4528 2094 4578 ut
2121 4527 2270 4578 recte
2299 4520 2572 4592 possimus
2601 4521 2834 4578 Domino
2857 4521 3042 4578 dicere
3073 4539 3087 4578 :
3121 4523 3416 4595 Dirigatur
3448 4525 3628 4581 oratio

2035 4626 2162 4666 mea
2176 4610 2326 4666 sicut
2366 4610 2670 4666 incensum
2697 4611 2762 4666 in
2792 4614 3096 4684 conspectu
3125 4613 3220 4668 tuo
3250 4609 3424 4681 (Psat.
3477 4613 3626 4682 exn),

2108 4700 2190 4754 De
2218 4713 2284 4754 eo
2314 4697 2460 4770 quod
2488 4698 2624 4755 dicis
2653 4705 2705 4754 te
2735 4698 2926 4754 mirari
2955 4715 3052 4755 cur
3095 4697 3389 4753 Hadull‘um
3443 4698 3632 4756 tandiu

2036 4794 2401 4842 remorantem
2429 4802 2539 4842 non
2569 4785 2857 4853 remittam,
2891 4786 3195 4857 presertim
3224 4800 3350 4841 cum
3370 4801 3538 4858 super
3566 4803 3632 4846 eo

2037 4891 2194 4941 meae,
2225 4883 2284 4930 ut
2305 4875 2514 4944 justum
2569 4882 2702 4940 erat,
2765 4872 3001 4930 annuisti
3054 4873 3454 4943 interventioni,
3509 4875 3635 4933 ideo

2037 4963 2268 5034 pleniter
2297 4979 2408 5019 non
2435 4962 2757 5033 reSpondeo,
2791 4961 2921 5032 quia
2949 4960 3165 5017 sincera
3192 4977 3304 5018 non
3333 4969 3418 5019 est
3447 4964 3634 5021 solidi-

2038 5059 2146 5108 tate
2172 5052 2432 5119 veritatis,
2465 5059 2519 5106 et
2547 5049 2827 5106 charitatis
2854 5056 3014 5120 atque
3042 5049 3194 5121 pacis
3222 5057 3312 5106 tua
3336 5053 3630 5120 mandatio,

2038 5147 2246 5195 tantum
2272 5140 2378 5196 hoc
2407 5139 2668 5204 rescribo,
2719 5137 2844 5209 quia
2873 5137 3303 5210 quotiescunque
3352 5136 3419 5195 ad
3448 5156 3536 5197 me
3562 5139 3632 5195 il-

2039 5229 2150 5284 lum
2178 5228 2390 5296 misisti,
2423 5243 2640 5298 semper
2667 5223 2764 5280 tibi
2793 5224 2944 5280 illum
2975 5225 3180 5294 remisi,
3231 5234 3286 5283 et
3337 5243 3450 5284 non
3495 5230 3635 5286 sicut

2041 5317 2162 5373 aliis
2193 5316 2386 5371 litteris
2416 5316 2484 5370 de
2515 5329 2581 5370 eo
2610 5313 2745 5368 mihi
2775 5311 2998 5371 directis
3029 5323 3292 5387 quantum
3323 5331 3389 5371 ex
3410 5333 3500 5372 me
3529 5323 3630 5382 est,

2041 5412 2414 5460 contumacem
2443 5403 2589 5458 illum
2622 5419 2652 5457 a
2681 5419 2768 5458 me
2818 5402 3073 5475 recepisti
3131 5402 3286 5476 quasi
3345 5413 3633 5460 contumax

2041 5493 2138 5549 tibi
2169 5491 2410 5547 existerit
2447 5509 2460 5546 :
2493 5507 2604 5547 non
2629 5508 2751 5548 mea
2779 5493 2980 5563 suasio,
3041 5493 3160 5564 sed,
3193 5499 3251 5548 ut
3277 5492 3508 5563 aestimo,
3541 5499 3634 5546 tua

3290 5601 3356 5651 18
