4174 6300
610 260 716 314 555
1635 258 1977 316 HINCMARI
2012 258 2410 316 RHEMENSIS
2445 258 2998 317 ARCHIEPISCOPI.
3802 265 3912 320 556

610 380 774 438 factio
801 381 906 439 hoc
932 381 1000 437 ab
1029 380 1123 438 illo
1151 382 1351 455 exegit,
1383 380 1511 454 quia
1539 389 1596 437 ut
1615 390 1745 454 puto
1774 383 1946 440 calice
1972 383 2205 454 Babylo-
2231 385 2287 446 A
2308 398 2406 454 per
2452 399 2612 439 veras
2651 384 2975 452 ostenditur,
3042 382 3299 442 videlicet
3346 383 3469 458 quia
3517 386 3657 443 sicut
3698 386 3795 443 tibi
3836 404 3910 443 ex

609 468 732 524 nico
762 484 872 541 quo
908 469 1149 526 vicissim
1175 484 1241 527 ac
1285 469 1603 543 singillatim
1647 478 1842 543 gentes
1884 471 2204 542 propinatas
2307 470 2501 527 ordine
2555 472 2773 543 scripsi,
2830 480 3077 544 tempore
3132 472 3349 545 Tilpini,
3402 481 3455 528 et
3504 474 3722 546 quando
3777 483 3908 547 post

605 574 779 631 usque
808 558 874 615 ad
909 558 1087 631 Sesag
1112 557 1204 631 [f.,
1235 557 1459 630 Sesach]
1490 557 1847 614 novissimum
1875 559 2132 632 legimus,
2171 574 2206 615 a
2306 574 2431 615 eum
2472 576 2571 631 per
2615 576 2788 616 annos
2835 561 3055 618 circiter
3091 577 3290 618 novem
3318 563 3633 634 metropolis
3651 563 3901 620 Ithemo-

606 656 660 705 te
686 648 777 704 ille
806 647 967 704 etiam
996 654 1077 703 est
1104 646 1442 718 propinatus,
1493 645 1633 703 sicut
1670 654 1723 701 et
1749 646 1939 717 plures
1980 647 2073 702 alii
2102 663 2202 703 ex-

601 736 868 794 stiterunt.
901 735 1063 801 Nam,
1088 742 1146 790 ut
1174 735 1435 806 scriptum
1464 741 1547 791 est
1567 734 1792 802 (Jerem.
1825 735 1989 805 xxv),
2019 750 2052 791 a
2072 750 2202 791 san-

605 822 811 880 ctuario
841 838 965 879 meo
993 822 1231 894 incipite,
1264 837 1297 878 a
1326 838 1413 879 me
1441 822 1705 877 nutritore
1736 829 1848 890 tuo,
1899 830 1953 879 et
1998 822 2069 877 ab
2113 822 2200 879 his

606 920 699 993 qui
725 927 779 976 te
804 935 1019 977 mecum
1066 919 1391 988 nutrierunt,
1437 917 1525 975 vel
1571 917 1714 974 inter
1767 934 1905 992 quos
1960 919 2197 975 nutritus

601 1007 769 1077 fuisti,
801 1008 951 1079 prius
978 1006 1248 1079 incazpisti
1267 1005 1650 1078 derelinquens
1679 1021 1801 1074 nos,
1833 1015 1888 1063 et
1942 1007 2067 1063 odio
2094 1007 2197 1062 ha-

605 1096 738 1152 bere
765 1095 1050 1163 inchoans,
1098 1102 1259 1166 atque
1312 1094 1543 1149 aliorum
1587 1093 1987 1150 familiaritates
2032 1110 2197 1166 expe-

602 1191 745 1251 tens,
775 1183 972 1239 deinde
999 1199 1100 1254 per
1128 1182 1284 1251 alios,
1317 1190 1371 1237 et
1399 1182 1537 1238 alios
1567 1189 1677 1237 tam
1707 1183 1912 1238 amicos
1939 1198 2103 1255 quam
2143 1189 2196 1239 et

602 1271 867 1338 subditos,
900 1278 1005 1325 tam
1033 1269 1261 1327 clericos
1281 1284 1445 1342 quam
1474 1278 1527 1325 et
1554 1270 1723 1327 laicos
1759 1272 2023 1328 hactenus
2074 1270 2193 1326 dis-

600 1375 850 1426 currens,
882 1365 936 1414 et
963 1357 1162 1415 viritim
1209 1357 1582 1429 pmcedentes
1637 1358 1956 1432 relinquens
2017 1374 2192 1431 usque

598 1447 671 1504 ad
698 1449 842 1503 hunc
871 1447 968 1502 tibi
998 1446 1473 1502 familiarissimum
1501 1462 1697 1503 cursus
1753 1454 1875 1501 tuus
1921 1446 2190 1518 pervenit,

596 1543 649 1591 et
677 1551 801 1592 cum
831 1535 926 1591 tali
953 1535 1133 1608 gratia
1159 1535 1230 1591 de
1260 1535 1410 1591 scala
1441 1534 1612 1591 vitrea
1657 1542 1764 1591 tuae
1790 1526 2190 1590 familiaritatis

594 1622 815 1691 decidit,
849 1622 988 1679 sicut
1016 1631 1068 1679 et
1095 1639 1198 1680 nos
1225 1624 1458 1695 priores,
1500 1630 1553 1679 et
1595 1622 1738 1679 illius
1768 1622 1838 1679 de
1896 1622 2003 1677 tuis
2051 1622 2187 1678 sub-

2304 648 2651 704 rumvacavit
2678 649 2955 720 episcopo,
2989 658 3043 706 et
3071 657 3320 722 tempore
3359 650 3632 719 Wolfarii,
3666 659 3718 708 et
3753 660 3902 729 tem-

2302 749 2435 805 pore
2463 735 2691 804 Ebonis,
2724 744 2779 792 et
2815 736 3031 809 quando
3061 737 3245 806 Folco,
3280 745 3335 795 et
3378 746 3502 810 post
3521 755 3643 795 eum
3671 740 3898 796 Nottho.

2300 821 2479 893 ipsum
2506 822 3189 897 episcopium'tenuerunt,
3238 827 3338 883 sed
3367 834 3420 882 et
3465 834 3709 899 tempore
3745 844 3895 885 meo.

2300 910 2407 965 Per
2462 918 2706 982 tempora
2771 912 3157 984 episcoporum
3213 914 3586 970 Laudunensis
3645 916 3898 973 ecclesias

2300 995 2623 1054 Genebaudi
2648 998 2901 1056 videlicet
2922 1001 3173 1071 junioris,
3203 1002 3553 1071 Berneconis,
3594 1003 3893 1073 Gairfredi,

2297 1085 2632 1155 Wanilonis,
2665 1086 2924 1156 Ostroldi,
2959 1096 3013 1145 et
3032 1089 3252 1161 quando
3282 1091 3626 1164 episcopatus
3678 1092 3896 1149 vacavit

2295 1172 2352 1227 in
2380 1172 2677 1242 Ailemaro,
2711 1182 2766 1231 et
2794 1183 3042 1249 tempore
3071 1177 3360 1249 Simeonis,
3394 1195 3459 1235 ac
3500 1179 3739 1247 Parduli,
3791 1181 3895 1236 sed

2295 1268 2349 1316 et
2376 1269 2469 1317 tuo
2497 1269 2740 1334 tempore
2765 1280 2866 1335 per
2892 1273 3139 1337 tempora
3185 1267 3403 1338 quando
3450 1267 3715 1323 Rodulfus
3744 1276 3891 1324 tem-

2292 1364 2427 1420 pore
2455 1349 2652 1421 Tilpini
2680 1351 2871 1407 habuit
2899 1352 3079 1408 villam
3110 1354 3581 1427 Follanaebrayum
3604 1355 3660 1411 in
3681 1355 3891 1412 benefi-

2293 1436 2398 1503 cio,
2418 1444 2471 1492 et
2486 1446 2610 1509 post
2630 1455 2756 1495 eum
2774 1439 3115 1508 Odelbarius,
3138 1441 3334 1498 deinde
3356 1443 3668 1515 Odalgisus,
3687 1444 3889 1501 deinde

2292 1523 2615 1581 Odelharius
2647 1544 2660 1579 :
2695 1527 2895 1583 deinde
2943 1529 3163 1600 quando
3189 1538 3313 1603 post
3341 1547 3466 1586 eum
3485 1532 3631 1588 idem
3677 1531 3888 1589 benefi-

2289 1611 2431 1667 cium
2460 1614 2757 1670 comissum
2817 1614 2915 1671 fuit
2966 1615 3196 1686 Osvero,
3245 1618 3432 1674 habuit
3485 1619 3606 1692 ipsa
3650 1620 3890 1678 ecclesia

594 1711 719 1767 ditis
747 1719 1122 1771 antecessores
1150 1711 1465 1779 cecidimus,
1516 1712 1562 1767 si
1610 1718 1793 1766 tamen
1841 1711 1966 1766 talis
2022 1724 2185 1767 casus
2201 1732 2255 1792 Î’
2284 1698 2345 1755 in
2371 1700 2781 1792 Follanmbrayo
2810 1720 3027 1776 semper
3053 1705 3424 1777 presbyteros,
3449 1724 3514 1764 ex
3546 1725 3653 1781 quo
3672 1726 3886 1766 memo-

592 1815 703 1857 non
730 1800 908 1871 potius
936 1815 1197 1855 ascensus
1228 1816 1389 1871 quam
1418 1815 1579 1855 casus
1609 1799 1744 1855 dicit
1789 1798 2011 1855 debeat.
2051 1799 2184 1855 Cum

590 1888 690 1944 tibi
712 1888 968 1944 Salomon
986 1888 1157 1943 dicat:
1176 1888 1435 1944 Amicum
1449 1891 1631 1954 tuum,
1656 1890 1714 1943 et
1732 1889 1982 1944 amicum
1995 1890 2186 1960 patri:

594 1979 765 2033 tuine
781 1976 1063 2032 dimiseris
1074 1976 1256 2047 (Prov.
1275 1975 1483 2047 xxvn).
1501 1976 1571 2030 Et
1583 1982 1807 2031 sanctus
1819 1975 2184 2046 Hieronymus

589 2063 763 2120 dicit:
797 2064 1172 2131 Proverbium,
1203 2063 1471 2137 inquiens,
1522 2056 1604 2120 est
1649 2063 1795 2137 quod
1839 2063 2032 2119 serviri
2080 2078 2183 2118 ne-

590 2160 755 2225 queat
781 2152 873 2224 qui
899 2152 1033 2209 nulli
1061 2152 1302 2219 servivit,
1335 2152 1474 2208 sicut
1502 2151 1599 2207 tibi
1621 2151 1816 2208 serviri
1848 2166 1960 2207 non
2005 2158 2184 2223 potest

587 2240 681 2313 qui
708 2240 842 2297 nulli
870 2240 1106 2309 servisti,
1136 2240 1335 2313 quique
1362 2256 1471 2295 non
1509 2238 1831 2307 laborando,
1893 2238 1993 2295 sed
2038 2238 2181 2296 deli-

584 2328 800 2399 ciando,
842 2336 896 2384 et
940 2328 1261 2385 dormiendo
1314 2326 1541 2384 alterius
1587 2327 1778 2384 labore
1825 2326 1973 2398 quod
2012 2326 2181 2384 habes

582 2417 811 2489 adeptus
830 2414 995 2473 fuisti.
1014 2417 1095 2493 .Et
1123 2415 1271 2487 quod
1300 2415 1609 2473 Simonides
1638 2430 1763 2472 cum
1804 2415 2179 2486 interrogare-

580 2511 669 2561 tur
706 2504 853 2577 quod
892 2504 1035 2560 inter
1078 2504 1330 2561 homines
1389 2502 1671 2561 celerrime
1730 2511 2174 2573 consenesceret,

576 2591 922 2659 beneficium,
954 2592 1144 2665 inquit,
1175 2591 1461 2649 manifeste
1489 2592 1751 2648 ostendis.
1794 2591 1864 2647 Et
1921 2591 2177 2648 Salomon

576 2679 705 2735 dicit
737 2696 752 2736 :
790 2681 896 2748 Qui
909 2680 1095 2736 reddit
1109 2681 1266 2736 mala
1277 2697 1381 2753 pro
1392 2680 1566 2747 nobis,
1583 2697 1699 2737 non
1720 2679 1940 2737 recedet
1954 2680 2175 2736 malum

585 2767 654 2823 de
700 2767 859 2823 domo
893 2770 1033 2839 ejus,
1077 2771 1137 2823 et
1162 2768 1257 2839 qui
1285 2769 1496 2824 mentis
1523 2771 1611 2823 est
1647 2766 1820 2835 durae,
1854 2771 2083 2824 corruet
2108 2767 2173 2823 in

588 2854 810 2911 malum
837 2854 1018 2927 (Prov.
1044 2857 1273 2925 xxvm).

642 2943 724 2999 De
753 2942 860 2999 hoc
888 2942 1035 3015 quod
1064 2942 1201 2999 dicis
1230 2949 1281 2998 te
1309 2942 1525 2999 nescire
1550 2942 1694 2999 unde
1725 2942 1897 2999 sciam
1945 2949 1998 2999 te
2029 2957 2166 2999 con-

568 3030 809 3088 sensisse
836 3030 1125 3088 ecclesiam
1155 3030 1357 3087 Sanato
1386 3030 1584 3088 clerico
1627 3037 1815 3088 nostro
1862 3031 1919 3087 in
1974 3030 2160 3087 Folla-

2288 1788 2392 1843 rari
2421 1797 2620 1860 potest,
2654 1791 2953 1848 Ferherum
2982 1793 3209 1861 scilicet,
3239 1803 3291 1851 et
3344 1803 3468 1867 post
3514 1813 3641 1853 eum
3686 1798 3882 1855 Dodo-

2283 1891 2431 1943 nem,
2464 1877 2662 1934 deinde
2695 1879 3105 1952 Haimbradum,
3129 1882 3328 1939 deinde
3347 1883 3664 1954 Ottericum,
3688 1894 3883 1958 etpost

2284 1979 2408 2019 eum
2435 1980 2537 2036 per
2556 1965 2794 2038 quinque
2815 1982 2991 2025 annos
3010 1970 3340 2027 Bertfridum
3361 1990 3376 2039 ;
3407 1980 3460 2027 et
3479 1990 3757 2046 nunquam
3776 1974 3879 2030 fuit

2283 2052 2533 2109 ecclesia
2553 2052 2609 2109 in
2637 2055 2929 2112 Codiciaco
2950 2058 3209 2127 subjecta.
3241 2060 3311 2115 Et
3340 2061 3557 2133 quando
3605 2062 3880 2119 Ottericus

2279 2140 2572 2211 presbyter
2590 2142 2870 2199 ordinatus
2892 2161 2922 2200 a
2942 2144 3232 2204 Wanilone
3251 2148 3596 2206 Laudunensi
3616 2150 3878 2224 episcopo

2278 2225 2334 2281 in
2364 2228 2596 2285 ecclesia
2624 2230 3031 2305 Follanzebrayo
3068 2234 3324 2308 degebat,
3374 2235 3474 2293 fuit
3510 2238 3877 2311 presbyterin

2280 2314 2568 2373 Codiciaco
2595 2318 2962 2377 Nodalbertus
2988 2338 3086 2395 per
3104 2338 3277 2380 annos
3306 2324 3520 2381 circiter
3574 2326 3788 2399 viginti,
3822 2336 3877 2384 et

2276 2410 2400 2474 post
2427 2404 2823 2464 Nodalbertum
2853 2408 2953 2466 fuit
2990 2410 3067 2466 ibi
3109 2412 3398 2484 presbyter
3450 2414 3748 2471 Gozmarus
3770 2433 3876 2488 per

2277 2506 2448 2547 annos
2475 2493 2693 2551 circiter
2722 2497 2960 2570 triginta.
2990 2498 3058 2554 Et
3088 2507 3213 2570 post
3240 2500 3588 2571 Gozmarum,
3623 2504 3762 2560 sicut
3796 2504 3872 2560 ibi

2274 2581 2609 2654 praescripsi,
2643 2584 2766 2640 misi
2794 2585 2956 2642 istum
2976 2586 3361 2645 Haimeradum
3391 2590 3483 2662 qui
3511 2591 3567 2648 in
3585 2591 3872 2650 Codiciaco

2273 2682 2418 2723 nunc
2446 2669 2596 2743 degit
2627 2672 2867 2729 Simeoni
2896 2674 2968 2746 ad
2995 2675 3375 2748 ordinandum,
3400 2695 3560 2751 quem
3598 2680 3656 2735 in
3684 2681 3868 2739 eccle-

2273 2754 2371 2821 sia,
2406 2773 2528 2829 que
2557 2766 2639 2815 est
2659 2760 2716 2816 in
2735 2761 3041 2831 Codiciaco,
3077 2764 3367 2824 ordinavit.
3396 2767 3465 2824 Et
3502 2774 3747 2840 tempore
3780 2770 3868 2826 Si-

2271 2844 2483 2900 meonis
2514 2862 2733 2921 semper
2752 2849 2808 2906 in
2838 2850 3245 2925 Follanasbrayo
3277 2852 3553 2912 Ottericus
3577 2857 3868 2930 presbyter

2273 2930 2413 2987 sicut
2439 2933 2495 2989 in
2528 2951 2591 2992 ea
2620 2937 2900 2994 ordinatus
2923 2941 3139 2997 mansit.

2342 3019 2451 3077 Sed
2482 3030 2534 3079 et
2555 3031 2799 3096 tempore
2827 3027 3045 3083 Parduli
3069 3045 3243 3101 usque
3273 3029 3421 3088 circa
3463 3030 3631 3090 ï¬nem
3667 3034 3860 3107 ipsius,

568 3082 807 3088 -Î½-----Î½
842 3082 1125 3088 Î½Ïƒ--Î½---Ïƒ---
1155 3082 1349 3087 Î·---Î½Î½-
1392 3082 1577 3088 --Î½--Î½
1627 3082 1808 3088 -Ï„Î½-Î½--
1862 3082 1919 3087 --
1974 3082 1997 3087 -
2024 3082 2125 3087 Î½--
2663 3082 2682 3096 Î¹
2912 3082 2917 3083 â·
2960 3082 2963 3083 Î½
3020 3082 3041 3083 Î½á½·
3079 3082 3240 3101 "'1"
3281 3082 3421 3088 """
3463 3082 3631 3090 --Î½â€™-
3667 3082 3860 3107 á¼°â€™â€œâ€™â€œâ€œâµâ€œâ€

564 3118 843 3191 Î·Ï‰Î¹Ï€ÎµÎ³Î¿,
874 3118 1130 3192 quoniam
1158 3135 1259 3175 nec
1288 3135 1380 3175 res
1410 3127 1538 3175 nota
1569 3125 1672 3187 ÎµÎµÎ¹,
1703 3134 1805 3176 nec
1840 3135 1941 3190 per
1998 3134 2157 3175 casus
2180 3082 2230 3144 ÎŸ
2265 3114 2318 3164 et
2349 3115 2475 3166 tunc
2502 3111 2816 3186 Wlfegerus
2856 3114 3089 3173 clericus
3110 3117 3282 3189 ipsam
3313 3120 3600 3178 ecclesiam
3629 3139 3864 3181 consen-

563 3213 656 3263 aut
709 3206 913 3263 formas
968 3208 1162 3265 saltem
1208 3207 1531 3264 verisimiles
1583 3206 1896 3275 inï¬‚ectitur,
1930 3214 1983 3263 et
2036 3206 2161 3264 ideo

561 3310 666 3351 nec
692 3302 745 3351 te
774 3295 1120 3352 consensisse
1140 3295 1275 3365 scio,
1313 3311 1417 3353 nec
1447 3296 1580 3353 illud
1626 3296 1864 3367 probare
1910 3310 2155 3367 possum,

561 3382 661 3438 tibi
704 3383 972 3451 rescribo,
1018 3384 1145 3455 quia
1197 3384 1480 3457 indignum
1538 3383 1637 3441 tibi
1693 3400 1818 3441 esse
1872 3384 2155 3452 debuerat,

558 3470 814 3544 quoniam
872 3479 957 3529 est
1007 3471 1191 3545 utique
1265 3471 1581 3530 indecorum
1652 3480 1711 3528 ut
1755 3489 1857 3545 pro
1906 3472 2157 3530 illusione

555 3569 682 3610 mea
734 3555 1023 3628 episcopus
1081 3556 1151 3612 ad
1225 3572 1398 3613 cunas
1469 3555 1728 3613 infantilis
1784 3556 2157 3628 grammaticas

557 3643 767 3700 redires
801 3662 814 3698 :
846 3645 951 3700 hoc
998 3644 1143 3700 enim
1190 3646 1337 3719 quod
1399 3645 1532 3701 mihi
1587 3644 1789 3701 scribis
1819 3644 2155 3715 respondere

556 3729 778 3787 solebas
805 3730 862 3786 in
890 3731 1098 3800 schola,
1153 3733 1371 3804 quando
1417 3732 1663 3799 nomina,
1724 3732 1813 3789 vel
1868 3731 2155 3804 pronomi-

556 3833 646 3886 na,
676 3834 773 3874 seu
800 3819 970 3876 verba
998 3819 1292 3891 declinare,
1326 3837 1413 3877 me
1438 3820 1682 3890 jubente,
1735 3818 2101 3891 insinuabaris
2135 3837 2149 3874 :

557 3920 683 3962 cum
734 3906 881 3962 enim
934 3915 986 3963 te
1040 3908 1447 3966 conscholarius
1504 3907 1765 3979 puerulus
1837 3907 2151 3979 interroga-

555 3994 647 4049 bat
674 3993 779 4052 hoc
822 3995 912 4053 vel
938 3995 1071 4052 illud
1101 4013 1221 4068 qua:
1262 4012 1394 4068 pars
1432 3996 1561 4051 est?
1589 3995 1944 4067 Respondere
2002 3995 2149 4052 sole-

552 4081 655 4138 bas
684 4082 824 4140 sicut
851 4084 947 4141 tibi
1001 4085 1292 4141 videbatur
1330 4100 1451 4157 qua:
1478 4100 1609 4156 pars
1638 4091 1790 4151 erat;
1825 4092 1877 4140 et
1906 4083 2149 4140 inferen-

550 4178 607 4227 te
632 4170 747 4238 illo,
780 4172 926 4229 unde
963 4174 1068 4229 hoc
1110 4172 1297 4238 scires,
1348 4172 1593 4239 dicebas,
1641 4172 1688 4227 si
1734 4172 1837 4229 rite
1867 4172 2144 4243 remetior,

553 4256 698 4328 quod
742 4255 876 4311 mihi
904 4257 1120 4315 .multis
1155 4256 1267 4325 jam
1314 4255 1470 4311 annis
1514 4256 1799 4313 transactis
1842 4272 1952 4313 non
1999 4256 2148 4313 venit

550 4343 607 4398 in
637 4343 975 4411 memoriam,
1009 4344 1135 4416 quia
1164 4361 1254 4400 res
1282 4352 1411 4399 nota
1450 4353 1550 4415 est,
1602 4352 1656 4400 et
1701 4361 1801 4416 per
1847 4360 2027 4412 casus,
2058 4343 2147 4402 vel

2267 3197 2432 3254 tiente
2453 3199 2687 3257 Pardulo
2716 3202 2883 3259 tenuit
2910 3220 3084 3277 usque
3111 3206 3180 3262 ad
3207 3206 3415 3264 obitum
3445 3210 3660 3267 Parduli
3690 3230 3705 3267 :
3736 3206 3863 3285 post

2266 3286 2472 3344 obitum
2511 3296 2690 3346 autem
2728 3290 2969 3359 Parduli,
3004 3300 3057 3349 et
3099 3303 3225 3365 post
3269 3296 3665 3355 ordinationem
3711 3287 3862 3357 tuam

2261 3373 2563 3432 Bertfridus
2591 3378 2878 3450 presbyter
2901 3379 2957 3435 in
2979 3388 3071 3436 tua
3087 3382 3322 3440 ecclesia
3340 3401 3518 3457 secus,
3533 3386 3856 3458 Cadomum,

2259 3468 2312 3517 et
2341 3462 2397 3518 in
2443 3465 2675 3521 ecclesia
2718 3475 2905 3524 nostra
2951 3467 3008 3524 in
3053 3468 3462 3547 Follanaabrayo
3483 3491 3585 3547 per
3616 3477 3857 3550 quinque

2259 3550 2483 3608 circiter
2507 3569 2682 3610 annos
2710 3554 2949 3612 oï¬‚icium
2976 3559 3318 3618 sacerdotale
3359 3563 3597 3619 exhibuit
3628 3582 3643 3621 :
3674 3573 3849 3622 utrum

2254 3644 2311 3727 tu
2338 3640 2443 3697 hoc
2463 3643 2832 3711 consenseris,
2865 3651 2923 3699 ut
2941 3652 3086 3702 tuam
3132 3648 3440 3719 ecclesiam,
3483 3652 3638 3722 juxta
3689 3671 3855 3727 quam

2252 3724 2371 3782 ibas
2385 3736 2437 3783 et
2466 3729 2685 3786 redibas
2715 3731 2931 3803 quando
2960 3734 3031 3789 ad
3065 3735 3328 3806 palatium
3355 3738 3496 3808 ibas,
3537 3741 3629 3798 vel
3685 3724 3755 3799 de
3784 3759 3852 3800 eo

2252 3815 2494 3885 redibas,
2527 3835 2649 3875 cum
2679 3819 2908 3876 ecclesia
2936 3820 2993 3877 in
3039 3822 3469 3900 Follanasbrayoâ€˜
3511 3831 3761 3899 tenuerit,
3794 3839 3850 3888 tu

2251 3902 2474 3960 videris.
2507 3907 2889 3966 Abscendente
2919 3916 3103 3967 autem
3131 3913 3199 3968 de
3226 3917 3484 3986 parochia
3505 3924 3599 3974 tua
3628 3919 3852 3976 Bertfri-

2249 3990 2339 4061 do,
2372 4008 2474 4063 pro
2505 3993 2648 4049 fama
2676 3995 2745 4051 de
2772 4012 2838 4052 eo
2866 3997 3103 4069 vulgata,
3151 4003 3400 4059 concessi
3442 4020 3596 4062 more
3627 4008 3850 4078 prade-

2247 4094 2538 4137 cesuorum
2567 4098 2815 4139 meorum
2844 4084 3153 4158 Sigeberto,
3202 4090 3291 4146 cu'l
3331 4091 3466 4148 illud
3525 4094 3849 4152 beneficium

2247 4166 2414 4236 dedit,
2446 4178 2503 4225 ut
2531 4170 2792 4229 clericum
2818 4180 3066 4230 nostrum
3087 4175 3350 4235 Sanatum
3376 4180 3431 4235 in
3452 4182 3648 4240 eadem
3671 4184 3847 4242 eccle-

2246 4255 2324 4343 sia
2352 4257 2712 4317 ordinandum
2742 4261 2836 4316 tibi
2866 4260 3121 4332 offerret;
3156 4274 3210 4321 et
3240 4267 3286 4322 si
3318 4276 3377 4325 tu
3404 4268 3555 4327 illum
3584 4271 3843 4343 probabi-

2241 4342 2352 4400 lem
2372 4346 2667 4418 judicares,
2704 4365 2808 4422 ego
2837 4349 2916 4406 illi
2945 4349 3254 4410 libertatem
3285 4342 3712 4416 ecclesiasticam
3740 4360 3843 4418 da-

551 4430 766 4499 modos,
799 4446 897 4486 seu
924 4430 1124 4486 formas
1152 4431 1457 4487 inï¬‚ectitur.
1498 4433 1568 4487 Et
1596 4432 1725 4487 talia
1754 4432 1917 4488 frater
1966 4439 2019 4489 et
2075 4430 2146 4486 ï¬-
2175 4430 2384 4494 Drem.
2416 4434 2483 4490 Et
2513 4436 2591 4492 sic
2618 4437 2836 4494 demum
2864 4448 2920 4497 tu
2961 4440 3112 4499 illum
3157 4445 3485 4518 regulariter
3534 4449 3834 4506 ordinares.

550 4516 657 4573 lius
682 4534 834 4574 meus
864 4518 934 4573 ad
964 4518 1293 4576 derisionem
1336 4520 1492 4591 quasi
1528 4520 1736 4591 pituita,
1785 4519 1992 4575 scilicet
2038 4519 2141 4575 ï¬‚e-

557 4621 688 4677 gma
729 4606 1078 4677 coagulatum
1118 4615 1171 4663 et
1202 4615 1473 4664 vetustum
1502 4623 1564 4663 ac
1606 4607 1886 4662 mucidum
1913 4607 2048 4662 mihi
2092 4607 2148 4663 in

551 4693 758 4750 vultum
788 4710 1032 4762 excreas,
1063 4703 1117 4751 et
1174 4711 1285 4752 non
1341 4696 1577 4751 attendis
1635 4703 1893 4767 quantum
1947 4696 2143 4762 Deum,

554 4780 945 4854 qualiscunque
976 4799 1083 4856 ego
1112 4783 1215 4839 sim
1244 4784 1300 4839 in
1329 4791 1640 4854 contemptu
1669 4782 1953 4838 ministerii
2005 4783 2147 4839 sacri

557 4868 675 4923 sine
703 4872 1011 4927 reverentia
1037 4871 1151 4927 ulla
1186 4870 1453 4927 oï¬‚â€˜endas.
1486 4873 1607 4926 Jam
1653 4878 1709 4926 ut
1753 4871 1972 4943 antiquo
2020 4887 2148 4943 pro-

553 4950 747 5011 verbio'
772 4956 983 5026 dicitur,
1034 4959 1135 5015 bos
1163 4959 1342 5015 lassus
1387 4959 1579 5015 fortius
1602 4957 1724 5032 ï¬git
1751 4960 1985 5031 pedem;
2020 4959 2145 5032 quia

552 5042 858 5116 intelligere
904 5045 960 5100 in
1012 5047 1446 5118 praecedentibus
1518 5047 1710 5103 litteris
1766 5048 2003 5115 noluisti,
2055 5047 2143 5105 vel

548 5132 729 5204 potius
755 5132 1081 5207 dedignatus
1122 5134 1288 5207 fuisti,
1343 5143 1435 5191 aut
1491 5137 1537 5191 si
1591 5136 1901 5192 intellexisti
1956 5136 2141 5193 dicere

550 5219 781 5293 refugis,
811 5221 944 5276 mihi
974 5239 1083 5278 non
1097 5223 1335 5297 pigrum,
1363 5224 1612 5282 licetnon
1635 5225 1729 5280 tibi
1744 5223 2134 5294 necessarium,

546 5315 596 5363 et
627 5307 829 5363 iterare
859 5310 1001 5365 unde
1030 5312 1135 5367 hoc
1165 5312 1299 5383 scio,
1334 5312 1457 5384 quia
1486 5321 1539 5369 et
1559 5329 1650 5369 res
1704 5320 1833 5369 nota
1887 5320 1990 5379 est,
2023 5320 2076 5368 et
2104 5328 2139 5368 a

544 5394 711 5467 longo
737 5403 981 5467 tempore
1007 5415 1108 5469 per
1134 5401 1444 5457 humaniter
1488 5402 1799 5458 accidentes
1854 5416 2017 5457 casus
2045 5400 2134 5456 in-

545 5484 705 5552 flexa,
740 5492 793 5540 et
819 5502 918 5556 per
944 5485 1148 5543 formas
1176 5504 1285 5545 non
1315 5489 1493 5546 dicam
1542 5490 1884 5557 verisimiles,
1937 5490 2035 5545 sed
2083 5496 2136 5546 et

2249 4520 2355 4589 Qui
2384 4523 2614 4581 clericus
2640 4543 2740 4599 per
2770 4538 3000 4600 quatuor
3017 4548 3189 4588 annos
3215 4533 3389 4605 ipsam
3435 4536 3725 4593 ecclesiam
3753 4546 3839 4595 te-

2246 4610 2381 4677 nuit,
2414 4620 2468 4667 et
2497 4615 2800 4672 secundum
2836 4628 3213 4691 paupertatem
3261 4638 3438 4694 suam,
3489 4624 3627 4681 sicut
3681 4625 3839 4683 simul

2246 4713 2393 4769 saepe
2422 4699 2677 4771 vidimus,
2710 4712 2763 4759 et
2790 4706 2970 4765 adhuc
2996 4716 3171 4780 paret,
3204 4709 3346 4766 bene
3383 4711 3439 4766 in
3456 4728 3522 4768 ea
3537 4712 3832 4782 laboravit;

2245 4793 2299 4840 et
2327 4789 2544 4858 quando
2564 4790 2726 4847 simul
2754 4795 3130 4865 equitabamus
3152 4798 3308 4867 juxta
3328 4798 3500 4871 ipsam
3549 4802 3837 4859 ecclesiam

2244 4872 2298 4928 in
2348 4891 2452 4946 qua
2479 4876 2622 4933 idem
2650 4879 2877 4937 clericus
2906 4883 3207 4955 laborabat,
3242 4895 3436 4943 euntes
3465 4888 3531 4944 ad
3561 4906 3753 4962 regem
3782 4898 3834 4948 te

2241 4962 2491 5052 audiente
2538 4982 2599 5022 se
2641 4967 3072 5028 reclamaverunt
3103 4974 3173 5029 ad
3202 4990 3291 5030 me
3314 4974 3420 5048 ipsi
3447 4977 3695 5035 homines
3731 4996 3830 5052 pro

2242 5050 2580 5109 ordinatione
2624 5054 2790 5112 dilata
2829 5059 3077 5128 ejusdem
3123 5060 3332 5132 clerici,
3364 5064 3493 5137 quia
3520 5082 3631 5122 non
3659 5050 3832 5124 habe-

2237 5137 2366 5192 bant
2392 5141 2769 5213 presbyterum
2793 5163 2808 5214 ;
2840 5154 2894 5202 et
2931 5155 2987 5203 tu
3008 5165 3096 5206 me
3122 5150 3392 5219 audiente,
3429 5153 3528 5210 sed
3558 5162 3610 5212 et
3639 5155 3823 5212 multis

2237 5224 2359 5281 aliis
2389 5234 2442 5282 et
2469 5229 2607 5287 meis
2628 5240 2681 5287 et
2706 5233 2809 5289 tuis
2837 5236 3179 5294 audientibus
3207 5241 3536 5311 respondisti
3567 5244 3713 5315 quod
3742 5261 3831 5302 ve.

2235 5329 2356 5369 rum
2372 5331 2482 5372 non
2514 5318 2778 5393 dicerent,
2811 5323 2933 5396 quia
2958 5325 3164 5381 nullam
3208 5327 3562 5401 indigentiam
3609 5330 3679 5387 de
3727 5331 3829 5387 mi-

2233 5401 2456 5461 nisterio
2491 5408 2816 5466 sacerdotali
2857 5412 3129 5470 habebant
3162 5433 3175 5471 :
3227 5422 3280 5472 et
3321 5416 3391 5472 ad
3441 5424 3530 5473 tua
3559 5419 3729 5476 verba
3775 5429 3826 5478 te

2233 5499 2503 5572 audiente,
2535 5520 2640 5578 ego
2670 5506 2877 5564 eisdem
2906 5509 3217 5569 hominibus
3245 5512 3356 5570 dixi
3376 5514 3524 5588 quod
3561 5524 3615 5572 tu
3651 5516 3825 5574 habe-
