4174 6298
269 272 364 327 55⁸7

969 262 1210 322 OPUSC.
1267 263 1358 320 ET
1402 261 1619 334 EPIST.
1678 261 1754 318 IN
1807 259 2033 319 CAUSA
2077 259 2420 319 HINCMARI
2481 257 2792 320 LAUDUN.

3443 261 3547 318 558

273 398 365 452 bas
393 391 713 463 dispositum
740 398 798 445 ut
826 389 1035 447 nullam
1072 389 1427 462 indigentiam
1457 390 1525 445 de
1554 387 1855 444 ministerio
1885 388 1942 448 A
1959 405 2227 460 introrsus
2255 405 2426 476 pedes
2455 404 2680 475 colligit,
2723 403 2851 476 quia
2879 411 3073 460 cuncta
3112 401 3406 476 iniquitatis
3435 419 3549 460 sua

274 481 589 540 sacerdotali
625 480 912 546 haberent,
946 478 1121 535 donec
1158 480 1276 550 ipse
1303 478 1536 534 clericus
1575 477 1860 532 ordinare-

273 579 372 628 tur.
419 571 486 625 Et
526 568 661 624 nihil
708 567 1099 624 contradixisti.
1133 568 1202 622 Et
1227 583 1328 638 per
1370 582 1571 622 annum
1602 573 1652 621 et
1694 564 1862 621 dimi—

274 661 412 716 dium
440 659 560 729 ipso
593 657 792 714 clerico
810 656 1060 713 eamdem
1092 655 1380 737 ecclesiam
1409 662 1644 720 tenente,
1681 653 1862 709 Grimo

271 764 354 804 mo
381 746 651 818 parochias
681 753 785 801 tuae
814 744 1193 816 presbyteribi
1220 743 1476 800 cantavit.
1501 744 1569 798 Et
1595 759 1694 814 per
1722 742 1862 796 duos

272 850 434 893 annos
486 841 539 890 et
593 832 877 888 dimidium
933 833 1136 888 ibidem
1186 831 1528 887 Haimericus
1571 830 1861 902 presbyter

269 923 496 982 officium
543 920 886 979 sacerdotale
941 921 1185 976 exhibuit
1222 937 1397 993 usque
1446 919 1630 992 pridie
1686 933 1860 976 nonas

268 1013 502 1087 proxime
531 1009 890 1082 praacedentis
919 1009 1218 1066 Februarii.

331 1103 397 1157 Et
425 1100 552 1172 quia
582 1099 783 1171 quaeris
812 1097 957 1154 unde
993 1098 1099 1153 hoc
1141 1096 1276 1164 scio,
1310 1097 1390 1152 sic
1437 1095 1568 1151 mihi
1599 1103 1860 1166 quantum

270 1208 330 1247 ex
359 1188 673 1260 antiquitate
702 1203 804 1259 per
833 1201 1060 1243 veraces
1090 1185 1340 1242 homines
1369 1183 1557 1254 didici,
1591 1190 1644 1239 et
1669 1200 1770 1255 per
1796 1199 1860 1239 os

269 1278 479 1334 Parduli
507 1276 708 1343 audivi,
740 1282 793 1330 et
818 1283 943 1347 post
983 1290 1104 1330 eum
1135 1289 1326 1346 peroos
1356 1281 1526 1339 tuum,
1561 1272 1699 1328 sicut
1725 1272 1855 1338 dixi,

270 1365 459 1433 audivi,
493 1373 545 1420 et
575 1363 751 1421 oculis
780 1363 910 1429 vidi,
945 1379 1035 1418 res
1072 1362 1204 1418 mihi
1234 1369 1358 1417 nota
1396 1368 1478 1416 est
1509 1380 1522 1427 ;
1557 1367 1610 1416 et
1636 1376 1734 1431 per
1761 1361 1858 1414 has

269 1469 418 1511 veras
451 1452 655 1509 formas
686 1460 817 1508 nota
843 1451 976 1506 mihi
996 1450 1317 1506 ostenditur.
1352 1449 1409 1506 Si
1441 1457 1618 1504 autem
1647 1448 1741 1504 illa
1769 1463 1860 1503 ne-

269 1560 361 1618 gas
389 1559 509 1615 quae
525 1557 626 1614 per
641 1541 872 1613 teipsum
903 1556 1024 1598 cum
1055 1539 1240 1596 auditu
1267 1538 1559 1594 multorum
1591 1537 1724 1602 scio,
1757 1536 1860 1590 mi-

267 1649 361 1688 nus
389 1631 485 1686 tibi
514 1630 739 1687 credere
768 1637 980 1700 potero,
1017 1628 1064 1684 si
1094 1636 1145 1683 te
1172 1627 1516 1683 excusaveris
1557 1641 1622 1680 ex
1650 1625 1735 1680 his
1765 1625 1858 1697 qui

1961 493 2189 566 vestigia
2228 493 2531 550 abscondit.
2577 493 2748 563 Caput
2777 492 3064 560 subtrahit,
3110 491 3236 564 quia
3265 491 3417 548 miris
3447 492 3550 548 de-

1961 582 2296 637 fensionibus
2323 597 2426 637 nec
2465 581 2753 637 inchoasse
2783 596 2842 635 se
2871 579 3074 634 malum
3101 580 3320 650 aliquod
3361 587 3550 635 osten-

1961 670 2056 740 dit,
2086 678 2138 725 et
2161 670 2316 742 quasi
2343 671 2558 742 sphaera
2585 671 2641 725 in
2661 685 2823 724 manu
2850 668 3082 724 tenentis
3111 676 3394 735 remanet;
3421 669 3551 740 quia

1961 759 2008 814 is
2049 759 2142 830 qui
2177 759 2402 829 corripit
2447 767 2636 814 cuncta
2684 775 2804 828 qua:
2841 759 2954 826 jam
2997 765 3327 829 cognoverat
3373 757 3550 811 subito

1961 846 2232 912 amittens,
2275 847 2574 903 involutum
2602 847 2744 900 intra
2782 844 3173 902 conscientiam
3209 853 3554 916 peccatorem

1959 941 2125 991 tenet.
2175 936 2245 990 Et
2292 935 2384 1006 qui
2425 942 2594 990 totum
2644 935 2759 1004 jam
2806 932 3268 1005 deprehendenda
3320 931 3550 1000 viderat,

1959 1023 2406 1096 tergiversatione
2460 1039 2639 1094 pravae
2693 1021 3027 1077 defensionis
3085 1021 3328 1076 inclusus
3383 1028 3556 1076 totum

1957 1111 2161 1183 pariter
2204 1111 2442 1182 ignorat.
2494 1113 2730 1167 Foveam
2770 1127 2902 1183 ergo
2930 1109 3130 1165 ericius
3176 1110 3340 1164 habet
3376 1108 3432 1164 in
3460 1125 3554 1165 re-

1958 1199 2163 1271 probis,
2197 1199 2325 1270 quia
2362 1199 2646 1255 malitiosa;
2692 1199 2886 1254 mentis
2934 1197 3221 1269 duplicitas
3261 1213 3385 1254 sese
3412 1197 3556 1253 inter

1960 1304 2020 1344 se
2058 1287 2323 1360 colligens
2363 1287 2650 1344 abscondit
2678 1287 2733 1341 in
2761 1286 3001 1342 tenebris
3043 1285 3397 1343 defensionis.
3438 1287 3554 1341 Au-

1959 1375 2111 1431 diant
2139 1375 2338 1447 impuri
2368 1376 2512 1448 quod
2540 1375 2800 1446 scriptum
2830 1382 2913 1430 est
2945 1391 2958 1429 :
2999 1376 3104 1443 Qui
3131 1375 3386 1431 ambulat
3416 1377 3554 1430 sim-

1955 1466 2202 1537 pliciter,
2229 1465 2482 1519 ambulat
2501 1464 2848 1533 conﬁdenter
2867 1464 3042 1534 (Rom.
3065 1477 3106 1517 ιι
3127 1467 3183 1519 et
3203 1462 3370 1534 χχιιι)
3391 1480 3404 1516 :
3423 1461 3554 1518 fidu-

1959 1552 2045 1608 cia
2109 1551 2309 1623 quippe
2339 1567 2552 1624 magnm
2578 1550 2886 1607 securitatis
2916 1559 2999 1606 est
3027 1550 3345 1622 simplicitas
3373 1550 3550 1607 actio-

1955 1640 2060 1695 nis.
2111 1640 2344 1694 Audiant
2389 1640 2536 1711 quod
2582 1639 2842 1710 sapientis
2885 1655 2978 1694 ore
3019 1639 3214 1694 dicitur
3255 1655 3268 1693 :
3303 1640 3552 1710 Spiritus

265 1721 328 1776 de
356 1727 406 1777 te
431 1735 529 1791 per
556 1719 694 1775 alios
715 1719 876 1774 audio
901 1736 914 1772 :
937 1726 1119 1773 tamen
1150 1733 1238 1771 me
1266 1723 1319 1770 et
1339 1724 1391 1771 te
1421 1715 1594 1770 latere
1622 1729 1733 1769 non
1761 1728 1852 1785 ρο·
1881 1739 1932 1800 Β
1955 1732 2190 1785 “metu;
2221 1729 2534 1799 disciplima
2562 1728 2789 1799 eﬂrugiet
2817 1728 3016 1796 ﬁctum
3044 1729 3195 1800 (δαρ,
3220 1727 3281 1796 ι),
3314 1725 3550 1783 Audiam

265 1817 361 1866 test
388 1808 533 1880 quod
559 1823 662 1864 nec
692 1807 808 1874 tibi,
842 1806 979 1863 sicut
1006 1821 1108 1862 nec
1136 1805 1289 1872 mihi,
1324 1802 1558 1875 reputari
1587 1818 1751 1873 posse
1783 1817 1848 1858 ex

263 1897 481 1954 veritate
511 1896 671 1968 cupio
703 1895 848 1967 quod
870 1895 1130 1967 scriptum
1161 1901 1276 1948 est:
1302 1893 1370 1948 0s
1401 1892 1540 1965 quod
1568 1892 1850 1947 mentitur

263 1985 456 2042 occidit
485 1987 741 2041 animam
771 1984 922 2055 (Sap.
957 1985 1018 2053 ι).
1052 1985 1118 2038 Et
1144 2000 1156 2036 :
1182 1982 1331 2050 Quod
1359 1981 1426 2037 de
1457 1996 1550 2036 ore
1572 1979 1844 2052 procedit,

261 2072 452 2131 scilicet
483 2073 697 2129 veritati
718 2071 1063 2141 contrarium,
1089 2070 1188 2128 hoc
1205 2071 1535 2142 coinquinat
1564 2069 1848 2124 hominem

262 2162 471 2232 (Matth.
492 2162 612 2232 xv).
639 2163 705 2216 Et
726 2160 983 2219 Salomon
1005 2159 1132 2215 dicit
1155 2175 1168 2212 :
1201 2161 1372 2213 Testis
1401 2159 1584 2228 falsus
1601 2173 1715 2212 non
1738 2158 1847 2212 erit

261 2251 571 2323 impunitus
600 2250 781 2321 (Prov.
816 2250 962 2320 xxx).
1010 2247 1233 2303 Duobus
1262 2246 1509 2318 inquiunt
1536 2244 1714 2300 modis
1743 2258 1846 2298 au-

258 2346 426 2395 ctores
456 2339 517 2393 ﬁt
551 2338 718 2393 falsus
748 2338 920 2408 testis,
957 2335 1162 2393 scilicet
1189 2343 1280 2390 aut
1309 2334 1450 2389 falsa
1478 2333 1729 2401 dicendo,
1761 2338 1847 2386 aut

257 2443 381 2484 vera
421 2426 722 2484 reticendo.
755 2425 904 2482 Nihil
943 2433 1045 2495 est,
1079 2424 1252 2496 inquit
1293 2424 1483 2480 beatus
1523 2419 1842 2493 Gregorius,

254 2517 316 2571 ad
361 2515 762 2572 defendendum
818 2514 1050 2586 puritate
1097 2513 1280 2583 tutius,
1322 2513 1398 2566 nil
1441 2511 1508 2566 ad
1554 2509 1845 2566 dicendum

254 2604 464 2660 veritate
493 2603 706 2660 facilius
727 2621 739 2658 :
759 2618 888 2659 nam
925 2603 1054 2658 dum
1083 2601 1356 2658 fallaciam
1388 2615 1543 2656 suam
1569 2598 1710 2655 tueri
1725 2596 1844 2668 quis

253 2693 470 2764 cogitur,
525 2692 662 2748 duro
725 2707 821 2748 cor
864 2691 1051 2749 labore
1100 2690 1378 2762 fatigatur.
1430 2688 1568 2743 Hinc
1608 2701 1844 2757 namque

252 2781 508 2854 scriptum
535 2789 618 2838 est
649 2798 663 2836 :
695 2781 871 2837 Labor
899 2779 1166 2836 labiorum
1197 2779 1439 2850 ipsorum
1469 2775 1678 2848 operiet
1707 2789 1802 2830 eos
1827 2790 1840 2828 :

252 2871 336 2942 qui
367 2871 512 2926 enim
528 2886 672 2926 nunc
693 2869 897 2941 implet,
920 2876 1047 2924 tunc
1067 2867 1258 2940 operit,
1282 2867 1409 2939 quia
1429 2865 1583 2935 cujus
1604 2863 1844 2919 animum

248 2975 340 3029 per
381 2959 639 3016 blandam
682 2957 1109 3030 inquietudinem
1140 2955 1329 3025 exerit,
1377 2963 1504 3011 tunc
1550 2969 1650 3026 per
1679 2967 1841 3022 aspe-

249 3063 362 3102 ram
389 3047 800 3106 retributionem
836 3045 1048 3118 premit.
1081 3045 1221 3102 Hinc
1246 3061 1345 3116 per
1371 3041 1661 3098 Jeremiam
1701 3039 1842 3096 dici-

246 3139 703 3194 turzDocuerunt
727 3137 979 3208 linguam
1001 3152 1164 3190 suam
1196 3134 1342 3206 loqui
1374 3130 1754 3196 mendacium,
1783 3131 1849 3183 ut

246 3223 431 3298 inique
461 3229 698 3299 agerent
725 3225 1120 3281 laboraverunt
1141 3223 1366 3294 (Jerem.
1384 3219 1489 3292 1x);
1505 3235 1569 3275 ac
1591 3218 1637 3273 si
1664 3223 1848 3288 aperte

246 3314 546 3372 diceretur:
597 3313 702 3382 Qui
725 3313 885 3369 amici
901 3328 1024 3369 esse
1060 3310 1300 3369 veritatis
1336 3309 1453 3364 sine
1478 3307 1667 3364 labore
1688 3312 1848 3377 pote-

250 3410 390 3470 rant,
422 3411 480 3458 nt
511 3409 745 3474 peccent
759 3402 1027 3459 laborant:
1061 3414 1291 3472 cumque
1311 3398 1493 3456 vivere
1531 3393 1850 3466 simpliciter

243 3499 493 3560 renuunt,
530 3491 813 3549 laboribus
853 3490 1074 3563 exigunt
1105 3497 1162 3546 ut
1190 3486 1490 3544 moriantur
1521 3503 1536 3539 :
1569 3499 1694 3540 nam
1720 3482 1845 3555 ple-

242 3595 462 3652 rumque
493 3580 550 3636 in
592 3580 750 3651 culpa
798 3578 1144 3652 deprehensi,
1192 3577 1322 3632 dum
1368 3575 1555 3648 quales
1596 3573 1704 3628 sint
1744 3585 1843 3627 co-

240 3669 429 3740 gnosci
459 3669 766 3742 refugiunt,
809 3685 929 3725 sese
968 3668 1066 3722 sub
1096 3666 1275 3724 fallaci
1303 3665 1571 3722 velamine
1604 3663 1842 3716 abscon-

239 3757 410 3812 dunt:
446 3767 502 3814 et
543 3759 651 3814 hoc
696 3758 839 3829 quod
889 3763 1135 3828 peccant,
1196 3755 1451 3828 quodque
1495 3753 1611 3822 jam
1658 3757 1842 3822 aperte

236 3846 468 3902 cernitur
500 3829 765 3902 excusare
807 3845 1101 3900 moliuntur
1148 3864 1162 3911 ;
1222 3843 1296 3899 ita
1351 3851 1409 3898 ut
1456 3857 1600 3912 saepe
1654 3839 1700 3894 is
1748 3836 1843 3909 qui

242 3950 428 3990 eorum
470 3936 664 4006 culpas
725 3934 1006 4006 corripere
1068 3933 1265 3999 studet,
1309 3947 1550 4004 aspersae
1591 3926 1839 3984 falsitatis

233 4023 444 4080 nebulis
477 4023 737 4080 seductus
768 4039 910 4095 pene
940 4021 1190 4078 amisisse
1220 4021 1422 4087 videat,
1475 4018 1621 4091 quod
1662 4017 1729 4072 de
1760 4014 1840 4071 eis

229 4111 338 4180 jam
369 4122 586 4170 certum
628 4113 866 4168 tenebat.
915 4112 1072 4168 Unde
1103 4119 1250 4167 recte
1282 4109 1384 4165 sub
1427 4109 1628 4163 Iudaea:
1656 4105 1838 4177 specie

232 4216 326 4271 per
353 4203 682 4274 prophetam
711 4209 898 4258 contra
928 4208 1244 4272 peccantem
1275 4197 1533 4265 animam,
1568 4209 1836 4250 excusan—

233 4295 445 4362 temque
477 4307 540 4347 se
571 4290 770 4346 dicitur
801 4307 814 4343 :
845 4289 928 4344 Ibi
959 4289 1157 4344 habuit
1191 4291 1411 4360 foveam
1455 4287 1662 4341 ericius
1702 4284 1830 4353 (Isa.

231 4381 431 4450 xxxrv)
461 4397 474 4434 :
501 4377 657 4436 ericii
687 4378 888 4450 quippe
930 4377 1150 4434 nomine
1178 4375 1405 4447 impurae
1450 4372 1647 4429 mentis
1678 4386 1833 4427 sese-

1877 3097 1927 3161 C

1953 1817 2099 1889 quod
2131 1816 2411 1887 Seriptura
2439 1831 2661 1871 rursum
2690 1823 2825 1870 teste
2856 1815 3203 1886 perhibetur:
3239 1815 3377 1871 Cum
3404 1815 3547 1870 sim-

1949 1906 2192 1978 plicibus
2224 1905 2625 1960 sermocinatio
2642 1906 2762 1976 ejus
2795 1903 2978 1974 (Prov.
3003 1903 3107 1975 ιιι).
3131 1904 3247 1958 Deo
3263 1902 3410 1959 enim
3439 1918 3552 1958 ser-

1949 1992 2212 2048 mocinari
2241 2001 2321 2049 est
2363 2008 2462 2062 per
2499 1991 2910 2048 illustrationem
2948 2007 3063 2047 suae
3100 1990 3406 2062 praesentiae
3437 1991 3545 2046 hu-

1949 2080 2126 2136 manis
2163 2080 2436 2136 mentibus
2473 2095 2674 2137 arcana
2711 2079 2978 2136 revelare.
3023 2080 3160 2134 Cum
3207 2077 3545 2150 simplicibus

1947 2168 2116 2241 igitur
2147 2168 2500 2225 sermocinari
2547 2167 2758 2235 dicitur,
2801 2167 2930 2239 quia
2958 2167 3026 2222 de
3058 2167 3310 2238 supernis
3351 2173 3548 2238 mysteo

1948 2257 2044 2313 riis
2072 2257 2285 2312 illorum
2312 2265 2522 2312 mentes
2551 2256 2703 2312 radio
2747 2271 2859 2312 suae
2897 2255 3222 2312 visitationis
3251 2255 3537 2324 illuminat,

1949 2362 2082 2418 quos
2111 2345 2261 2401 nulla
2287 2346 2477 2401 umbra
2506 2344 2832 2416 duplicitatis
2861 2345 3136 2400 obscurat.

2016 2436 2114 2489 Est
2143 2441 2322 2490 autem
2363 2433 2598 2505 speciale
2637 2432 2933 2504 duplicium
2974 2432 3214 2498 malum;
3248 2431 3372 2505 quia
3408 2431 3539 2488 dum

1945 2538 2209 2594 perversa
2258 2530 2311 2577 et
2356 2522 2558 2593 duplici
2600 2521 2811 2577 actione
2859 2527 3085 2578 cateros
3131 2519 3345 2588 fallunt,
3385 2518 3540 2592 quasi

1944 2611 2284 2682 praestantius
2313 2610 2523 2666 caeteris
2551 2610 2848 2681 prudentes
2877 2626 2937 2665 se
2966 2625 3088 2664 esse
3117 2608 3436 2680 gloriantur.
3467 2609 3538 2664 Et

1946 2699 2070 2771 quia
2117 2698 2456 2756 districtione
2508 2698 2878 2754 retributionis
2930 2712 3041 2754 non
3081 2697 3427 2753 considerant
3469 2696 3539 2754 de

1945 2786 2157 2842 damnis
2188 2787 2299 2842 suis
2328 2787 2516 2843 miseri
2560 2786 2848 2853 exsultant,
2891 2793 2943 2841 et
2981 2793 3180 2842 caetera
3217 2801 3336 2858 quae
3363 2785 3419 2841 in
3447 2801 3540 2841 re-

1944 2875 2074 2948 gula
2107 2875 2368 2946 pastorali
2413 2875 2556 2931 beati
2599 2873 2850 2946 Gregorii
2879 2890 2947 2930 ex
2973 2873 3167 2929 ordine
3199 2880 3359 2944 potes
3394 2873 3542 2930 rele-

1943 2979 2094 3036 gere,
2146 2980 2306 3036 quam
2337 2964 2434 3019 tibi
2475 2979 2582 3018 una
2611 2979 2736 3020 cum
2765 2963 2906 3018 libro
2943 2977 3226 3018 sacrorum
3266 2976 3538 3019 canonum

1945 3051 2003 3106 in
2030 3067 2191 3108 manu
2221 3059 2346 3108 ante
2376 3053 2543 3108 altare
2572 3059 2775 3109 sanctae
2816 3051 2999 3106 Marim
3028 3051 3084 3105 in
3115 3050 3204 3106 die
3233 3049 3537 3106 ordinatio-

1951 3141 2035 3195 nis
2064 3148 2170 3197 tuae
2199 3139 2341 3208 misi,
2385 3141 2664 3196 obtestans
2708 3155 2830 3211 quae
2857 3139 3109 3210 ignorare
3147 3153 3258 3194 non
3299 3145 3459 3209 potes
3487 3144 3544 3195 et

1951 3228 2197 3284 oblivisci
2225 3243 2334 3284 non
2363 3229 2553 3285 debes.
2594 3229 2982 3284 Verumtamen
3018 3227 3160 3284 hanc
3196 3227 3542 3298 negationem

1950 3324 2115 3383 tuam,
2168 3332 2334 3390 quam
2382 3316 2500 3372 sine
2547 3316 2658 3372 ulla
2701 3315 3025 3374 necessitate
3079 3315 3422 3387 assumpsisti
3469 3313 3542 3371 ad

1946 3405 2196 3474 injuriam
2223 3420 2400 3461 meam
2443 3405 2717 3477 pertinere
2747 3421 2857 3460 non
2883 3405 3100 3471 ducam,
3144 3420 3248 3462 nec
3281 3419 3384 3477 pro
3429 3403 3539 3461 cri-

1945 3493 2090 3549 mine
2119 3494 2401 3565 reputabo,
2449 3508 2627 3566 neque
2672 3509 2771 3565 pro
2806 3495 2908 3550 hac
2956 3493 3072 3548 sola
3116 3492 3406 3564 negatione
3449 3499 3542 3548 tua

1944 3598 2032 3637 me
2063 3597 2096 3636 a
2125 3582 2506 3638 communione
2534 3589 2623 3636 tua
2653 3582 2936 3652 separabo,
2981 3595 3216 3652 sequens
3247 3580 3541 3652 capitulum

1944 3669 2180 3726 Africani
2223 3670 2458 3738 concilii,
2519 3670 2664 3742 quod
2708 3677 2767 3726 tu
2807 3670 3206 3736 detruncatum,
3258 3676 3310 3725 et
3356 3684 3391 3722 a
3437 3683 3536 3724 suo

1943 3775 2109 3814 sensu
2157 3759 2462 3830 expositum
2490 3758 2623 3814 mihi
2661 3757 2948 3830 scripsisti,
2997 3758 3241 3814 ultimam
3271 3757 3388 3826 ejus
3413 3772 3544 3829 par-

1942 3847 2165 3903 ticulam
2211 3849 2279 3902 ad
2328 3855 2478 3903 tuum
2531 3863 2751 3904 sensum
2797 3846 3146 3914 inflectendo,
3205 3845 3406 3918 scripto
3449 3851 3542 3901 tuo

1939 3935 2072 3990 mihi
2101 3936 2308 3992 directo
2331 3936 2628 4008 imponere,
2671 3935 2796 4009 quia
2825 3951 2928 3991 nec
2955 3950 3057 4006 pro
3087 3934 3314 3992 crimine
3343 3933 3548 3990 ducen-

1940 4024 2070 4079 dum
2101 4033 2251 4096 puto,
2283 4024 2328 4079 si
2359 4025 2558 4081 clerico
2600 4024 2904 4080 ordinando
2935 4039 3112 4095 usque
3139 4022 3208 4078 ad
3239 4022 3541 4078 ordinatio-

1938 4130 2063 4169 nem
2109 4112 2432 4168 consensisti
2461 4113 2518 4167 in
2545 4111 2779 4167 ecclesia
2817 4111 2874 4166 in
2904 4127 3012 4182 qua
3055 4111 3384 4167 ordinandus
3427 4115 3542 4166 erat

1938 4201 2208 4267 laborare,
2259 4201 2437 4256 donec
2482 4201 2552 4255 ad
2591 4199 2956 4255 ordinandum
3001 4198 3333 4269 perveniret,
3385 4205 3438 4252 et
3493 4194 3541 4252 si

1936 4289 2137 4362 dignus
2180 4297 2342 4360 atque
2392 4287 2621 4344 idoneus
2669 4287 2922 4344 inventus
2978 4286 3117 4342 foret
3168 4285 3533 4352 ordinaretur,

1937 4377 2061 4448 quia
2090 4391 2192 4433 nec
2222 4383 2447 4432 sanctus
2487 4376 2853 4444 Innocentius,
2895 4375 3034 4432 sicut
3065 4375 3160 4430 tibi
3200 4373 3533 4446 praescripsi,

231 4482 331 4537 que
361 4467 565 4524 callide
598 4465 940 4524 defendentis
979 4464 1270 4538 duplicitas
1311 4463 1626 4534 designatur
1659 4478 1671 4515 :
1709 4451 1906 4531 quiaD
1933 4482 2036 4538 pro
2095 4465 2320 4522 crimine
2384 4465 2649 4536 reputavit
2715 4465 2974 4537 episcopo
3037 4463 3128 4536 qui
3194 4461 3532 4536 presbyteris

228 4554 479 4612 videlicet
523 4555 728 4612 ericius
778 4571 901 4610 cum
942 4553 1382 4626 apprehenditur,
1434 4550 1551 4620 ejus
1590 4556 1642 4605 et
1671 4555 1833 4618 caput

227 4645 485 4714 cernitur,
523 4652 581 4700 et
607 4644 778 4716 pedes
807 4643 1076 4714 videntur,
1111 4651 1163 4697 et
1192 4658 1392 4712 corpus
1422 4655 1583 4696 omne
1613 4635 1831 4707 conspi-

227 4731 396 4789 citur:
422 4733 526 4790 sed
556 4749 683 4788 mox
721 4748 847 4789 cum
886 4732 1258 4803 apprehensus
1288 4729 1446 4785 fuerit
1480 4726 1828 4798 semetipsum

226 4819 278 4874 in
307 4823 588 4893 sphaeram
604 4819 827 4893 colligit,
859 4820 1029 4893 pedes
1057 4820 1323 4876 introrsus
1353 4817 1635 4888 subtrahit,
1669 4822 1831 4886 caput

226 4909 530 4979 abscondit,
602 4919 654 4966 et
709 4911 854 4966 intra
909 4909 1139 4966 tenentis
1194 4924 1389 4964 manus
1440 4915 1611 4963 totum
1667 4903 1828 4960 simul

223 4999 503 5068 amittitur,
550 4999 699 5072 quod
748 5007 917 5056 totum
970 4998 1131 5056 simul
1179 5005 1337 5054 antea
1382 4997 1688 5053 videbatur.
1737 4992 1828 5049 Sic

224 5086 480 5145 nimirum
510 5089 593 5145 sic
631 5088 861 5160 impura
894 5095 1106 5142 mentes
1146 5094 1270 5142 sunt
1316 5102 1437 5142 cum
1479 5085 1535 5140 in
1573 5083 1687 5139 suis
1727 5099 1826 5139 ex-

225 5178 471 5233 cessibus
523 5176 1060 5250 comprehenduntur
1095 5192 1106 5231 :
1141 5183 1298 5247 caput
1327 5174 1470 5230 enim
1501 5173 1651 5229 ericii
1697 5188 1824 5229 cer-

221 5264 380 5337 nitur,
414 5266 544 5339 quia
577 5282 684 5339 quo
731 5265 884 5322 initio
914 5264 986 5321 ad
1024 5262 1238 5336 culpam
1275 5270 1529 5334 peccator
1566 5276 1821 5318 accesse-

221 5353 306 5420 rit,
338 5355 580 5411 videtur.
615 5354 790 5411 Pedes
818 5353 981 5412 ericii.
1012 5351 1434 5424 conspiciuntur,
1467 5349 1592 5421 quia
1621 5349 1822 5421 quibus

218 5443 460 5514 vestigiis
525 5443 768 5514 nequitia
829 5442 898 5496 sit
958 5448 1264 5514 perpetrata
1320 5438 1672 5511 cOgnoscitur
1713 5457 1726 5504 ;
1769 5445 1822 5493 et

219 5538 395 5589 tamen
421 5531 676 5589 adductis
706 5537 932 5603 repente
963 5528 1400 5588 excusationibus
1426 5527 1638 5598 impura
1667 5542 1822 5583 mens

1934 4555 2261 4627 quibusdam
2292 4554 2570 4612 consensit
2610 4553 2666 4608 in
2697 4569 2794 4610 sua
2835 4553 3092 4626 parochia
3119 4552 3378 4609 ecclesias
3404 4551 3530 4606 diu-

1931 4644 2034 4700 tius
2065 4644 2316 4710 retinere,
2362 4643 2454 4715 qui
2491 4643 2926 4700 communionem
2970 4642 3114 4697 illius
3152 4648 3374 4697 eatenus
3415 4653 3528 4696 non

1927 4741 2179 4804 poterant
2223 4733 2550 4804 promereri,
2602 4732 2699 4788 sed
2748 4732 2932 4787 statuit
2985 4737 3044 4785 ut
3085 4729 3280 4801 quibus
3327 4727 3526 4784 eadem

1929 4821 2188 4877 ecclesias
2233 4820 2472 4876 retinere
2501 4821 2593 4876 diu
2618 4820 2674 4874 in
2702 4818 2960 4891 parochia
3007 4832 3106 4873 sua
3144 4822 3519 4887 consenserat,

1930 4925 2086 4966 suam
2114 4910 2191 4965 eis
2223 4909 2661 4966 communionem
2708 4907 3014 4963 nullatenus
3059 4905 3372 4977 denegaret.
3425 4905 3521 4962 In-

1925 4999 2151 5071 tegritas
2181 5005 2362 5054 autem
2391 4997 2562 5070 ipsius
2591 4994 2808 5066 capituli
2821 4994 3064 5050 Africani
3095 4993 3330 5064 concilii,
3364 4994 3518 5064 cujus

1925 5094 2139 5158 partem
2158 5086 2402 5142 ultimam
2433 5094 2523 5141 tuo
2553 5084 2753 5155 scripto
2773 5081 3066 5152 inseruisti,
3083 5082 3191 5139 ista
3209 5091 3292 5139 est
3321 5099 3336 5138 :
3370 5083 3515 5139 Item

1921 5177 2145 5249 placuit
2167 5180 2232 5232 ut
2261 5177 2312 5232 si
2353 5175 2572 5248 quando
2618 5175 2906 5246 episcopus
2937 5172 3078 5229 dicit
3115 5173 3362 5246 aliquem
3412 5170 3518 5228 sibi

1924 5265 2030 5322 soli
2054 5265 2349 5338 proprium
2381 5263 2597 5319 crimen
2630 5262 2808 5332 fuisse
2839 5264 3180 5334 confessum,
3215 5265 3384 5333 atque
3411 5260 3513 5315 ille

1924 5357 2107 5425 neget,
2126 5370 2240 5409 non
2263 5355 2424 5424 putet
2443 5350 2516 5406 ad
2554 5352 2831 5422 injuriam
2857 5367 3020 5407 suam
3063 5351 3351 5423 episcopus
3380 5363 3513 5420 per-

1927 5444 2105 5497 tinere
2145 5440 2287 5512 quod
2323 5441 2416 5495 illi
2447 5440 2554 5495 soli
2591 5455 2707 5496 non
2737 5439 3010 5496 creditur.
3060 5442 3129 5494 Et
3163 5441 3215 5494 si
3249 5436 3513 5508 scrupulo

1921 5528 2164 5602 propriae
2191 5528 2556 5584 conscientia:
2605 5544 2662 5584 se
2695 5527 2836 5585 dicit
2881 5528 3119 5600 neganti
3164 5527 3316 5584 nolle
3360 5539 3514 5581 com-
