4174 6306
627 245 730 301 559

1517 237 1859 296 HINCMARI
1914 233 2314 295 RHEMENSIS
2351 235 2898 293 ARCHIEPISCOPI.

3813 234 3922 288 560

633 368 931 423 municare
1000 365 1258 438 quandiu
1317 366 1810 422 excommunicato
1857 381 1974 421 non
2028 379 2224 421 comu-
2254 360 2307 421 A
2323 361 2650 433 prejudicio
2680 364 2930 418 servaret
2957 359 3297 417 mandatum
3317 357 3370 430 (Ι
3391 358 3526 414 Tim.
3550 357 3630 430 v).
3661 359 3728 413 Et
3749 356 3920 422 scias,

627 457 908 512 nicaverit
922 471 1059 510 suus
1089 456 1396 527 episcopus,
1419 455 1600 510 eidem
1611 453 1862 526 episcopo
1879 453 1946 509 ab
1961 453 2093 508 aliis
2103 468 2219 507 non

624 545 1081 599 communicetur
1100 542 1392 614 episcopis,
1413 547 1478 597 ut
1505 543 1686 613 magis
1707 545 1902 597 caveat
1933 542 2219 611 episcOpus

621 646 696 687 ne
724 631 880 686 dicat
907 633 971 686 in
1000 647 1334 703 quemquam
1375 629 1516 703 quod
1544 631 1676 685 aliis
1705 629 2056 686 documentis
2079 643 2218 682 con-

621 721 848 775 vincere
885 735 1000 775 non
1038 723 1239 790 potest.

691 808 822 862 Haec
851 807 1174 862 documenta
1205 821 1324 877 qua:
1353 805 1447 860 tibi
1478 813 1530 861 et
1558 804 1728 876 prius,
1761 812 1814 859 et
1844 817 1986 859 nunc
2036 801 2216 858 scribo

621 894 852 966 qualiter
899 894 1064 950 didici
1109 902 1163 948 et
1206 892 1558 964 praecedenti,
1609 902 1661 946 et
1707 893 1807 948 hac
1867 889 2218 962 subsequenti

621 983 856 1039 lectione
883 990 1040 1053 potes
1088 997 1443 1054 cognoscere,
1493 980 1563 1034 ad
1593 995 1715 1050 qua;
1741 977 2128 1044 conﬁrmanda,
2163 985 2217 1032 et

620 1071 691 1126 ad
719 1078 772 1126 te
811 1069 1242 1126 convincendum
1288 1067 1468 1123 nullos
1518 1075 1684 1122 testes
1723 1067 2037 1137 producam,
2089 1065 2217 1136 quia

614 1175 727 1214 non
770 1158 966 1228 debeo,
1016 1173 1118 1212 nec
1159 1157 1229 1212 de
1257 1157 1361 1212 hac
1399 1173 1461 1212 re
1505 1162 1769 1210 secretam
1815 1153 2214 1210 confessionem

614 1254 784 1313 tuam,
821 1262 984 1318 quam
1015 1260 1122 1300 non
1149 1244 1378 1316 accepit,
1431 1258 1683 1315 promere
1711 1243 1857 1311 volo,
1908 1258 2032 1297 cum
2061 1241 2214 1296 Scri-

615 1343 776 1406 ptura
805 1334 946 1390 dicat
974 1333 1024 1388 ei
1047 1351 1060 1386 :
1092 1335 1196 1402 Qui
1214 1333 1430 1388 revelat
1454 1347 1688 1397 arcana,
1709 1334 1765 1386 et
1785 1330 2041 1386 ambulat
2061 1332 2215 1400 frau-

620 1424 793 1480 dulen
800 1427 904 1489 ter,
919 1425 975 1478 et
989 1422 1202 1476 dilatat
1219 1421 1368 1476 labia
1379 1437 1500 1484 sua,
1517 1436 1588 1474 ne
1600 1419 2016 1475 commiscearis
2028 1417 2210 1489 (Prov.

614 1511 741 1582 xx).
773 1509 932 1579 Quod
959 1509 1036 1564 ita
1065 1515 1341 1580 exponunt
1369 1507 1619 1564 doctores
1645 1506 1927 1562 catholici:
1951 1506 2035 1560 Ne
2065 1521 2215 1560 com-

611 1598 898 1654 miscearis
945 1598 1064 1668 ejus
1111 1596 1364 1652 amicitiis
1411 1595 1504 1667 qui
1557 1594 1750 1666 prioris
1797 1593 1980 1650 amici-
2001 1600 2214 1648 secreta

2319 449 2622 506 certissime
2673 449 2930 520 quoniam
2961 449 3008 503 si
3045 465 3205 504 secus
3243 447 3444 520 egeris,
3489 447 3606 502 Deo
3643 451 3923 501 annuente

2319 545 2374 592 et
2419 537 2526 593 vita
2572 539 2790 603 comite,
2835 545 3146 608 opportuno
3189 543 3436 606 tempore
3491 535 3594 590 hoc
3636 549 3746 588 non
3796 533 3922 588 sine

2317 625 2557 697 regulari
2585 625 2926 682 discussione
2965 623 3249 691 dimittam,
3281 639 3391 678 non
3418 622 3546 688 mei,
3577 621 3723 693 quod
3752 621 3921 687 absit,

2317 727 2504 782 causa,
2551 714 2649 768 sed
2693 729 2969 769 sacrarum
3007 712 3314 786 regularum
3361 718 3690 780 contemptu.
3729 709 3812 764 De
3851 725 3923 764 eo

2317 802 2463 872 quod
2483 802 2540 856 in
2557 802 2750 856 eodem
2769 800 3079 856 tuoinsulso
3100 799 3302 871 scripto
3314 798 3616 870 apposuisti
3641 815 3654 852 :
3675 798 3812 852 Item
3835 813 3927 853 ca—

2315 905 2428 944 non
2455 888 2585 944 dicit
2615 906 2628 942 :
2665 890 2770 958 Qui
2813 906 2995 944 unum
3039 889 3257 944 crimen
3287 887 3519 958 probare
3547 903 3664 942 non
3704 887 3922 956 poterit

2317 977 2388 1033 ad
2416 977 2534 1033 alia
2563 977 2794 1032 admitti
2819 993 2936 1032 non
2957 977 3135 1042 debet,
3169 974 3262 1029 tibi
3291 974 3552 1040 rescribo,
3573 973 3769 1029 Nescis
3786 972 3922 1044 quid

2316 1065 2453 1120 dicis
2478 1064 2708 1136 ;plenus
2747 1063 3122 1136 indignatione
3155 1071 3208 1118 et
3236 1061 3577 1119 contumacia
3622 1077 3732 1117 non
3756 1070 3923 1132 potes

2315 1153 2485 1208 oculis
2521 1151 2718 1206 mentis
2757 1152 2944 1207 videre
2983 1151 3130 1222 quod
3170 1150 3354 1206 verbis
3401 1150 3604 1205 debeas
3637 1165 3917 1221 promere,

2317 1239 2402 1295 vel
2460 1240 2606 1311 quod
2662 1239 2866 1295 debeas
2924 1240 3156 1295 reticere
3193 1257 3209 1306 ;
3242 1239 3288 1293 si
3333 1237 3642 1310 sequereris
3699 1237 3922 1293 beatum

2315 1327 2507 1390 David,
2541 1327 2831 1382 Dominum
2860 1326 3238 1398 deprecareris
3259 1335 3316 1381 ut
3337 1329 3573 1397 poneret
3597 1325 3918 1382 custodiam

2314 1417 2402 1472 ori
2431 1419 2544 1482 tuo,
2579 1420 2634 1471 et
2662 1417 2873 1472 ostium
2920 1417 3372 1472 circumstantia:
3395 1415 3555 1470 labiis
3589 1415 3704 1469 tuis
3731 1414 3915 1484 (Psal.

2313 1504 2583 1574 xxxvm).
2617 1505 2801 1559 Canon
2829 1503 2959 1558 dicit
2984 1520 2996 1558 :
3022 1503 3466 1574 Quotiescunque
3503 1500 3716 1558 clericis
3742 1501 3920 1556 multa

2313 1591 2543 1647 crimina
2587 1593 2658 1646 ab
2701 1592 3108 1648 accusatoribus
3157 1591 3498 1660 objiciuntur,
3546 1597 3599 1646 et
3639 1606 3807 1646 unum
3846 1607 3918 1646 ex

611 1687 866 1752 denudat,
902 1686 1001 1741 sed
1041 1686 1184 1740 hunc
1222 1683 1366 1740 velut
1402 1681 1670 1754 perﬁdum
1709 1697 1861 1738 cave.
1905 1680 2210 1736 Ostendere
2230 1705 2283 1764 Β
2311 1679 2446 1750 ipsis
2474 1681 2542 1736 de
2573 1695 2680 1752 quo
2719 1680 2872 1751 prius
2919 1681 3094 1753 egerit
3141 1680 3381 1750 probare
3409 1695 3520 1734 non
3556 1678 3804 1746 valuerit,
3843 1678 3918 1734 ad

611 1783 790 1831 autem
819 1782 874 1830 et
917 1789 1142 1829 monere
1172 1781 1224 1826 te
1269 1771 1466 1840 debeo,
1491 1779 1572 1829 ,ιιι
1611 1769 1908 1826 secundum
1951 1769 2107 1842 leges
2158 1775 2214 1823 et
2313 1775 2509 1824 caetera
2531 1769 2648 1838 jam
2691 1784 2801 1823 non
2835 1767 3187 1834 admittatur;
3220 1768 3310 1824 dic
3347 1767 3467 1840 quis
3499 1775 3581 1823 est
3621 1767 3712 1822 ille
3748 1783 3922 1824 accu-

607 1862 836 1936 regulas
863 1861 990 1917 inde
1009 1861 1374 1932 quodjustum
1395 1866 1480 1914 est
1509 1857 1848 1930 exsequeris.
1881 1858 1962 1912 De
1983 1873 2048 1912 eo
2079 1871 2211 1912 vero
2310 1863 2495 1922 sator;
2528 1855 2616 1911 dic
2654 1857 2799 1927 apud
2844 1872 3008 1928 quem
3051 1863 3102 1912 te
3154 1863 3434 1912 accusator
3467 1863 3720 1922 accusat;
3745 1854 3838 1912 dic
3857 1855 3919 1910 in

612 1950 760 2022 quod
801 1965 972 2022 negas
1011 1965 1112 2019 per
1157 1947 1353 2002 multas
1400 1945 1662 2018 ambages
1702 1961 1811 2000 non
1861 1944 2207 2010 verisimiles,
2311 1959 2418 2015 quo
2448 1943 2689 2016 regulari
2721 1943 2928 2014 judicio
2957 1953 3010 2000 te
3049 1952 3308 2011 accusat;
3343 1943 3430 1999 dic
3459 1943 3528 1998 de
3573 1944 3768 2015 quibus
3797 1945 3918 2000 cri-

609 2039 806 2110 quibus
831 2036 964 2091 mihi
983 2043 1038 2092 et
1066 2035 1291 2106 longum
1311 2041 1364 2089 et
1382 2033 1568 2088 inutile
1597 2033 1932 2104 respondere
1971 2032 2206 2098 videtur,
2307 2031 2544 2087 minibus
2586 2040 2639 2087 te
2680 2041 2967 2089 accusator
3011 2041 3270 2101 accusat;
3302 2032 3388 2087 dic
3417 2032 3486 2088 de
3534 2048 3644 2104 quo
3683 2031 3918 2088 crimine

610 2133 665 2181 te
691 2141 802 2181 non
832 2123 1198 2193 consensisse,
1230 2131 1289 2177 ut
1318 2121 1435 2193 ipse
1465 2121 1694 2178 clericus
1722 2121 1970 2176 eamdem
1999 2127 2210 2176 teneret
2307 2129 2599 2177 accusator
2629 2121 2760 2193 egit,
2793 2122 2942 2194 quod
2979 2121 3220 2192 probare
3247 2137 3356 2176 non
3385 2120 3574 2188 valuit,
3607 2128 3664 2175 ut
3693 2121 3766 2176 ad
3797 2135 3912 2177 caa-

614 2213 907 2270 ecclesiam
935 2212 981 2267 si
1008 2212 1066 2266 in
1095 2209 1435 2268 contumacia
1472 2217 1526 2264 et
1550 2209 1838 2281 negatione
1887 2216 1978 2264 tua
2011 2225 2211 2280 perse:
2306 2213 2427 2262 tera
2469 2208 2584 2276 jam
2631 2225 2743 2264 non
2780 2209 3142 2265 admittatur:
3186 2209 3616 2281 quotiescunque
3662 2208 3811 2264 enim
3857 2216 3916 2265 te

610 2317 804 2358 verare
863 2299 1194 2369 decreveris,
1236 2297 1470 2353 .habeas
1526 2297 1678 2352 illum
1733 2296 2076 2353 conscientiae
2150 2303 2206 2352 et
2305 2296 2724 2366 metropolitana
2767 2298 3089 2362 auctoritate
3139 2313 3428 2364 monucro,
3460 2297 3549 2352 cui
3587 2313 3690 2368 per
3718 2312 3914 2354 sacros

608 2388 919 2462 negationis
948 2395 1056 2444 tuae
1078 2387 1338 2456 judicem,
1373 2401 1536 2456 quem
1561 2385 1791 2440 habebis
1821 2393 1875 2440 et
1903 2392 2117 2441 testem.
2137 2385 2208 2440 Et
2305 2397 2548 2440 canones
2595 2385 2888 2440 commissa
2919 2393 3004 2442 est
3049 2385 3364 2442 sollicitudo
3411 2385 3571 2441 totius
3616 2385 3917 2456 provincia:

611 2477 866 2550 quoniam
910 2475 1042 2530 mihi
1087 2474 1356 2546 scripsisti
1398 2473 1545 2544 quod
1600 2473 1728 2529 inde
1777 2488 1995 2530 causam
2042 2487 2204 2544 quam

602 2566 787 2622 nescis
814 2563 1151 2636 investigare
1175 2570 1227 2618 et
1257 2562 1387 2618 mihi
1426 2562 1750 2617 remandare
1779 2561 2004 2627 debeas,
2039 2561 2205 2616 timeo

603 2668 708 2724 pro
737 2660 790 2708 te
819 2668 888 2709 ne
917 2653 1056 2708 sicut
1085 2651 1199 2720 jam
1244 2650 1420 2707 fecisti
1457 2658 1516 2705 ut
1551 2649 1724 2706 victor
1760 2649 1816 2704 in
1857 2649 2204 2705 contentione

608 2740 873 2796 videreris
919 2739 1139 2811 quando
1181 2745 1370 2795 contra
1409 2753 1621 2794 sacram
1660 2737 2036 2793 auctoritatem
2081 2736 2203 2792 cui-

604 2827 733 2884 dam
781 2828 1003 2884 decreto
1059 2825 1390 2898 pernicioso,
1440 2833 1500 2880 ut
1546 2824 1761 2895 dicitur,
1813 2823 2199 2895 subscripsisti,

604 2923 660 2972 et
687 2915 918 2972 clericos
945 2929 1012 2970 ac
1039 2914 1392 2986 presbyteros
1418 2913 1692 2984 parochias
1721 2921 1828 2968 tua;
1857 2912 2202 2968 subscribere

602 3002 796 3072 fecisti,
844 3010 896 3059 te
933 3003 1003 3058 de
1045 3016 1214 3058 causa
1255 3002 1413 3071 hujus
1462 2999 1708 3056 ecclesiae
1744 3000 1801 3055 in
1836 2999 2020 3072 aliquo
2060 3017 2200 3080 nau-

601 3091 808 3164 frages,
840 3097 894 3147 et
911 3089 1046 3146 alios
1077 3097 1253 3145 tecum
1279 3088 1652 3161 irregulariter
1681 3088 1946 3161 colligens
1967 3096 2026 3144 ut
2055 3088 2205 3145 evin-

601 3195 716 3248 cas,
749 3179 806 3234 in
829 3177 1175 3250 naufragium
1211 3177 1395 3234 ducas.
1445 3177 1600 3233 Unde
1628 3177 1873 3232 obtestor
1901 3185 1954 3232 et
2004 3192 2202 3232 moneo

603 3275 657 3324 te
702 3282 802 3338 per
852 3273 1094 3323 sanctam
1141 3272 1196 3321 et
1238 3264 1660 3336 inseparabilem
1709 3263 1869 3320 unius
1909 3264 2204 3322 divinitatis

601 3355 936 3421 Trinitatem,
977 3362 1032 3410 et
1083 3369 1184 3424 per
1230 3352 1504 3408 Christtun
1547 3353 1734 3408 Jesum
1782 3353 2203 3425 Redemptorem

601 3451 872 3510 nostrum,
895 3450 948 3498 et
965 3457 1068 3514 per
1090 3441 1326 3515 gratiam
1356 3440 1589 3512 Spiritus
1617 3439 1810 3507 sancti,
1844 3441 1937 3512 qui
1968 3441 2200 3498 maxime

599 3530 660 3587 in
686 3530 1120 3589 ordinationibus
1158 3535 1436 3601 operatur,
1480 3545 1642 3601 quem
1671 3544 1772 3599 per
1800 3527 2203 3599 impositionem

601 3635 857 3675 manuum
887 3634 1130 3674 mearum
1182 3617 1484 3689 accepisti;
1516 3625 1570 3672 et
1597 3631 1696 3687 per
1717 3614 1948 3688 gloriam
1997 3623 2202 3673 sancta:

602 3707 706 3762 Dei
762 3705 1040 3779 genitricis
1077 3713 1130 3761 et
1171 3721 1390 3777 semper
1445 3703 1670 3775 virginis
1721 3703 1922 3772 Mariae,
1990 3719 2056 3760 ac
2104 3720 2203 3776 per

601 3793 802 3849 electos
849 3793 952 3848 Dei
998 3793 1246 3864 angelos,
1290 3800 1344 3848 et
1381 3807 1480 3862 per
1516 3791 1664 3846 beati
1711 3791 1946 3863 Remigii
1985 3791 2196 3860 merita,

601 3888 657 3937 et
683 3881 1159 3952 metropolitanam
1195 3879 1565 3936 auctoritatem
1597 3879 1776 3934 eidem
1803 3879 2201 3948 praedecessori

601 3984 745 4038 meo,
779 3975 833 4024 et
860 3969 917 4022 in
946 3968 1064 4038 ejus
1095 3967 1440 4024 successione
1479 3966 1734 4023 divinitus
1761 3966 1894 4021 mihi
1923 3966 2194 4038 collatam,

521 4099 537 4112 .
596 4065 656 4113 ut
687 4063 878 4114 contra
905 4055 1062 4129 leges
1091 4071 1228 4127 quas
1256 4055 1525 4112 catholica
1553 4061 1607 4111 et
1630 4055 1932 4126 apostolica
1955 4055 2199 4113 Ecclesia

597 4162 666 4204 ex
721 4145 942 4218 antiquo
1001 4145 1303 4201 servandas
1360 4143 1617 4217 suscepit,
1664 4152 1964 4216 contraque
2014 4161 2198 4202 sacros

596 4242 910 4291 sanctorum
971 4233 1329 4290 conciliorum
1385 4249 1625 4290 canones
1681 4241 1736 4288 et
1783 4233 2005 4290 decreta
2049 4233 2198 4290 sedis

593 4325 853 4381 Romanae
875 4319 1188 4394 pontiﬁcum
1219 4322 1288 4377 de
1316 4323 1484 4378 sacris
1511 4321 1810 4388 ordinibus,
1843 4331 1896 4377 et
1922 4337 2194 4378 canonum

2231 3053 2282 3118 G

2304 2470 2375 2526 de
2401 2471 2488 2527 bis
2508 2489 2610 2544 pro
2641 2473 2838 2544 quibus
2869 2473 2941 2528 ad
2958 2489 3048 2529 me
3077 2473 3146 2529 de
3162 2481 3257 2529 tua
3288 2473 3546 2545 parochia
3566 2472 3661 2545 qui
3689 2473 3915 2546 negotia

2301 2559 2555 2615 videntur
2582 2561 2786 2617 habere
2815 2569 3165 2629 concurrunt,
3207 2577 3426 2633 semper
3463 2569 3752 2618 accusator
3780 2570 3910 2617 tuus

2303 2646 2552 2702 existam.
2602 2648 2674 2703 Et
2718 2664 2843 2705 cum
2885 2646 3105 2722 longius
3153 2665 3188 2708 a
3233 2657 3289 2704 te
3349 2657 3634 2721 separatus
3673 2665 3910 2721 corpore

2301 2733 2478 2806 fuero,
2503 2744 2556 2792 et
2575 2737 2760 2793 verbis
2780 2737 2868 2793 vel
2889 2737 3085 2793 litteris
3099 2745 3152 2793 te
3170 2753 3456 2808 monuere,
3480 2754 3580 2809 pro
3591 2745 3912 2794 accusatore

2301 2828 2396 2878 tuo
2418 2823 2488 2879 de
2505 2825 2826 2890 criminibus
2847 2825 2903 2880 in
2919 2825 3126 2895 judicio
3141 2825 3387 2899 regulari
3414 2826 3662 2882 tenebor.
3687 2826 3915 2899 Regulae

2302 2925 2540 2984 namque
2587 2912 2776 2969 dicunt
2820 2914 2966 2986 apud
3011 2930 3173 2986 quem
3200 2921 3252 2970 et
3291 2913 3522 2986 qualiter
3565 2915 3913 2971 accusandus

2302 2999 2594 3072 episcopus
2630 3000 2829 3058 debeat
2874 3002 3145 3070 accusari,
3177 3009 3232 3058 et
3276 3002 3394 3074 ubi,
3426 3010 3482 3058 et
3520 3002 3773 3076 qualiter,
3822 3003 3912 3060 vel

2303 3102 2339 3142 a
2366 3088 2566 3160 quibus
2595 3088 2793 3146 debeat
2833 3089 3099 3160 judicari;
3133 3097 3188 3146 et
3229 3089 3441 3162 quoties
3481 3091 3577 3146 tibi
3614 3091 3910 3148 ostendero

2301 3189 2402 3248 per
2426 3183 2738 3234 sanctarum
2787 3177 3189 3250 Scripturarum
3219 3179 3516 3246 tramitem,
3549 3187 3603 3234 et
3633 3194 3911 3236 sacrarum

2301 3263 2618 3337 regularum
2638 3265 3016 3323 auctoritatem
3033 3266 3090 3321 in
3106 3267 3303 3338 quibus
3319 3267 3559 3334 excedis,
3575 3283 3797 3340 semper
3811 3275 3864 3324 te
3875 3283 3911 3324 a

2299 3367 2389 3408 me
2428 3353 2822 3426 irregulariter,
2886 3354 3094 3411 scilicet
3136 3355 3346 3428 absque
3381 3355 3622 3428 regulari
3655 3355 3910 3413 videlicet

2301 3441 2554 3510 synodali
2565 3441 2794 3510 judicio,
2813 3442 3110 3512 judicatum
3123 3443 3436 3500 causaberis
3452 3461 3465 3498 :
3483 3443 3750 3500 Dominus
3760 3445 3906 3500 enim

2299 3526 2431 3584 dicit
2449 3527 2506 3584 in
2523 3529 2828 3603 Evangelia
2845 3548 2858 3584 :
2874 3531 3124 3588 Audistis
3139 3533 3270 3604 quia
3286 3531 3502 3588 dictum
3521 3536 3608 3588 est
3625 3534 3898 3605 antiquis,

2300 3615 2423 3672 Non
2455 3617 2671 3674 occides
2689 3638 2708 3686 ,-
2727 3621 2824 3692 qui
2835 3623 3029 3676 autem
3063 3620 3331 3677 occiderit
3346 3637 3476 3677 reus
3505 3621 3618 3676 erit
3633 3621 3854 3694 judicio
3883 3640 3902 3677 :

2300 3719 2394 3776 ego
2413 3709 2608 3762 autem
2625 3707 2748 3764 dico
2777 3708 2924 3764 vobis
2945 3709 3078 3781 quia
3099 3708 3284 3765 omnis
3306 3711 3404 3778 qui
3441 3710 3718 3766 irascitur
3730 3710 3904 3781 fratri

2297 3807 2396 3849 suo
2418 3794 2542 3850 sine
2562 3811 2754 3865 causa,
2777 3812 2910 3852 reus
2933 3797 3044 3853 erit
3055 3797 3271 3869 judicio
3293 3797 3513 3867 (Matth.
3537 3797 3616 3868 v),
3649 3805 3756 3855 etc.

2367 3879 2437 3935 Et
2484 3881 2628 3937 sacri
2676 3897 2916 3939 canones
2967 3899 3347 3956 saepenumero
3397 3884 3587 3942 dicunt
3634 3902 3648 3942 :
3683 3885 3743 3942 Si
3779 3885 3899 3958 quis

2295 3975 2497 4038 praeter
2544 3969 2661 4024 haec
2703 3969 2926 4040 fecerit,
2993 3971 3154 4044 quasi
3207 3981 3400 4029 contra
3455 3988 3716 4045 magnum
3767 3989 3898 4030 con-

2296 4054 2480 4111 cilium
2509 4073 2570 4113 se
2601 4056 2855 4127 efferens,
2915 4059 3034 4132 ipse
3065 4059 3135 4117 de
3182 4061 3473 4118 clericatus
3511 4061 3720 4118 honore
3749 4062 3900 4134 peri-

2299 4143 2598 4200 clitabitur.
2630 4147 2700 4201 Et
2729 4147 2950 4204 decreta
2993 4157 3194 4206 sanctae
3221 4149 3368 4204 sedis
3397 4150 3659 4207 Romanae
3686 4149 3901 4222 pontiﬁ-

2295 4245 2423 4288 cum
2455 4233 2559 4290 lroc
2587 4250 2751 4290 sensu
2782 4235 2968 4292 dicunt
2993 4251 3006 4291 :
3049 4237 3108 4292 Si
3137 4237 3259 4308 quis
3288 4237 3519 4293 fratrum
3549 4247 3742 4294 contra
3784 4239 3900 4296 haec

2297 4320 2587 4376 constituta
2614 4321 2800 4379 venire
2831 4323 3139 4392 tentaverit,
3187 4333 3238 4381 et
3267 4325 3546 4396 prohibita
3590 4325 3753 4382 fuerit
3797 4343 3899 4382 au-

591 4410 939 4484 promulgata
994 4409 1296 4481 disciplinis
1351 4409 1421 4464 de
1477 4425 1644 4466 causa
1707 4410 1969 4467 Ecclesiae
2023 4410 2195 4482 ipsius
2221 4405 2276 4467 D
2300 4424 2394 4463 sus
2426 4408 2734 4477 admittere,
2778 4425 2812 4467 a
2843 4426 2943 4467 suo
2997 4427 3057 4468 se
3099 4412 3310 4470 noverit
3351 4412 3528 4469 ofﬁcio
3562 4413 3900 4472 submoven-

593 4515 707 4556 non
761 4498 962 4570 facias,
1019 4498 1116 4553 sed
1174 4497 1291 4553 sine
1348 4496 1460 4553 ullo
1521 4496 1839 4568 praeiudicio
1863 4540 1877 4566 ,
1937 4505 2195 4570 quantum

596 4597 748 4653 Deus
795 4596 891 4651 tibi
946 4595 1090 4652 scire
1147 4601 1202 4650 et
1249 4610 1414 4665 posse
1471 4594 1702 4658 dederit,
1757 4595 1901 4666 quod
1944 4595 2089 4664 juste
2143 4603 2197 4650 et

592 4684 990 4741 rationabiliter
1043 4681 1250 4739 videris
1305 4681 1642 4753 exsequaris,
1694 4689 1748 4736 et
1793 4697 1903 4738 non
1945 4682 2194 4756 negligas

593 4781 683 4836 vel
733 4780 1096 4852 parvipendas
1155 4793 1292 4851 rogo
1354 4778 1497 4834 hanc
1561 4777 1977 4834 obtestationem
2027 4779 2193 4848 justi-

595 4875 674 4930 tia
727 4882 782 4930 et
825 4877 1034 4932 ratione
1091 4883 1254 4948 atque
1309 4873 1623 4929 auctoritate
1669 4873 1908 4943 plenam,
1967 4873 2095 4946 quia
2146 4874 2194 4929 si

593 4970 747 5044 potui
791 4981 1015 5044 propter
1057 4970 1418 5027 ministerium
1473 4969 1606 5024 mihi
1653 4969 1906 5026 collatum
1963 4986 2192 5028 exorare

594 5069 770 5126 Deum
821 5085 922 5140 per
983 5068 1339 5123 humilitatem
1383 5073 1452 5122 .ut
1506 5073 1562 5120 tu
1616 5082 1715 5137 per
1787 5067 2192 5141 impositionem

593 5179 854 5220 manuum
881 5168 1124 5220 mearum
1147 5161 1306 5220 ﬁeres
1336 5163 1619 5219 ordinatus
1637 5163 1944 5236 episcopus,
1966 5181 2192 5237 possum

597 5269 652 5319 et
679 5261 854 5318 debeo
901 5259 1096 5318 eodem
1138 5259 1440 5316 ministerio
1470 5269 1522 5316 te
1551 5261 1813 5316 obtestari
1861 5279 1958 5334 per
1997 5270 2190 5320 aucto-

593 5357 806 5438 ritatem
835 5366 892 5413 ut
920 5356 1084 5413 facias
1114 5356 1260 5428 quod
1300 5356 1478 5413 facere
1505 5357 1670 5413 debet
1711 5357 2020 5430 episcopus,
2053 5358 2192 5417 sicut

595 5461 650 5511 et
677 5455 873 5510 Paulus
902 5455 1200 5511 obtestatus
1227 5461 1308 5510 est
1349 5453 1702 5511 Timothanum
1733 5469 1766 5510 a
1795 5471 1854 5511 se
1883 5455 2191 5510 ordinatum

595 5550 931 5625 episcopum,
965 5555 1031 5608 ut
1045 5567 1160 5609 non
1185 5549 1478 5608 declinans
1509 5553 1573 5607 in
1603 5553 1781 5608 aliam
1795 5555 2036 5623 partem,
2067 5553 2191 5608 sine

2293 4496 2442 4552 dum.
2491 4497 2562 4552 Et
2599 4505 2658 4553 ut
2713 4498 2808 4554 tibi
2853 4501 3178 4556 ostendatur
3233 4500 3292 4556 in
3320 4501 3518 4573 quibus
3545 4511 3738 4558 contra
3774 4504 3898 4560 haec

2293 4584 2434 4658 agis,
2473 4585 2740 4642 sustinere
2772 4603 2884 4643 non
2911 4595 3090 4660 potes,
3127 4589 3224 4646 sed
3257 4605 3478 4662 semper
3499 4597 3554 4647 te
3571 4590 3896 4664 irregulari-

2291 4679 2376 4727 ter
2400 4672 2699 4742 judicatum
2729 4675 3000 4746 quereris,
3033 4685 3088 4733 et
3113 4677 3331 4734 laboras
3365 4679 3664 4750 quaerendo
3693 4679 3898 4736 nodum

2291 4759 2348 4815 in
2391 4760 2588 4834 scirpo,
2659 4771 2713 4818 et
2746 4765 2890 4820 unde
2933 4771 3084 4820 tuam
3127 4765 3447 4838 sapientiam
3482 4767 3716 4837 jactitas,
3767 4767 3897 4825 inde

2289 4847 2470 4920 magis
2501 4849 2781 4906 stultitiam
2817 4860 3107 4924 monstras,
3125 4869 3246 4910 cum
3287 4854 3432 4911 dicat
3459 4855 3755 4926 Apostolus
3787 4873 3800 4912 :
3837 4859 3898 4914 Si

2289 4939 2413 5010 quis
2441 4939 2562 4993 vult
2594 4939 2748 4996 inter
2775 4957 2865 4999 vos
2895 4943 3121 5014 sapiens
3147 4943 3293 5012 ﬁeri,
3327 4945 3541 5000 stultus
3577 4944 3683 5014 ﬁat
3717 4949 3787 5000 ut
3816 4947 3900 5001 sit

2289 5027 2516 5096 sapiens
2530 5027 2580 5097 (Ι
2607 5027 2729 5084 Cor.
2751 5029 2860 5098 ιιι).
2884 5029 2954 5084 Et
2969 5029 3224 5086 Salomon
3251 5031 3380 5088 dicit
3411 5049 3425 5086 :
3451 5031 3556 5100 Qui
3583 5034 3898 5105 impatiens

2289 5116 2374 5168 est
2387 5115 2611 5170 exaltat
2621 5117 2935 5172 stultitiam
2945 5134 3130 5189 suam,
3146 5123 3204 5174 et
3219 5120 3314 5192 qui
3330 5121 3753 5192 increpationes
3775 5122 3898 5178 odit

2287 5202 2566 5258 morietur
2586 5203 2770 5273 (Prov.
2801 5205 2923 5276 xw)
2948 5223 2964 5274 ;
2994 5213 3078 5260 et:
3114 5207 3235 5264 Non
3264 5211 3424 5264 amat
3447 5209 3723 5280 pestilens
3760 5227 3896 5266 eum

2289 5290 2385 5362 qui
2405 5307 2462 5346 se
2485 5293 2743 5364 corripit,
2769 5309 2872 5349 nec
2893 5309 3026 5350 cum
3043 5295 3392 5366 sapientibus
3411 5297 3675 5368 graditur
3701 5298 3892 5369 (Prov.

2291 5379 2424 5448 xv);
2451 5386 2536 5434 et:
2567 5381 2747 5436 Filius
2776 5382 3003 5452 sapiens
3025 5382 3286 5440 doctrina
3310 5387 3530 5455 patris;
3564 5387 3661 5458 qui
3693 5390 3895 5443 autem

2288 5465 2491 5522 illusor
2518 5471 2621 5537 est,
2658 5484 2776 5526 non
2806 5470 2972 5526 audit
2997 5486 3129 5526 cum
3157 5473 3422 5544 arguitur
3448 5471 3634 5544 (Prov.
3665 5472 3806 5546 Jun);
3835 5482 3896 5530 et

2287 5553 2456 5611 Auris
2473 5571 2593 5628 qua:
2613 5557 2777 5614 audit
2797 5558 3213 5630 increpatione:
3235 5563 3454 5633 vitte,in
3469 5561 3652 5620 medio
3667 5563 3888 5633 sapien-
