4174 6318
256 324 360 378 561

975 317 1219 376 OPUSC.
1278 319 1370 374 ET
1419 319 1640 377 EPIST.
1699 319 1773 375 IN
1819 317 2047 374 CAUSA
2101 315 2444 371 HINCMARI
2497 315 2802 373 LAUDUN.

3457 315 3562 371 562

257 450 386 501 tum
417 443 1005 511 commorabitur:0ui
1034 444 1238 516 abjecit
1267 443 1648 517 disciplinam,
1672 444 1857 516 despi-
1884 442 1942 503 A
1969 441 2238 513 Ephraim
2266 440 2449 496 vitula
2478 440 2640 497 docta
2661 440 2890 512 diligere
2915 439 3186 495 trituram
3207 437 3352 512 (0se.
3385 438 3468 509 Χ).
3490 436 3562 493 Et

255 535 343 590 cit
359 535 615 589 animam
637 549 801 588 suam
822 551 842 599 ;
864 532 959 604 qui
979 535 1173 587 autem
1192 534 1498 604 acquiescit
1515 532 1858 604 increpatio-

256 621 447 691 nibus,
467 636 752 693 possessor
771 623 856 675 est
886 619 1067 676 cordis
1089 620 1270 687 (Prov.
1292 618 1430 690 xv);
1452 627 1536 674 et:
1566 620 1670 688 Qui
1688 620 1862 675 medi-

258 713 425 765 tatur
452 708 781 773 discordias,
813 707 1000 779 diligit
1032 709 1218 776 rixas,
1240 711 1295 763 et
1315 709 1411 780 qui
1431 711 1694 779 provocat
1715 710 1852 775 iras,

252 798 523 869 producit
552 796 863 852 discordias
886 795 1068 867 (Prov.
1102 794 1243 867 xxx)
1264 815 1283 863 ;
1301 802 1385 850 et:
1408 796 1513 862 Qui
1544 797 1772 851 exultat
1800 812 1858 852 os

252 902 448 954 suum,
484 886 687 958 quaerit
719 886 952 939 ruinam
970 884 1152 953 (Prov.
1174 886 1317 953 xvn)
1342 904 1360 949 ;
1383 890 1436 938 et
1459 901 1472 938 :
1497 885 1617 940 Non
1657 886 1858 956 recipit

254 975 475 1031 stultus
492 974 653 1029 verba
670 973 1011 1046 prudentior,
1034 973 1152 1027 nisi
1171 987 1238 1027 ea
1256 972 1475 1028 dixeris
1495 989 1617 1044 quae
1636 988 1860 1028 versan-

258 1067 359 1119 tur
378 1063 442 1117 in
463 1061 626 1118 corde
654 1062 775 1130 eius
793 1059 976 1131 (Prov.
1003 1059 1167 1130 xvm)
1187 1079 1207 1127 ;
1225 1067 1311 1115 et:
1348 1061 1542 1116 Vidisti
1573 1060 1858 1118 hominem

254 1152 577 1223 sapientem
596 1149 703 1205 sibi
717 1148 914 1218 videri,
936 1148 1118 1219 magis
1139 1149 1239 1203 illo
1276 1163 1431 1220 spem
1465 1148 1686 1204 habebit
1704 1150 1856 1204 stul-

256 1251 353 1294 tus
370 1238 554 1310 (Prov.
580 1236 746 1308 XXVI)
770 1257 787 1303 ;
808 1243 860 1291 et
884 1253 897 1290 :
921 1236 1167 1309 Expedit
1192 1239 1372 1307 magis
1402 1253 1549 1292 ursa:
1565 1252 1858 1294 occurrere

254 1327 441 1399 raptis
460 1326 703 1397 ﬂetibus,
738 1341 911 1396 quam
930 1326 1093 1395 fatuo
1113 1325 1220 1379 sibi
1239 1324 1546 1393 conﬁdenti
1577 1327 1641 1380 in
1656 1326 1857 1381 stulti-

258 1417 345 1471 tia
365 1431 470 1470 sua
492 1414 673 1483 (Prov.
693 1414 837 1482 xvn)
863 1429 877 1479 ;
902 1419 986 1467 et:
1016 1413 1240 1468 Stultus
1272 1412 1478 1468 irridet
1493 1414 1859 1484 disciplinam

253 1504 443 1575 patris
486 1501 578 1557 sui
602 1518 615 1554 :
642 1502 737 1569 qui
775 1504 968 1556 autem
988 1500 1239 1555 custodit
1255 1500 1672 1572 increpationes
1692 1505 1856 1557 astu-

258 1592 374 1647 tior
391 1590 492 1659 ﬁet
508 1589 692 1662 (Prov.
708 1588 830 1657 xv).
850 1587 1059 1643 Deinde
1082 1595 1204 1658 post
1219 1588 1529 1658 plurimum,
1550 1603 1660 1644 non
1680 1589 1858 1644 solum

256 1676 489 1746 inutilia,
532 1676 631 1732 sed
677 1684 731 1731 et
775 1674 924 1731 fatua
966 1676 1146 1731 adhuc
1192 1676 1491 1747 pervenisti
1517 1685 1574 1731 ut
1604 1677 1854 1745 diceres;

1960 529 2091 584 item
2124 547 2137 583 :
2168 529 2440 601 Ephraim
2469 530 2635 601 panis
2687 529 3093 584 subcinericius
3122 528 3216 600 qui
3262 543 3558 601 nunquam

1957 621 2282 673 reversatur
2297 616 2442 700 (Ose.
2467 618 2590 687 vn).
2615 615 2825 671 Deinde
2847 615 3015 670 dicis:
3046 637 3068 662 ιι
3092 615 3244 687 Ergo
3264 613 3558 687 capitulum

1960 704 2108 776 quod
2138 720 2203 758 ex
2250 705 2620 774 Augustorum
2662 711 2976 759 nostrorum
3013 702 3156 757 libro
3186 702 3337 774 quasi
3366 708 3555 758 contra

1957 809 2046 847 me
2076 792 2221 863 quod
2252 791 2366 863 agit
2396 807 2497 863 pro
2544 807 2633 846 me
2676 791 3057 846 detruncatum
3100 789 3379 861 posuistis,
3410 789 3554 845 inte-

1957 896 2115 953 grum
2154 879 2434 946 resumite,
2466 903 2487 928 »
2512 895 2620 935 non
2660 887 2743 934 est
2770 895 2992 946 verum;
3018 879 3399 935 detruncatum
3422 876 3557 931 illud

1958 967 2249 1039 capitulum
2270 968 2486 1040 regium
2520 967 2617 1021 tibi
2633 982 2741 1022 non
2757 967 2882 1022 misi
2906 985 2917 1020 :
2941 982 3051 1022 non
3081 965 3227 1021 enim
3259 965 3350 1020 ille
3389 963 3556 1020 cleri-

1958 1072 2053 1112 cus
2080 1072 2253 1126 meus,
2285 1064 2375 1110 aut
2421 1064 2567 1123 tuus,
2596 1056 2685 1111 vel
2727 1055 2957 1124 alicujus
3005 1062 3088 1110 est
3126 1054 3286 1110 liberi
3323 1052 3559 1108 hominis

1958 1160 2186 1212 servus;
2244 1152 2298 1200 et
2350 1144 2474 1199 ideo
2526 1144 2674 1215 quod
2725 1143 3020 1214 capitulum
3068 1142 3202 1197 illud
3254 1141 3323 1198 de
3381 1140 3557 1196 servis

1958 1232 2320 1304 quorumlibet
2365 1232 2510 1297 dicit,
2570 1248 2682 1286 non
2727 1231 2903 1302 posui,
2939 1231 3067 1302 quia
3095 1231 3164 1285 ad
3198 1229 3361 1285 istum
3392 1227 3559 1284 cleri-

1958 1336 2080 1375 cum
2111 1336 2220 1376 non
2250 1319 2570 1391 pertinebat.
2605 1318 2740 1387 Quia
2770 1334 2899 1375 vero
2923 1318 3055 1373 mihi
3077 1325 3129 1374 et
3152 1334 3263 1374 non
3288 1318 3384 1372 tibi
3413 1332 3558 1374 com-

1957 1407 2139 1463 missa:
2193 1407 2441 1464 ecclesias
2497 1423 2685 1463 servus
2745 1414 2847 1473 est,
2910 1407 3055 1477 quod
3102 1407 3171 1461 de
3228 1404 3561 1462 ecclesiasti-

1957 1495 2038 1551 cis
2093 1496 2268 1553 servis
2322 1495 2453 1550 illud
2526 1493 2823 1565 capitulum
2897 1494 3045 1561 dicit,
3103 1496 3209 1549 hoc
3264 1493 3360 1548 tibi
3416 1493 3560 1549 scri-

1956 1583 2062 1654 psi,
2096 1583 2221 1655 quia
2250 1584 2436 1639 ethoc
2492 1582 2561 1637 ad
2615 1597 2839 1638 causam
2883 1581 3040 1637 istius
3071 1581 3256 1638 clerici
3284 1579 3559 1652 pertinere

1957 1671 2211 1743 cognovi.
2263 1673 2333 1727 Et
2373 1677 2498 1742 post
2545 1670 2649 1725 ista
2686 1669 3038 1742 persequeris
3071 1688 3086 1725 :
3124 1692 3145 1719 «
3180 1670 3350 1739 Hujus
3379 1676 3561 1725 autem

256 1766 386 1838 quia
453 1763 742 1836 capitulum
796 1764 942 1836 quod
986 1772 1176 1821 contra
1224 1772 1277 1819 te
1319 1764 1515 1836 scripsi
1534 1766 1624 1820 'de
1679 1766 1857 1836 primo
1887 1791 1938 1851 Β
1959 1759 2180 1830 capituli
2209 1766 2397 1814 tenore
2426 1766 2735 1830 perspecto,
2764 1774 3090 1829 responsum
3118 1757 3186 1813 de
3219 1756 3559 1813 ordinatione

251 1854 395 1909 libro
426 1853 784 1924 capitulorum
814 1852 1155 1924 synodalium
1183 1868 1284 1925 pro
1313 1860 1366 1908 te
1398 1852 1615 1921 faceret,
1649 1862 1707 1909 ut
1735 1855 1854 1910 sine

252 1941 591 2008 auctoritate,
626 1941 713 1997 vel
741 1956 1012 1997 consensu
1057 1940 1440 2012 episcoporum
1466 1942 1772 2014 presbyteri
1800 1943 1856 1998 in

248 2029 581 2102 quibuslibet
626 2028 875 2086 ecclesiis
922 2044 1033 2084 non
1083 2029 1497 2099 constituantur,
1530 2046 1633 2086 nec
1662 2030 1854 2102 expel-

251 2118 449 2173 lantur.
481 2119 547 2173 Et
576 2119 722 2190 quod
752 2116 1083 2186 conjunctim
1112 2117 1168 2172 in
1198 2118 1393 2173 eodem
1439 2118 1669 2173 habetur
1700 2119 1853 2191 capi-

250 2206 385 2273 tulo,
419 2213 473 2261 et
501 2205 599 2261 tibi
636 2204 851 2276 scripsi,
903 2212 1131 2276 propter
1178 2205 1326 2277 quod
1367 2213 1420 2260 et
1468 2207 1849 2277 praecedentia,

248 2300 307 2348 ut
336 2294 609 2365 integrum
639 2293 769 2348 illud
816 2301 1187 2348 monstrarent
1234 2293 1526 2365 capitulum
1562 2296 1853 2351 memorari

250 2381 509 2449 noluisti;
538 2381 746 2437 scilicet
793 2380 840 2437 si
883 2381 1010 2437 laici
1046 2381 1278 2439 clericos
1320 2383 1620 2453 probabilis
1649 2384 1773 2439 vitae
1801 2392 1852 2439 et

254 2468 521 2525 doctrinas
549 2469 823 2540 episcopis
869 2469 1294 2537 consecrandos,
1334 2471 1556 2542 suisque
1585 2472 1638 2526 in
1669 2473 1851 2528 eccle-

250 2558 347 2612 siis
378 2557 790 2613 constituendos
827 2557 1138 2623 obtulerint,
1188 2558 1339 2613 nulla
1375 2559 1616 2631 qualibet
1645 2560 1852 2616 ratione

251 2661 349 2701 eos
378 2645 642 2714 rejiciant.
677 2644 776 2700 Dic
805 2646 929 2717 quis
958 2645 1075 2701 sine
1104 2647 1436 2715 auctoritate,
1479 2647 1565 2702 vel
1594 2654 1686 2703 tuo
1715 2663 1851 2704 con-

251 2750 418 2791 sensu
447 2734 504 2788 in
533 2733 945 2804 Follanaebrayo
985 2734 1310 2789 constituit?
1338 2736 1480 2807 Ego,
1513 2743 1572 2790 ut
1600 2737 1847 2806 praedixi,

251 2822 539 2893 Sigeberto
586 2821 847 2877 clericum
890 2830 1138 2877 nostrum
1185 2823 1453 2890 concessi,
1486 2831 1543 2877 ut
1574 2823 1669 2879 tibi
1699 2824 1852 2880 illum

246 2911 317 2965 ad
366 2909 728 2965 ordinandum
779 2908 1016 2976 oﬁ'erret,
1067 2917 1119 2965 et
1166 2910 1212 2965 si
1260 2911 1414 2965 illum
1451 2911 1703 2968 ordinare
1730 2913 1850 2968 vel-

245 2998 349 3066 les,
380 3014 487 3071 ego
516 2998 593 3053 illi
621 2998 925 3053 libertatem
955 2997 1384 3055 ecclesiasticam
1416 2998 1675 3056 facerem.
1711 2999 1854 3068 Quo-

242 3088 412 3142 modo
459 3102 595 3159 ergo
624 3086 741 3142 sine
770 3094 859 3141 tua
906 3087 1223 3142 auctoritate
1265 3087 1583 3157 Sigebertus
1612 3088 1687 3143 ibi
1716 3105 1849 3159 pre-

1959 1847 2145 1904 clerici
2200 1848 2369 1904 vestri
2419 1863 2620 1915 meum,
2656 1847 2702 1901 si
2733 1862 2766 1902 a
2794 1863 2882 1902 me
2912 1846 3053 1904 facta
3109 1854 3192 1901 est
3230 1853 3478 1917 tempore
3506 1852 3561 1901 et

1952 1935 2076 1993 loco
2133 1952 2255 1992 cum
2310 1952 2554 2009 congruo
2612 1943 2743 1991 tunc
2799 1935 3062 1991 canonico
3120 1942 3446 2006 exspectate,
3503 1941 3560 1989 et

1952 2024 2165 2081 interea
2218 2025 2288 2080 de
2344 2040 2470 2080 mea
2499 2023 2789 2097 irregulari
2818 2024 3160 2080 ordinatione
3184 2023 3433 2092 judicare
3462 2022 3560 2078 de-

1954 2114 2144 2180 sistite,
2178 2113 2434 2185 quoniam
2461 2120 2748 2169 accusator
2777 2113 2938 2167 simul
2970 2119 3023 2168 et
3045 2112 3214 2180 judex
3243 2128 3354 2167 non
3382 2111 3555 2167 eritis.

1952 2202 2022 2256 Et
2049 2208 2175 2272 post
2207 2201 2504 2272 capitulum
2533 2216 2807 2257 canonum
2836 2200 2905 2256 de
2936 2199 3161 2256 scientia
3189 2200 3347 2269 hujus
3376 2197 3561 2255 clerici

1953 2288 2298 2356 conditionis,
2332 2297 2385 2345 et
2416 2290 2484 2344 de
2530 2288 2970 2361 transgressione
3011 2305 3113 2361 per
3159 2288 3560 2344 ordinationem

1950 2377 2234 2433 inhibitam
2283 2386 2432 2449 patet
2488 2378 2618 2450 quid
2675 2377 3083 2443 decerneretur,
3146 2392 3266 2449 quae
3319 2376 3473 2447 prius
3513 2374 3564 2429 si

1949 2466 2129 2536 placet
2159 2466 2486 2537 opponenda
2516 2472 2619 2533 est,
2654 2473 2706 2521 et
2735 2474 2828 2520 aut
2875 2465 3149 2532 confesso,
3183 2472 3277 2519 aut
3306 2463 3557 2520 convicto

1948 2553 2328 2610 inculcandum
2385 2554 2484 2610 erit
2531 2553 2815 2622 judicium.
2880 2553 3039 2623 Quod
3068 2553 3185 2622 jam
3212 2552 3339 2608 licet
3370 2551 3440 2608 de
3469 2568 3558 2607 me

1949 2657 2058 2697 non
2087 2642 2356 2709 convicto,
2374 2656 2479 2697 nec
2505 2640 2759 2697 confesso
2787 2640 2995 2713 absque
3026 2641 3140 2696 ulla
3168 2640 3401 2711 synodo,
3435 2640 3554 2695 sine

1948 2729 2060 2785 ulla
2090 2730 2401 2799 hujusmodi
2447 2728 2896 2801 interrogatione,
2931 2736 3021 2785 aut
3051 2728 3426 2800 requisitione,
3459 2735 3551 2782 aut

1947 2818 2206 2888 praesenti
2250 2817 2687 2888 interpellatione
2731 2816 2966 2873 ofﬁcium
3010 2815 3345 2872 accusatoris
3397 2815 3559 2870 simul

1950 2913 2005 2961 et
2054 2906 2274 2974 judicis,
2334 2913 2447 2960 tam
2502 2904 2571 2960 de
2625 2905 2872 2972 absente,
2919 2919 3086 2977 quam
3114 2904 3327 2960 absenti
3356 2903 3556 2974 scripto

1948 2993 2104 3049 vobis
2151 2993 2459 3062 judicantes
2524 2993 2896 3059 exercueritis,
2975 2993 3053 3047 ita
3123 2989 3555 3062 pronuntiando.

1950 3079 2090 3149 Quia
2119 3096 2252 3137 vero
2281 3081 2459 3151 ipsum
2490 3080 2748 3136 clericum
2787 3088 2980 3137 contra
3009 3080 3232 3153 regulas
3262 3079 3543 3148 ordinasti,

241 3142 555 3246 sbyterumu
575 3174 855 3230 constituit
891 3176 919 3230 ?
950 3182 1003 3229 et
1034 3175 1124 3229 ubi
1153 3182 1237 3230 est
1282 3142 1375 3231 ille
1426 3142 1853 3248 presbyteriEt
1880 3142 1928 3203 Ο
1952 3142 2126 3224 gaertn
2183 3142 2388 3239 reglllae
2468 3168 2841 3223 demonstrant
2917 3142 3179 3223 dicenles.
3216 3187 3239 3217 ι
3299 3167 3369 3221 Et
3420 3142 3549 3222 tunc

242 3265 362 3319 Deo
389 3262 596 3334 gratias
618 3263 746 3334 quia
792 3262 931 3318 sicut
956 3262 1012 3317 in
1043 3262 1394 3334 subsequenti
1432 3264 1665 3335 capitulo
1695 3265 1849 3337 regio

243 3360 337 3407 tuo
367 3351 571 3421 scripto
611 3351 817 3406 inserto
863 3350 1066 3420 dixisti,
1118 3366 1226 3406 non
1276 3351 1453 3407 adhuc
1498 3352 1671 3407 habes
1700 3352 1847 3407 illam

239 3447 567 3511 potestatem
615 3439 683 3494 de
732 3439 1038 3510 Sigeberto,
1083 3446 1141 3493 ut
1184 3439 1422 3495 bannum
1452 3440 1667 3512 regium
1697 3440 1844 3494 illum

241 3527 549 3583 rewadiare
595 3542 781 3599 cogas,
829 3535 888 3582 ut
934 3543 1035 3597 per
1078 3527 1428 3596 ﬁdejussores
1484 3529 1554 3597 ad
1593 3528 1846 3599 palatium

241 3616 464 3689 regium
484 3615 672 3672 venire
702 3614 872 3671 facias
895 3634 909 3683 ;
934 3615 1059 3687 quia
1080 3631 1182 3672 nec
1202 3624 1327 3671 tuus
1354 3625 1438 3672 est
1463 3617 1842 3687 parochianus,

241 3721 349 3760 nec
379 3705 448 3760 de
477 3712 569 3759 tuo
627 3703 902 3760 missatico
950 3703 1153 3772 divino,
1203 3704 1290 3760 vel
1329 3705 1586 3772 humano,
1645 3721 1747 3761 nec
1790 3706 1845 3760 in

241 3793 365 3864 ipsa
395 3792 631 3849 ecclesia
656 3793 1039 3864 presbyterum
1087 3800 1278 3848 contra
1321 3794 1692 3849 auctoritatem
1723 3795 1844 3865 epi-

244 3881 528 3953 scopalem
578 3881 890 3949 constituit;
938 3881 1036 3936 sed
1083 3880 1219 3937 forte
1256 3882 1510 3953 impletur
1534 3883 1590 3936 in
1619 3890 1669 3938 te
1699 3884 1844 3955 quod

243 3970 513 4041 scriptum
544 3977 627 4024 est
660 3988 674 4024 :
706 3970 1057 4027 Abominatio
1087 3971 1316 4026 Domini
1353 3975 1438 4026 est
1466 3974 1649 4028 omnis
1679 3990 1843 4028 arro-

236 4074 406 4131 gans,
431 4059 658 4114 etiamsi
676 4074 855 4113 manu
871 4058 945 4115 ad
964 4076 1202 4115 manum
1234 4061 1434 4130 fuerit,
1476 4077 1592 4117 non
1614 4062 1724 4117 erit
1745 4063 1842 4116 in—

238 4163 453 4203 nocens
469 4145 652 4219 (Prov.
670 4146 811 4217 xvr),
833 4147 960 4218 quia
981 4147 1027 4201 si
1045 4155 1271 4202 cessata
1303 4148 1657 4218 perversitate
1679 4164 1840 4220 quam

242 4234 470 4306 explere
500 4250 611 4289 non
634 4242 811 4306 potest
828 4235 882 4289 in
903 4235 1238 4306 Operatione,
1261 4251 1370 4290 non
1392 4244 1591 4291 vacata
1610 4236 1843 4291 malitio-

241 4339 305 4378 sa
322 4323 598 4378 voluntate
615 4339 776 4395 quam
788 4323 1063 4378 desiderat
1075 4323 1120 4378 si
1132 4332 1317 4394 posset
1337 4323 1556 4393 explere
1578 4324 1631 4377 in
1651 4340 1837 4394 opere.

320 4411 530 4467 Deinde
558 4412 627 4467 ad
652 4428 741 4467 me
762 4412 912 4467 redis
936 4413 1260 4478 rodendum,
1284 4411 1472 4467 dicens
1497 4430 1509 4466 :
1538 4434 1559 4459 ‹‹
1582 4412 1841 4483 Perquiro

1948 3256 2109 3327 ponis
2161 3255 2456 3327 capitulum
2508 3256 2651 3312 beati
2698 3256 2896 3312 Leonis
2926 3256 3070 3327 quod
3100 3255 3196 3310 tibi
3224 3254 3460 3325 scripsi;
3491 3255 3548 3309 in

1950 3344 2104 3412 cujus
2119 3343 2227 3399 ﬁne
2248 3343 2406 3399 solito
2423 3360 2573 3399 more
2592 3352 2738 3399 tuam
2760 3351 3002 3399 ostentas
3022 3342 3322 3409 scientiam,
3347 3343 3416 3398 de
3437 3358 3546 3415 qua

1948 3438 2213 3487 ostentata
2239 3432 2463 3488 scientia
2489 3439 2601 3497 tua,
2635 3432 2758 3504 quia
2788 3447 2898 3487 non
2945 3439 3028 3487 est
3056 3431 3202 3487 utilis
3231 3432 3318 3487 vel
3347 3445 3547 3487 neces-

1947 3521 2097 3575 saria
2125 3520 2274 3592 loqui
2302 3521 2377 3575 nil
2409 3536 2574 3588 curo;
2608 3521 2736 3593 quia
2765 3521 2901 3576 sicut
2930 3520 2998 3575 de
3040 3520 3430 3576 chamaeleonte
3458 3519 3544 3575 le-

1946 3608 2144 3680 gimus,
2204 3609 2296 3681 qui
2352 3625 2732 3680 quemcunque
2791 3609 3035 3665 colorem
3088 3608 3301 3675 viderit,
3332 3608 3389 3662 in
3417 3623 3544 3663 eum

1946 3696 2296 3765 convertitur,
2350 3697 2422 3753 ita
2476 3705 2535 3753 tu
2590 3697 2832 3754 saliendo
2890 3713 3110 3768 semper
3164 3696 3266 3751 tuis
3295 3696 3429 3768 ipsis
3459 3696 3543 3751 di-

1945 3785 2046 3841 ctis
2099 3784 2373 3841 contraria
2427 3785 2603 3842 vadis.
2693 3784 3145 3858 Quandoquidem
3227 3800 3360 3841 vero
3418 3784 3543 3857 quia

1945 3881 2232 3929 accusator
2277 3873 2438 3929 simul
2485 3882 2538 3930 et
2574 3873 2742 3943 judex
2784 3890 2907 3930 esse
2943 3889 3053 3929 non
3082 3889 3326 3945 possum,
3360 3882 3567 3945 quan-‘

1943 3961 2237 4034 doquidem
2294 3962 2418 4034 quia
2473 3969 2527 4018 te
2582 3963 2865 4019 absentem
2917 3962 3120 4031 judico,
3179 3961 3453 4017 interdum
3482 3968 3540 4015 ut

1941 4065 2235 4120 personam
2296 4049 2625 4106 accusatoris
2680 4050 2922 4116 induam,
2984 4057 3036 4105 et
3089 4056 3218 4106 tunc
3271 4056 3324 4103 te
3370 4064 3561 4105 accu-‘

1943 4154 2080 4192 sem.
2136 4138 2443 4209 Aliquando
2499 4138 2645 4208 quod
2702 4137 2819 4192 sine
2874 4137 3085 4207 synodo
3140 4144 3194 4191 te
3229 4137 3455 4205 judicio,
3489 4144 3543 4192 et

1943 4232 2235 4304 aliquando
2291 4233 2438 4304 quod
2492 4232 2611 4287 sine
2668 4233 2877 4303 synodo
2904 4240 2956 4286 te
2980 4232 3225 4300 judicare
3264 4246 3372 4286 non
3404 4246 3538 4302 pos-

1942 4336 2098 4386 sum;
2129 4328 2183 4375 et
2209 4319 2332 4390 quia
2389 4335 2492 4375 nec
2545 4318 2805 4392 intelligis
2860 4335 2961 4375 nec
2990 4318 3305 4374 intellexisti
3334 4318 3536 4373 admit-

1959 4407 2150 4462 tendos
2205 4408 2276 4463 ad
2328 4407 2551 4463 ordines
2606 4422 2793 4464 sacros
2849 4406 3096 4463 servituti
3149 4406 3432 4464 obnoxios.
3479 4408 3549 4474 Et

242 4515 348 4557 cur
375 4516 405 4553 a
432 4507 585 4555 tanto
632 4507 875 4571 tempore
907 4500 975 4555 de
1004 4516 1122 4569 sua,
1174 4500 1303 4571 quin
1344 4500 1451 4555 mei
1490 4500 1675 4555 clerici
1708 4500 1851 4555 irre-
1881 4490 1932 4549 D
1954 4495 2140 4550 multis
2162 4496 2340 4551 modis
2370 4496 2473 4552 hac
2501 4496 2628 4553 illac
2659 4497 2814 4552 vadis
2844 4495 3154 4552 ﬂuctuando
3183 4495 3322 4552 sicut
3342 4495 3547 4551 arundo

240 4587 426 4661 gulari
457 4587 799 4643 ordinatione
828 4604 939 4643 non
970 4588 1292 4660 requisistis.
1324 4612 1345 4637 ι»
1370 4590 1506 4658 Huc,
1539 4588 1847 4659 respondeo

238 4676 361 4742 tibi,
394 4683 543 4732 certe
582 4676 710 4748 quia
740 4684 901 4732 antea
941 4676 1094 4731 illum
1126 4693 1159 4732 a
1188 4685 1240 4732 te
1270 4677 1577 4732 ordinatum
1606 4693 1715 4732 non
1744 4693 1847 4732 au-

238 4764 373 4829 divi,
405 4764 513 4819 nisi
540 4772 829 4836 postquam
859 4764 963 4836 ipsi
994 4764 1243 4820 homines
1273 4766 1341 4820 de
1371 4765 1594 4836 praefata
1625 4765 1755 4820 villa
1788 4782 1848 4822 se

239 4853 313 4908 ad
338 4869 427 4908 me
457 4852 889 4908 reclamaverunt
919 4870 933 4908 :
966 4868 1069 4908 nec
1099 4853 1152 4908 in
1183 4854 1459 4909 voluntate
1487 4870 1723 4926 unquam
1754 4855 1848 4908 ha-

241 4941 338 4997 bui
366 4949 426 4996 ut
455 4941 523 4996 de
568 4940 758 4997 illicita
804 4941 1145 4997 ordinatione
1174 4957 1207 4996 a
1236 4950 1289 4997 te
1320 4941 1461 4999 facta
1517 4950 1567 4997 te
1608 4958 1848 5014 unquam

241 5029 333 5086 vel
389 5045 621 5101 usquam
675 5029 1016 5100 impeterem.
1077 5030 1326 5101 Denique
1381 5031 1518 5086 dicis
1567 5049 1580 5086 :
1635 5053 1657 5082 «
1695 5031 1849 5086 Prius

240 5126 362 5175 erat
406 5119 604 5174 modus
654 5117 1012 5174 ordinationis
1056 5121 1512 5189 cognoscendus;
1546 5128 1599 5174 et
1645 5119 1723 5175 sic
1759 5127 1851 5173 aut

240 5206 525 5263 ordinator
554 5215 647 5262 aut
674 5206 956 5263 ordinatus
979 5208 1104 5276 jure
1136 5207 1482 5276 judicandus,
1517 5216 1605 5261 aut
1633 5209 1850 5280 utrique

241 5295 512 5352 canonico
541 5294 879 5366 percellendi
908 5295 1173 5351 cauterio.
1204 5319 1225 5343 ι»
1257 5295 1373 5360 Dic,
1406 5295 1605 5350 frater:
1631 5295 1766 5364 Quis
1798 5304 1850 5353 te

234 5382 551 5453 judicavit?
581 5391 635 5438 et
662 5382 720 5437 in
753 5399 861 5454 quo
892 5383 1127 5454 regulari
1151 5382 1355 5453 judicio
1395 5383 1520 5438 inde
1550 5398 1610 5439 es
1631 5384 1849 5453 judica-

240 5478 351 5538 tus,
384 5470 473 5527 vel
505 5469 861 5542 compellatus
893 5489 907 5526 :
933 5472 1033 5527 sed
1060 5487 1168 5527 non
1199 5469 1392 5526 mirum
1423 5479 1505 5528 est
1535 5472 1679 5543 quod
1709 5472 1847 5543 agis,

242 5557 381 5617 facis
409 5559 557 5618 enim
585 5567 643 5617 ut
672 5559 817 5618 soles
874 5560 1020 5633 quod
1075 5559 1277 5634 diligis.
1338 5559 1480 5616 Dicit
1522 5558 1800 5633 Scriptura
1833 5576 1846 5617 :

1945 4601 1976 4639 a
2004 4591 2166 4641 vento
2226 4584 2448 4657 agitata,
2510 4584 2764 4641 videlicet
2822 4585 3004 4640 animo
3060 4584 3372 4650 ﬂuctuante,
3417 4583 3542 4656 quia

1945 4672 2145 4727 nullius
2175 4673 2456 4744 gravitatis
2486 4673 2730 4745 pondere
2759 4690 2821 4729 es
2849 4672 3138 4728 stabilitus.

2017 4770 2166 4826 Dicis
2195 4771 2357 4826 etiam
2412 4788 2502 4827 me
2558 4788 2833 4844 exponere
2858 4771 3151 4843 capitulum
3180 4770 3377 4827 Leonis
3408 4770 3547 4828 sicut

1947 4859 2091 4929 volo,
2124 4859 2221 4914 sed
2252 4876 2360 4915 non
2402 4860 2540 4917 sicut
2568 4868 2643 4927 tu,
2676 4862 2781 4916 hoc
2809 4860 3036 4931 promis,
3070 4859 3168 4915 sed
3193 4859 3331 4915 sicut
3362 4876 3422 4916 se
3453 4876 3544 4916 res

1945 4948 2108 5003 habet
2133 4964 2325 5003 verum
2383 4948 2521 5004 dicis
2553 4966 2567 5003 :
2600 4948 2678 5003 sic
2709 4948 2852 5003 enim
2882 4947 3033 5002 illum
3074 4963 3287 5019 expono
3314 4955 3371 5004 ut
3399 4948 3548 5017 volo,

1949 5036 2076 5107 quia
2107 5036 2187 5092 sic
2215 5035 2367 5091 illum
2413 5052 2627 5107 expono
2675 5044 2734 5090 ut
2779 5036 2975 5103 debeo,
3021 5035 3144 5108 quia
3171 5037 3248 5093 sic
3278 5036 3429 5092 illum
3459 5036 3549 5091 in-

1947 5124 2133 5196 telligo
2180 5124 2317 5180 sicut
2363 5124 2442 5180 illi
2490 5140 2615 5180 eum
2662 5123 3036 5179 intellexerunt
3083 5125 3176 5196 qui
3212 5124 3269 5179 in
3297 5124 3551 5196 capitulis

1949 5212 2301 5283 synodalibus
2358 5213 2428 5266 de
2485 5211 2842 5268 ecclesiarum
2888 5212 3085 5280 servis,
3116 5220 3175 5267 ut
3206 5212 3302 5268 tibi
3331 5213 3543 5284 scripsi,

1949 5307 2000 5356 et
2025 5299 2156 5355 mihi
2214 5299 2563 5369 rescripsisti,
2623 5299 3021 5367 decreverunt;
3056 5307 3109 5356 et
3167 5301 3306 5357 sicut
3342 5300 3397 5355 in
3426 5300 3548 5372 ipsa

1948 5386 2375 5443 manumissione
2457 5387 2600 5443 servi
2683 5388 3041 5446 ecclesiastici
3105 5389 3547 5455 demonstratur;

1950 5491 2059 5532 non
2087 5475 2231 5532 enim
2262 5474 2404 5530 sacri
2433 5491 2673 5531 canones
2701 5478 3182 5534 manumissionem
3226 5477 3345 5532 ﬁeri
3373 5478 3429 5531 in
3459 5492 3550 5533 cc-

1951 5564 2121 5622 clesia
2148 5564 2218 5622 de
2246 5570 2438 5621 natura
2484 5563 2673 5623 liberis
2704 5567 2775 5623 ab
2804 5566 3221 5638 imperatoribus
3259 5566 3549 5638 petierunt,
