4174 6324
637 315 741 371 563
1525 309 1868 368 HINCMARI
1921 305 2323 366 RHEMENSIS
2376 302 2924 364 ARCHIEPISCOPI.
3825 308 3935 363 56L

637 453 741 496 nec
770 436 995 511 quilibet
1040 444 1238 494 natura
1278 435 1438 494 liberi
1463 452 1564 509 per
1591 435 2068 492 manumissionem
2095 433 2231 489 fiunt
2255 433 2313 495 Α
2333 446 2603 489 consensu
2656 438 2818 505 atque
2867 429 3072 501 judicio
3098 429 3469 488 invenerimus
3506 429 3654 488 salva
3678 428 3839 503 pace,
3878 438 3935 487 et

637 527 786 584 cives
832 527 1080 595 Romani,
1131 527 1229 583 sed
1258 526 1404 583 servi
1431 526 1520 583 vel
1548 525 1919 591 ecclesiastici,
1959 522 2047 580 vel
2073 522 2230 595 regii,
2333 520 2593 577 charitate
2619 519 2746 576 inde
2775 519 3074 575 secundum
3118 535 3331 575 sacram
3357 519 3731 575 auctoritatem
3761 535 3931 576 exse-

637 615 727 671 vel
756 615 1123 688 quorumlibet
1166 614 1465 671 liberorum
1504 613 1803 670 hominum.
1839 612 1909 669 Et
1944 612 2067 667 ideo
2097 625 2231 667 san-
2332 609 2426 683 qui
2452 608 2885 681 procurabimus.
2909 609 2991 664 De
3012 624 3077 664 eo
3094 608 3242 681 quod
3260 608 3416 679 dicis,
3440 624 3565 665 cum
3584 624 3686 680 per
3705 608 3933 682 singula

635 709 754 758 ctus
782 705 892 760 Leo
920 704 975 759 in
1005 704 1239 776 capitulo
1284 703 1369 759 sui
1411 703 1617 760 decreti
1658 719 1724 758 ex
1768 701 2063 758 canonibus
2100 715 2231 771 pro-
2331 699 2399 754 de
2428 697 2642 754 centeris
2686 697 2978 765 omnibus;
3008 705 3138 753 tunc
3164 697 3235 752 de
3264 696 3578 769 receptione
3607 696 3929 753 Gallicano-

633 791 878 864 mulgato
923 792 1216 862 constituit,
1240 800 1301 848 ut
1319 791 1479 848 alicui
1499 790 1795 847 conditioni
1815 789 2089 862 obligatus
2118 803 2230 843 non
2328 803 2449 842 rum
2488 800 2760 842 canonum
2803 785 3037 857 pleniter
3081 784 3457 856 respondebis,
3510 785 3607 841 tibi
3651 784 3926 855 rescribo,

630 880 929 949 ordinetur,
962 882 1067 938 nisi
1094 880 1233 937 forte
1264 896 1450 937 eorum
1490 877 1677 951 petitio
1708 886 1799 934 aut
1846 878 2097 934 voluntas
2128 891 2226 933 ac-
2328 875 2453 948 quia
2486 874 2751 930 Dominus
2781 874 2875 946 qui
2902 874 2960 929 in
2979 889 3039 930 se
3065 873 3412 931 credentibus
3430 873 3682 945 promisit
3713 874 3929 948 :Aperi

631 970 875 1038 cesserit,
909 971 1001 1042 qui
1027 969 1230 1041 aliquid
1276 968 1379 1024 sibi
1406 968 1461 1023 in
1491 983 1585 1023 eos
1617 966 1892 1023 vindicant
1922 965 2223 1037 potestatis.
2327 980 2384 1020 os
2416 968 2598 1029 tuum,
2625 966 2682 1019 et
2699 979 2793 1035 ego
2813 963 3125 1035 adimplebo
3160 962 3344 1031 illud;
3367 970 3418 1017 et
3438 979 3451 1018 :
3474 964 3585 1035 Ego
3613 962 3750 1018 dabo
3771 963 3924 1018 vobis

628 1057 881 1128 Quandiu
911 1059 1054 1114 enim
1082 1057 1236 1113 fuero
1258 1058 1593 1114 Rhemorum
1622 1055 1931 1127 episcopus,
1962 1054 2020 1109 in
2052 1053 2226 1110 servis
2324 1052 2689 1125 sapientiam,
2715 1052 2809 1107 cui
2826 1067 2942 1107 non
2966 1054 3235 1125 poterunt
3272 1051 3534 1107 resistere
3550 1054 3609 1106 et
3621 1052 3923 1108 contradi-

624 1146 787 1216 hujus
815 1146 1060 1204 ecclesiae
1104 1145 1236 1201 mihi
1277 1152 1604 1217 potestatem
1646 1144 1887 1199 debitam
1914 1142 2222 1210 vindicabo,
2324 1156 2448 1197 cere
2465 1155 2658 1196 omnes
2679 1139 2993 1196 adversarii
3024 1140 3216 1209 vestri,
3236 1147 3291 1195 et
3318 1139 3483 1195 etiam
3519 1139 3708 1195 brutos
3746 1139 3923 1195 asina:

624 1242 679 1290 et
708 1233 826 1291 sine
856 1235 1106 1291 libertate
1137 1233 1511 1290 ecclesiastica
1538 1249 1640 1305 per
1669 1248 1757 1288 me
1789 1231 1893 1287 sibi
1921 1231 2042 1285 data
2067 1231 2222 1303 quis-
2321 1228 2533 1284 ruditus
2544 1228 2876 1283 inhumanas
2888 1227 3139 1284 formavit
3153 1227 3420 1300 loquelas,
3437 1236 3489 1283 et
3509 1227 3711 1284 siccam
3723 1244 3922 1299 rupem

623 1338 787 1396 quam
817 1337 1004 1380 eorum
1035 1321 1281 1379 ordinari
1310 1338 1420 1378 non
1450 1322 1629 1377 debet.
1663 1320 1819 1377 Unde
1863 1319 2098 1375 breviter
2124 1320 2222 1377 tibi
2319 1316 2725 1387 funderejussit
2744 1331 2916 1389 aquas
2939 1335 2953 1372 :
2978 1324 3029 1372 et
3051 1315 3184 1372 mihi
3204 1316 3334 1372 dare
3352 1316 3551 1388 poterit
3574 1333 3697 1390 qua
3712 1316 3813 1371 tibi
3832 1332 3921 1372 re-

621 1400 745 1467 dico
775 1411 922 1483 quod
973 1409 1238 1466 Dominus
1266 1410 1335 1465 ad
1362 1410 1581 1465 Judzeos
1633 1408 1767 1463 dixit
1800 1426 1814 1463 :
1846 1409 1968 1464 Non
1997 1423 2091 1479 ego
2119 1424 2219 1463 ac-
2320 1404 2637 1477 spondeam.
2670 1404 2918 1460 Plurimis
2946 1420 3074 1463 vero
3102 1421 3134 1460 a
3161 1413 3215 1461 te
3241 1404 3560 1477 praemissis,
3594 1412 3648 1460 et
3677 1420 3709 1460 a
3735 1421 3826 1461 me
3854 1413 3919 1461 ut

615 1514 747 1556 cuso
768 1515 879 1569 vos,
902 1498 999 1554 sed
1017 1498 1241 1571 Moyses,
1261 1500 1325 1554 in
1344 1514 1508 1571 quem
1523 1498 1785 1570 speratis,
1809 1498 1928 1569 ipse
1947 1510 2038 1552 vos
2060 1512 2221 1552 accu—
2314 1493 2595 1549 inutilibus
2621 1493 3019 1565 praetermissis,
3051 1493 3110 1548 in
3136 1493 3331 1566 quibus
3362 1493 3803 1565 quandoquidem
3831 1501 3920 1550 est

613 1590 706 1642 sat
726 1586 908 1658 (Joan.
942 1586 1021 1658 v),
1085 1585 1291 1642 scilicet
1348 1585 1436 1640 lex
1490 1592 1681 1642 contra
1738 1599 1900 1656 quam
1935 1583 2116 1657 agitis.
2149 1584 2218 1639 Et
2315 1582 2555 1656 negatio,
2576 1583 3018 1655 quandoquidem
3033 1582 3178 1655 quod
3197 1597 3500 1656 negaveras
3515 1581 3915 1639 demonstratio

611 1674 743 1730 item
761 1674 1024 1731 Dominus
1044 1674 1206 1730 dicit:
1230 1677 1337 1746 Ego
1358 1690 1473 1731 non
1500 1674 1717 1746 judicio
1752 1689 2104 1747 quemquam,
2131 1675 2216 1728 est
2315 1670 2639 1738 continetur,
2663 1671 2734 1727 ad
2761 1672 2865 1727 hoc
2890 1670 3186 1743 pervenisti
3213 1678 3273 1726 ut
3302 1671 3515 1727 diceres
3542 1686 3632 1727 me
3661 1670 3913 1746 obligare

610 1764 705 1836 qui
736 1767 953 1836 quaerat
980 1767 1036 1819 et
1056 1764 1283 1836 judicet
1313 1764 1498 1831 (Joan.
1529 1763 1672 1831 vm).
1714 1760 1981 1817 Videlicet
2011 1759 2135 1832 quia
2163 1759 2210 1815 si
2235 1793 2289 1854 B
2313 1759 2503 1816 volens
2532 1760 2601 1816 de
2622 1759 2902 1817 sententiis
2929 1760 3242 1831 apostolicae
3263 1759 3410 1815 sedis
3441 1759 3686 1815 tibiame
3715 1759 3913 1815 litteris

609 1851 876 1908 ordinasti
904 1859 1095 1908 contra
1123 1851 1345 1907 decreta
1374 1851 1570 1906 Leonis
1598 1850 1777 1921 ipsum
1797 1850 2076 1917 clericum,
2098 1865 2208 1905 non

604 1956 709 2012 ego
739 1946 994 2011 peccator
1021 1939 1077 1994 in
1105 1947 1274 2009 terra,
1308 1940 1406 1995 sed
1461 1939 1555 1994 ille
1601 1946 1820 1994 sanctus
1879 1938 1947 1994 de
1986 1937 2125 1994 coelo
2152 1946 2206 1994 te

604 2028 733 2084 inde
758 2045 860 2101 per
896 2044 1057 2084 suum
1101 2028 1397 2087 decretum,
1417 2027 1664 2098 judicat;
1696 2035 1749 2083 et
1776 2027 1822 2082 si
1852 2024 2095 2083 conﬁteri
2123 2027 2206 2082 vis

603 2124 720 2174 ate
759 2116 911 2172 illum
966 2116 1342 2189 irregulariter
1399 2115 1725 2184 ordinatum,
1786 2115 1926 2172 sicut
1981 2131 2083 2171 nec
2136 2114 2205 2170 de

602 2204 743 2276 aliis,
775 2205 850 2261 ita
877 2221 980 2263 nec
1010 2205 1079 2262 de
1107 2205 1213 2260 isto
1242 2213 1389 2260 tuam
1421 2219 1625 2277 quaero,
1657 2204 1747 2261 vel
1774 2204 2029 2260 desidero
2059 2202 2204 2258 dam-

601 2293 897 2362 nationem,
947 2295 1035 2351 vel
1082 2308 1461 2367 quemcunque
1519 2300 1644 2348 ante
1695 2291 1880 2349 oculos
1933 2293 2203 2348 humanos

601 2383 878 2439 ruborem.
910 2383 966 2438 Si
997 2389 1177 2439 autem
1230 2397 1404 2454 negas
1459 2381 1610 2437 illum
1667 2389 1719 2437 te
1752 2381 2033 2437 ordinasse
2064 2381 2201 2437 sicut

590 2472 707 2542 jam
736 2470 994 2544 praemisi,
1025 2471 1233 2527 habeas
1252 2471 1406 2527 illum
1426 2470 1776 2545 conscientia:
1804 2485 1868 2526 ac
1894 2469 2201 2541 negationis

591 2568 695 2616 tuae
716 2561 976 2630 judicem,
1010 2576 1169 2634 quem
1191 2560 1421 2616 habebis
1450 2567 1504 2617 et
1525 2567 1740 2616 testem.
1765 2558 2034 2615 Caeterum
2059 2557 2201 2615 sacri

595 2663 837 2706 canones
864 2649 1051 2705 dicunt
1077 2656 1137 2704 ut
1167 2649 1456 2722 episcopus
1486 2648 1604 2705 sine
1624 2647 1854 2705 concilio
1875 2647 2196 2703 clericorum

596 2752 820 2793 suorum
876 2737 1102 2793 clericos
1157 2752 1269 2793 non
1315 2736 1548 2806 ordinet,
1584 2736 1658 2792 ita
1686 2743 1745 2791 ut
1773 2735 1973 2791 civium
2001 2735 2197 2791 conhi-

594 2826 855 2897 bentiam,
881 2832 933 2881 et
954 2825 1317 2883 testimonium
1347 2834 1554 2898 quaerat
1580 2844 1594 2880 :
1619 2833 1672 2881 et
1688 2825 1986 2881 secundum
2006 2839 2196 2881 sacros

595 2929 834 2971 canones
863 2921 918 2970 et
943 2913 1165 2970 decreta
1212 2913 1359 2970 sedis
1403 2915 1667 2970 Romanae
1708 2913 2026 2986 pontiﬁcum
2071 2928 2197 2968 mea

593 3003 840 3072 interest,
873 3010 933 3058 ut
962 3002 1010 3058 si
1038 3002 1175 3058 ratio
1216 3003 1569 3074 postulaverit
1614 3018 1703 3058 me
1732 3002 2095 3073 compellente
2123 3001 2196 3057 ad

590 3092 931 3149 delectorum
958 3092 1027 3147 de
1056 3091 1398 3148 ordinatione
1427 3091 1599 3163 ipsius
1619 3091 1804 3148 clerici
1834 3106 1997 3163 quam
2024 3090 2192 3146 dene-

586 3196 710 3255 gas,
743 3181 975 3238 accedas
998 3180 1284 3251 judicium,
1318 3187 1371 3236 et
1399 3179 1661 3252 quidquid
1690 3178 1917 3237 veritate
1944 3179 2183 3252 cognita,

587 3268 953 3326 mediantibus
974 3268 1337 3325 sacrosanctis
1357 3267 1675 3340 Evangeliis
1696 3285 1796 3340 per
1826 3285 1921 3325 eos
1946 3275 2055 3323 tam
2075 3268 2192 3324 cle-

588 3357 734 3414 ricos
773 3373 932 3430 quam
978 3356 1145 3422 cives,
1191 3373 1424 3429 quorum
1468 3373 1740 3413 consensu
1788 3364 1841 3412 et
1870 3356 1927 3411 in
1957 3372 2186 3429 quorum

582 3446 879 3519 praesentia
908 3444 1279 3502 ordinationes
1303 3445 1515 3515 iuberis
1543 3445 1741 3516 facere,
1766 3445 2043 3502 inventum
2071 3444 2188 3502 fue-

582 3536 672 3607 rit,
702 3536 806 3593 hoc
830 3541 1115 3591 statuatur.
1142 3534 1252 3589 Sed
1279 3533 1327 3589 si
1343 3534 1715 3605 aequissimum
1729 3533 1972 3603 judicem
1987 3533 2182 3602 Deum,

582 3624 674 3682 cui
703 3624 773 3680 de
803 3622 1054 3680 omnibus
1101 3622 1259 3678 factis
1287 3629 1340 3678 et
1362 3622 1584 3693 judiciis
1613 3622 1816 3679 nostris
1844 3638 2032 3678 sumus
2053 3623 2185 3678 red-

583 3712 750 3768 dituri
779 3712 1045 3767 rationem
1073 3710 1320 3766 timueris
1349 3711 1455 3767 hoc
1487 3725 1671 3782 agere,
1692 3710 1842 3766 nulla
1863 3710 1967 3767 erit
1994 3726 2185 3767 neces-

580 3800 733 3856 sitas.
766 3800 957 3872 Neque
987 3815 1093 3872 ego
1130 3800 1291 3866 hanc,
1324 3798 1413 3855 vel
1438 3799 1599 3853 aliam
1639 3814 2021 3871 quamcunque
2050 3816 2184 3855 cau-

581 3903 703 3945 sam
730 3888 854 3945 volo
885 3902 1243 3959 exaggerare,
1268 3886 1391 3959 quia
1419 3887 1489 3943 de
1520 3887 1929 3961 quibhscunque
1958 3888 2188 3944 scanda-

583 3978 701 4034 lum
727 3967 846 4034 sine
873 3983 1102 4048 peccato
1130 3975 1367 4048 propriae
1397 3977 1747 4034 conscientiae
1775 3977 1949 4034 vitare
1968 3985 2180 4049 potero,

580 4065 787 4125 nemini
817 4065 1135 4123 scandalum
1163 4064 1368 4121 inferre
1396 4065 1542 4123 volo.
1576 4065 1634 4121 Si
1663 4073 1841 4121 autem
1873 4066 1992 4138 ipse
2020 4066 2184 4122 cleri-

582 4171 701 4224 cus,
734 4154 880 4228 quod
906 4169 1017 4210 non
1044 4161 1173 4227 opto
1200 4170 1303 4211 nec
1331 4171 1538 4228 quaero,
1562 4171 1623 4212 se
1651 4154 1708 4209 in
1734 4155 2182 4227 comprovinciali

581 4232 794 4317 synodo
822 4243 1223 4313 reclamaverit,
1253 4251 1346 4299 aut
1375 4245 1444 4300 de
1473 4244 1816 4301 ordinatione
1843 4260 1878 4299 a
1905 4252 1958 4301 te
1977 4245 2035 4299 in
2055 4260 2181 4300 eum

579 4333 841 4401 exhibita,
873 4340 967 4389 aut
995 4333 1063 4388 de
1094 4348 1419 4406 quocunque
1474 4334 1809 4405 praejudicio,
1871 4333 2000 4406 quia
2038 4334 2180 4391 sacri

579 4436 820 4479 canones
868 4421 1073 4487 dicunt,
1124 4422 1408 4492 praemissa
1451 4422 1719 4478 sententia
1746 4423 1815 4477 de
1842 4423 2178 4494 presbyteris

2309 1849 2746 1921 pmcedentibus
2777 1848 3010 1920 scriptis.
3043 1851 3182 1906 Ecce
3208 1851 3272 1905 in
3302 1849 3460 1905 mala
3487 1849 3751 1905 suasione
3771 1849 3909 1906 deli-

2307 1942 2482 2004 ctum,
2503 1939 2635 1994 etin
2654 1938 2809 1995 mala
2824 1940 3190 1995 consensione
3202 1941 3502 2010 peccatum
3519 1937 3910 2010 depromitur;

2306 2031 2362 2083 et
2376 2029 2527 2084 sicut
2549 2043 2640 2084 vos
2661 2026 2966 2083 sententiis
2983 2026 3125 2100 quod
3138 2026 3284 2083 mihi
3303 2027 3453 2082 male
3471 2042 3707 2083 suasum
3722 2030 3828 2097 est,
3848 2030 3910 2082 et

2304 2132 2340 2172 a
2358 2132 2448 2172 me
2468 2116 2618 2171 male
2639 2119 2725 2172 est
2742 2131 2973 2172 sensum
3001 2116 3221 2187 pariter
3241 2131 3330 2172 vos
3360 2116 3681 2173 consentire
3701 2115 3904 2188 digne-

2302 2205 2467 2271 mini,
2492 2204 2743 2261 dicentes
2759 2219 2881 2279 quce
2892 2206 3011 2276 iam
3030 2204 3302 2277 prwmisi,
3326 2208 3393 2261 ut
3412 2205 3655 2261 scribam
3674 2205 3823 2262 vobis
3854 2207 3907 2262 si

2303 2308 2432 2350 eum
2448 2294 2714 2350 ordinare
2728 2295 2846 2351 volo
2862 2294 3174 2351 secundum
3189 2309 3426 2360 morem,
3445 2298 3502 2349 et
3518 2310 3609 2350 vos
3630 2294 3721 2349 illi
3743 2294 3907 2351 liber-

2303 2386 2481 2438 tatem
2497 2383 2940 2440 ecclesiasticam
2959 2382 3199 2450 dabatis,
3223 2397 3387 2455 quem
3400 2382 3596 2438 taliter
3606 2383 3678 2439 ad
3687 2382 3902 2453 gradus

2299 2472 2708 2529 ecclesiasticos
2724 2474 3047 2545 pervenisse
3085 2471 3413 2544 divulgatis.
3455 2470 3610 2527 Unde
3635 2470 3733 2525 tibi
3749 2471 3899 2544 quod

2299 2560 2556 2616 Salomon
2571 2560 2701 2617 dicit
2720 2560 2899 2617 scribo
2923 2576 2936 2616 :
2963 2562 3067 2630 Qui
3087 2561 3280 2617 erudit
3302 2560 3627 2630 derisorem,
3650 2562 3769 2632 ipse
3789 2561 3896 2617 sibi

2295 2651 2444 2720 facit
2461 2651 2741 2721 injuriam
2778 2650 2961 2720 (Prov.
2980 2648 3084 2721 rx).
3120 2648 3245 2705 Non
3280 2649 3422 2705 bene
3451 2648 3731 2720 intelligis,
3765 2649 3896 2722 quia

2294 2752 2405 2794 non
2433 2737 2573 2793 bene
2593 2738 2675 2795 vis
2697 2738 2845 2810 quod
2864 2738 2962 2792 tibi
2980 2737 3119 2793 bene
3134 2746 3189 2793 et
3207 2745 3355 2795 recte
3376 2736 3587 2809 scripsi,
3610 2737 3818 2794 scilicet
3837 2745 3899 2792 ut

2295 2826 2342 2881 si
2355 2828 2720 2900 cujuscunque
2736 2827 3008 2895 suasione,
3027 2826 3115 2884 vel
3130 2842 3451 2899 quacunque
3467 2826 3817 2898 subreptione
3839 2827 3895 2883 in

2292 2915 2399 2970 hoc
2429 2914 2727 2982 excessisti,
2763 2923 2817 2971 et
2847 2915 2981 2970 alias
3010 2916 3191 2987 ipsum
3217 2915 3475 2973 clericum
3504 2916 3694 2972 utilem
3718 2916 3775 2970 in
3801 2932 3896 2972 ec-

2293 3002 2598 3061 clesiastico
2625 3003 2929 3060 ministerio
2968 3004 3431 3077 comprobaveris,
3464 3005 3611 3077 quod
3640 3004 3814 3061 defuit
3841 3013 3894 3063 et

2291 3090 2404 3161 tibi,
2440 3099 2493 3147 et
2520 3092 2599 3147 illi
2626 3093 2682 3147 in
2712 3092 3049 3150 ordinatione
3099 3110 3218 3163 sua,
3252 3101 3305 3151 et
3332 3095 3402 3150 ad
3431 3109 3519 3150 me
3557 3094 3889 3167 pertinebat,

2222 3149 2272 3212 C
2290 3149 2402 3254 θεά
2428 3181 2761 3252 suPplerem.
2793 3182 2939 3254 Lege
2967 3149 3360 3239 decreta
3388 3149 3646 3240 Romanae
3672 3149 3894 3255 pontiﬁ:

2286 3285 2410 3326 cum
2441 3287 2472 3326 a
2499 3271 2659 3327 beato
2710 3270 2923 3339 Siricio,
2956 3279 3010 3327 et
3057 3271 3336 3344 deinceps,
3383 3280 3435 3329 et
3471 3272 3719 3329 invenies
3747 3289 3889 3346 quo-

2284 3359 2448 3415 modo
2494 3360 2683 3430 plures
2727 3360 3102 3433 irregulariter
3143 3360 3380 3417 ordinati
3424 3378 3524 3433 per
3560 3362 3891 3419 medicinam

2286 3447 2715 3505 ecclesiasticam
2745 3448 2898 3505 fuere
2946 3450 3140 3520 sanati,
3171 3450 3458 3522 supplente
3486 3451 3804 3508 auctoritate
3832 3452 3891 3507 in

2284 3553 2548 3608 processu
2597 3539 2744 3610 quod
2789 3537 3036 3594 defuerat
3071 3539 3129 3594 in
3169 3539 3521 3595 ordinationis
3568 3539 3740 3596 initio.
3774 3542 3885 3597 Co-

2283 3632 2436 3698 gunt,
2468 3626 2640 3697 inquit
2668 3627 2858 3683 beatus
2888 3626 3242 3700 Augustinus,
3275 3627 3473 3684 multas
3501 3628 3748 3686 invenire
3773 3645 3886 3685 me-

2284 3713 2491 3770 dicinas
2534 3714 2828 3771 multorum
2875 3716 3244 3787 experimenta
3281 3717 3614 3773 morborum.
3647 3718 3879 3787 Deinde,

2283 3802 2474 3859 volens
2509 3805 2797 3860 ostendere
2840 3806 2987 3876 quod
3016 3805 3093 3860 tui
3120 3805 3266 3873 odio,
3298 3814 3350 3861 et
3380 3806 3652 3878 Sigeberti
3680 3808 3878 3878 gratia,

2282 3888 2401 3944 hac
2429 3889 2499 3944 de
2520 3889 2746 3960 prmfato
2767 3890 2968 3947 clerico
2999 3890 3335 3962 scripserim,
3357 3908 3531 3965 nugas
3549 3892 3648 3947 tibi
3665 3893 3877 3962 noxias,

2283 3981 2334 4029 et
2363 3973 2567 4029 naeniae
2613 3975 2756 4030 bene
2781 3976 2981 4032 volenti
3011 3984 3065 4031 et
3094 3975 3286 4031 scienti
3319 3992 3432 4033 non
3473 3976 3747 4044 ridendas,
3778 3978 3877 4035 sed

2282 4062 2548 4118 delendas
2577 4064 2877 4135 componis.
2899 4064 3031 4120 Cum
3061 4065 3366 4138 Sigeberto,
3393 4074 3651 4137 quantum
3669 4083 3736 4122 ex
3756 4066 3876 4137 ipso

2282 4158 2335 4206 et
2362 4167 2463 4223 pro
2492 4152 2612 4223 ipso
2641 4161 2741 4221 est,
2777 4168 2908 4210 cura
2933 4170 3043 4209 non
3072 4162 3157 4210 est
3184 4162 3243 4210 ut
3270 4170 3547 4227 nunquam
3575 4155 3633 4209 in
3660 4155 3752 4210 illa
3777 4172 3875 4213 ec-

2281 4240 2449 4296 clesia
2477 4240 2547 4295 sit
2574 4242 2861 4313 presbyter
2888 4243 3200 4311 ordinatus;
3232 4244 3361 4315 quia
3393 4243 3595 4299 nullam
3623 4244 3749 4300 inde
3776 4260 3875 4301 ne-

2280 4330 2586 4386 cessitatem
2617 4330 2816 4387 habet:
2841 4338 2896 4387 et
2919 4331 2967 4387 si
2983 4330 3144 4388 fuerit
3168 4332 3244 4388 ibi
3258 4334 3541 4405 presbyter
3569 4334 3871 4402 ordinatus,

2278 4417 2483 4473 nullum
2513 4419 2726 4475 lucrum
2753 4419 2880 4475 inde
2908 4427 3187 4477 terrenum
3223 4421 3465 4478 habebit.
3498 4424 3568 4478 Et
3597 4422 3645 4477 si
3672 4423 3731 4477 in
3755 4423 3870 4494 ipsa

577 4518 632 4566 et
660 4507 998 4575 diaconibus,
1022 4516 1079 4563 ut
1101 4509 1432 4581 reliquorum
1452 4511 1775 4566 clericorum
1797 4525 1988 4565 causas
2018 4511 2177 4566 etiam
2205 4506 2258 4566 D
2282 4507 2512 4563 ecclesia
2556 4509 2841 4580 presbyter
2869 4525 2981 4565 non
3008 4509 3170 4567 fuerit
3200 4511 3501 4579 ordinatus,
3532 4510 3739 4567 nullum
3767 4512 3869 4568 de-

577 4597 728 4656 solus
757 4597 1046 4669 episcopus
1072 4596 1181 4652 loci
1209 4604 1470 4670 agnoscat
1498 4604 1551 4653 et
1580 4596 1750 4653 finiat.
1782 4599 1853 4653 Et
1881 4598 1928 4652 si
1956 4600 2181 4671 presby-

580 4687 702 4755 teri,
735 4686 971 4754 diaconi,
1018 4685 1107 4742 vel
1136 4686 1323 4742 caeteri
1371 4685 1643 4741 inferioris
1669 4687 1878 4759 gradus
1908 4686 2093 4742 clerici
2122 4688 2178 4743 in

584 4775 765 4830 causis
794 4791 928 4848 quas
959 4773 1263 4841 habuerint,
1292 4774 1361 4830 de
1383 4773 1601 4843 judiciis
1630 4774 2013 4850 episcoporum
2043 4792 2175 4832 suo-

579 4878 704 4918 rum
732 4863 910 4935 questi
953 4862 1174 4932 l‘uerint,
1226 4862 1389 4919 vicini
1431 4862 1674 4934 episcopi
1720 4879 1837 4930 eos,
1887 4879 2011 4920 cum
2038 4880 2174 4922 con-

577 4967 746 5007 sensu
793 4952 877 5007 sui
933 4951 1175 5023 episcopi
1232 4951 1466 5018 audiant,
1497 4958 1550 5007 et
1578 4950 1720 5007 inter
1774 4967 1869 5009 eos
1913 4953 2176 5012 diﬂiniant

575 5039 803 5097 adhibiti
833 5040 901 5096 ab
933 5040 1014 5096 eis
1044 5040 1306 5111 episcopi.
1342 5039 1498 5108 Quod
1523 5040 1626 5095 etsi
1655 5041 1724 5096 ab
1755 5041 1834 5098 eis
1861 5058 2171 5114 provocan-

575 5129 705 5185 dum
736 5130 1046 5201 putaverint
1074 5129 1143 5184 ad
1169 5129 1430 5200 primates
1479 5145 1699 5185 suarum
1743 5131 2166 5203 provinciarum,

570 5217 712 5274 sicut
741 5225 793 5274 et
823 5218 891 5274 de
935 5217 1207 5289 episcopis
1248 5234 1394 5289 saepe
1442 5219 1787 5275 constitutum
1833 5229 1917 5276 est
1961 5235 2169 5292 provo-

570 5315 732 5363 cent:
757 5314 810 5363 et
838 5321 1030 5363 omnes
1051 5306 1145 5378 qui
1173 5321 1233 5362 se
1259 5306 1419 5363 laesos
1448 5308 1754 5364 existimant
1783 5309 1965 5364 adsint
1985 5310 2169 5366 conci-

2278 4596 2591 4651 trimentum
2618 4598 2705 4653 vel
2732 4597 3139 4655 incommodum
3166 4599 3444 4670 spirituale
3459 4609 3548 4655 aut
3566 4602 3871 4672 temporale

2274 4684 2402 4740 inde
2442 4684 2682 4741 habebit.
2735 4687 2844 4742 Sed
2888 4695 2941 4742 et
2967 4687 3101 4743 mihi
3147 4688 3292 4743 nulla
3323 4689 3428 4745 alia
3455 4689 3582 4746 inde
3608 4698 3689 4750 est
3718 4706 3863 4757 cura,

2273 4772 2379 4827 nisi
2405 4782 2462 4828 ut
2489 4774 2643 4846 leges
2691 4775 3074 4833 ecclesiastica
3123 4793 3224 4849 pro
3278 4785 3370 4833 tua
3427 4778 3715 4834 insolentia
3742 4779 3871 4836 inde

2274 4876 2432 4916 suum
2459 4861 2704 4934 vigorem
2731 4879 2840 4919 non
2866 4865 3129 4935 perdant;
3161 4873 3216 4922 et
3243 4867 3492 4923 homines
3508 4867 3703 4924 exinde
3724 4883 3870 4924 corn-

2271 4949 2603 5016 moditatem,
2654 4968 2816 5024 quam
2859 4954 2966 5025 ipsi
3011 4962 3065 5010 et
3107 4955 3191 5010 sui
3233 4964 3609 5013 antecessores
3636 4972 3671 5012 a
3697 4958 3866 5029 longo

2270 5046 2512 5109 tempore
2564 5041 2889 5112 habuerunt,
2939 5042 3206 5112 amittant,
3267 5053 3321 5100 et
3376 5053 3434 5100 tu
3464 5045 3519 5100 in
3546 5047 3652 5102 hoc
3687 5047 3866 5103 Deum

2269 5125 2540 5184 offendas.
2571 5129 2780 5203 Deinde
2809 5130 2987 5187 minas
3012 5133 3240 5203 praefato
3267 5133 3500 5190 intentas
3530 5134 3752 5202 clerico,
3778 5136 3871 5192 cui

2268 5215 2315 5270 si
2343 5216 2699 5286 prejudicium
2728 5219 2996 5289 intuleris,
3025 5230 3111 5277 est
3131 5224 3308 5293 justus
3330 5224 3495 5292 judex
3524 5223 3617 5296 qui
3643 5224 3783 5281 inter
3810 5232 3866 5282 te

2266 5311 2319 5359 et
2345 5304 2497 5360 illum
2519 5306 2786 5376 judicabit
2819 5326 2833 5363 :
2866 5317 2919 5365 et
2947 5310 2993 5364 si
3021 5311 3092 5367 ad
3121 5312 3389 5384 synodum
3433 5313 3663 5379 venerit,
3713 5314 3865 5385 quod

568 5394 677 5462 liis,
711 5402 763 5451 et
791 5394 986 5467 synodi
1030 5394 1381 5466 experiantur
1427 5411 1687 5465 examen;
1737 5405 1791 5453 et
1842 5398 1997 5469 plura
2046 5415 2166 5470 quae
2263 5401 2510 5449 uestrum
2553 5397 2669 5465 erit,
2727 5404 2785 5452 ut
2836 5399 3085 5468 praedixi,
3137 5402 3365 5473 exsequi
3416 5402 3858 5472 procumbimus.

574 5483 701 5541 hinc
731 5499 971 5541 canones
1015 5484 1218 5556 dicunt,
1265 5491 1318 5539 et
1345 5485 1476 5540 mihi
1521 5487 1746 5557 longum
1785 5494 1867 5541 est
1897 5486 2161 5545 scribere.

2263 5481 2420 5550 Quod
2449 5491 2629 5541 autem
2656 5486 2725 5541 de
2751 5486 2936 5543 missis
2985 5489 3123 5544 meis
3151 5489 3222 5545 ad
3251 5490 3521 5561 synodum
3550 5498 3699 5545 tuam
3725 5491 3859 5546 mit—

567 5572 844 5647 Quidquid
873 5572 1202 5630 confratrum
1248 5581 1303 5630 et
1349 5574 1802 5647 coepiscoporum
1846 5583 2163 5633 nostrorum
2261 5581 2438 5639 tendis
2470 5583 2774 5658 subjungis,
2797 5600 2908 5642 non
2925 5586 3217 5649 missorum
3235 5602 3481 5646 meorum
3497 5589 3567 5645 ad
3588 5588 3859 5661 synodum
