4174 6336
349 269 456 324 565

1099 265 1344 324 OPUSC.
1402 268 1494 323 ET
1533 266 1750 323 EPIST.
1815 267 1888 322 IN
1933 265 2160 323 CAUSA
2215 267 2558 323 HINCMARI
2615 268 2918 325 LAUDUN.

3538 269 3642 323 566

348 399 498 446 tuam
526 389 792 446 describis
820 389 1073 446 officium.
1107 392 1228 464 Ego
1269 390 1415 446 enim
1440 407 1542 462 per
1564 406 1672 460 me,
1735 390 1820 446 vel
1847 405 1947 461 per
1966 390 2023 452 A
2049 391 2260 462 rogatio
2289 391 2612 460 inordinata,
2645 399 2806 463 atque
2827 392 3111 462 responsio
3139 390 3285 446 nulla
3307 390 3636 447 convenien-

349 479 586 536 vicarios
613 495 768 535 meos
789 478 962 534 debeo
1007 486 1304 534 retractare
1328 480 1624 535 secundum
1653 493 1838 533 sacros
1870 493 1952 533 ca-

351 583 526 623 nones
555 574 670 623 acta
701 583 813 622 sua
842 567 1056 638 synodi,
1087 567 1305 624 sisecus
1331 566 1457 622 inde
1481 568 1549 621 ad
1569 583 1657 622 me
1676 566 1950 638 quoddam

351 655 681 726 pervenerit,
742 663 796 710 et
823 670 933 710 non
989 655 1113 710 ideo
1168 656 1238 710 ad
1285 662 1435 710 tuam
1491 655 1758 727 synodum
1797 669 1951 709 meos

349 745 548 798 missos
576 743 809 812 dirigere
865 750 921 797 ut
948 757 1167 799 servum
1219 742 1465 798 ecclesia
1494 751 1694 798 nostra
1723 743 1780 798 in
1807 742 1953 796 nulla

352 831 653 887 rebellione
683 837 911 885 stantem
960 829 1204 885 servituti
1233 829 1525 885 obnoxium
1571 831 1948 900 comprobent.

350 920 499 975 Licet
537 918 682 974 enim
711 918 838 972 satis
860 917 1144 988 insipiens,
1181 918 1294 973 scio
1325 918 1569 990 qualiter,
1622 926 1674 973 et
1701 918 1794 972 ubi
1830 933 1950 972 ser-

350 1024 450 1063 vus
481 1007 880 1063 ecclesiasticus
911 1005 1181 1061 rebellans
1211 1006 1372 1060 debet
1416 1005 1679 1077 conquiri,
1727 1013 1779 1060 et
1825 1005 1953 1059 alibi

349 1103 566 1166 opertet
602 1111 690 1149 me
723 1096 791 1148 de
818 1093 1160 1164 professione
1209 1109 1320 1148 sua
1361 1093 1636 1148 servitutis
1667 1093 1950 1164 requirere

351 1199 516 1255 quam
544 1183 598 1237 in
629 1191 722 1238 tua
777 1181 1122 1253 provincialis
1171 1181 1413 1253 episcOpi
1443 1182 1671 1252 synodo.
1711 1181 1949 1236 Tandem

351 1272 499 1343 quod
518 1271 801 1341 scripsisti,
834 1279 908 1335 ut,
945 1286 977 1324 ο
1007 1271 1208 1324 utinam
1235 1270 1330 1324 tibi
1363 1285 1643 1325 servarem
1669 1269 1946 1340 episcOpo,

351 1359 616 1416 carcerali
649 1359 783 1414 sicut
815 1359 928 1414 scio
987 1358 1248 1414 custodiae
1303 1358 1522 1427 tradito,
1575 1373 1646 1412 ne
1699 1357 1951 1412 inferrem

351 1447 450 1503 tibi
481 1455 534 1503 et
561 1447 832 1518 parochias
863 1454 988 1512 tua,
1028 1453 1214 1502 contra
1243 1445 1662 1516 apostolicorum
1713 1445 1952 1500 omnium

352 1537 591 1599 decreta,
625 1536 787 1590 etiam
819 1535 888 1589 ab
943 1533 1239 1606 apostolica
1296 1535 1428 1589 sede
1484 1541 1696 1600 vocato,
1750 1541 1802 1588 et
1833 1550 1952 1588 eam

350 1624 663 1696 appellanti,
715 1623 1109 1694 praejudicium,
1167 1631 1218 1678 et
1246 1638 1356 1678 non
1413 1621 1696 1695 exigerem
1728 1629 1845 1678 ate
1875 1639 1952 1678 re-

350 1729 612 1784 sponsum
643 1728 815 1783 usque
845 1712 914 1766 ad
945 1711 1262 1782 synodalem
1294 1710 1473 1766 saltim
1503 1718 1865 1776 conventum;
1901 1718 1954 1766 et

351 1802 422 1857 de
439 1799 718 1856 sententiis
748 1799 1060 1870 apostolica
1115 1800 1261 1853 sedis
1319 1798 1633 1869 pontificum
1675 1799 1732 1852 in
1761 1799 1953 1853 eodem

349 1897 445 1944 tuo
476 1889 677 1959 scripto
709 1887 1004 1959 congestis,
1038 1887 1259 1942 alterius
1307 1887 1590 1958 temporis,
1624 1895 1675 1941 et
1704 1887 1957 1957 prolixio-

350 1993 473 2033 rem
501 1992 662 2049 quam
695 1977 812 2032 hac
856 1975 1121 2031 sustineat
1159 1975 1390 2046 epistola
1434 1975 1611 2046 poscit
1637 1975 1951 2046 responsio-

351 2081 500 2121 nem.
542 2066 602 2120 In
658 2064 903 2121 clausula
953 2079 1084 2120 vero
1121 2063 1274 2118 istius
1330 2063 1573 2134 epistola
1601 2064 1764 2118 verba
1810 2063 1955 2119 beati

354 2153 609 2226 Gregorii
639 2153 709 2208 ad
739 2152 1029 2226 quemdam
1060 2152 1362 2220 subjectum
1401 2152 1717 2222 episcopum
1746 2151 1954 2207 directa

350 2258 559 2314 ponere
590 2241 813 2313 dignum
836 2240 964 2295 duxi
997 2259 1011 2307 ;
1071 2240 1199 2311 quia
1247 2240 1300 2294 in
1329 2240 1435 2294 tuis
1484 2240 1702 2311 scriptis
1732 2241 1801 2295 ad
1831 2267 1837 2272 -
1865 2256 1954 2295 me

353 2330 576 2386 directis
597 2328 866 2386 contraria
896 2329 981 2383 his
1013 2329 1126 2382 suis
1154 2327 1541 2382 monitionibus
1575 2344 1720 2399 sape
1747 2327 1950 2395 inveni,

350 2427 409 2473 ut
440 2419 508 2474 de
529 2426 729 2474 catero
750 2417 987 2472 monitus
1015 2433 1116 2488 per
1142 2432 1321 2472 meam
1350 2416 1701 2488 exiguttatem
1733 2433 1761 2470 a
1793 2417 1953 2472 beato

355 2506 628 2579 Gregorio
657 2505 785 2560 talia
813 2505 869 2560 in
922 2505 1026 2560 tuis
1056 2505 1272 2576 scriptis
1303 2505 1370 2559 ad
1421 2520 1529 2570 me,
1563 2504 1649 2558 vel
1696 2505 1765 2560 ad
1816 2504 1953 2560 alios

354 2595 634 2651 scientiam
656 2601 708 2650 et
731 2595 1106 2649 auctoritatem
1138 2594 1400 2648 habentes
1416 2592 1719 2663 dirigendis
1750 2608 1954 2663 ponere

353 2698 568 2738 caveas.
625 2682 884 2750 Primum,
945 2681 1136 2754 inquit,
1188 2683 1293 2736 hoc
1349 2697 1438 2735 me
1495 2681 1796 2746 contristat,
1827 2680 1954 2752 quia

353 2772 486 2826 mihi
516 2771 822 2826 fraternitas
863 2779 950 2824 tua
1004 2769 1204 2840 duplici
1261 2770 1427 2824 corde
1484 2769 1690 2834 scribit,
1751 2777 1804 2824 et
1847 2768 1953 2823 alia

355 2859 723 2914 blandimenta
751 2859 806 2912 in
865 2857 1110 2928 epistolis
1130 2857 1252 2924 suis
1283 2857 1520 2923 exhibet,
1545 2857 1651 2911 alia
1679 2857 1737 2910 in
1768 2856 1953 2927 lingua

352 2962 453 3002 sua
482 2947 818 3004 saculariter
864 2953 1123 3002 ostentat.
1182 2945 1391 3001 Deinde
1451 2961 1623 3017 grave
1666 2945 1797 3000 mibi
1846 2953 1947 3014 est,

1981 1742 2034 1801 B

2047 479 2124 534 tia
2154 479 2257 533 sibi
2289 479 2622 535 conveniens
2679 487 2815 534 erat.
2857 480 2985 534 Post
3020 481 3138 534 hac
3164 487 3344 534 autem
3373 479 3556 534 omnia
3585 487 3639 533 et

2048 583 2155 637 me,
2180 575 2233 621 et
2261 575 2314 622 te
2347 567 2401 620 in
2445 575 2624 622 mente
2681 567 2932 622 continue
2985 567 3188 622 habere
3243 581 3442 622 moneo
3492 566 3637 637 quod

2048 656 2311 711 Dominus
2367 655 2545 712 dicit:
2603 658 2781 727 Super
2827 671 2990 728 quem
3048 656 3348 727 requiescit
3389 655 3638 727 Spiritus

2048 760 2225 809 meus,
2260 745 2376 798 nisi
2403 760 2574 816 super
2593 744 2884 809 humilem,
2919 747 2975 798 et
3005 744 3275 814 quietum,
3308 747 3364 797 et
3396 745 3639 798 tremen-

2053 835 2165 886 tem
2181 847 2464 886 sermones
2494 846 2644 885 meos
2674 834 2696 884 ?
2740 831 2868 901 (Isa.
2904 829 3083 898 LXVI.)
3138 828 3274 897 Quia
3303 827 3438 882 sicut
3467 827 3640 897 scrip-'-

2051 926 2164 973 tum
2195 927 2278 973 est
2311 936 2324 973 :
2358 919 2606 991 Spiritus
2637 921 2870 973 sanctus
2915 917 3234 988 disciplina
3285 915 3513 986 e/Tugiet
3542 916 3640 983 ﬁc-

2053 1011 2194 1072 tum,
2228 1011 2283 1062 et
2303 1009 2526 1078 auferet
2554 1023 2610 1061 se
2641 1023 2676 1060 a
2705 1005 3136 1076 cogitationibus
3166 1004 3288 1059 sine
3316 1004 3637 1068 intellectu,

2051 1099 2107 1150 et
2136 1111 2250 1150 non
2283 1095 2555 1150 habitabit
2582 1094 2645 1148 in
2687 1109 2912 1164 corpore
2958 1093 3177 1149 subdito
3205 1091 3450 1164 peccatis
3480 1090 3638 1161 (Sap.

2050 1185 2090 1251 1)
2123 1201 2140 1249 ;
2173 1190 2225 1237 et
2259 1185 2472 1237 :Juxta
2504 1185 2586 1236 est
2630 1183 2901 1236 Dominus
2932 1181 3016 1234 his
3048 1181 3145 1251 qui
3176 1180 3464 1243 tribulato,
3506 1181 3644 1233 sunt

2051 1273 2228 1336 corde,
2274 1274 2328 1325 et
2361 1270 2604 1334 humiles
2643 1270 2853 1340 spiritu
2891 1268 3131 1323 salvabit
3161 1287 3179 1334 ;
3209 1268 3400 1322 vultus
3448 1269 3644 1320 autem

2048 1360 2274 1414 Domini
2333 1373 2496 1428 super
2541 1357 2818 1427 facientes
2883 1362 3300 1426 perseveranter
3371 1354 3546 1418 mala,
3581 1357 3648 1408 ut

2049 1447 2252 1520 perdat
2298 1447 2362 1500 de
2415 1449 2568 1500 terra
2621 1446 2956 1499 memoriam
3014 1460 3226 1500 eorum.
3260 1443 3401 1497 Data
3431 1457 3467 1496 v
3516 1441 3644 1496 Idus

2050 1534 2175 1589 Maii
2203 1533 2490 1605 prasentis
2519 1548 2578 1586 ιιι
2604 1529 2934 1587 indictionis.

2531 1714 3090 1810 'SCHEDULA

2781 1869 2894 1922 sive

2338 1973 2665 2029 LIBELLUS
2702 1969 3355 2028 EXPOSTULATIONIS

2693 2061 3010 2116 HINCMAR

2444 2181 2892 2224 METROPOLITANI
2930 2181 3248 2221 RHEMENSIS

2053 2277 2358 2341 Adversus
2414 2276 2754 2338 Hmauxnuu
2826 2273 3248 2337 Laudunensen
3318 2273 3652 2355 episcopum

2362 2392 2429 2446 In
2450 2389 2654 2462 synodo
2684 2390 3025 2444 Duziacensi
3053 2391 3356 2444 recitatus.

2345 2498 2436 2549 (Ex
2475 2494 2804 2541 consiliorum
2844 2493 3025 2539 Labbei
3057 2498 3193 2540 tomo
3217 2493 3360 2550 VIII.)

2654 2582 3035 2639 PREFATIO.

2124 2694 2355 2749 Sanctus
2385 2689 2708 2746 C(elestinus
2768 2689 2977 2760 synodo
3022 2689 3164 2760 apud
3217 2690 3494 2761 Ephesum
3525 2691 3653 2746 scri-

2049 2783 2156 2854 psit
2188 2799 2201 2836 :
2230 2802 2252 2831 «
2289 2779 2521 2851 Spiritus
2544 2778 2719 2834 sancti
2746 2778 3098 2848 prasentiam
3129 2777 3382 2834 testiﬁcat
3412 2795 3651 2852 congre-

2051 2871 2200 2944 gatio
2223 2868 2584 2924 sacerdotum.
2650 2867 2870 2922 Certum
2901 2873 2983 2922 est
3013 2866 3158 2922 enim
3189 2867 3335 2938 quod
3392 2867 3647 2940 legimus,

2052 2960 2178 3031 quia
2207 2974 2316 3013 non
2344 2965 2522 3028 potest
2579 2955 2791 3012 Veritas
2846 2963 3036 3010 nostra
3093 2955 3328 3024 mentiri,
3387 2956 3541 3025 cujus
3594 2955 3649 3010 in
3751 3003 3756 3007 .

351 3035 500 3107 quod
527 3034 976 3105 irrisionesjillas,
1011 3049 1148 3105 quas
1163 3034 1364 3089 habere
1385 3033 1581 3088 notarii
1598 3034 1775 3088 adhuc
1794 3033 1950 3103 pueri

2053 3046 2352 3119 Evangelio
2382 3043 2647 3100 sententia
2665 3044 2768 3097 ista
2797 3051 2880 3098 est
2912 3061 2927 3097 :
2975 3044 3068 3100 Ubi
3115 3044 3222 3099 duo
3257 3045 3344 3099 vel
3374 3048 3488 3099 tres
3511 3060 3650 3100 con-

348 3124 546 3181 5019m~
582 3139 756 3195 ιιεψιθ
785 3123 946 3177 δοίίίθ
970 3121 1135 3177 frater
1177 3137 1332 3177 meus
1383 3122 1436 3175 in
1469 3123 1654 3194 lingua
1685 3135 1781 3175 sua
1812 3121 1946 3176 Γθιῖ·
1978 3093 2026 3155 C
2053 3093 2269 3207 gregatii
2279 3135 2500 3204 fuerint
2529 3133 2592 3186 in
2609 3133 2839 3187 nomine
2855 3147 2995 3199 meo,
3019 3129 3097 3186 ibi
3125 3135 3290 3202 etego
3307 3147 3433 3186 sum
3450 3133 3513 3187 in
3534 3149 3651 3188 me-

349 3221 464 3277 net,
495 3212 808 3266 mordenter
836 3210 1095 3282 loquitur,
1129 3219 1182 3264 et
1219 3210 1375 3282 quasi
1419 3211 1488 3265 de
1519 3210 1612 3264 tali
1644 3210 1822 3264 studio
1854 3210 1952 3263 la-

351 3308 518 3366 tatur,
552 3299 738 3354 amicis
783 3299 1148 3371 prasentibus
1205 3298 1501 3364 blanditur,
1547 3298 1615 3352 de
1636 3297 1952 3352 absentibus

351 3388 689 3460 obloquitur.
729 3387 797 3441 Et
851 3387 1040 3442 vitium
1097 3387 1417 3442 describens
1475 3385 1745 3455 superbia
1773 3384 1949 3440 dicit:

355 3475 634 3548 Quisquis,
668 3475 917 3547 inquiens
960 3476 1096 3545 ejus,
1143 3475 1199 3528 in
1245 3491 1305 3529 se
1347 3473 1688 3546 tyrannidem
1737 3473 1953 3544 captiva

350 3572 536 3620 mente
589 3564 904 3634 susceperit,
962 3563 1067 3618 hoc
1123 3563 1361 3634 primum
1418 3562 1673 3616 damnum
1725 3561 1948 3632 patitur,

356 3653 503 3724 quod
529 3652 715 3708 clauso
769 3651 951 3708 cordis
981 3651 1141 3707 oculo
1181 3651 1370 3720 judicii
1414 3651 1722 3722 aequitatem
1755 3649 1948 3720 perdit.

351 3741 494 3797 Nam
525 3747 720 3796 cuncta
746 3755 866 3812 qua
887 3740 957 3794 ab
989 3739 1109 3794 aliis
1153 3739 1240 3795 vel
1283 3740 1422 3794 bene
1478 3745 1741 3809 geruntur
1770 3737 1952 3809 displi-

350 3837 496 3896 cent,
532 3837 584 3884 et
613 3829 730 3885 sola
762 3829 810 3882 ei
832 3845 951 3900 qua
998 3829 1114 3898 ipse
1146 3828 1233 3883 vel
1263 3843 1427 3899 pravo
1469 3827 1661 3898 egerit,
1713 3827 1948 3898 placent,

355 3933 576 3989 semper
604 3917 782 3972 aliena
809 3931 981 3988 opera
1022 3915 1268 3986 despicit,
1303 3931 1519 3986 semper
1549 3915 1778 3970 miratur
1808 3915 1954 3986 quod

354 4006 504 4075 facit,
536 4005 656 4076 quia
687 4012 740 4060 et
768 4004 1026 4076 quidquid
1060 4003 1256 4077 egerit,
1292 4003 1472 4077 egisse
1503 4019 1562 4058 se
1600 4003 1954 4076 singulariter

355 4094 548 4160 credit,
585 4101 745 4165 atque
774 4093 829 4147 in
858 4107 924 4148 eo
955 4092 1101 4164 quod
1131 4092 1349 4148 exhibet
1390 4108 1490 4162 per
1520 4091 1708 4162 gloria
1737 4091 1951 4162 cupidi-

354 4189 544 4250 tatem,
562 4181 779 4237 sibimet
809 4181 911 4251 ipsi
932 4196 1032 4251 per
1060 4180 1446 4251 cogitationem
1474 4179 1619 4235 favet
1651 4198 1665 4246 ;
1695 4193 1797 4234 nec
1825 4194 1955 4233 con-

355 4271 561 4326 siderat
591 4269 737 4341 quod
766 4269 906 4324 alter
936 4268 1063 4324 boni
1080 4268 1309 4338 amplius
1327 4284 1487 4338 quam
1517 4267 1654 4338 ipse,
1688 4267 1784 4322 sed
1808 4267 1953 4338 quod

353 4359 485 4414 boni
511 4358 630 4430 ipse
658 4357 890 4428 amplius
919 4373 1082 4429 quam
1127 4357 1263 4411 alter
1316 4356 1514 4410 habeat
1547 4373 1562 4409 :
1594 4371 1773 4426 nequo
1808 4355 1953 4409 enim

2054 3224 2145 3278 dio
2177 3238 2368 3278 eorum
2413 3221 2633 3291 (Matth.
2679 3218 2862 3289 xvm).
2889 3239 2910 3267 ν
2945 3218 3102 3287 Quod
3131 3219 3495 3275 certissimum
3524 3220 3651 3276 reti-

2052 3326 2208 3376 nens,
2233 3317 2425 3365 vestra
2439 3315 2641 3363 sancta
2671 3306 3085 3379 congregationi
3114 3307 3416 3374 consilium,
3438 3315 3491 3363 et
3513 3308 3657 3363 auxi-

2054 3399 2206 3463 lium,
2225 3397 2364 3453 sicut
2393 3404 2444 3452 et
2456 3397 2569 3464 jam
2593 3395 2696 3450 feci
2716 3395 2862 3466 apud
2883 3411 2978 3450 eos
3007 3395 3100 3466 qui
3121 3395 3479 3451 conventibus
3501 3397 3644 3453 inter

2053 3487 2288 3551 fuerunt,
2310 3484 2513 3540 scilicet
2534 3484 2587 3538 in
2609 3483 2912 3550 Vermeria,
2931 3483 3128 3539 deinde
3145 3483 3198 3537 in
3212 3483 3468 3538 Gundulfi
3501 3485 3649 3555 villa,

2053 3580 2105 3626 et
2135 3579 2324 3641 postea
2352 3570 2408 3623 in
2428 3569 2714 3634 Attiniaco,
2765 3575 3014 3638 porrecta
3054 3568 3108 3622 in
3141 3568 3349 3639 synodo
3389 3570 3648 3624 schedula

2051 3659 2120 3714 de
2147 3659 2311 3714 fratre
2341 3665 2394 3712 et
2415 3657 2742 3727 coepiscopo
2771 3662 2960 3711 nostro
2995 3655 3285 3712 Hincmaro
3311 3657 3593 3727 expostulo
3627 3673 3640 3713 :

2053 3764 2214 3820 quem
2243 3745 2424 3801 multis
2454 3745 2715 3816 epistolis,
2751 3759 2983 3816 quarum
3010 3744 3186 3800 habeo
3215 3745 3568 3816 exemplaria,
3590 3754 3649 3801 ut

2047 3853 2080 3891 a
2108 3835 2373 3908 pertinaci
2431 3833 2774 3890 contumacia
2825 3848 2926 3888 sua
2984 3848 3121 3906 erga
3159 3834 3496 3904 metropolis,
3531 3851 3644 3891 sua

2049 3924 2397 3997 privilegium
2423 3922 2790 3994 resipisceret,
2821 3921 3056 3992 corripui
3080 3941 3092 3988 ;
3115 3923 3212 3978 sed
3233 3923 3516 3995 corrigere
3539 3939 3649 3978 non

2053 4013 2335 4084 pravalui.
2369 4013 2510 4066 Nam
2537 4018 2660 4081 post
2713 4009 2914 4064 multas
2950 4011 3415 4077 commonitiones,
3452 4011 3650 4083 quibus

2055 4102 2122 4156 ad
2145 4118 2269 4156 eum
2297 4099 2429 4154 nihil
2459 4098 2681 4169 profeci,
2715 4113 2888 4168 nuper
2933 4113 2988 4151 ιν
3016 4099 3143 4152 Idus
3185 4098 3374 4153 Junias
3408 4115 3650 4169 prasen-

2052 4190 2120 4242 tis
2149 4203 2206 4242 IV
2226 4187 2553 4255 indictionis,
2587 4185 2652 4239 de
2681 4185 2766 4238 his
2796 4201 2918 4256 qua
2964 4184 3020 4237 in
3048 4185 3154 4240 hac
3209 4187 3469 4241 schedula
3514 4187 3645 4242 bre-

2053 4277 2192 4332 viter
2219 4275 2446 4332 collecta
2501 4279 2803 4344 sequuntur
2833 4290 2846 4326 :
2908 4272 3005 4327 sed
3031 4281 3084 4327 et
3114 4273 3182 4329 de
3236 4275 3494 4344 petitione
3525 4276 3645 4329 Ber-

2055 4365 2217 4420 tharii
2271 4363 2488 4419 diaconi
2542 4361 2938 4430 Laudunensis,
2999 4361 3132 4415 mihi
3188 4363 3454 4418 adversus
3522 4379 3648 4418 eum

355 4454 551 4519 pensat
579 4462 700 4518 qua
755 4446 896 4500 bona
963 4444 1185 4516 spiritus
1240 4444 1376 4498 alter
1429 4443 1720 4514 acceperit,
1764 4449 1821 4497 ιιι
1851 4443 1950 4512 ipsi
1981 4446 2278 4518 Ddirecta,
2311 4453 2466 4521 cujus
2509 4449 2788 4521 exemplar
2842 4450 2933 4505 bic
2989 4450 3211 4508 habeo:
3270 4467 3372 4522 pro
3415 4452 3518 4508 loci
3543 4453 3652 4509 mei

355 4535 553 4600 desint,
588 4533 686 4589 sed
712 4550 831 4605 qua
854 4533 997 4588 bona
1026 4533 1150 4603 ipsi,
1200 4540 1252 4587 et
1282 4549 1403 4603 qua
1445 4531 1589 4586 mala
1646 4531 1748 4585 sint
1780 4531 1950 4585 alteri.

354 4625 424 4679 Et
452 4638 577 4679 cum
605 4638 666 4677 se
695 4622 750 4676 in
779 4622 987 4677 cunctis
1008 4623 1395 4676 transcendere
1439 4628 1667 4676 caeteros
1700 4619 1950 4688 astimat,

353 4728 456 4784 per
481 4711 590 4766 lata
620 4709 1012 4782 cogitationum
1041 4709 1214 4781 spatia
1247 4723 1433 4764 secum
1452 4707 1954 4779 deambulans,lau-

354 4801 456 4856 des
485 4814 613 4853 suas
642 4798 837 4853 tacitus
866 4797 1061 4853 clamat
1094 4817 1107 4862 ;
1160 4813 1549 4868 nonnunquam
1572 4813 1701 4852 vero
1731 4796 1799 4852 ad
1838 4803 1958 4851 tan-—

355 4897 469 4944 tam
497 4887 786 4943 elationem
816 4902 972 4941 mens
1020 4887 1250 4953 ducitur,
1309 4894 1366 4941 ut
1423 4886 1477 4941 in
1499 4902 1565 4941 eo
1615 4886 1760 4957 quod
1791 4893 1958 4940 tumet

357 4977 522 5032 etiam
567 4992 664 5047 per
721 4975 1139 5030 ostentationem
1185 4974 1474 5031 locutionis
1526 4973 1819 5030 eﬂ‘renetur
1856 4991 1871 5028 :
1907 4981 1960 5029 et

356 5072 506 5120 tanto
535 5064 746 5120 facilius
775 5063 931 5118 ruina
963 5063 1228 5134 sequitur,
1261 5071 1458 5135 quanto
1479 5063 1622 5133 apud
1640 5080 1698 5119 se
1730 5062 1960 5134 quisque

356 5153 726 5224 impudentius
773 5153 1085 5207 exaltatur:
1127 5151 1255 5207 hinc
1315 5152 1458 5206 enim
1515 5151 1773 5221 scriptum
1830 5159 1957 5206 est:

358 5244 506 5299 Ante
550 5243 783 5297 ruinam
805 5240 1160 5296 exultabitur
1187 5255 1281 5295 cor
1312 5241 1495 5309 (Prov.
1527 5241 1710 5309 xvm).
1753 5241 1816 5294 Et
1837 5255 1962 5295 sau-

357 5337 478 5386 ctus
511 5329 817 5400 Gregorius
837 5328 1215 5383 Nazianzenus
1243 5327 1443 5381 Jluiani
1463 5343 1694 5393 morem,
1728 5344 1887 5398 quem
1908 5328 1962 5381 in

359 5419 468 5473 tuis
497 5417 686 5473 litteris
715 5417 953 5482 invenio,
986 5416 1306 5472 describens
1352 5415 1480 5471 dicit
1513 5432 1526 5468 :
1569 5417 1881 5472 Consensus
1913 5425 1966 5472 et

359 5515 588 5590 negatio
621 5513 800 5582 simul,
827 5513 964 5572 ratio
991 5513 1142 5570 nulla
1169 5513 1381 5570 ratione
1424 5512 1760 5582 subsistens;
1804 5513 1966 5569 inter-

2050 4541 2247 4607 officio,
2277 4541 2426 4596 illum
2457 4541 2527 4595 ad
2554 4538 2796 4611 proxime
2825 4538 3062 4594 futuram
3092 4541 3361 4612 synodum
3391 4540 3644 4608 invitans,

2055 4631 2254 4701 scripto
2275 4629 2604 4698 commonui,
2661 4626 2853 4683 volens
2882 4627 3034 4682 illum
3083 4636 3322 4685 statuere
3366 4637 3551 4685 contra
3581 4629 3654 4684 fa-

2055 4720 2192 4774 ciem
2222 4734 2375 4773 suam
2409 4735 2422 4773 :
2453 4725 2513 4772 ut
2541 4717 2633 4772 illa
2663 4731 2784 4787 qua
2813 4731 2999 4770 coram
3021 4717 3137 4771 Deo
3189 4723 3348 4786 tecta,
3383 4725 3436 4772 et
3465 4732 3651 4775 coram

2057 4806 2363 4862 hominibus
2393 4806 2561 4862 oblita
2589 4805 2802 4878 penitus
2846 4808 3152 4879 cupiebam,
3186 4805 3408 4877 alligata
3435 4805 3648 4874 litteris,

2059 4904 2110 4951 et
2126 4897 2193 4950 ad
2222 4896 2542 4952 memoriam
2575 4896 2691 4965 ejus
2721 4897 2943 4953 reducta
2996 4896 3222 4969 legeret,
3277 4911 3341 4953 ac
3373 4912 3432 4951 se
3461 4896 3657 4952 intelli-

2057 4992 2231 5058 geret,
2263 5001 2332 5040 ne
2363 4985 2578 5056 quando
2636 5001 2759 5040 eum
2813 4985 3071 5058 regulare
3113 4984 3376 5054 judicium
3421 4994 3653 5057 raperet,

2061 5073 2206 5146 quod
2235 5072 2476 5146 effugere
2525 5089 2634 5128 non
2688 5073 2911 5130 valeret.
2969 5075 3038 5129 Et
3090 5073 3148 5128 in
3192 5073 3432 5130 indiculo
3453 5090 3561 5147 quo
3590 5075 3659 5130 ad

2061 5165 2202 5218 hanc
2231 5163 2495 5235 synodum
2527 5177 2648 5217 cum
2679 5163 2888 5230 vocavi,
2922 5163 3061 5219 sicut
3089 5170 3142 5218 et
3181 5171 3408 5219 caeteros
3441 5164 3660 5235 provin-

2064 5252 2162 5307 cia
2191 5252 2523 5306 Rhemorum
2545 5251 2852 5323 episcopos,
2898 5251 2974 5307 illi
3019 5251 3368 5322 superaddidi
3402 5270 3415 5306 :
3453 5273 3475 5304 α
3512 5252 3660 5309 Sciat

2065 5340 2227 5395 etiam
2257 5347 2347 5394 tua
2402 5339 2729 5406 fraternitas,
2783 5355 2878 5397 eos
2935 5340 3026 5414 qui
3083 5341 3373 5397 adversum
3413 5349 3464 5396 te
3513 5357 3658 5397 anno

2065 5427 2337 5499 praeterito
2368 5428 2511 5497 apud
2541 5443 2628 5483 me
2649 5429 2896 5500 querelas
2927 5445 3052 5485 suas
3087 5431 3478 5502 deposuerunt,
3508 5435 3562 5485 et
3588 5430 3658 5485 de

2069 5515 2260 5590 quibus
2288 5515 2341 5570 in
2387 5515 2596 5589 synodo
2653 5517 2798 5574 fuisti
2828 5520 2974 5590 apud
3006 5519 3330 5576 Attiniacum
3367 5517 3662 5590 impetitus,
