4174 6304
542 316 649 371 567

1569 310 1909 368 HINCMARI
1962 307 2365 369 RHEMENSIS
2420 305 2966 365 ARCHIEPISCOPI.

3736 306 3843 361 568

544 436 803 511 quoniam
831 450 952 508 quae
980 441 1249 493 conventa
1302 434 1378 491 ibi
1406 434 1639 503 fuerant,
1686 451 1797 492 non
1826 452 1887 492 es
1914 433 2216 513 regula-rA
2244 449 2310 490 ex
2347 434 2568 505 antiquo
2579 433 2721 490 inter
2747 431 3112 506 provinciales
3141 432 3301 488 sedes
3323 430 3486 488 fuerit
3501 436 3834 502 computata,

545 526 680 583 riter
703 531 1043 596 prosecutus,
1101 539 1248 580 nunc
1301 523 1502 579 iterum
1530 540 1659 579 suas
1698 524 1950 595 querelas
1978 524 2146 593 depo-

544 628 698 669 nere.
730 612 888 668 Unde
919 627 1116 668 moneo
1157 611 1550 668 fraternitatem
1607 620 1777 678 tuam,
1836 618 1893 666 ut
1918 610 1992 665 ita
2019 609 2146 664 inde

544 700 931 773 praecogitatus
986 708 1040 756 et
1086 706 1419 771 praeparatus
1472 700 1541 753 ad
1592 699 1964 754 denuntiatam
2020 712 2147 768 syn-

549 787 716 843 odum
746 788 957 858 venias,
991 795 1258 858 quatenus
1303 786 1655 859 querimoniae
1682 787 1999 843 indecentes
2027 786 2147 855 epi-

548 891 715 947 scopo
748 875 1029 946 sopiantur
1063 893 1076 930 :
1108 891 1178 930 ne
1208 890 1408 931 nomen
1438 876 1643 930 bonum
1671 875 1818 948 quod
1847 874 2149 945 apostolica

550 963 746 1034 regula
767 964 923 1033 jubet
942 963 1149 1019 habere
1176 964 1512 1034 episcopum,
1544 963 1602 1017 in
1633 971 1719 1017 tua
1756 962 2009 1033 opinione
2043 978 2149 1017 no-

548 1057 695 1107 tetur
726 1070 743 1117 ;
776 1058 847 1121 et,
882 1051 1019 1107 sicut
1045 1051 1191 1107 idem
1218 1050 1350 1107 dicit
1376 1051 1688 1121 Apostolus,
1721 1066 1832 1107 non
1878 1050 2151 1120 vitupere-

551 1146 639 1194 tur
691 1137 1050 1194 ministerium
1079 1145 1343 1194 nostrum.
1403 1140 1529 1194 Dat.
1561 1138 1705 1209 prid.
1745 1139 1825 1194 Id.
1858 1138 1981 1194 Maii
2009 1154 2150 1209 prae-

552 1226 722 1282 sentis
750 1242 805 1282 ιν
832 1225 1141 1282 indictionis
1153 1266 1166 1281 .
1212 1249 1233 1275 »ι

626 1314 783 1370 Unde
811 1313 1173 1370 exardescens
1199 1313 1338 1369 sicut
1365 1313 1510 1385 ignis
1529 1315 1585 1370 in
1615 1314 1807 1386 spinis,
1848 1314 1979 1369 mihi
1997 1328 2152 1370 more

558 1418 656 1458 suo
683 1400 1108 1473 prolixissimam
1137 1402 1368 1457 rotulam
1386 1417 1484 1458 xvr
1509 1404 1634 1459 Kat.
1664 1403 1837 1458 Julias
1866 1402 2153 1474 praesentis

553 1506 609 1547 iv
637 1489 825 1546 indict.
848 1505 946 1561 per
972 1489 1251 1545 hominem
1293 1506 1451 1546 suum
1480 1491 1698 1547 nomine
1742 1491 2150 1558 Chunibertum,

556 1576 1064 1650 exprobrationibus
1094 1578 1374 1651 repletam,
1412 1587 1465 1635 et
1505 1579 1791 1635 calumniis
1844 1595 2155 1651 respersam

558 1665 771 1722 direxit.
806 1666 905 1722 Cui
923 1667 1027 1722 hoc
1056 1667 1220 1723 modo
1248 1683 1347 1739 per
1374 1667 1883 1739 compresb'yterum
1911 1676 2156 1724 nostrum

554 1754 875 1827 rescriptum
900 1754 1116 1811 direxi:
1152 1778 1172 1803 «
1210 1754 1454 1811 Domnus
1500 1756 1827 1826 apostolicus
1882 1756 2155 1811 Adrianus

557 1842 704 1899 misit
730 1842 862 1898 mihi
915 1842 1174 1914 epistolas
1231 1843 1300 1900 de
1345 1844 1521 1900 causis
1577 1852 1780 1900 nostrae
1827 1844 2150 1916 dioeceseos,

561 1945 699 2003 quas
728 1938 940 2002 oportet
968 1930 1024 1985 in
1052 1932 1262 2001 synodo
1319 1932 1452 2004 legi.
1512 1933 1807 2003 Pr0pterea
1836 1933 2157 1990 auctoritate

558 2017 732 2089 ipsius
762 2017 948 2074 domui
973 2019 1272 2089 apostolici,
1299 2027 1349 2074 te
1364 2020 1434 2076 ad
1460 2020 1708 2091 proxime
1738 2020 1974 2076 futuram
1992 2037 2155 2093 syno-

561 2107 691 2162 dum
717 2106 772 2161 in
802 2106 1036 2163 Duziaco
1065 2108 1388 2163 Rhemensis
1408 2109 1701 2179 parochias,
1732 2111 1875 2165 Non.
1925 2108 2157 2182 Augusti

561 2193 851 2268 praesentis
878 2210 933 2251 tv
959 2194 1145 2251 indict.
1180 2195 1365 2251 venire
1392 2211 1733 2253 commoneo.
1767 2199 1908 2253 Data
1938 2198 2151 2254 mNon.

562 2282 732 2338 Julias
758 2282 1046 2354 praesentis
1075 2290 1285 2355 quartas
1311 2283 1498 2341 indict.
1538 2309 1560 2333 ››
1593 2286 1767 2357 Igitur
1787 2285 2040 2357 quoniam
2058 2302 2159 2358 per

564 2386 654 2426 me
701 2371 979 2444 corrigere
1037 2387 1270 2443 nequeo,
1320 2380 1558 2428 vestram
1613 2374 2066 2430 consultationem
2093 2389 2159 2431 ac

564 2459 994 2516 consolationem
1022 2459 1150 2515 inde
1179 2460 1422 2515 similiter
1448 2462 1606 2531 adeo,
1666 2463 1712 2517 si
1740 2461 1881 2518 forte
1926 2463 2159 2534 Spiritus

568 2556 813 2617 sanctus,
847 2548 939 2621 qui
973 2548 1067 2603 ubi
1112 2549 1227 2605 vult
1273 2549 1462 2621 spirat,
1514 2558 1567 2606 et
1616 2552 1768 2621 cujus
1814 2551 2161 2622 praesentiam

568 2645 753 2693 sancta
779 2637 1133 2710 congregatio
1172 2645 1355 2694 vestra
1399 2637 1734 2707 testiﬁcatur,
1785 2640 1982 2696 vestris
2010 2641 2159 2696 salu-

568 2725 759 2782 bribus
786 2725 1026 2795 monitis,
1059 2734 1111 2783 et
1140 2727 1257 2783 Deo
1285 2727 1467 2801 dignis
1510 2728 1865 2794 orationibus,
1902 2746 2026 2784 eum
2045 2738 2162 2784 tan-

571 2814 699 2870 dem
727 2813 1020 2886 aliquando
1051 2815 1313 2887 corrigat,
1344 2824 1436 2871 aut
1492 2817 1738 2889 regulari
1763 2817 2161 2875 medicamento

570 2902 918 2959 insolentiam
939 2904 1056 2971 ejus
1106 2911 1420 2975 compescat
1452 2923 1466 2960 :
1500 2906 1756 2977 quoniam
1810 2906 2009 2961 diutius
2039 2923 2163 2962 eum

571 2991 691 3048 sine
718 2991 1078 3060 correctione,
1137 3000 1191 3048 et
1217 2988 1442 3064 propter
1470 2995 1662 3062 Deum,
1697 3002 1749 3050 et
1793 3003 2016 3066 propter
2042 3011 2163 3051 me-

570 3080 951 3152 tropolitanam
992 3082 1410 3138 sollicitudinem
1459 3082 1685 3154 indigno
1737 3083 1870 3138 mihi
1903 3084 2163 3140 commis-

571 3186 707 3239 sam,
744 3169 1016 3227 sustinere
1046 3186 1155 3227 non
1186 3172 1381 3228 audeo.
1442 3172 1753 3229 Praesertim
1780 3189 1903 3229 cum
1926 3180 1981 3228 et
2008 3174 2162 3229 dom-
2185 3142 2234 3204 Ο

570 3276 673 3315 nus
718 3275 857 3331 papa
884 3259 1156 3315 Adrianus
1183 3276 1272 3316 me
1300 3277 1477 3332 nuper
1496 3262 1810 3332 apostolicis
1832 3262 1946 3318 suis
1975 3262 2163 3318 litteris

570 3347 703 3404 hinc
731 3349 1141 3404 commonuerit.
1175 3348 1309 3417 Quae
1337 3349 1409 3404 ita
1448 3366 1508 3406 se
1535 3351 1759 3407 habent.

648 3457 671 3484 ιι
706 3436 976 3492 Adrianus
1007 3437 1312 3509 episcopus,
1347 3455 1537 3495 servus
1559 3455 1841 3495 servorum
1869 3440 1988 3507 Dei,
2009 3455 2165 3495 reve-

572 3525 883 3582 rentissimo
913 3524 1171 3583 contratri
1199 3534 1388 3584 nostro
1418 3527 1709 3585 Hincmaro
1729 3528 2162 3600 archiepiscopo,

570 3614 840 3672 Fidelium
868 3615 1129 3673 relatione
1154 3617 1542 3688 comperimus,
1592 3625 1696 3674 etc.
1758 3620 1990 3690 Reliqua
2044 3619 2167 3673 vide

572 3704 731 3759 inter
771 3705 1036 3775 epistolas
1089 3706 1332 3762 Adriani
1388 3709 1455 3774 II,
1511 3711 1657 3764 tomo
1708 3708 1898 3776 CXXII,
1932 3708 2036 3763 col.
2069 3707 2163 3762 70.

579 3793 931 3864 Patrologiaz.
960 3793 1041 3847 Ex
1064 3794 1181 3851 haec
1197 3795 1437 3866 quidem.
1472 3796 1570 3850 sed
1601 3802 1653 3850 et
1665 3795 1775 3851 alia
1798 3811 1919 3867 quae
1940 3811 2170 3866 sequun-

578 3886 684 3947 tur,
717 3895 826 3936 non
856 3881 924 3937 de
952 3883 1189 3954 propriis
1220 3892 1273 3939 et
1293 3884 1622 3955 specialibus
1648 3883 1787 3939 meis
1814 3883 2024 3952 injuriis
2052 3884 2170 3940 vice

580 3971 931 4041 accusatoris,
964 3971 1060 4028 sed
1091 3973 1455 4029 sollicitudine
1485 3972 1828 4046 privilegium
1859 3973 2171 4043 metropolis

578 4058 912 4115 Rhemorum
946 4061 1263 4132 provinciae,
1313 4078 1414 4133 per
1461 4077 1651 4118 sacros
1698 4077 1938 4117 canones
1972 4061 2173 4132 Spiritu

578 4147 681 4203 Dei
701 4149 968 4217 conditos,
1001 4158 1053 4206 et
1091 4151 1252 4206 totius
1272 4151 1460 4209 mundi
1481 4152 1786 4209 reverentia
1824 4159 2172 4208 consecratos

583 4236 883 4307 decretum,
918 4247 971 4296 et
999 4240 1333 4309 auctoritate.
1364 4241 1676 4313 apostolicae
1704 4240 1851 4296 sedis
1890 4240 2175 4297 conﬁrma-

583 4333 717 4394 tum,
779 4336 969 4384 contra
1024 4330 1419 4386 convellentem
1503 4329 1654 4396 illud,
1710 4329 2066 4386 evindicantis
2123 4337 2176 4385 et

585 4422 778 4472 contra
804 4416 1203 4487 professionem
1258 4427 1312 4474 et
1366 4418 1821 4488 subscriptionem
1862 4434 2013 4473 suam
2043 4433 2174 4490 erga

2244 521 2340 576 sed
2368 521 2424 576 in
2458 521 2752 592 municipio
2782 520 3025 575 Lauduni
3056 535 3089 575 a
3109 520 3293 575 Marco
3304 518 3421 574 brio
3453 525 3690 589 praetore
3703 531 3838 572 con—

2246 610 2378 678 dito,
2437 617 2493 664 ut
2521 609 2756 680 produnt
2801 609 3089 675 historiae;
3139 608 3287 680 quod
3345 608 3413 662 ab
3472 605 3697 661 exordio
3755 603 3841 658 sui

2245 712 2521 769 nunquam
2549 697 2691 751 inter
2719 696 2880 752 sedes
2909 696 3274 767 provinciales
3317 696 3647 751 Rhemorum
3705 708 3843 764 pro-

2246 784 2439 841 vinciae
2468 785 2524 840 in
2545 784 2888 857 paganismo,
2950 784 3038 839 vel
3092 784 3149 838 in
3207 782 3618 839 Christianismo
3639 796 3846 837 nomen

2247 874 2335 929 vel
2371 873 2552 928 locum
2581 873 2783 938 habuit,
2824 873 2998 929 donec
3028 872 3083 928 S.
3115 871 3396 944 Remigius
3428 870 3645 943 quintus
3683 869 3843 924 deci-

2247 977 2367 1016 mus
2397 962 2727 1017 Rhemorum
2748 962 3119 1032 archiscopus,
3152 962 3316 1017 certis
3360 960 3683 1033 quibusdam
3704 958 3847 1015 acci-

2249 1049 2504 1104 dentibus
2532 1050 2730 1117 causis,
2754 1050 2964 1121 primus
2980 1049 3181 1105 ibidem
3203 1048 3473 1106 ordinavit
3501 1047 3842 1119 episcopum,

2250 1144 2302 1194 et
2333 1138 2513 1192 eidem
2538 1138 2833 1209 municipio
2862 1139 2930 1193 de
2960 1138 3127 1193 rebus
3164 1135 3491 1192 Rhemensis
3520 1134 3846 1205 metropolis

2251 1226 2383 1283 satis
2413 1243 2684 1299 superque
2714 1226 2896 1293 dilato,
2929 1226 3107 1297 ipsum
3136 1225 3448 1282 comitatum
3492 1224 3548 1278 in
3567 1239 3674 1296 quo
3706 1238 3847 1279 con-

2251 1315 2412 1385 sistit,
2445 1322 2660 1386 partem
2691 1314 2897 1371 scilicet
2926 1329 2991 1369 ex
3023 1313 3316 1371 Rhemensi
3371 1312 3631 1384 parochia
3687 1311 3847 1366 dele-

2252 1404 2415 1476 gavit,
2442 1404 2541 1459 sed
2571 1419 2789 1474 semper
2817 1402 2916 1457 fuit
2945 1402 3267 1458 Rhemensis
3313 1401 3588 1473 parochias
3616 1399 3850 1455 munici-

2251 1492 2398 1563 pium
2423 1511 2436 1558 ;
2469 1492 2606 1548 sicut
2634 1491 2904 1563 hodieque
2934 1498 2987 1547 et
3007 1491 3115 1547 alia
3143 1489 3437 1561 municipia
3465 1489 3522 1544 in
3549 1486 3849 1544 Rhemensi

2252 1580 2528 1652 parochia,
2559 1596 2681 1653 quae
2711 1579 2768 1635 in
2797 1580 3147 1649 subjectionis
3175 1579 3296 1635 loco
3346 1593 3410 1634 ac
3457 1576 3676 1634 nomine
3720 1592 3849 1648 per—

2252 1676 2490 1738 manent,
2524 1668 2870 1741 privilegium
2928 1668 3032 1722 sibi
3061 1675 3298 1739 arrogat,
3333 1674 3385 1722 et
3412 1673 3600 1722 contra
3627 1663 3846 1736 privile-

2181 1790 2235 1851 B
2259 1758 2410 1851 gium
2439 1756 2758 1851 metropolis
2787 1774 2899 1851 suae
2931 1756 3179 1851 rebellat,
3213 1756 3350 1851 Cum
3387 1754 3442 1810 S.
3477 1755 3584 1809 Leo
3602 1752 3848 1851 .difﬁniat

2258 1846 2501 1902 scribens
2562 1846 2631 1900 ad
2689 1845 2980 1901 Maximum
3053 1844 3449 1900 Antiochenum
3531 1841 3850 1914 episcopum

2256 1936 2448 2008 (epist.
2489 1933 2580 2006 66)
2613 1952 2626 1988 :
2654 1955 2676 1985 α
2711 1934 2827 1989 Etsi
2858 1934 3006 1988 enim
3032 1933 3253 1989 diversa
3310 1946 3694 2002 nonnunquam
3726 1936 3852 1985 sunt

2256 2023 2449 2079 merita
2478 2022 2792 2093 praesulum,
2849 2022 2971 2091 jura
3021 2029 3204 2077 tamen
3222 2027 3545 2092 permanent
3586 2018 3800 2074 sedium
3832 2036 3847 2083 ;

2258 2112 2456 2183 quibus
2485 2120 2715 2182 possunt
2742 2110 2921 2166 aemuli
2951 2110 3409 2181 perturbationem
3458 2107 3695 2179 aliquam
3732 2106 3849 2162 for-

2258 2202 2421 2256 tassis
2454 2199 2675 2266 inferre,
2708 2216 2818 2254 non
2844 2207 3026 2254 tamen
3077 2206 3306 2269 possunt
3341 2197 3585 2251 minuere
3604 2194 3849 2268 dignita-

2257 2298 2386 2344 tem.
2427 2309 2449 2339 ν
2484 2288 2825 2359 Quapropter
2836 2303 2945 2343 non
2973 2286 3444 2359 queroradversus
3464 2286 3607 2340 hunc
3630 2283 3851 2339 fratrem

2261 2376 2485 2448 speciali
2543 2392 2707 2433 causa
2763 2391 3007 2432 mearum
3056 2375 3388 2444 injuriarum,
3437 2373 3537 2429 sed
3555 2371 3853 2442 contempti

2259 2465 2528 2536 privilegii
2552 2466 2886 2521 Rhemorum
2914 2464 3249 2535 metropolis,
3275 2463 3421 2535 quod
3449 2460 3593 2517 sacri
3614 2475 3853 2516 canones

2260 2553 2473 2626 mystici
2501 2554 2709 2610 Nicaeni
2739 2553 2953 2609 concilii
2996 2553 3221 2608 sedibus
3251 2551 3589 2624 singularum
3621 2548 3849 2620 provin-

2262 2643 2472 2699 ciarum
2555 2642 2760 2698 servari
2813 2640 3258 2712 irrefragabiliter
3327 2640 3704 2695 decreverunt.
3770 2636 3849 2691 De

2264 2732 2459 2802 quibus
2486 2731 2615 2787 item
2662 2732 2771 2786 Leo
2817 2730 2885 2785 ad
2921 2729 3228 2785 Anatolium
3276 2726 3525 2782 diﬁinivit
3571 2726 3739 2797 (idem
3759 2741 3845 2797 ep.

2263 2823 2350 2888 53,
2376 2820 2447 2875 ad
2466 2820 2692 2875 Anatol.
2734 2819 2847 2875 Vid.
2880 2822 2936 2874 et
2958 2834 3046 2891 ep.
3078 2820 3146 2873 ὃὸ
3175 2818 3248 2873 ad
3265 2817 3511 2872 Pulcher
3540 2815 3724 2886 Aug.),
3744 2836 3765 2860 α
3791 2820 3850 2867 ut

2264 2908 2413 2963 omni
2440 2907 2654 2978 penitus
2709 2906 3027 2962 auctoritate
3044 2905 3113 2960 sit
3160 2921 3408 2971 vacuum,
3465 2901 3729 2975 quidquid
3782 2900 3851 2954 ab

2263 2996 2482 3052 illorum
2511 2995 2668 3051 fuerit
2697 2995 3077 3052 constitutione
3113 2993 3409 3051 diversum.
3448 3015 3470 3042 η

2784 3166 3008 3223 CAPUT
3044 3164 3332 3219 PRIMUM.

2265 3288 2416 3357 Quod
2446 3287 2653 3361 palatii
2708 3287 2847 3358 regii
2899 3290 2957 3341 et
3015 3285 3250 3341 abbatiaz
3293 3282 3853 3340 administrationem

2690 3379 2889 3432 contra
2909 3389 3152 3431 canones
3181 3372 3444 3429 obtinuit.

2311 3502 2571 3571 (Hincm.,
2608 3502 2705 3557 lib.
2745 3516 2813 3556 Lv
2844 3501 2997 3571 Cap.,
3033 3515 3083 3554 c.
3115 3502 3149 3555 2
3184 3517 3198 3565 ;
3234 3513 3391 3554 conc.
3411 3495 3669 3552 Antioch.
3699 3510 3749 3550 c.
3774 3494 3851 3564 9.)

2268 3591 2404 3646 Cum
2431 3590 2572 3646 sacri
2594 3588 2915 3653 Antiocheni
2970 3603 3208 3644 canones
3256 3584 3589 3658 pracipiant,
3621 3591 3679 3638 ut
3706 3598 3854 3655 prae-

2266 3686 2347 3734 ter
2377 3678 2856 3749 metropolitanum
2913 3676 3048 3732 nihil
3091 3691 3253 3748 agere
3295 3675 3509 3741 debeat,
3559 3672 3857 3728 secundum

2267 3768 2545 3838 antiquam
2585 3783 2617 3821 a
2641 3767 2886 3821 Patribus
2941 3765 3142 3821 nostris
3185 3764 3435 3837 regulam
3489 3760 3853 3828 constitutam,

2269 3856 2373 3912 nisi
2402 3848 2466 3913 ea
2494 3863 2702 3911 tantum
2728 3871 2846 3927 quae
2876 3855 2948 3909 ad
2994 3868 3151 3909 suam
3205 3852 3523 3924 parochiam
3570 3849 3854 3921 pertinent,

2268 3944 2755 4018 possessionesque
2785 3943 3059 4013 subjectas
3082 3943 3227 3997 :sine
3248 3958 3369 3995 mea
3396 3939 3483 3996 vel
3502 3938 3856 4008 coepiscopo-

2271 4051 2392 4091 rum
2424 4033 2760 4090 conscientia
2797 4031 3322 4088 administrationem
3352 4030 3407 4083 in
3435 4028 3637 4100 palatio
3670 4025 3856 4082 domui

2271 4124 2419 4196 regis
2448 4122 2694 4179 obtinuit.
2746 4121 2921 4191 Quam
2975 4118 3496 4178 administrationem
3540 4116 3618 4170 illi
3676 4129 3857 4171 coram

2273 4213 2466 4267 eodem
2486 4212 2687 4266 domno
2716 4227 2867 4285 rege,
2901 4218 2953 4265 et
2981 4209 3100 4264 aliis
3129 4207 3221 4280 qui
3252 4205 3562 4273 adfuerunt,
3591 4221 3656 4259 ex
3694 4202 3861 4260 sacris

2273 4301 2477 4372 regulis
2507 4299 2775 4355 interdixi.
2810 4301 3005 4355 Postea
3026 4298 3219 4353 iterum
3254 4312 3351 4367 per
3379 4302 3595 4351 exteras
3623 4299 3859 4364 potesta-

2275 4399 2375 4456 tes,
2396 4390 2451 4444 id
2481 4397 2563 4445 est
2579 4388 2922 4445 saecularium
2976 4385 3389 4451 interventioue,
3450 4389 3643 4438 contra
3686 4379 3863 4436 Sardi-

585 4468 1825 4567 ἐεὶιιέιὶὸεὲὶιῆἐὶὁιὶἶιῌἷοηξιὶιίᾷιῖιῖιὶἷ’ἴθ’ἱιὸῖιξέζ
1862 4468 2174 4557 ὲῖᾶὲὲιξέἶᾷ
2202 4498 2255 4557 D
2278 4493 2474 4534 cences
2504 4493 2761 4567 canones.
2771 4477 3016 4567 eamdem
3036 4471 3559 4567 admisistrafioneg}
3588 4470 3643 4524 in
3664 4468 3861 4541 palatio

589 4589 738 4645 sedis
766 4588 1099 4661 apostolicae,
1129 4606 1196 4645 ex
1228 4590 1436 4646 eisdem
1467 4590 1766 4646 canonibus
1811 4589 2175 4661 promulgata,

586 4694 830 4751 ergaque
859 4692 1048 4734 sacras
1077 4677 1251 4751 leges.
1301 4679 1498 4751 quibus
1552 4692 1661 4733 una
1702 4694 1823 4733 cum
1878 4677 2177 4733 canonibus

585 4766 900 4822 moderatur
925 4766 1192 4835 Ecclesia,
1226 4768 1345 4837 ejus
1391 4775 1760 4837 contemptum
1807 4766 2173 4837 monstrantis,

588 4861 642 4909 et
670 4854 720 4909 ei
747 4870 849 4925 per
878 4856 1199 4927 scripturam
1228 4854 1367 4912 falso
1396 4856 1577 4911 illatas
1605 4855 1737 4909 mihi
1766 4854 2067 4910 calumnias
2099 4871 2177 4911 re-

588 4942 846 5010 fellentis,
875 4943 1107 5001 inculco.
1169 4944 1310 5013 Quia
1330 4952 1385 4999 ut
1440 4945 1652 4999 beatus.
1699 4943 2021 4999 Coelestinus
2050 4944 2177 5000 dicit

588 5027 778 5102 (epist.
814 5030 838 5082 1
870 5032 926 5083 et
954 5028 1030 5099 3),
1068 5052 1090 5077 ‹‹
1125 5029 1321 5084 merito
1336 5044 1436 5085 nos
1456 5044 1625 5085 causa
1654 5028 1893 5100 respicit,
1927 5029 1974 5083 si
2005 5028 2175 5085 silen-

589 5116 666 5173 tio
694 5115 971 5174 faveamus
998 5118 1188 5173 errori.
1221 5116 1356 5186 Quae
1374 5117 1517 5174 enim
1536 5134 1566 5173 a
1587 5118 1743 5173 nobis
1765 5134 1853 5174 res
1874 5119 2040 5191 digna
2052 5134 2174 5173 ser-

588 5205 822 5273 vabitur,
849 5205 896 5261 si
923 5205 1271 5263 decretorum
1301 5222 1496 5263 norma
1517 5207 1932 5264 constitutorum
1950 5224 2052 5279 pro
2080 5207 2176 5261 ali-

586 5311 818 5369 quorum
847 5294 1001 5351 libitu
1032 5294 1253 5351 licentia
1308 5296 1522 5367 populis
1578 5297 1845 5367 permissa
1874 5296 2171 5369 frangatur.

583 5388 706 5444 Non
741 5392 824 5442 est
852 5385 1129 5458 agentium
1146 5400 1310 5442 causa
1331 5386 1605 5442 solorum:
1630 5385 1955 5442 universalis
1982 5385 2175 5440 Eccle-

589 5477 671 5533 sia
699 5490 1024 5549 quacunque
1052 5474 1290 5530 novitate
1317 5474 1584 5547 pulsatur.
1623 5496 1645 5525 »
1679 5476 1896 5532 Novum
1925 5482 2008 5529 est
2030 5473 2174 5529 enim

588 5572 735 5646 quod
764 5568 1115 5644 provincialis
1144 5570 1431 5643 episcopus
1460 5570 1551 5642 qui
1568 5585 1679 5626 non
1708 5569 1763 5624 in
1808 5568 2022 5626 civitate
2052 5585 2174 5641 quae

2276 4583 2400 4622 cum
2428 4567 2646 4621 abbatis.
2664 4566 2721 4620 in
2747 4565 2907 4621 tertia
2960 4562 3258 4635 provincia,
3320 4560 3457 4616 ultra
3498 4560 3861 4615 Rhemensem

2276 4655 2635 4726 provinciam,
2670 4654 2787 4710 sine
2815 4669 2940 4709 mea
2969 4651 3300 4708 conscientia
3329 4648 3654 4719 impetravit,
3688 4655 3741 4702 et
3766 4661 3862 4717 per

2276 4744 2483 4814 aliquot
2511 4759 2685 4798 annos
2716 4743 2888 4798 tenuit
2921 4761 2933 4796 :
2964 4742 3139 4797 donec
3168 4745 3357 4795 contra
3385 4737 3646 4792 domuum
3674 4749 3859 4805 regem

2276 4832 2332 4886 in
2360 4839 2565 4886 tantum
2593 4847 2672 4897 se,
2728 4831 2847 4885 sine
2875 4829 3103 4895 ratione,
3164 4824 3556 4884 contumaciter
3589 4823 3780 4889 erexit,
3810 4829 3865 4876 ut

2278 4924 2332 4971 et
2357 4914 2882 4971 administrationem
2937 4913 3249 4986 palatinam,
3285 4919 3338 4966 et
3383 4910 3557 4980 ipsam
3596 4907 3862 4963 abbatiam

2275 5005 2352 5060 illi
2396 5002 2655 5060 auferret.
2689 5005 2888 5060 Contra
2946 5018 3068 5075 quae
3098 5000 3453 5058 Sardicenses
3509 5012 3746 5053 canones
3792 4994 3865 5049 di-

2276 5102 2405 5151 cunt
2439 5110 2452 5149 :

2349 5227 2370 5261 (
2407 5209 2618 5264 Scimus
2665 5208 2810 5264 enim
2838 5215 2891 5264 et
2919 5206 3025 5278 ipsi
3055 5204 3356 5276 saepissime
3400 5210 3620 5274 propter
3657 5214 3855 5273 pauco-

2276 5314 2397 5354 rum
2444 5298 2836 5370 impudentiam
2889 5294 3211 5368 religiosum
3286 5290 3625 5349 sacerdotale
3670 5304 3867 5346 nomen

2276 5385 2445 5455 fuisse
2476 5386 2890 5456 reprehensum.
2927 5408 2948 5433 υ

2345 5485 2413 5539 Et
2440 5491 2563 5555 post
2590 5484 2865 5555 aliquanta
2919 5482 2974 5537 in
3006 5480 3319 5551 hujusmodi
3353 5477 3550 5535 litteris
3604 5469 3870 5535 subscribi

2276 5580 2329 5629 et
2359 5572 2522 5631 talem
2552 5573 2608 5627 in
2639 5571 3021 5629 communione
3052 5569 3221 5640 recipi
3249 5575 3449 5625 vetant.
