4174 6290
379 329 480 384 569

1021 441 1245 499 CAPUT
1282 441 1351 495 II.

384 537 534 607 Quod
571 536 644 592 ad
697 532 953 607 eamdem
999 531 1282 607 aboetiam
1311 530 1436 584 sine
1481 527 1717 607 licentia,
1766 529 1977 581 metro-

658 604 902 677 politani
929 605 1131 657 contra
1158 615 1402 656 canones
1414 599 1691 671 perrexit.

452 696 589 765 (Lib.
624 708 695 746 Lv
731 694 885 764 Cap.,
918 707 966 746 c.
998 688 1078 759 2.)
1123 689 1206 742 Ad
1236 703 1400 760 quam
1449 686 1721 741 abbatiam
1767 682 1980 756 quoties

380 785 483 840 sibi
509 780 729 854 placuit,
763 780 880 834 sine
908 777 1125 834 licentia
1153 792 1274 831 mea
1305 775 1547 847 perrexit
1579 790 1591 829 :
1641 780 1694 829 et
1741 771 1980 844 quandiu

374 873 452 927 illi
482 870 702 943 placuit,
737 868 939 922 ibidem
970 871 1333 921 commoratus
1372 863 1508 930 fuit;
1568 869 1758 918 contra
1815 860 1981 916 Hilari

375 977 528 1034 papa:
559 959 781 1014 decreta
809 954 1040 1010 dicentis
1061 955 1252 1026 (epist.
1273 957 1323 1018 8,
1345 952 1416 1007 ad
1437 953 1678 1007 diversos
1697 951 1979 1023 episcopos

386 1047 602 1117 Galliae)
637 1065 650 1100 :
688 1069 709 1093 «
746 1045 884 1099 Illud
913 1059 1022 1098 non
1050 1042 1320 1112 potuimus
1347 1039 1648 1111 praeterire,
1685 1038 1828 1110 quod
1871 1037 1979 1091 sol-

377 1135 653 1192 licitudine
683 1132 1030 1203 diligentiore
1060 1130 1361 1185 curandum
1393 1135 1494 1197 est,
1518 1144 1586 1182 ne
1626 1133 1828 1198 praeter
1863 1140 1980 1179 me-

379 1224 835 1294 tr0politanorum
888 1234 1112 1274 suorum
1169 1217 1373 1272 litteras
1412 1215 1577 1286 aliqui
1617 1213 1860 1284 episcopi
1910 1213 1978 1267 ad

383 1311 679 1385 quamlibet
705 1308 1042 1380 provinciam
1070 1306 1301 1360 audeant
1319 1301 1612 1376 proficisci.
1638 1302 1796 1370 Quod
1817 1301 1979 1356 etiam

382 1403 439 1456 in
466 1400 612 1455 omni
642 1412 845 1469 genere
877 1395 1039 1452 officii
1086 1394 1357 1450 clericalis
1395 1409 1496 1463 per
1533 1391 1777 1463 singulas
1815 1389 1979 1444 debet

383 1487 648 1545 ecclesias
680 1483 962 1542 custodiri.
1003 1503 1024 1533 »
1059 1483 1128 1537 Et
1157 1482 1236 1537 sic
1264 1488 1423 1536 antea
1445 1479 1690 1536 Zosimus
1710 1479 1895 1550 (epist.
1923 1480 1974 1545 5,

383 1583 436 1644 6,
479 1577 589 1648 11),
631 1583 683 1630 et
720 1581 907 1645 postea
947 1573 1003 1628 S.
1061 1570 1363 1644 Gregorius
1419 1569 1539 1640 (lib.
1591 1583 1686 1636 vn,
1741 1567 1862 1622 ind.
1921 1569 1974 1631 2,

380 1683 466 1738 ep.
510 1666 563 1735 8)
620 1661 879 1727 decrevit,
922 1659 1169 1716 scribens
1207 1659 1274 1712 ad
1312 1656 1656 1712 Vincentium
1699 1653 1826 1727 [al.,
1885 1654 1979 1707 In-

382 1750 715 1823 nocentium]
747 1758 799 1805 et
836 1756 1063 1805 caeteros
1092 1747 1382 1818 episcopos
1416 1762 1428 1801 :
1469 1767 1490 1796 α
1541 1745 1846 1812 Hortamur,
1889 1742 1980 1796 in-

386 1842 518 1914 quit,
579 1839 972 1895 fraternitatem
1011 1843 1266 1901 vestram,
1307 1841 1366 1889 ut
1405 1834 1451 1888 si
1491 1848 1816 1904 quamquam
1880 1848 1982 1887 ve-

384 1939 554 1986 strum
597 1945 697 1999 pro
736 1925 912 1982 causis
949 1925 1184 1996 pr0priis
1223 1923 1529 1994 ubicunque
1569 1921 1787 1992 longius
1823 1935 1980 1976 com-

386 2017 582 2089 pulerit
611 2016 890 2071 ambulare
920 2013 1237 2081 necessitas,
1269 2029 1299 2065 a
1327 2010 1746 2081 metropolitano
1776 2015 1978 2074 vestro,

387 2104 687 2162 secundum
716 2103 941 2157 inditam
971 2117 1003 2156 a
1025 2100 1227 2156 sanctis
1259 2099 1505 2154 Patribus
1550 2097 1818 2168 regulam,
1877 2112 1980 2166 pe-

384 2202 496 2249 tere
535 2191 802 2248 licentiam
841 2190 1108 2255 debeatis,
1174 2203 1276 2243 nec
1341 2203 1466 2242 eum
1528 2192 1859 2258 postponere
1925 2184 1980 2239 in

382 2282 562 2356 aliquo
589 2278 852 2338 debeatis.
890 2301 910 2326 ν»
945 2279 1011 2332 Ει
1045 2277 1274 2348 reliqua.

1003 2391 1227 2447 CAPUT
1264 2391 1357 2445 III.

395 2485 545 2555 Quod
575 2484 648 2539 ad
703 2483 1127 2555 ordinationem
1176 2478 1868 2555 episcopiCameracen-sis
1892 2492 1982 2555 vo-

455 2560 616 2613 catus
647 2556 856 2623 venire,
889 2557 990 2608 aut
1020 2548 1297 2607 vicariam
1336 2548 1585 2615 inittere,
1618 2548 1976 2619 contempsit.

463 2662 599 2733 (Lib.
624 2676 695 2714 Lv
724 2660 881 2732 Cap.,
911 2675 959 2713 c.
993 2657 1073 2729 2.)
1103 2658 1374 2712 Praeterea
1404 2671 1620 2727 quoque
1647 2653 1837 2709 litteris
1885 2668 1980 2709 ca-

388 2749 597 2806 nonicis
626 2755 828 2804 certum
858 2747 1002 2801 diem
1031 2752 1084 2801 et
1113 2745 1292 2800 locum
1348 2743 1780 2815 designantibus,
1813 2749 1866 2795 et
1911 2742 1982 2796 ad

388 2838 678 2895 ecclesiam
708 2852 863 2891 suam
892 2851 957 2890 ex
986 2850 1138 2889 more
1171 2831 1413 2898 directis,
1445 2847 1673 2903 quarum
1705 2829 1982 2900 exemplar

389 2928 584 2994 habeo,
612 2931 864 2981 evocatus
894 2924 965 2979 ad
997 2921 1388 2977 ordinationem
1420 2919 1662 2990 episc0pi
1689 2919 1745 2972 in
1799 2918 1981 2974 eccle-

391 3015 475 3071 sia
503 3012 882 3070 Camaracensi
938 3010 1234 3082 provincia
1271 3016 1492 3075 nostrae,
1550 3015 1764 3078 pastore
1818 3005 1982 3062 desti-

388 3111 519 3169 tuta,
551 3103 694 3157 unde
731 3100 1025 3172 apostolica
1092 3099 1272 3164 sedes,
1341 3113 1428 3152 me
1495 3103 1823 3169 suggerente
1872 3111 1982 3150 non

387 3192 602 3249 modice
631 3189 916 3255 laboravit,
949 3204 1049 3243 nec
1079 3183 1197 3259 ipse
1228 3186 1393 3253 venit,
1426 3200 1527 3240 nec
1573 3200 1674 3256 pro
1732 3200 1791 3238 se
1838 3183 1988 3239 vica-

391 3281 528 3336 riam
553 3295 860 3350 personam,
894 3277 982 3333 vel
1013 3276 1220 3330 litteras
1251 3274 1333 3328 sui
1389 3289 1690 3328 consensus
1747 3272 1817 3326 ad
1874 3287 1981 3340 me,

392 3369 530 3425 sicut
555 3367 878 3439 praecipiunt
905 3364 1108 3436 regulae
1141 3379 1328 3431 sacrae,
1364 3362 1578 3418 direxit.
1637 3360 1760 3429 Qua
1797 3362 1864 3414 de
1901 3376 1982 3427 re,

394 3457 658 3513 ordinatio
687 3455 845 3511 electi
873 3454 971 3508 fuit
1001 3452 1185 3507 dilata.
1229 3451 1383 3507 Unde
1444 3451 1637 3505 iterum
1683 3447 1988 3504 istiusmodi

390 3547 597 3601 litteras
626 3545 695 3599 ad
726 3543 1015 3600 ecclesiam
1047 3556 1200 3596 suam
1231 3557 1296 3595 ex
1325 3555 1479 3595 more
1511 3538 1683 3594 direxi
1715 3555 1728 3592 :
1769 3559 1790 3588 α
1824 3537 1987 3592 Hinc-

395 3650 578 3692 marus
608 3635 941 3691 Rliemorum
972 3631 1260 3702 epiSCOpus
1291 3629 1488 3684 dilecto
1518 3627 1671 3682 fratri
1701 3627 1989 3682 Hincmaro

394 3732 448 3780 et
474 3722 774 3780 venerabili
806 3721 1132 3791 coepiscopo
1161 3727 1370 3784 nostro,
1405 3717 1656 3772 salutem.
1691 3715 1841 3771 Sicut
1877 3715 1990 3784 jam

394 3813 566 3869 altera
594 3813 713 3867 vice
741 3810 934 3866 litteris
968 3809 1244 3864 dilectioni
1279 3816 1380 3863 tuae
1409 3806 1682 3875 mandavi,
1716 3805 1895 3862 clerus
1926 3819 1992 3860 ac

391 3903 548 3974 plebs
578 3899 991 3955 Cameracensis
1021 3897 1267 3954 ecclesiae
1297 3912 1418 3952 cum
1458 3895 1675 3952 decreto
1733 3893 1992 3950 canonico

390 3990 662 4061 petierunt
693 3989 794 4043 sibi
827 3987 1069 4043 ordinari
1103 3986 1417 4058 episcopum
1447 3987 1711 4040 Joannem
1763 3983 1992 4054 presby-

394 4087 589 4144 terum,
622 4079 796 4133 virum
830 4076 956 4132 boni
1012 4075 1352 4131 testimonii:
1403 4074 1470 4128 ad
1521 4075 1638 4142 ejus
1693 4071 1993 4127 ordinatio-

394 4184 520 4224 nem
549 4167 708 4224 nonis
745 4166 872 4221 Julii
907 4165 1260 4221 convenimus
1300 4178 1459 4218 secus
1515 4163 1822 4217 Belvacum.
1886 4160 1993 4214 Sed

397 4257 523 4329 quia
550 4265 643 4311 tua
672 4255 983 4311 fraternitas
1014 4254 1142 4309 illuc
1173 4268 1282 4307 non
1323 4251 1595 4318 convenit,
1645 4265 1747 4304 nec
1789 4263 1891 4319 pro
1935 4264 1993 4302 se

396 4360 687 4416 personam
716 4351 809 4399 aut
838 4343 1040 4398 litteras
1071 4341 1151 4396 sui
1199 4356 1499 4397 consensus
1564 4337 1777 4405 direxit,
1839 4335 1995 4391 ordi-

397 4433 673 4488 nationem
703 4432 844 4486 illius
877 4431 1203 4485 distulimus.
1227 4429 1542 4499 Propterea,
1576 4425 1831 4498 quoniam
1860 4424 1998 4479 sicut

1164 314 1407 374 OPUSC.
1458 314 1549 370 ET
1602 312 1820 370 EPIST.
1879 311 1952 367 IN
2009 307 2237 365 CAUSA
2285 305 2629 363 HINCMARI
2675 305 2982 362 LAUDUN.

3575 305 3678 360 570

2000 435 2057 497 A
2084 431 2351 488 tentiones
2387 429 2640 503 proprias
2697 429 3088 498 contradicant,
3130 429 3370 486 obtineat
3415 429 3682 486 sententia

2081 521 2462 592 plurimorum,
2496 518 2748 574 eumdem
2777 518 3142 574 venerabilem
3171 517 3386 573 fratrem
3413 519 3682 577 Joannem

2085 609 2400 680 episcopum
2424 606 2816 663 ordinavimus.
2862 606 2943 662 De
2964 613 3275 677 contemptu
3296 613 3477 662 autem
3497 605 3681 662 fratris

2084 696 2381 765 Hincmari,
2409 703 2466 751 ut
2497 695 2566 750 ad
2595 694 2963 750 ordinandum
3004 694 3390 765 coepiscopum
3438 702 3682 751 nostrum

2083 785 2420 851 conveniret,
2497 791 2549 838 et
2571 783 2813 838 secundo
2869 781 3064 837 litteris
3103 781 3461 838 commonitus
3497 783 3683 838 venire

2083 874 2426 945 contempsit,
2481 873 2836 944 Symmachus
2892 887 3035 944 papa
3072 871 3144 925 ad
3179 870 3432 926 Eonium
3478 871 3552 926 ita
3615 887 3682 926 ex

2083 962 2254 1018 sacris
2284 961 2486 1034 regulis
2515 960 2883 1033 promulgavit
2912 961 3100 1032 (epist.
3135 961 3221 1026 10,
3250 960 3322 1014 ad
3355 960 3679 1026 Caesarium,

2081 1066 2190 1105 non
2218 1050 2287 1104 ad
2317 1049 2586 1118 onnium)
2624 1067 2637 1103 :
2677 1070 2698 1099 α
2735 1049 2805 1104 Ut
2843 1047 2889 1102 si
2919 1047 3144 1119 quilibet
3173 1047 3461 1118 episcopus
3491 1054 3685 1102 metro-

2080 1137 2320 1210 politano
2357 1135 2599 1208 pontifici
2624 1137 2775 1206 juxta
2826 1135 3142 1190 canonicam
3177 1134 3552 1190 diﬁinitionem
3581 1149 3682 1190 vo-

2081 1233 2235 1282 catus
2264 1226 2647 1296 obtemperare
2677 1223 2928 1290 noluerit,
2954 1223 3164 1279 noverit
3189 1223 3578 1279 succidendum
3599 1239 3679 1289 se,

2081 1315 2225 1388 quod
2257 1330 2364 1370 non
2395 1322 2663 1386 Optamus,
2701 1312 3072 1370 ecclesiastica
3125 1311 3434 1382 disciplina.
3488 1331 3510 1361 υ
3575 1311 3684 1367 Sed

2081 1403 2277 1458 dehinc
2307 1418 2341 1457 a
2369 1419 2456 1457 me
2486 1409 2805 1469 conventus,
2841 1400 3048 1456 nullam
3091 1399 3538 1467 satisfactionem,
3582 1414 3685 1456 nec

2080 1491 2244 1546 etiam
2271 1490 2472 1546 humile
2502 1506 2849 1562 responsum,
2881 1489 3014 1545 mihi
3032 1503 3098 1545 ac
3119 1487 3461 1561 coepiscopis
3479 1487 3684 1544 nostris

2079 1579 2334 1634 reddidit.

2707 1684 2928 1740 CAPUT
2965 1685 3056 1740 IV.

2010 1789 2063 1848 Β
2091 1775 2240 1857 Quod
2270 1790 2456 1857 regem
2482 1774 2604 1830 sine
2643 1774 2869 1857 ratione
2910 1773 2998 1829 vel
3043 1772 3378 1857 necessitate
3425 1771 3679 1843 offendit,

2156 1849 2212 1900 et
2265 1843 2512 1900 aliorum
2563 1845 2952 1916 episcoporum
3014 1843 3389 1916 parochianos
3450 1857 3680 1899 excom-

2153 1916 2489 1970 municavit.

2155 2022 2353 2076 Postea
2379 2019 2666 2076 intervenit
2697 2018 2963 2074 diutinum
2994 2018 3313 2075 scandalum
3343 2018 3481 2075 inter
3522 2019 3684 2075 dom-

2085 2126 2214 2164 num
2244 2125 2434 2181 regem
2463 2117 2515 2164 et
2542 2107 2684 2163 illius
2733 2107 3074 2178 pertinacem
3118 2107 3513 2163 contumaciam
3547 2125 3559 2163 :
3619 2123 3686 2163 eo

2087 2198 2232 2270 quod
2262 2197 2511 2252 homines
2540 2197 2624 2252 sui
2654 2197 2724 2252 ad
2755 2197 3013 2252 domuum
3044 2212 3232 2269 regem
3260 2213 3319 2252 se
3349 2196 3686 2254 reclamare-

2087 2294 2231 2354 runt,
2265 2286 2392 2358 quia
2421 2284 2684 2341 beneﬁcia
2716 2301 2906 2340 eorum
2936 2286 3004 2340 ab
3039 2285 3118 2340 eis
3149 2285 3346 2354 injuste
3379 2285 3680 2341 abstulerit.

2085 2376 2242 2431 Unde
2271 2375 2506 2429 domnus
2535 2390 2629 2429 rex
2660 2375 2830 2429 semel
2858 2389 2923 2430 ac
2944 2373 3183 2429 secundo
3238 2390 3345 2440 me,
3404 2390 3511 2429 una
3561 2389 3684 2430 cum

2088 2463 2427 2534 coepisc0pis
2457 2462 2680 2530 nostris,
2715 2452 2768 2517 et
2806 2461 2926 2517 aliis
2980 2461 3163 2516 missis
3219 2461 3352 2529 suis,
3411 2461 3552 2516 inter
3590 2476 3684 2518 eos

2088 2552 2290 2606 habere
2319 2551 2648 2607 audientiam
2673 2550 2835 2619 jussit
2861 2570 2874 2619 ;
2911 2550 3007 2606 sed
3037 2550 3190 2605 illum
3219 2550 3287 2604 ad
3317 2549 3586 2605 rationem
3633 2557 3687 2606 et

2089 2639 2455 2695 obedientiam
2486 2639 2718 2694 debitam
2749 2640 2971 2694 ﬂectere
3011 2654 3121 2694 non
3176 2638 3471 2710 potuimus.
3531 2638 3686 2708 Qua-

2091 2735 2315 2800 propter
2338 2727 2500 2797 jussit
2529 2728 2760 2783 domnus
2790 2743 2904 2796 rex,
2939 2735 2996 2782 ut
3025 2727 3096 2782 ad
3123 2726 3483 2798 Pontigonem
3537 2726 3688 2797 pala-

2092 2818 2224 2872 tium
2254 2834 2411 2871 suum
2441 2816 2496 2871 in
2526 2816 2821 2873 Rhemensi
2851 2815 3150 2887 provincia,
3187 2830 3294 2887 quo
3322 2815 3510 2886 plures
3565 2814 3687 2886 epi-

2095 2905 2266 2977 scopi,
2300 2913 2353 2960 et
2377 2905 2466 2960 alii
2499 2904 2687 2960 fideles
2718 2905 2834 2974 ejus
2865 2903 3182 2960 conventuri
3212 2911 3379 2970 erant,
3421 2911 3513 2958 aut
3571 2903 3689 2974 ipse

2094 2994 2324 3062 veniret,
2343 3002 2433 3048 aut
2464 2994 2535 3048 ita
2564 3009 2832 3065 personas
2860 3009 2958 3064 pro
2985 3009 3045 3048 se
3073 2993 3363 3048 instructas
3406 2991 3682 3067 dirigeret,

2096 3090 2153 3136 ut
2181 3082 2314 3153 ipsa:
2345 3082 2713 3154 quaerimoniae
2743 3081 2906 3136 finem
2937 3079 3264 3151 acciperent.
3325 3081 3445 3150 Ipse
3508 3086 3687 3134 autem

2086 3169 2213 3225 illuc
2243 3186 2352 3225 non
2382 3170 2546 3239 venit,
2581 3185 2682 3224 nec
2728 3169 2800 3223 ita
2838 3170 3132 3224 instructas
3186 3184 3287 3238 pro
3326 3184 3386 3223 se
3422 3183 3687 3238 personas

2087 3259 2302 3325 direxit,
2337 3259 2429 3330 qui
2459 3259 2692 3329 legalem
2724 3257 2888 3312 finem
2918 3257 3125 3312 eisdem
3145 3256 3500 3329 querimoniis
3520 3257 3691 3328 impo-

2086 3355 2296 3403 nerent.
2331 3346 2449 3416 Qua
2488 3347 2556 3402 de
2585 3364 2643 3401 re
2675 3347 2908 3402 domnus
2939 3362 3035 3401 rex
3065 3345 3115 3401 ei
3142 3345 3434 3416 mandavit,
3465 3353 3525 3400 ut
3554 3344 3690 3416 ipsis

2086 3436 2396 3492 hominibus
2437 3451 2533 3490 sua
2560 3434 2831 3491 beneficia
2859 3443 3046 3490 tenere
3101 3435 3460 3506 permitteret,
3517 3449 3690 3506 usque

2089 3526 2216 3580 dum
2239 3525 2385 3593 juste
2417 3531 2468 3579 et
2497 3523 2894 3579 rationabiliter
2931 3539 3108 3579 causae
3159 3523 3228 3578 de
3294 3522 3491 3594 quibus
3547 3522 3691 3593 apud

2090 3630 2214 3669 eum
2243 3613 2641 3668 reclamabatur
2669 3611 3039 3666 diﬁinirentur.

2161 3703 2340 3757 Isdem
2371 3709 2552 3756 autem
2583 3701 2699 3756 sine
2728 3701 2897 3756 misso
2927 3701 3096 3773 regis,
3133 3699 3221 3756 vel
3268 3699 3689 3772 metropolitani,

2091 3791 2406 3847 absentibus
2436 3790 2543 3845 illis
2573 3791 2663 3862 qui
2691 3797 2884 3846 contra
2912 3805 3035 3844 eum
3067 3789 3454 3862 querebantur,
3505 3797 3695 3845 contra

2090 3881 2244 3953 leges
2281 3879 2528 3951 publicas
2566 3887 2618 3934 et
2684 3878 3101 3946 ecclesiasticas,
3171 3886 3381 3950 septem
3443 3878 3694 3934 homines

2093 3969 2239 4043 quod
2271 3969 2373 4023 sibi
2405 3968 2578 4024 fuerat
2609 3968 2801 4034 visum,
2837 3968 3216 4040 interrogavit,
3250 3975 3303 4022 et
3343 3967 3488 4039 quod
3539 3967 3694 4023 dom-

2092 4073 2195 4112 nus
2226 4073 2323 4111 rex
2363 4057 2414 4113 ei
2452 4057 2821 4122 mandaverat,
2855 4072 2964 4111 non
2995 4055 3293 4111 obaudivit.
3343 4057 3409 4110 Et
3467 4056 3694 4111 veniens

2093 4143 2312 4196 demum
2345 4142 2412 4194 ad
2468 4141 2730 4194 domnum
2787 4155 2975 4209 regem
3014 4139 3153 4194 adeo
3191 4139 3343 4194 illum
3381 4139 3690 4205 commovit,

2094 4236 2150 4284 ut
2187 4236 2239 4283 et
2277 4227 2622 4299 suprafatam,
2684 4227 2976 4293 abbatiam,
3049 4234 3098 4281 et
3165 4226 3690 4282 administrationem

2091 4317 2384 4389 palatinam
2415 4317 2484 4371 ab
2514 4332 2578 4371 eo
2609 4314 2864 4371 auferret.
2897 4317 2966 4370 Et
2992 4323 3117 4386 post
3145 4316 3280 4382 haec,
3315 4316 3440 4388 quia
3475 4315 3613 4371 sicut
3643 4316 3694 4371 ei

2094 4405 2353 4478 pracepit
2382 4405 2452 4460 ad
2482 4405 2742 4460 domuum
2775 4420 2966 4477 regem
2996 4404 3201 4472 venire,
3233 4418 3343 4459 non
3372 4403 3558 4473 voluit,
3591 4418 3696 4460 nec

395 4521 513 4593 ipse
543 4522 668 4590 scis,
693 4521 886 4576 eadem
917 4519 1095 4587 sedes,
1132 4519 1222 4573 diu
1253 4517 1306 4572 in
1335 4516 1624 4572 multorum
1693 4513 1997 4585 periculum
2021 4503 2073 4563 D
2097 4504 2424 4560 advocatum
2455 4519 2614 4558 suum
2663 4502 2754 4574 qui
2800 4503 2867 4558 de
2917 4503 3083 4558 rebus
3119 4501 3466 4574 pecuniariis,
3509 4508 3695 4557 contra

398 4617 555 4666 vacat
583 4617 818 4680 pastore,
851 4624 933 4662 xu
988 4607 1261 4662 Kalendas
1319 4604 1548 4677 Augusti
1604 4603 1835 4660 conveni
1874 4618 1997 4659 cum

395 4693 606 4750 caeteris
637 4693 892 4748 fratribus
924 4692 979 4748 in
1008 4691 1398 4747 monasterium
1429 4690 1575 4762 quod
1623 4689 1819 4743 dicitur
1869 4688 1992 4744 Isla.

397 4782 453 4836 in
484 4781 745 4853 parochia
774 4781 1085 4837 Belvacensi
1114 4781 1180 4834 ad
1211 4780 1464 4835 eumdem
1494 4778 1722 4833 fratrem
1750 4785 1998 4833 nostrum

399 4887 466 4927 ex
494 4887 648 4925 more
678 4869 1041 4925 ordinandum
1072 4868 1409 4940 episcopum.
1439 4869 1576 4923 Data
1597 4883 1676 4921 III.
1695 4866 1774 4921 Id.
1796 4865 1938 4920 Julii.
1970 4886 1992 4915 ι

398 4960 469 5014 Et
497 4957 944 5015 convenientibus
973 4957 1132 5013 nobis
1161 4959 1228 5012 ad
1259 4957 1574 5028 praedictum
1606 4957 1788 5012 locum
1806 4954 2001 5026 praedi-

398 5047 500 5104 ctis
530 5047 808 5113 Kalendis,
843 5063 944 5102 nec
972 5047 1089 5117 ipse
1119 5045 1283 5114 venit,
1314 5061 1417 5100 nec
1473 5060 1575 5115 pro
1615 5059 1673 5099 se
1737 5044 1999 5099 vicariam

399 5151 716 5208 personam,
748 5136 837 5191 vel
876 5135 1082 5191 litteras
1112 5129 1195 5190 Sui
1234 5149 1550 5198 consensus,
1601 5133 1671 5188 ad
1709 5149 1815 5199 me,
1857 5133 1998 5188 sicut

403 5225 728 5296 praecipiunt
775 5239 948 5280 sacrae
994 5223 1218 5296 regula,
1269 5221 1480 5275 direxit.
1522 5221 1636 5276 Nos
1675 5229 1854 5276 autem
1907 5221 1999 5292 qui

403 5313 777 5383 convenimus,
801 5313 1116 5368 auctoritate
1131 5310 1340 5366 Nicaeni
1367 5310 1602 5376 concilii,
1654 5310 2000 5366 decernentis

401 5402 554 5474 (can.
592 5404 646 5474 6)
674 5409 733 5456 ut
761 5401 814 5454 in
848 5401 1151 5456 ordinando
1183 5399 1462 5470 episcopo,
1498 5397 1543 5451 si
1569 5399 1842 5454 communi
1875 5415 2000 5454 cun-

403 5499 612 5547 ctorum
667 5491 888 5546 decreto
942 5489 1264 5555 rationabili,
1325 5497 1377 5543 et
1415 5483 1714 5543 secundum
1752 5488 1998 5560 regulam

405 5578 832 5636 ecclesiasticam
852 5579 1226 5650 comprobato,
1249 5577 1358 5634 duo
1380 5584 1472 5633 aut
1503 5583 1610 5632 tres
1630 5583 1854 5650 propter
1870 5592 1998 5634 con-

2098 4592 2479 4664 conquirentes
2507 4593 2767 4647 adversus
2800 4608 2924 4647 eum
2952 4591 3214 4647 rationem
3265 4590 3540 4660 redderet,
3586 4589 3695 4644 mi-

2101 4683 2187 4748 sit,
2229 4697 2330 4738 nec
2367 4682 2664 4737 electorum
2685 4680 2947 4750 judicium
2979 4681 3130 4749 juxta
3178 4680 3332 4751 leges
3382 4686 3434 4734 et
3473 4679 3697 4750 regulas

2100 4778 2355 4843 expetere
2386 4770 2572 4838 voluit,
2607 4786 2711 4826 nec
2736 4769 2868 4824 mihi
2898 4785 2996 4824 suo
3025 4767 3460 4839 metropolitano,
3493 4776 3552 4823 ut
3609 4784 3698 4824 ec-

2096 4851 2430 4914 clesiasticos
2455 4859 2686 4927 judices,
2712 4855 3160 4929 quorumjudicio
3192 4870 3375 4912 causae
3419 4854 3690 4925 finiuntur,

2101 4947 2238 5003 sicut
2267 4948 2420 5019 leges
2442 4955 2494 5002 et
2511 4947 2718 5018 regulae
2725 4946 2938 5014 jubent,
2977 4944 3054 4999 illi
3075 4944 3419 5018 delegarent,
3445 4945 3704 5017 quiddam

2097 5036 2393 5104 mandavit,
2428 5035 2612 5091 domui
2642 5034 2790 5105 regis
2820 5050 2949 5106 erga
2979 5050 3039 5090 se
3068 5033 3312 5089 animum
3348 5049 3461 5090 non
3495 5034 3699 5090 medio-

2100 5125 2264 5181 criter
2293 5123 2642 5196 exaggeravit
2673 5123 2792 5194 (lib.
2818 5137 2888 5176 Lv
2917 5124 3073 5196 Cap.,
3107 5137 3156 5179 c.
3192 5123 3305 5195 21).
3348 5122 3512 5192 Cujus
3543 5122 3702 5178 beni-

2100 5215 2364 5288 gnitatem
2390 5215 2458 5268 ad
2499 5229 2621 5268 eum
2651 5211 2899 5278 veniens,
2941 5212 3207 5282 adjunctis
3239 5229 3454 5268 mecum
3496 5211 3699 5268 nostris

2100 5303 2460 5374 coepiscopis,
2497 5302 2635 5359 sicut
2664 5309 2839 5372 antea,
2874 5310 2926 5358 et
2955 5309 3149 5374 postea
3177 5302 3380 5374 saepius
3417 5301 3525 5374 egi,
3571 5301 3697 5372 pla-

2100 5392 2331 5448 cabilem
2361 5391 2410 5446 ei
2439 5391 2563 5447 feci.
2625 5391 2733 5447 Sed
2789 5391 2954 5446 frater
2992 5391 3316 5454 Hincmarus
3345 5406 3500 5446 more
3538 5396 3693 5445 sueto

2097 5481 2288 5536 iterum
2317 5487 2477 5552 atque
2507 5479 2698 5534 iterum
2727 5479 2914 5536 domni
2945 5480 3092 5554 regis
3124 5480 3364 5535 animum
3403 5477 3519 5534 sine
3583 5477 3696 5532 ulla

2099 5577 2306 5637 ratione
2336 5576 2420 5636 vel
2473 5577 2801 5636 necessitate
2849 5576 3238 5636 contumaciter
3291 5573 3693 5633 recommovit:
