4174 6302
509 254 611 310 571

1526 253 1880 327 HINCMARI
1915 253 2316 312 RHEMENSIS
2352 253 2901 313 ARCHIEPISCOPI.

3695 262 3799 319 5'72

507 384 563 434 et
599 376 718 434 sine
753 375 924 448 ipsius
960 375 1180 435 licentia
1215 377 1284 433 ab
1338 394 1405 435 eo
1459 379 1745 447 recedens,
1786 379 2100 435 Laudunum
2128 380 2186 442 A
2203 378 2523 436 inconsultis
2553 380 2759 453 aliquid
2787 395 2957 454 agere
2984 387 3333 452 prasumant.
3374 382 3444 438 Et
3472 381 3561 438 lex
3601 384 3796 456 prohi-

505 481 609 538 per
644 472 859 522 noctem
896 465 1128 539 aufugit.
1170 466 1347 536 Quem
1382 468 1615 524 domnus
1652 484 1746 524 rex
1797 467 1989 524 litteris
2045 475 2099 524 et

508 552 692 609 missis
718 561 830 609 tam
858 554 1246 611 ecclesiasticis
1276 572 1438 628 quam
1467 564 1518 612 et
1550 556 1911 613 saecularibus
1937 564 1997 611 ut
2028 556 2100 611 ad

508 657 633 698 eum
676 642 888 699 veniret
914 659 1060 715 sape
1089 644 1300 700 vocavit
1330 662 1343 699 :
1377 645 1468 716 qui
1496 644 1567 700 ad
1598 660 1720 699 eum
1747 644 1936 700 venire
1963 659 2099 701 con-

506 730 745 802 tempsit.
776 732 846 786 Et
883 731 1139 804 quoniam
1194 733 1445 804 pervenit
1498 732 1566 787 ad
1596 732 1859 788 domuum
1887 749 2096 805 regem,

508 817 635 890 quia
662 834 793 874 cum
816 819 1072 875 Lothario
1100 819 1178 875 illi
1224 819 1559 887 conveniret,
1609 828 1667 874 ut
1708 820 2001 876 ecclesiam
2048 828 2101 875 et

506 906 727 977 plebem
756 906 860 962 sibi
885 907 1145 963 creditam
1173 908 1471 976 desereret,
1504 915 1557 963 et
1602 907 1660 963 in
1705 924 1883 981 regno
1930 907 2101 979 ipsius

505 994 747 1051 honores
774 995 1061 1067 acciperet.
1086 995 1192 1065 Qui
1220 1003 1274 1051 et
1302 995 1359 1051 in
1385 995 1577 1050 litteris
1607 995 1806 1051 domno
1838 996 1957 1067 regi
2011 995 2100 1050 di-

507 1082 676 1138 rectis
727 1083 947 1155 scripsit
1000 1083 1186 1139 dicens
1219 1101 1232 1138 :
1268 1106 1290 1131 ‹‹
1326 1085 1443 1139 Deo
1468 1090 1609 1139 teste
1646 1083 1803 1139 vobis
1840 1083 2035 1155 loquor
2084 1102 2097 1138 :

506 1170 689 1243 potius
717 1171 862 1245 eligo
893 1179 1040 1226 extra
1068 1178 1311 1227 vestrum
1336 1171 1539 1245 degere
1570 1188 1819 1244 regnum,
1853 1187 2017 1244 quam
2046 1172 2103 1226 in

508 1267 692 1316 vestro
730 1259 852 1315 talis
880 1275 1165 1331 apparere,
1201 1260 1466 1331 quosdam
1512 1276 1683 1316 nosco
1728 1276 2034 1316 susurrare.
2074 1281 2097 1310 ι

506 1348 656 1403 Tunc
684 1347 918 1402 domnus
946 1364 1044 1402 rex
1071 1348 1398 1419 necessitate
1440 1348 1754 1420 compulsus
1802 1349 2099 1417 mandavit,

506 1443 567 1491 ut
593 1435 717 1509 quia
742 1434 862 1506 ipse
891 1435 1073 1491 venire
1101 1436 1342 1503 nolebat,
1374 1436 1534 1492 liberi
1565 1437 1815 1492 homines
1873 1437 1942 1492 de
1981 1437 2102 1508 epi-

507 1522 694 1594 scopio
722 1521 967 1578 Lauduni
996 1523 1070 1578 ad
1093 1540 1216 1579 eum
1246 1524 1569 1596 compendio
1595 1525 1795 1596 palatio
1834 1525 2100 1581 venirent.

507 1611 629 1683 Quo
666 1611 832 1683 aliqui
868 1627 935 1668 ex
961 1611 1041 1667 eis
1070 1621 1335 1669 venerunt
1366 1631 1380 1669 :
1413 1614 1733 1686 quibusdam
1764 1629 1912 1680 vero,
1946 1621 2005 1669 ut
2033 1614 2105 1669 ad

2197 467 2342 537 beat,
2377 476 2433 523 ut
2452 485 2555 540 per
2582 469 2818 524 alienam
2845 485 3083 525 messem
3110 469 3381 525 transiens
3426 469 3624 527 falcem
3684 489 3798 529 non

2194 555 2384 623 mittat,
2435 556 2534 612 sed
2596 574 2759 613 manu
2826 558 3004 629 spicas
3068 564 3308 614 conterat
3389 566 3444 614 et
3505 560 3793 617 manducet

2198 645 2591 716 (Deut.xxm).
2621 667 2644 698 ι
2678 645 2916 713 Falcem,
2955 669 2977 695 ι)
2995 645 3167 718 inquit
3187 646 3378 702 beatus
3400 646 3704 719 Gregorius
3721 648 3795 704 ad

2198 733 2561 806 Augustinum
2582 732 2703 805 (lib.
2736 749 2838 801 xu,
2872 735 3036 807 epist.
3061 738 3149 805 31,
3182 735 3255 791 ad
3272 734 3598 806 Augustin.)
3618 735 3795 805 «judi-

2199 819 2270 875 cii
2299 819 2514 877 mittere
2534 821 2591 876 in
2610 837 2677 877 ea
2696 830 2883 895 segete
2910 838 3023 878 non
3049 830 3249 894 potest,
3274 839 3394 893 qua
3408 822 3563 878 alteri
3582 823 3794 879 videtur

2200 924 2323 964 esse
2352 909 2643 965 commissa
2675 910 2811 965 :sed
2840 927 2940 981 per
2969 908 3220 967 effectum
3268 911 3397 966 boni
3440 911 3624 983 operis
3667 910 3788 967 fru-

2199 1004 2380 1053 menta
2408 998 2692 1054 Dominica
2719 998 2972 1054 vitiorum
3027 1015 3249 1054 suorum
3302 998 3477 1070 paleis
3530 999 3791 1071 exspolia,

2201 1092 2255 1141 et
2280 1085 2337 1141 in
2366 1086 2614 1142 ecclesia
2632 1102 2829 1158 corpus
2849 1087 3122 1143 monendo
3140 1095 3192 1143 et
3210 1088 3613 1159 persuadendo,
3637 1089 3793 1160 quasi

2199 1174 2528 1242 mandendo,
2562 1183 2840 1231 converte.
2889 1199 2915 1225 ιι
2942 1176 3012 1230 Et
3065 1176 3195 1231 item
3251 1176 3307 1231 S.
3368 1176 3666 1249 Gregorius
3721 1177 3793 1232 ad

2199 1263 2517 1318 Ianuarium
2548 1263 2884 1335 episcopum,
2921 1264 3012 1335 qui
3042 1264 3312 1320 Isidorum
3368 1265 3433 1319 V.
3492 1264 3572 1320 Cl.
3633 1280 3797 1321 causa

2202 1367 2317 1406 sua
2371 1351 2584 1420 injuria
2640 1353 3222 1422 excommunicaverat,
3296 1352 3527 1424 scripsit,
3605 1353 3794 1409 dicens

2202 1439 2323 1512 (lib.
2347 1455 2406 1506 ιι,
2439 1440 2557 1495 ind.
2593 1443 2678 1508 10,
2717 1458 2801 1513 ep.
2835 1440 2926 1513 34)
2960 1459 2973 1495 :
3011 1462 3034 1492 ι
3069 1439 3227 1510 Quia,
3261 1441 3308 1495 si
3333 1441 3408 1496 ita
3437 1448 3539 1511 est,
3570 1440 3705 1495 nihil
3739 1449 3796 1497 te

2202 1528 2443 1584 ostendis
2482 1528 2551 1583 de
2602 1528 2912 1584 calestibus
2960 1529 3219 1603 cogitare,
3266 1529 3365 1585 sed
3418 1536 3685 1586 terrenam
3741 1537 3799 1586 te

2202 1616 2407 1672 habere
2436 1617 2905 1673 conversationem
2935 1616 3228 1689 significas,
3261 1618 3389 1672 dum
3418 1632 3517 1689 pro
3561 1617 3800 1674 vindicta

503 1716 694 1774 regem
721 1708 1044 1773 perventum
1073 1710 1174 1770 est,
1195 1702 1513 1759 Hincmarus
1541 1702 1730 1758 venire
1758 1719 1871 1758 non
1896 1702 2100 1774 permi-
2133 1739 2187 1800 B
2205 1705 2443 1775 prapria
2472 1704 2701 1775 injuria,
2725 1706 2869 1778 quod
2901 1706 3074 1762 sacris
3103 1705 3312 1780 regulis
3328 1705 3666 1778 prohibetur,
3686 1722 3800 1762 ma-

509 1789 596 1845 sit.
620 1789 689 1845 Et
718 1789 842 1845 ideo
870 1790 1102 1846 domnus
1121 1806 1218 1847 rex
1238 1792 1376 1847 duos
1420 1791 1709 1863 episcopos
1764 1791 2102 1846 Rhemorum

507 1877 823 1950 provincia,
855 1877 1103 1935 Odonem
1133 1879 1336 1935 scilicet
1367 1887 1421 1934 et
1446 1880 1852 1947 Willebertum,
1886 1880 1958 1935 ad
1976 1895 2102 1935 eum

508 1967 674 2038 misit,
698 1968 963 2023 mandans
992 1976 1051 2023 ut
1072 1968 1185 2037 jam
1215 1968 1435 2024 tandem
1461 1968 1531 2023 ad
1573 1985 1696 2023 eum
1750 1968 1979 2025 veniret.
2036 1969 2105 2023 Et

507 2055 656 2111 misit
675 2055 987 2128 reipublicae
1012 2056 1308 2125 ministros,
1340 2065 1401 2112 ut
1443 2057 1646 2113 liberos
1691 2057 1960 2124 homines,
2012 2056 2104 2128 qui

507 2144 575 2201 ad
605 2160 750 2213 eum,
785 2145 924 2201 sicut
952 2145 1326 2213 mandaverat,
1372 2160 1482 2200 non
1535 2152 1819 2213 venerunt,
1879 2152 1932 2200 et
1978 2159 2104 2200 cum

507 2233 800 2290 Hincmaro
837 2233 1127 2308 degebant,
1168 2241 1262 2289 aut
1290 2232 1622 2291 voluntarios
1650 2242 1743 2289 aut
1778 2232 1976 2290 invitos
2033 2232 2104 2288 ad

509 2336 637 2378 eum
679 2322 868 2379 venire
910 2321 1173 2379 facerent.

577 2412 762 2483 (Ibid.,
787 2427 836 2468 c.
861 2415 912 2467 3.
937 2410 958 2484 )
987 2412 1314 2468 Hincmarus
1330 2411 1559 2468 audiens
1583 2427 1773 2468 eorum
1793 2411 2103 2481 adventum,

508 2500 648 2559 sicut
674 2500 840 2557 etiam
868 2501 986 2572 ipse
1014 2501 1071 2556 in
1099 2501 1304 2573 scripto
1325 2516 1427 2557 suo
1448 2501 1791 2569 dimonstrat,
1815 2508 2105 2574 antequam

505 2590 645 2662 reip.
675 2588 910 2646 ministri
945 2588 1015 2644 ad
1070 2606 1192 2644 eum
1223 2589 1416 2647 directi
1453 2590 1776 2646 Laudunum
1842 2590 2103 2661 perveni-

506 2686 644 2745 rent,
684 2677 985 2734 inauditam
1014 2685 1175 2734 antea
1206 2679 1407 2734 nostris
1437 2679 1771 2750 temporibus
1800 2694 2107 2734 excommu-

506 2766 903 2822 nicationemin
920 2782 1093 2834 meos,
1117 2773 1168 2822 et
1188 2767 1480 2822 multorum
1496 2766 2035 2838 archiepiscoporum
2056 2774 2108 2821 et

509 2855 889 2927 episcoporum
908 2855 1288 2926 parochianos,
1308 2872 1420 2910 non
1475 2856 1545 2910 de
1607 2855 1925 2911 criminibus
1982 2856 2106 2927 qui-

507 2943 828 3017 buscunque
859 2951 1161 3011 accusatos,
1212 2945 1297 3001 vel
1326 2943 1629 3012 confessos,
1663 2944 1779 3000 sive
1808 2943 2104 3011 convictos,

508 3033 607 3088 sed
634 3048 737 3089 nec
774 3032 1089 3104 evangelice
1128 3033 1215 3090 vel
1250 3033 1584 3104 regulariter
1612 3032 1993 3098 commonitos,
2046 3032 2101 3086 in

2205 1792 2552 1848 ledictionem
2579 1793 2932 1849 anathematis
2960 1794 3232 1851 invexisti.
3265 1795 3420 1851 Unde
3472 1793 3541 1849 de
3598 1802 3799 1851 catero

2199 1880 2420 1937 omnino
2441 1888 2557 1937 esto
2588 1881 3032 1953 circumspectus,
3057 1891 3219 1955 atque
3247 1882 3530 1951 sollicitus,
3564 1899 3633 1938 ne
3690 1883 3797 1939 tale

2196 1969 2447 2041 cuiquam
2474 1984 2572 2040 pro
2601 1968 2921 2026 defensione
2943 1970 3152 2041 injuria
3212 1979 3316 2026 tua
3376 1969 3576 2026 inferre
3615 1971 3797 2027 denuo

2201 2073 2522 2129 prasumas.
2544 2058 2685 2113 Nam
2715 2058 2761 2112 si
2788 2058 2898 2114 tale
2926 2058 3132 2131 aliquid
3160 2057 3378 2127 feceris,
3437 2058 3492 2113 in
3544 2064 3598 2114 te
3656 2059 3800 2115 scias

2200 2153 2391 2217 postea
2418 2145 2820 2201 vindicandum.
2871 2166 2893 2197 ι
2954 2147 3023 2202 Et
3081 2154 3302 2203 sanctus
3355 2146 3689 2220 Augustinus
3744 2147 3802 2203 in

2201 2234 2337 2288 libro
2369 2234 2438 2290 de
2470 2233 2790 2289 Panitentia
2824 2250 2837 2290 :
2874 2256 2897 2287 ct
2931 2235 3152 2291 Auferte
3179 2235 3381 2290 malum
3411 2250 3445 2290 a
3465 2235 3621 2292 vobis
3642 2235 3799 2308 ipsis.

2204 2321 2414 2391 Quibus
2442 2321 2623 2378 verbis
2653 2321 2781 2376 satis
2812 2322 3069 2391 ostendit,
3101 2338 3210 2379 non
3266 2331 3487 2390 temere,
3547 2331 3600 2378 et
3655 2340 3799 2396 quo-

2202 2410 2650 2474 modolibetgsed
2676 2427 2778 2480 per
2800 2410 3065 2480 judicium
3119 2410 3445 2468 auferendos
3498 2411 3674 2467 malos
3730 2413 3801 2467 ah

2204 2498 2466 2554 Ecclesia
2491 2497 2888 2554 communione.
2913 2498 3100 2554 Noluit
3124 2499 3267 2555 enim
3298 2499 3591 2571 Apostolus
3622 2499 3799 2555 homi-

2203 2603 2327 2643 nem
2353 2586 2423 2641 ab
2451 2586 2671 2641 homine
2695 2586 2930 2656 judicari
2959 2604 3024 2642 ex
3052 2586 3281 2643 arbitrio
3320 2586 3667 2658 suspicionis,
3710 2588 3797 2644 vel

2205 2675 2367 2730 etiam
2398 2675 2834 2730 extraordinario
2864 2683 3119 2747 usurpato
3144 2675 3348 2744 judicio
3381 2692 3394 2731 :
3419 2675 3517 2731 sed
3536 2676 3718 2747 potius
3732 2692 3800 2732 ex

2202 2764 2326 2835 lege
2354 2763 2455 2818 Dei
2484 2763 2783 2819 secundum
2811 2764 3059 2819 ordinem
3074 2764 3351 2833 Ecclesia,
3373 2764 3486 2820 sive
3510 2764 3652 2819 ultro
3674 2780 3801 2820 con-

2206 2851 2430 2918 fessum,
2463 2851 2579 2907 sive
2607 2859 2925 2907 accusatum
2955 2860 3117 2924 atque
3163 2852 3490 2908 convictum.
3544 2852 3801 2924 Alioquin

2204 2939 2336 2994 illud
2364 2955 2463 2995 cur
2490 2938 2622 2993 dixit
2653 2957 2666 2993 :
2704 2940 2761 2995 Si
2790 2941 2915 3012 quis
2945 2939 3434 2996 fraternominatur
3455 2940 3798 2996 autfornica-

2208 3036 2312 3097 tor,
2346 3036 2438 3083 aut
2465 3028 2625 3083 idolis
2651 3028 2917 3099 serviens,
2941 3037 3069 3096 etc.,
3092 3029 3197 3084 nisi
3230 3029 3352 3102 quia
3381 3045 3499 3084 eam
3555 3029 3802 3084 nomina-

505 3121 763 3194 parochia
778 3122 1233 3193 suaperpetratis,
1257 3123 1375 3177 sine
1397 3138 1520 3177 mea
1539 3121 1891 3188 conscientia,
1915 3129 2102 3176 contra
2132 3094 2180 3157 C
2209 3117 2412 3172 tionem
2439 3116 2669 3188 intelligi
2697 3117 2862 3172 voluit
2892 3134 3012 3189 qua
3048 3116 3106 3181 ﬁt
3159 3118 3216 3172 in
3273 3133 3619 3189 quemquam,
3677 3133 3801 3173 cum

509 3226 692 3268 sacras
720 3210 944 3284 regulas
964 3210 1244 3280 jaculavit.
1271 3210 1425 3266 Unde
1455 3210 1748 3266 maximum
1793 3210 2107 3266 scandalum

510 3307 564 3354 et
593 3298 714 3372 regi
745 3307 799 3353 et
827 3315 1021 3372 regno,
1055 3307 1107 3354 et
1136 3299 1255 3353 istis
1285 3299 1572 3370 Cisalpinis
1602 3299 1850 3355 ecclesiis
1907 3298 2103 3354 intulit.

506 3386 1013 3443 Excommunicatio
1042 3403 1193 3455 vero,
1218 3387 1348 3458 quin
1376 3387 1558 3458 potius
1586 3387 1910 3453 maledictio,
1945 3404 2106 3460 quam

509 3474 652 3531 furia
681 3476 990 3550 exagitatus
1019 3475 1255 3546 intorsit,
1278 3477 1385 3533 hoc
1414 3477 1577 3532 modo
1609 3492 1668 3531 se
1693 3476 1896 3530 habet:
1924 3497 1946 3527 α
1968 3477 2113 3547 Apo-

512 3564 721 3631 stolica,
753 3564 864 3620 imo
901 3564 1086 3622 divina
1123 3564 1441 3621 auctoritate
1494 3581 1593 3637 per
1629 3564 1882 3621 virtutem
1944 3565 2107 3634 hujus

506 3652 643 3726 ligni
671 3652 946 3724 (videlicet
974 3661 1177 3709 sancta
1206 3654 1431 3725 crucis),
1464 3653 1884 3725 cooperantibus
1901 3652 2107 3707 meritis

507 3748 713 3797 sancta
765 3741 927 3810 hujus
992 3741 1271 3812 genitricis
1335 3742 1538 3810 Maria,
1603 3758 1729 3798 cum
1792 3740 2107 3797 auctoritate

506 3828 809 3885 beatissimi
836 3829 1100 3901 principis
1139 3830 1508 3902 apostolorum
1563 3831 1726 3898 Petri,
1767 3838 1879 3886 tam
1916 3846 2107 3885 omnes

504 3918 666 3987 hujus
694 3917 802 3974 loci
828 3917 1130 3988 invasores,
1168 3934 1332 3992 quam
1351 3919 1624 3991 parochia
1637 3936 1793 3986 mea,
1810 3935 2108 3990 omnesque

506 4007 820 4076 hujusmodi
858 4008 1315 4065 contaminatores
1357 4016 1689 4080 cunctosque
1729 4008 1807 4063 eis
1859 4023 2102 4064 consen-

511 4094 728 4164 tientes,
743 4097 1085 4154 anathemate
1111 4097 1456 4165 damnamus,
1492 4105 1544 4154 et
1570 4114 1604 4154 a
1642 4096 1917 4153 liminibus
1975 4113 2106 4152 san-

509 4192 613 4243 cta
668 4186 769 4242 Dei
821 4187 1088 4245 Ecclesia
1117 4195 1362 4244 extorres
1409 4188 1607 4244 virtute
1645 4187 1879 4261 Spiritus
1936 4187 2106 4244 sancti

509 4275 1057 4348 decernimus,atque
1087 4277 1158 4332 ab
1188 4277 1338 4333 omni
1368 4277 1801 4333 Christianorum
1829 4276 2105 4333 consortio

504 4364 714 4421 alienos
735 4365 1131 4434 adjudicamus.
1170 4390 1193 4414 »
1242 4366 1313 4421 Et
1358 4382 1485 4422 mox
1523 4365 1874 4438 subsequitur
1910 4365 1964 4419 in
2007 4381 2105 4421 suo

2206 3205 2475 3260 sententia
2504 3204 2693 3260 ordine
2717 3203 3024 3275 judiciario,
3047 3214 3207 3279 atque
3248 3205 3555 3277 integritate
3579 3205 3794 3276 profer-

2205 3280 2321 3349 tur:
2339 3296 2481 3349 Nam
2509 3294 2555 3348 si
2585 3293 2882 3350 nominatio
2913 3292 3128 3360 sufﬁcit,
3159 3294 3309 3350 multi
3340 3294 3634 3349 damnandi
3664 3302 3790 3349 sunt

2205 3383 2561 3451 innocentes;
2605 3383 2729 3455 quia
2781 3381 2935 3439 falso'
2974 3400 3119 3455 sape
3175 3383 3231 3438 in
3286 3399 3558 3456 quoquam
3593 3382 3798 3440 crimen

2207 3471 2531 3527 nominatur.
2570 3491 2592 3522 ι

2813 3559 3037 3617 CAPUT
3087 3561 3152 3615 V.

2210 3649 2361 3717 Quod
2388 3649 2640 3705 ecclesia:
2663 3665 2781 3705 sua
2798 3650 3144 3721 presbyteros
3174 3652 3233 3704 et
3258 3650 3553 3706 ministros
3597 3650 3799 3708 illicite

2731 3721 3264 3777 excommunicauit.

2279 3824 2417 3896 (Lib.
2445 3840 2517 3881 Lv
2549 3827 2704 3899 Cap.,
2737 3840 2787 3881 c.
2820 3826 2937 3898 28.)
2967 3826 3048 3882 De
3075 3842 3180 3897 qua
3217 3826 3640 3898 prasumptione
3699 3842 3795 3883 co—

2211 3930 2320 3969 ram
2348 3913 2689 3985 coepiscopis
2719 3914 2939 3981 nostris,
2975 3913 3101 3986 quia
3128 3914 3345 3987 publice
3384 3915 3533 3971 illam
3569 3915 3800 3972 admise-

2178 4072 2183 4079 Ι
2208 4010 2309 4071 rat,
2342 4018 2462 4058 cum
2495 4002 2770 4074 corripui:
2805 4002 2903 4059 sed
2930 4019 3042 4059 non
3069 4003 3339 4077 acquievit
3360 4004 3471 4060 ullo
3500 4005 3664 4061 modo
3680 4020 3799 4061 cor-

2204 4091 2329 4164 rigi.
2360 4092 2516 4147 Unde
2547 4091 2740 4148 iterum
2770 4107 2940 4147 causa
2967 4109 3079 4148 sua
3107 4092 3334 4162 injuria,
3357 4109 3447 4149 me
3473 4093 3795 4160 inconsulto,

2207 4186 2258 4237 et
2289 4179 2405 4236 sine
2433 4196 2705 4237 consensu
2733 4181 3184 4252 coepiscoporum
3212 4181 3535 4237 Rhemensis
3585 4183 3801 4254 provin-

2207 4278 2324 4344 cia,
2357 4277 2493 4334 sicut
2539 4277 2725 4351 petitio
2781 4293 2815 4333 a
2869 4277 3082 4334 clericis
3121 4279 3499 4334 Laudunensis
3557 4279 3798 4336 ecclesia

2206 4366 2337 4421 mihi
2365 4373 2617 4439 porrecta
2646 4367 3002 4434 demonstrat,
3037 4373 3089 4422 et
3118 4367 3173 4422 in
3202 4368 3413 4439 synodo
3466 4368 3611 4439 apud
3667 4368 3799 4423 Atti-

508 4453 733 4527 scripto.
779 4474 802 4505 ι
846 4454 1251 4526 Responditque
1302 4455 1479 4510 omnis
1518 4455 1698 4511 clerus
1731 4471 1744 4509 :
1801 4454 2101 4509 Anathema
2128 4448 2420 4511 Dniacum
2450 4454 2635 4510 habita
2664 4455 3051 4521 demonstravi,
3111 4456 3486 4528 presbyteros,
3528 4465 3581 4512 et
3638 4455 3798 4511 mini-

507 4541 615 4598 sint
654 4559 670 4598 :
709 4542 1022 4599 tenentibus
1074 4543 1409 4614 presbyteris
1464 4543 1519 4598 in
1588 4541 1835 4597 manibus
1920 4550 2105 4599 sancta

508 4630 831 4704 Evangelia,
863 4631 1183 4705 lignumque
1208 4638 1413 4687 sancta
1460 4631 1656 4687 crucis.
1696 4650 1718 4680 »

581 4718 791 4776 Prafati
819 4735 952 4776 vero
982 4719 1226 4792 episcopi
1254 4720 1326 4775 ad
1358 4736 1481 4775 eum
1511 4718 1811 4785 venientes,
1861 4717 1993 4773 nihil
2036 4717 2105 4774 de

511 4807 821 4864 obedientia
849 4825 978 4882 erga
1008 4824 1215 4880 regem,
1241 4824 1402 4881 quam
1430 4807 1510 4863 illi
1553 4823 1717 4879 super
1757 4815 2107 4863 sacrosancta

502 4894 724 4966 juravit,
774 4897 1142 4953 obtinuerunt.
1187 4897 1345 4969 Reip.
1395 4904 1577 4953 autem
1632 4895 1864 4950 ministri
1902 4912 1935 4950 a
1972 4912 2105 4968 rege

512 4983 721 5051 directi,
738 4984 942 5039 nullam
969 4985 1020 5042 ei
1050 4994 1143 5042 aut
1170 4986 1427 5059 cuiquam
1454 4985 1762 5043 violentiam
1790 4984 2100 5053 inferentes,

508 5072 760 5129 homines
788 5073 988 5130 liberos
1017 5075 1281 5147 episcOpii
1310 5074 1686 5131 Laudunensis
1714 5074 1785 5131 ad
1804 5074 1951 5149 regis
1980 5073 2109 5131 fide-

511 5161 714 5218 litatem
744 5171 1081 5220 sacramento
1109 5162 1591 5233 conﬁrmaverunt,
1624 5172 1678 5221 et
1707 5164 1787 5221 sic
1815 5165 1887 5220 ad
1915 5180 2107 5238 regem

514 5249 806 5307 redierunt.
841 5252 965 5324 Ipse
994 5268 1124 5309 vero
1154 5269 1243 5309 me
1270 5253 1590 5325 postposito,
1624 5253 1679 5309 in
1734 5253 1826 5309 tali
1882 5269 2107 5309 excom-

516 5338 883 5397 municatione
940 5341 1051 5397 suis
1087 5348 1171 5397 est
1205 5341 1445 5398 libitibus
1491 5360 1622 5399 usus
1683 5361 1696 5399 :
1764 5359 1888 5399 cum
1967 5341 2107 5398 sacri

518 5428 718 5488 Africa
743 5430 1037 5503 provincia
1091 5446 1330 5489 canones
1368 5433 1685 5506 praecipiant
1714 5433 1867 5509 (can.
1930 5431 2020 5505 86)
2052 5439 2109 5486 ut

516 5519 853 5599 posteriores
898 5519 1138 5600 episcOpi
1183 5520 1548 5585 anterioribus
1577 5522 1841 5591 deferant,
1876 5536 1979 5578 nec
2029 5519 2108 5576 eis

2203 4551 2348 4600 stros
2377 4544 2623 4600 ecclesia
2655 4544 3160 4611 excommunicavit,
3203 4552 3262 4599 ut
3298 4560 3460 4601 nemo
3511 4545 3568 4600 in
3613 4545 3801 4600 eadem

2203 4633 2461 4704 parochia
2488 4634 2779 4689 missarum
2810 4633 2989 4689 ofﬁcia
3018 4633 3343 4690 celebraret.
3366 4633 3522 4690 Unde
3544 4634 3600 4689 S.
3625 4636 3803 4707 Augu-

2204 4722 2375 4777 stinus
2432 4722 2622 4778 doctor
2675 4721 3085 4788 famosissimus,
3118 4722 3261 4778 etab
3326 4722 3626 4793 apostolica
3675 4722 3803 4777 sede

2200 4810 2626 4882 receptissimus,
2661 4813 2753 4884 qui
2780 4810 3215 4883 Carthaginiensi
3273 4810 3502 4866 concilio
3566 4809 3806 4865 interfuit

2205 4900 2432 4971 (concil.
2457 4900 2740 4973 Carthag.,
2776 4916 2824 4956 c.
2862 4903 2948 4967 19,
2981 4900 3093 4971 20),
3118 4907 3171 4956 et
3201 4899 3613 4956 constitutiones
3633 4898 3801 4970 ipsius

2204 4988 2521 5060 plenissime
2558 4988 2726 5057 novit,
2768 4989 2825 5044 in
2877 4988 3103 5060 epistola
3168 4989 3238 5043 ad
3302 4988 3509 5044 clerum
3566 4996 3619 5043 et
3673 4987 3795 5059 ple-

2204 5078 2330 5134 hem
2355 5077 2803 5149 Hipponensium,
2844 5076 2987 5133 inter
3017 5077 3125 5133 alia
3188 5075 3319 5133 dicit
3381 5079 3569 5149 (Aug,
3629 5078 3789 5149 epist.

2210 5168 2369 5239 137):
2408 5188 2430 5213 α
2463 5165 2652 5238 Nuper
2679 5165 2737 5221 in
2764 5165 2994 5223 concilio
3022 5166 3406 5237 episcoporum
3454 5165 3801 5221 constitutum

2207 5263 2308 5323 est,
2368 5253 2575 5310 nullum
2630 5255 2887 5311 clericum
2930 5254 3024 5327 qui
3053 5253 3298 5310 nondum
3365 5254 3649 5310 convictus
3698 5260 3798 5319 est,

2209 5343 2466 5417 suspendi
2524 5361 2555 5399 a
2610 5343 2994 5400 communione
3080 5343 3282 5399 debere
3306 5385 3320 5414 ,
3376 5342 3482 5397 nisi
3535 5342 3606 5397 ad
3663 5358 3798 5398 cau-

2206 5449 2323 5488 sam
2403 5450 2575 5488 suam.
2607 5432 3018 5489 examinandam
3045 5449 3155 5488 non
3210 5448 3272 5488 se
3301 5430 3662 5504 prasentarit.
3701 5430 3807 5486 :Et

2207 5522 2262 5581 S.
2313 5522 2613 5596 Gregorius
2678 5522 2981 5595 Augustino
3065 5529 3312 5595 tempore
3395 5519 3675 5595 posterior
3706 5563 3720 5589 ,
3750 5526 3804 5577 et
