4174 6292
439 285 542 342 573

444 408 568 464 loco
580 405 751 479 prior,
773 421 840 462 ex
860 404 1030 462 sacris
1063 403 1279 478 legibus
1309 405 1381 461 ad
1397 404 1708 471 Martinum,
1732 411 1786 460 et
1813 403 1881 460 ad
1910 403 2048 461 Sici-
2079 404 2132 464 Α

439 497 641 553 lienses
653 494 960 567 episcopos,
979 493 1473 567 promulgavit(lib.
1489 509 1586 562 vn,
1601 493 1722 549 ind.
1737 497 1789 560 2,
1806 510 1892 566 ep.
1931 492 2041 563 61),

451 605 473 636 ι
506 591 565 641 ut
592 599 762 639 nemo
792 583 912 639 sine
941 583 1252 655 cognitione
1282 582 1586 637 damnetur.
1625 602 1647 632 ι
1667 582 1737 636 Et
1767 581 1836 636 de
1862 580 2047 636 illicita

447 671 953 730 excommunicandi
982 673 1194 728 ratione
1222 670 1311 726 lex
1339 670 1624 727 Iustiniani
1654 670 1904 726 catholici
1942 669 2046 725 im-

445 761 730 834 peratoris,
765 777 927 833 quam
951 761 1146 832 probat
1177 767 1230 816 et
1259 766 1440 815 servat
1466 759 1714 815 Ecclesia
1751 759 2039 825 catholica,

449 849 834 906 constitutione
892 853 1014 916 118,
1071 847 1310 920 capitulo
1371 849 1492 914 441,
1526 846 1767 903 decrevit
1795 855 1853 902 ut
1881 862 2042 903 nemo

447 938 758 1010 episcopus,
790 953 951 993 nemo
981 937 1270 1009 presbyter
1310 935 1740 992 excommunicet
1783 935 2038 1007 aliquem,

446 1033 732 1098 antequam
754 1041 920 1082 causa
947 1027 1224 1097 probetur,
1243 1032 1470 1096 propter
1495 1040 1658 1096 quam
1687 1023 2041 1080 ecclesiastici

447 1129 683 1170 canones
705 1115 809 1170 hoc
838 1113 956 1170 ﬁeri
969 1115 1180 1183 jubent.
1213 1113 1271 1169 Si
1301 1113 1422 1184 quis
1448 1119 1628 1168 autem
1658 1112 1922 1168 adversus
1977 1128 2041 1168 ea

445 1203 992 1259 excommunicaverit
1015 1203 1270 1274 aliquem,
1304 1201 1395 1256 ille
1426 1202 1645 1274 quidem
1666 1201 1758 1272 qui
1816 1216 2039 1256 excom-

446 1291 754 1347 municatus
783 1298 866 1346 est
895 1291 1116 1360 majoris
1147 1290 1444 1346 sacerdotis
1471 1290 1787 1346 auctoritate
1813 1289 1883 1344 ad
1910 1303 2040 1361 gra-

442 1380 573 1435 tiam
594 1387 797 1436 sanctae
826 1378 1221 1435 communionis
1255 1379 1480 1445 redeat;
1510 1377 1558 1432 is
1586 1385 1766 1432 autem
1809 1377 1901 1449 qui
1929 1393 2039 1432 non

444 1468 686 1540 legitime
704 1467 1213 1533 excommunicavit,
1248 1467 1304 1521 in
1334 1474 1539 1522 tantum
1586 1466 1854 1521 abstineat
1892 1481 1925 1520 a
1946 1481 2038 1520 sa-

446 1572 538 1612 cra
555 1556 936 1612 communione
965 1563 1198 1627 tempus,
1229 1563 1490 1628 quantum
1519 1554 1711 1624 majori
1768 1553 2039 1610 sacerdoti

446 1645 622 1701 visum
677 1644 860 1713 fuerit,
891 1653 949 1698 ut
1003 1644 1060 1698 id
1107 1645 1252 1716 quod
1306 1643 1502 1712 injuste
1556 1642 1701 1708 fecit,
1739 1642 1857 1714 ipse
1892 1644 2038 1712 juste

1152 280 1395 339 OPUSC.
1455 279 1546 338 ET
1589 279 1808 337 EPIST.
1867 279 1944 336 IN
1999 277 2229 336 CAUSA
2273 276 2616 336 HINCMARI
2661 279 2966 338 LAUDUN.

3637 285 3742 341 57b

2184 490 2336 560 Quod
2368 493 2765 563 paenitentiam
2785 497 2842 549 et
2871 497 3148 554 viaticum
3171 500 3540 558 morientibus
3577 499 3707 557 dari

2839 585 3039 640 vetuit.
3761 574 3764 582 ’

2217 667 2354 737 (Lib.
2387 683 2458 722 Lv
2488 669 2641 740 Cap.,
2672 684 2722 726 c.
2757 671 2872 741 32.)
2903 671 3125 728 Nullum
3169 674 3439 748 siquidem
3484 675 3644 732 etiam
3673 675 3744 732 ad

2143 755 2385 810 ultimam
2412 756 2785 827 paenitentiam
2800 758 3022 830 suscipi,
3059 769 3108 817 et
3121 762 3254 818 nulli
3280 763 3480 821 viatico
3518 780 3743 822 munere

2143 844 2440 914 subveniri,
2485 853 2668 901 contra
2696 846 2950 903 Nicaenos
2976 856 3028 903 et
3057 849 3340 907 Africanos
3407 869 3646 909 canones
3695 859 3749 909 et

2142 932 2362 988 decreta
2422 933 2618 1001 Siricii,
2678 941 2731 989 et
2773 936 3074 992 Innocentii
3113 946 3275 1012 atque
3304 939 3602 1008 Coelestini,
3641 956 3746 998 nec

2141 1035 2250 1075 non
2281 1028 2334 1076 et
2383 1021 2600 1086 Leonis,
2649 1022 2835 1089 vetuit,
2898 1024 3040 1088 sicut
3086 1026 3143 1082 in
3173 1027 3430 1099 saepefata
3485 1029 3746 1100 petitione

2140 1108 2387 1165 habetur.
2446 1109 2579 1165 Cum
2628 1126 2729 1182 per
2783 1127 2844 1166 se
2900 1113 3112 1169 Veritas
3157 1115 3336 1171 dicat:
3379 1119 3537 1174 Venit
3565 1119 3747 1174 Filius

2141 1197 2386 1253 hominis
2405 1214 2650 1269 quaerere
2665 1203 2720 1255 et
2739 1201 2954 1258 salvere
2970 1203 3110 1274 quod
3137 1205 3391 1274 perierat
3419 1207 3572 1277 (Luc.
3593 1207 3743 1277 xrx);

2141 1287 2236 1357 qui
2267 1302 2382 1341 non
2418 1288 2576 1342 venit
2596 1289 2806 1360 justos,
2838 1288 2933 1345 sed
2961 1295 3282 1360 peccatores
3315 1308 3510 1350 vocare
3539 1295 3604 1349 in
3630 1309 3749 1364 pae-

2139 1375 2450 1429 nitentium
2471 1374 2691 1445 (Matth.
2725 1377 2827 1447 Ix).
2861 1376 3042 1432 Multis
3099 1393 3236 1436 voce
3291 1380 3512 1436 Domini
3563 1381 3746 1438 recla-

2141 1461 2432 1529 mantibus,
2467 1470 2520 1518 et
2539 1463 2803 1520 Ecclesiae
2831 1465 3114 1524 catholica:
3148 1468 3496 1538 doctoribus,
3527 1477 3586 1525 ut
3605 1485 3750 1542 prae-

2139 1549 2338 1604 sidium
2360 1551 2795 1623 regenerationis
2825 1553 3250 1625 etpoenitentiae,
3276 1571 3561 1630 sacraeque
3592 1573 3748 1616 com-

2138 1637 2413 1692 munionis
2434 1638 2490 1694 in
2520 1639 2712 1694 mortis
2737 1640 2979 1712 periculo
3005 1643 3198 1714 positis
3228 1652 3281 1700 et
3328 1646 3658 1716 petentibus,
3718 1663 3750 1702 a

443 1734 695 1804 patiatur.
727 1733 797 1786 Et
825 1732 951 1788 hinc
979 1733 1035 1787 S.
1071 1732 1372 1804 Gregorius
1408 1731 1476 1786 ad
1505 1732 1771 1787 Joannem
1820 1731 2036 1802 episco-
2073 1763 2126 1821 B
2150 1742 2423 1821 quoquam
2441 1727 2750 1783 nullatenus
2781 1730 3100 1804 denegetur.
3131 1731 3201 1786 Et
3221 1747 3437 1789 sacrum
3464 1734 3748 1791 Nicaenum

440 1838 568 1892 pum
597 1822 795 1890 injuste
816 1821 1396 1887 excommunicantem,
1429 1821 1570 1876 inter
1590 1828 1784 1876 caetera
1801 1819 2042 1891 scripsit,

441 1909 648 1978 dicens,
667 1909 786 1982 (lib.
818 1925 878 1976 ιι,
906 1910 1026 1965 ind.
1053 1912 1139 1978 11,
1165 1910 1347 1981 ep.6):
1384 1929 1407 1961 ι
1433 1909 1674 1964 Cassatis
1693 1908 1861 1980 prius,
1883 1915 2045 1980 atque

441 1997 511 2052 ad
538 1997 766 2052 nihilum
794 1997 1030 2053 redactis
1042 1997 1317 2068 praedictae
1337 1996 1618 2052 sententiae
1631 2003 1736 2052 tuae
1776 1995 2038 2064 decretis,

441 2102 507 2141 ex
536 2085 678 2141 beati
709 2085 850 2140 Petri
882 2085 1254 2156 apostolorum
1285 2085 1550 2156 principis
1581 2084 1917 2154 auctoritate,
1952 2084 2040 2139 de-

440 2174 715 2230 cernimus
737 2173 959 2246 triginta
978 2173 1188 2228 dierum
1205 2173 1376 2244 spatio
1410 2188 1566 2229 sacra
1593 2181 1645 2228 te
1663 2173 2044 2229 communione

438 2262 729 2334 privatum,
764 2263 834 2318 ab
847 2263 1217 2333 omnipotente
1245 2263 1360 2317 Deo
1390 2269 1579 2318 nostro
1609 2262 1739 2316 tanti
1785 2277 2044 2318 excessus

438 2352 654 2408 veniam
682 2367 808 2408 cum
829 2367 1037 2406 summa
1069 2351 1388 2422 poenitentia
1418 2358 1472 2406 et
1499 2351 1757 2422 lacrymis
1790 2366 2038 2406 exorare.

442 2439 603 2508 Quod
623 2440 673 2495 si
700 2441 843 2496 hanc
863 2439 1190 2496 sententiam
1229 2447 1467 2494 nostram
1498 2439 1916 2512 cognoverimus
1942 2439 2042 2494 im-

438 2529 622 2600 plesse
652 2528 974 2584 remissius:
1008 2544 1118 2584 non
1147 2528 1257 2598 jam
1307 2536 1514 2583 tantum
1557 2527 1896 2596 injustitiam,
1945 2527 2045 2583 sed

440 2625 492 2674 et
521 2617 917 2673 contumaciam
948 2615 1300 2672 fraternitatis
1334 2624 1440 2672 tuae
1466 2631 1789 2688 cognosces,
1819 2617 2043 2685 juvante

439 2706 694 2774 Domino,
720 2705 965 2762 severius
1012 2705 1364 2776 puniendam.
1391 2726 1412 2754 ι
1437 2705 1506 2759 Et
1533 2706 1660 2761 item
1687 2705 1832 2760 idem
1872 2720 2042 2776 quos-

438 2795 567 2850 dam
640 2794 928 2865 episcopos
1002 2795 1349 2860 excedentes,
1427 2801 1552 2864 post
1615 2793 2039 2865 inquisitionem,

436 2891 616 2939 utrum
646 2899 901 2939 excessus
932 2883 1146 2948 exsilio,
1181 2881 1269 2938 vel
1289 2882 1628 2954 depositione
1659 2882 1924 2953 cujusque
1972 2881 2043 2936 sit

435 2973 620 3045 dignis
651 2973 679 3028 7
709 2972 766 3026 in
797 2988 891 3028 sex
923 2971 1207 3028 mensibus
1239 2971 1511 3027 Dominici
1533 2971 1781 3042 corporis
1811 2979 1866 3026 et
1911 2985 2044 3025 san-

437 3061 619 3135 guinis
665 3061 1044 3116 communione
1092 3060 1333 3131 privatos
1382 3075 1550 3131 agere
1579 3059 1955 3131 paenitentiam
1984 3059 2040 3114 in

435 3149 765 3204 monasterio
794 3149 1074 3216 decrevit;
1109 3164 1174 3204 ea
1206 3147 1516 3204 conditione
1561 3156 1636 3215 ut,
1688 3148 1733 3202 si
1781 3164 2038 3204 commu-

434 3238 597 3293 nione
625 3237 851 3308 privatis
894 3237 1088 3292 mortis
1118 3236 1409 3309 contigerit
1421 3237 1704 3292 imminere
1718 3237 2040 3308 periculum,

432 3326 737 3383 benedictio
763 3326 842 3381 eis
865 3326 1042 3382 viatici
1071 3341 1182 3382 non
1210 3333 1458 3398 negetur.
1508 3349 1529 3373 α
1569 3327 1650 3382 De
1691 3342 1796 3396 qua
1844 3341 2028 3392 causa,

433 3423 492 3470 ut
511 3415 657 3472 idem
685 3415 833 3484 alibi,
858 3423 911 3470 et
930 3415 1144 3470 aliunde
1167 3414 1316 3481 dicit,
1351 3421 1572 3470 ostensa
1618 3422 1700 3470 est
1743 3413 1902 3469 nobis
1959 3414 2041 3469 ira

437 3520 603 3576 quam
666 3520 972 3576 sequamur,
1035 3503 1287 3575 apposita
1355 3503 1527 3559 forma
1594 3503 1680 3559 cui
1752 3503 2037 3574 inprima-

435 3609 583 3650 mur.
627 3613 650 3644 »

1065 3683 1291 3740 CAPUT
1319 3684 1408 3739 vr.
1730 3755 1734 3759 ,

444 3774 594 3841 Quod
632 3773 889 3845 infantes
919 3773 983 3829 in
999 3789 1104 3830 sua
1135 3774 1406 3846 parochia
1427 3771 1703 3845 baptizari
1724 3770 2037 3843 prohibuit.

509 3881 628 3951 (Lib
648 3895 720 3934 Lv
757 3883 908 3953 Cap.,
937 3895 986 3936 c.
1013 3883 1100 3947 31,
1135 3881 1249 3951 47.)
1279 3878 1561 3936 Prohibuit
1593 3893 1808 3949 quoque
1837 3884 1896 3931 ut
1942 3893 2038 3932 ne-

433 3986 526 4025 mo
554 3969 810 4040 parvulos
839 3970 895 4024 in
924 3986 1021 4024 sua
1040 3969 1327 4040 parochia,
1362 3968 1524 4024 etiam
1546 3967 1601 4022 in
1631 3967 2040 4039 mortisurgen-

433 4059 504 4114 tis
532 4057 776 4130 periculo
805 4058 1148 4125 constitutos,
1173 4058 1473 4130 baptizaret
1498 4076 1511 4123 ;
1546 4056 1683 4112 sicut
1702 4055 1758 4110 in
1778 4055 2038 4126 petitione

433 4147 659 4220 praefata
717 4147 1026 4204 continetur
1062 4165 1075 4202 :
1118 4163 1244 4203 cum
1275 4147 1489 4202 Veritas
1518 4145 1662 4200 dicat
1695 4162 1708 4199 :
1736 4145 1860 4200 Nisi
1914 4145 2036 4216 quis

434 4241 672 4293 renatus
685 4238 950 4309 fueritex
965 4253 1111 4310 aqua
1128 4241 1184 4292 et
1197 4238 1416 4308 Spiritu
1432 4238 1649 4301 sancto,
1667 4250 1783 4290 non
1796 4233 2040 4288 intrabit

433 4327 498 4382 in
530 4343 771 4398 regnum
794 4327 1063 4382 caelorum
1084 4326 1266 4396 (Joan.
1299 4327 1398 4395 v);
1431 4331 1484 4378 et
1515 4324 1634 4378 Non
1674 4323 1832 4378 venit
1877 4322 2035 4390 ﬁlius

434 4416 678 4472 hominis
722 4417 946 4472 animas
981 4416 1250 4487 perdere,
1300 4413 1397 4469 sed
1446 4413 1664 4468 salvare
1702 4411 1860 4480 (Luc.
1905 4410 2031 4480 rx);

2149 1814 2438 1869 concilium
2484 1815 2730 1871 decrevit
2771 1817 3086 1890 (can.13):
3150 1841 3172 1871 α
3236 1821 3597 1890 Generaliter,
3659 1823 3747 1878 in-

2148 1902 2362 1974 quiens,
2393 1903 2543 1958 omni
2573 1903 2791 1960 cuilibet
2845 1905 2903 1960 in
2959 1906 3104 1962 exitu
3137 1907 3335 1979 posito,
3392 1917 3445 1965 et
3501 1910 3748 1982 poscenti

2148 1990 2254 2044 sibi
2285 1991 2690 2047 communionis
2721 1993 2954 2065 gratiam
3013 1995 3197 2066 tribui,
3230 1997 3518 2070 episcopus
3546 1999 3749 2070 proba-

2147 2077 2328 2133 biliter
2382 2095 2449 2135 ex
2506 2079 2784 2136 oblatione
2843 2082 2976 2139 dare
3028 2084 3268 2140 dedebit.
3299 2104 3322 2136 ι
3384 2087 3453 2141 Et
3510 2085 3750 2159 praefatis

2147 2167 2570 2236 apostolicorum
2643 2168 2967 2239 pontificum
3023 2188 3090 2227 ex
3146 2173 3249 2229 hac
3295 2187 3461 2230 causa
3511 2174 3748 2230 decretis

2146 2261 2366 2310 sanctus
2395 2257 2505 2311 Leo
2525 2257 2946 2328 papajudicium
2961 2259 3184 2330 protulit
3212 2261 3322 2334 (ep.
3350 2266 3401 2329 1,
3434 2262 3507 2318 ad
3525 2262 3743 2334 epise.),

2149 2358 2171 2382 α
2210 2344 2267 2390 ut
2296 2336 2344 2392 si
2374 2337 2496 2409 quis
2525 2337 2582 2393 in
2609 2338 2700 2393 illa
2728 2341 3081 2410 commiserit,
3109 2343 3325 2400 veniam
3353 2343 3457 2401 sibi
3485 2344 3746 2419 deinceps

2144 2425 2353 2480 noverit
2382 2425 2658 2497 denegari.
2702 2451 2723 2476 ιο

2741 2533 2969 2591 CAPUT
2999 2535 3141 2592 VIII.

2148 2619 2298 2686 Quod
2325 2622 2683 2692 sepulturam
2720 2625 2972 2702 mortuis
2991 2626 3060 2702 in
3075 2625 3343 2695 parochia
3361 2643 3465 2685 sua
3485 2629 3750 2702 denegari

2801 2696 3080 2766 praecipit.

2217 2796 2355 2868 (Lib.
2388 2813 2459 2852 LV
2482 2800 2634 2869 Cap.,
2665 2814 2714 2855 c.
2750 2802 2865 2867 33.)
2896 2801 3242 2872 Sepulturam
3269 2803 3435 2860 etiam
3480 2806 3732 2875 mortuis,

2145 2885 2284 2942 sicut
2311 2885 2367 2940 in
2394 2896 2693 2943 memorata
2721 2889 2982 2960 petitione
3012 2891 3338 2960 continetur,
3369 2893 3534 2950 nimia
3579 2896 3740 2951 inhu-

2142 2974 2401 3031 manitate
2430 2983 2620 3032 contra
2659 2992 2848 3033 sacras
2892 2977 3227 3050 Scripturas,
3290 2996 3593 3055 sacrosque
3649 3000 3747 3040 ca-

2143 3079 2316 3118 nones
2346 3064 2608 3137 denegari
2635 3066 2912 3137 praecepit,
2939 3082 3062 3122 cum
3105 3067 3241 3123 sicut
3269 3069 3323 3124 in
3367 3070 3597 3127 historia
3642 3089 3742 3128 ve-

2143 3152 2390 3208 neranda
2419 3153 2541 3208 libri
2571 3154 2786 3226 Regum
2848 3154 3081 3226 legimus
3102 3155 3179 3228 (II
3194 3159 3320 3229 Reg.
3373 3160 3523 3231 χχι),
3572 3161 3737 3216 etiam

2143 3249 2333 3291 eorum
2365 3251 2593 3307 corpora
2624 3237 2718 3310 qui
2754 3238 2822 3292 ad
2877 3239 3187 3294 consultum
3239 3241 3458 3298 Domini
3516 3251 3740 3315 propter

2139 3331 2424 3394 peccatum
2455 3325 2604 3391 Saul,
2638 3326 2708 3381 ob
2739 3326 2886 3398 quod
2916 3325 3060 3383 facta
3097 3335 3180 3382 est
3237 3328 3412 3387 fames
3458 3331 3516 3386 in
3546 3332 3740 3389 diebus

2140 3412 2314 3467 David
2343 3413 2518 3468 tribus
2539 3414 2695 3469 annis
2719 3415 2940 3486 jugiter,
2975 3414 3220 3472 crucifixi
3247 3417 3484 3488 fuerant,
3541 3421 3742 3477 lauda-

2140 3500 2318 3556 biliter
2333 3510 2458 3557 sunt
2489 3503 2758 3558 custodita
2785 3519 2816 3558 a
2873 3505 3180 3560 concubina
3228 3506 3380 3574 Saul,
3413 3524 3483 3564 ne
3519 3509 3736 3566 lacera-

2139 3596 2328 3646 rentur
2358 3591 2428 3645 ab
2459 3591 2650 3647 avibus
2679 3609 2782 3663 per
2811 3591 2974 3662 diem,
2994 3609 3172 3665 neque
3201 3609 3234 3649 a
3281 3595 3482 3652 bestiis
3510 3613 3612 3668 per
3640 3614 3744 3654 no-

2139 3686 2301 3746 ctem,
2333 3679 2511 3736 donec
2534 3679 2761 3736 stillaret
2785 3695 2925 3753 aqua
2957 3697 3120 3754 super
3149 3698 3244 3738 eos
3275 3683 3346 3740 de
3376 3685 3516 3742 ccelo
3550 3703 3566 3742 :
3623 3687 3738 3744 sic-

2139 3785 2246 3839 que
2275 3768 2486 3841 sepulta
2515 3778 2640 3824 sunt
2659 3785 2785 3826 cum
2813 3770 3031 3826 ossibus
3060 3771 3188 3827 Saul
3245 3779 3296 3828 et
3343 3774 3610 3832 Jonathe.
3669 3777 3739 3832 Et

2137 3857 2192 3911 in
2220 3857 2522 3932 Evangelio
2552 3859 2785 3931 legimus
2815 3859 2960 3931 quia,
3005 3868 3226 3932 petente
3254 3863 3476 3934 Ioseph,
3535 3864 3739 3920 Pilatus

2131 3946 2295 4016 jussit
2324 3947 2482 4003 reddi
2513 3963 2714 4019 corpus
2733 3948 2952 4004 Domini
2977 3950 3128 4020 Jesu,
3168 3967 3331 4022 quem
3376 3952 3530 4023 quasi
3584 3953 3740 4010 nefa-

2136 4034 2278 4089 rium
2308 4037 2614 4107 petentibus
2641 4036 2842 4093 Judaeis
2871 4037 3122 4108 crucifigi
3166 4039 3494 4107 adjudicavit
3520 4041 3740 4112 (Matth.

2144 4124 2362 4194 xxvu):
2390 4125 2535 4179 unde
2561 4129 2618 4180 et
2645 4142 2778 4181 cum
2805 4127 3035 4197 iniquis,
3061 4127 3362 4182 secundum
3378 4128 3736 4200 Scripturam,

2135 4212 2440 4282 deputatus
2470 4217 2558 4268 est
2584 4212 2714 4283 (Isa.
2747 4211 2897 4279 LIII).
2929 4213 2998 4267 Et
3056 4213 3251 4280 Judai,
3285 4230 3355 4270 ne
3392 4226 3740 4273 remanerent

2135 4299 2299 4356 etiam
2347 4301 2733 4357 sceleratorum
2799 4317 3032 4373 corpora
3083 4302 3140 4356 in
3172 4317 3336 4359 cruce
3391 4304 3479 4360 die
3529 4306 3738 4362 sabbati

2135 4389 2430 4457 inhumata,
2465 4390 2809 4446 obtinuerunt
2836 4406 2870 4446 a
2899 4391 3065 4446 Pilato
3101 4392 3390 4465 (Lue.xx1)
3411 4402 3469 4449 ut
3502 4393 3729 4466 frange-

434 4511 488 4560 et
518 4505 684 4560 item:
712 4505 893 4562 Sinite
944 4480 1209 4577 parvulos
1253 4503 1445 4558 venire
1489 4501 1561 4556 ad
1599 4515 1710 4566 me,
1752 4503 1807 4554 et
1862 4500 2039 4556 nolite
2068 4486 2327 4577 Diem“?
2355 4488 2822 4577 eorumﬁmréie‘
2869 4480 3206 4537 ίουθτθηιυτο
3273 4482 3342 4538 Εἴ
3387 4483 3732 4577 δξιῑίξζιξοτυω

426 4595 717 4666 prohibere
748 4609 836 4649 eos
878 4593 1101 4665 (Matth.
1130 4592 1276 4663 xix).
1329 4590 1561 4646 Obviam
1608 4588 1769 4644 etiam
1801 4589 2034 4644 decretis

431 4682 630 4748 Siricii,
665 4682 882 4752 Leonis,
909 4681 1134 4749 Gelasii,
1170 4689 1223 4737 et
1254 4680 1493 4736 Africani
1524 4678 1759 4736 concilii.
1784 4678 1926 4734 Nam
1964 4678 2034 4733 de

433 4770 728 4826 infantibus
759 4770 1115 4842 baptizandis,
1149 4771 1238 4843 qui
1251 4770 1493 4825 nondum
1510 4767 1767 4840 baptizati
1795 4781 2033 4822 noscun-

431 4867 537 4929 tur,
571 4859 781 4931 quoties
810 4859 1108 4915 necessitas
1140 4859 1402 4930 exegerit,
1437 4858 1631 4930 regula
1662 4855 2034 4912 ecclesiastica

428 4965 528 5020 per
557 4948 772 5003 beatum
805 4948 1060 5004 Siricium
1090 4955 1173 5003 est
1203 4949 1453 5018 prolata;
1483 4947 1637 5014 cujus
1668 4945 1873 5017 regulae
1895 4959 2032 5000 con-

431 5037 604 5093 clusio
633 5044 845 5093 constat
872 5038 978 5093 hoc
1006 5037 1171 5092 modo
1202 5035 1408 5108 (Siric.,
1443 5037 1608 5105 epist.
1646 5039 1694 5100 1,
1721 5034 1794 5090 ad
1838 5036 2031 5090 Hime-

428 5127 606 5194 rium)
640 5145 699 5181 ζα
731 5127 888 5182 Nunc
900 5125 1183 5198 praefatam
1198 5125 1445 5197 regulam
1463 5139 1653 5178 omnes
1690 5130 1912 5178 teneant
1933 5138 2028 5177 sa-

431 5215 702 5282 cerdotes,
751 5215 841 5286 qui
889 5216 1078 5270 nolunt
1118 5215 1187 5269 ab
1259 5212 1570 5285 apostolicae
1625 5219 1811 5283 petrae,
1864 5227 2032 5282 super

431 5319 594 5376 quam
629 5303 877 5358 Christus
917 5303 1282 5360 universalem
1339 5300 1640 5358 construxit
1699 5300 2026 5368 Ecclesiam,

428 5393 702 5448 soliditate
723 5393 924 5449 divelli.
966 5412 987 5445 ι
1022 5393 1091 5447 Et
1112 5393 1166 5448 S.
1200 5393 1310 5447 Leo
1330 5392 1489 5460 hujus
1518 5389 1709 5444 salutis
1757 5389 2029 5462 singulare

425 5481 744 5553 praesidium
765 5482 912 5538 nullo
941 5489 1186 5552 tempore
1215 5496 1456 5553 unquam
1485 5478 1750 5550 denegari
1789 5479 2029 5536 decrevit

431 5571 515 5642 (S.
549 5571 678 5639 Leo,
703 5573 865 5642 epist.
897 5575 984 5639 92,
1003 5572 1074 5628 ad
1106 5572 1369 5642 Rustic).

2139 4569 2356 4624 Patrum
2405 4570 2629 4643 regulae,
2657 4570 2821 4626 etiam
2851 4586 3038 4626 eorum
3084 4585 3318 4641 corpora
3347 4570 3438 4642 qui
3465 4571 3570 4626 sibi
3585 4589 3725 4644 quo-

2135 4657 2266 4712 libet
2285 4659 2449 4714 modo
2480 4667 2712 4715 mortem
2740 4659 3059 4726 intulerunt,
3089 4657 3178 4715 vel
3209 4658 3300 4730 qui
3329 4674 3431 4730 pro
3461 4659 3577 4716 suis
3603 4677 3728 4718 sce-

2134 4747 2336 4803 leribus
2361 4747 2673 4819 puniuntur,
2706 4749 2777 4804 ad
2807 4748 3162 4820 sepulturam,
3195 4747 3320 4803 licet
3349 4747 3468 4804 sine
3513 4749 3730 4821 hymnis

2136 4839 2188 4886 et
2216 4832 2459 4903 psalmis,
2492 4832 2696 4889 deferri
2725 4831 3067 4904 praecipiunt,
3102 4839 3152 4886 et
3182 4846 3294 4887 non
3334 4832 3618 4905 sepultura
3669 4835 3727 4890 in

2133 4927 2294 4976 vente
2323 4921 2517 4977 matris
2560 4921 2820 4987 omnium,
2880 4920 2936 4975 id
2989 4926 3072 4976 est
3100 4925 3279 4989 terra,
3331 4935 3520 4980 carere
3567 4922 3726 4980 etiam

2134 5007 2324 5066 talium
2353 5011 2619 5067 cadavera
2646 5017 3045 5082 praeceperunt.

2754 5115 2978 5172 CAPUT
3006 5116 3104 5172 IX.

2135 5204 2286 5272 Quod
2313 5206 2377 5262 de
2415 5206 2501 5263 his
2541 5205 2861 5280 excessibus
2881 5207 3144 5280 monenti
3169 5208 3604 5280 metropolitano
3629 5223 3728 5266 suo

2662 5277 2880 5334 obedire
2915 5278 3192 5350 neglexit.

2200 5383 2404 5452 (Hinc.,
2421 5400 2508 5456 ep.
2531 5384 2646 5455 35.)
2668 5383 2804 5454 Quae
2819 5385 3048 5442 audiens
3065 5385 3415 5443 vehementer
3435 5385 3714 5453 exhorrui,

2129 5479 2181 5527 et
2210 5471 2438 5543 proinde
2468 5473 2535 5528 ad
2563 5489 2686 5528 eum
2715 5474 3127 5547 metropolitana
3156 5475 3518 5532 sollicitudine
3547 5473 3720 5531 semel

2128 5567 2182 5618 et
2212 5561 2452 5620 secundo
2479 5561 2686 5622 litteras
2713 5563 2859 5636 misi,
2890 5578 3119 5623 monens
3150 5571 3203 5622 et
3229 5564 3448 5622 hortans
3493 5563 3644 5625 illum
3662 5570 3720 5624 ut
