4174 6332
446 348 552 401 575

1333 342 1677 400 HINCMARI
1705 338 2103 398 RHEMENSIS
2132 339 2684 399 ARCHIEPISCOPI.

3641 349 3743 403 576

442 477 553 524 tam
583 467 911 524 exitiabilem
941 467 1578 535 excommunicationem,
1638 475 1690 523 et
1739 466 2030 539 impietatis
2065 465 2312 528 Ameum
2347 482 2535 539 sapere
2564 476 2617 523 et
2644 483 2809 539 posse
2859 468 2927 523 ad
2979 468 3081 525 Dei
3137 467 3498 536 voluntatem,
3559 478 3613 526 et
3667 471 3739 527 ad

444 556 848 629 colligationem
877 557 934 611 in
979 573 1139 612 suum
1160 565 1213 612 et
1266 556 1554 611 multorum
1611 556 1911 627 periculum
1961 560 2046 614 in-

445 651 722 713 tentatam,
756 648 1077 717 quantocius
1099 646 1356 701 solveret.
1392 645 1502 700 Sed
1550 646 1621 699 ad
1677 645 2045 703 obediendum

447 749 572 789 eum
627 733 859 790 invitare
905 752 1015 792 non
1071 733 1237 791 valui.
1287 733 1422 787 Cum
1478 740 1697 788 sanctus
1737 734 2043 791 Bonifacius

443 821 739 892 explanans
769 824 1067 895 capitulum
1094 821 1302 878 Nicani
1314 821 1530 878 concilii
1561 822 1709 887 (can.
1745 822 1833 892 l3)
1863 825 1931 878 ad
1951 824 2045 878 Hi-

440 905 637 964 larium
679 911 1099 968 Narbonensem
1147 911 1462 981 episcopum
1521 910 1662 964 dicat
1717 909 1904 983 (epist.
1938 912 2039 983 3):

449 1017 471 1047 α
504 997 765 1055 Advertet
813 1000 1069 1068 charitas,
1132 999 1269 1053 adeo
1314 1013 1417 1052 nos
1463 1012 1731 1052 canonum
1768 1007 2044 1072 pracepta

444 1100 687 1153 servare,
721 1094 780 1142 ut
809 1087 881 1142 ita
930 1087 1239 1144 constitutio
1297 1100 1512 1157 quoque
1558 1093 1739 1139 nostra
1796 1087 2040 1154 difiiniat,

444 1181 709 1244 quatenus
736 1175 1134 1247 metropolitani
1153 1174 1236 1229 sui
1265 1189 1606 1245 unaquaque
1667 1175 1944 1245 provincia
1986 1177 2042 1230 in

444 1262 698 1318 omnibus
728 1264 895 1319 rebus
924 1263 1322 1319 ordinationem
1368 1277 1588 1332 semper
1645 1270 1878 1333 expetat.
1919 1288 1940 1313 η
1973 1265 2043 1320 Et

442 1350 553 1405 Leo
610 1351 680 1405 ad
760 1352 1106 1408 Theodorum
1179 1349 1604 1420 Forojuliensem
1681 1351 2039 1422 episcopum:

438 1458 470 1488 ι
504 1437 914 1506 Sollicitudinis,
949 1439 1142 1511 inquit,
1179 1446 1283 1494 tua
1311 1438 1359 1493 is
1392 1439 1530 1494 ordo
1570 1455 1694 1494 esse
1750 1440 2036 1508 debuerat,

440 1531 499 1580 ut
527 1541 650 1581 cum
677 1527 1097 1598 metropolitano
1127 1535 1220 1582 tuo
1273 1527 1342 1581 de
1387 1541 1453 1582 eo
1484 1527 1628 1597 quod
1686 1529 2040 1599 quarendum

439 1629 563 1669 esse
617 1614 923 1682 videbatur,
974 1614 1253 1671 conferres
1290 1632 1305 1669 :
1365 1614 1493 1686 quia
1512 1614 1568 1669 in
1598 1615 1779 1670 causis
1800 1632 1921 1688 qua
1969 1617 2040 1672 ad

439 1701 751 1774 generalem
780 1704 1187 1759 observantiam
1216 1702 1508 1774 pertinent,
1532 1703 1773 1758 omnium
1821 1704 2040 1760 Domini

440 1789 807 1859 sacerdotum,
837 1791 970 1846 nihil
1000 1792 1117 1847 sine
1138 1790 1458 1863 primatibus
1502 1799 1715 1862 oportet
1740 1792 1970 1862 impleri.
2010 1812 2033 1842 ι
2058 1820 2112 1879 Β

437 1877 656 1933 Certum
696 1888 780 1935 est
828 1880 972 1936 enim
1002 1879 1260 1952 quoniam
1299 1879 1394 1934 illa
1439 1896 1560 1951 qua
1605 1880 1674 1935 de
1702 1880 2039 1952 baptizandis

436 1967 697 2037 parvulis,
729 1976 783 2023 et
811 1969 879 2023 de
909 1968 1096 2023 ultima
1115 1968 1454 2040 poenitentia,
1490 1976 1543 2023 et
1571 1968 1768 2024 viatico
1813 1985 2039 2025 munere

437 2070 501 2110 ac
529 2063 874 2112 mortuorum
912 2056 1186 2127 sepultura
1215 2056 1349 2111 nulli
1378 2056 1723 2129 deneganda,
1774 2073 1838 2111 ex
1869 2056 2038 2113 sacris

439 2142 644 2214 regulis
670 2144 741 2198 ad
768 2160 895 2199 eum
942 2144 1293 2215 scripseram,
1353 2145 1420 2198 ad
1471 2145 1786 2217 generalem
1841 2144 2038 2201 obser-

440 2232 679 2287 vantiam
700 2232 917 2288 Domini
938 2233 1286 2289 sacerdotum
1329 2233 1620 2303 pertinent.
1681 2233 1881 2288 Contra
1916 2250 2038 2305 qua

436 2335 771 2392 prasumere
799 2336 911 2377 non
939 2320 1217 2390 debuerat,
1242 2329 1296 2376 et
1350 2320 1656 2391 inconsulto
1700 2338 2037 2392 praesumens

438 2407 602 2463 etiam
630 2409 700 2464 ad
728 2407 957 2479 primam
984 2407 1463 2465 commonitionem
1492 2424 1557 2464 ex
1590 2409 1907 2482 evangelica
1942 2426 2036 2465 ve-

438 2495 617 2563 ritate,
650 2504 704 2551 et
741 2497 1039 2568 apostolica
1086 2505 1247 2569 atque
1283 2498 1546 2553 canonica
1606 2497 1938 2565 auctoritate,
1983 2506 2036 2553 et

440 2599 508 2640 ex
525 2584 764 2640 decretis
786 2585 1102 2656 apostolica
1133 2585 1280 2640 sedis
1334 2585 1651 2657 pontificum
1713 2586 2035 2659 promulga-

436 2680 548 2728 tam
576 2673 709 2727 mihi
739 2674 1104 2745 qualicunque
1160 2674 1578 2745 metropolitano
1613 2690 1712 2729 suo
1766 2674 2033 2743 suadenti,

438 2767 498 2815 ut
529 2762 751 2817 easdem
764 2762 1136 2835 colligationes
1156 2761 1443 2834 impietatis
1463 2763 1808 2828 dissolveret,
1866 2764 2034 2819 obau-

439 2848 559 2904 dire
589 2849 873 2917 debuerat,
905 2859 1091 2906 sancto
1112 2852 1292 2906 Leone
1321 2851 1649 2907 decernente
1673 2867 1686 2906 :
1725 2872 1746 2901 α
1774 2850 1897 2920 Qui,
1958 2852 2035 2906 in-

437 2943 651 3016 quiens,
679 2945 780 3001 scit
808 2961 867 3000 se
901 2945 1225 3016 quibusdam
1253 2946 1623 3017 prapositum,
1666 2963 1776 3003 non
1804 2947 2034 3004 moleste

435 3032 577 3089 ferat
605 3033 837 3105 aliquem
860 3034 962 3088 sibi
1000 3050 1123 3089 esse
1162 3034 1465 3105 pralatum,
1515 3036 1613 3090 sed
1667 3036 2034 3091 obedientiam

437 3136 597 3193 quam
625 3122 811 3195 exigit,
838 3122 999 3178 etiam
1025 3123 1143 3193 ipse
1175 3123 1466 3194 dependat.
1489 3125 1557 3177 Et
1585 3124 1722 3179 sicut
1755 3140 1865 3179 non
1919 3125 2033 3180 vult

2149 554 2299 627 regis
2328 550 2592 624 salutem,
2637 564 2690 612 et
2731 557 2801 611 ad
2851 564 3163 613 statum.....
3219 558 3288 612 ad
3342 573 3519 613 meam
3568 558 3738 630 ipsius

2149 643 2379 699 salutem
2411 645 2477 698 H.
2517 669 2537 693 n
2560 646 2692 700 Cum
2721 644 2918 700 Africa
2966 645 3261 718 provincia
3291 661 3530 702 canones
3556 647 3740 702 dicant

2147 731 2296 803 (can.
2324 733 2413 803 86)
2446 751 2459 787 :
2496 755 2518 780 α
2554 733 2896 788 Posteriores
2925 733 3168 805 episcopi
3190 734 3556 789 anterioribus
3586 735 3738 791 defe-

2145 825 2286 884 rant,
2319 835 2419 874 nec
2438 819 2519 874 eis
2548 820 2865 875 inconsultis
2895 821 3099 893 aliquid
3127 838 3294 894 agere
3323 830 3670 893 prasumant.
3712 847 3732 871 η

2143 907 2213 961 Ει
2242 922 2479 962 canones
2511 908 2835 963 Antiocheni
2876 909 3099 964 decerni
3154 910 3630 981 metropolitanum
3685 917 3738 966 et

2144 995 2352 1050 honore
2403 996 2735 1066 pracellere,
2789 1004 2841 1052 et
2887 996 3018 1051 nihil
3075 997 3306 1069 amplius
3360 1005 3558 1068 prater
3612 1014 3738 1053 eum

2144 1090 2372 1138 cateros
2426 1084 2715 1154 episcopos
2772 1100 2960 1158 agere,
3022 1087 3323 1142 secundum
3371 1082 3648 1158 entiquam
3704 1102 3737 1142 a

2143 1171 2390 1226 Patribus
2410 1173 2612 1228 nostris
2629 1173 2880 1245 regulam
2911 1174 3276 1245 constitutam,
3310 1173 3415 1229 nisi
3444 1190 3510 1229 ea
3529 1182 3736 1230 tantum

2143 1276 2265 1331 qua
2292 1260 2361 1314 ad
2390 1276 2546 1315 suam
2588 1262 2870 1318 diacesim
2899 1263 3189 1333 pertinent,
3245 1263 3734 1335 possessionesque

2143 1348 2436 1418 subjectas.
2467 1349 2536 1405 Et
2566 1349 2613 1404 si
2634 1366 2734 1420 pro
2764 1350 2946 1422 aliqua
2974 1367 3108 1424 erga
3146 1367 3206 1406 se
3252 1366 3435 1419 causa,
3475 1352 3563 1408 vel
3604 1367 3735 1408 con-

2141 1436 2379 1491 tentione
2410 1436 2653 1492 sedanda
2682 1439 2805 1493 huic
2838 1437 3166 1509 professioni
3222 1439 3561 1510 subscripsit,
3618 1440 3735 1495 sine

2141 1525 2539 1596 metropolitani
2585 1534 2765 1582 tamen
2817 1534 2872 1581 et
2912 1527 3364 1598 coepiscoporum
3412 1528 3734 1583 Rhemensis

2140 1613 2783 1684 provinciaconscientia
2813 1615 2868 1670 id
2896 1631 3061 1687 agere
3090 1631 3201 1670 non
3234 1615 3517 1671 debuerat.
3577 1616 3735 1672 Unde

2141 1709 2360 1757 sanctus
2391 1704 2734 1759 Innocentius
2762 1704 2834 1759 ad
2884 1704 3200 1759 Victricium
3255 1704 3573 1775 episcopum
3629 1705 3733 1760 de-

2139 1790 2311 1845 crevit
2336 1791 2526 1847 dicans
2547 1792 2732 1863 (epist.
2753 1794 2806 1863 1)
2837 1811 2849 1846 :
2888 1816 2909 1839 α
2947 1792 3003 1849 Si
3031 1809 3153 1865 qua
3181 1808 3360 1848 causa
3385 1793 3473 1848 vel
3500 1801 3731 1850 conten-

2146 1878 2320 1933 tiones
2341 1878 2482 1934 inter
2529 1879 2759 1936 clericos
2806 1888 2918 1934 tam
2973 1880 3268 1951 superioris
3322 1880 3530 1937 ordinis
3572 1896 3734 1953 quam

2143 1966 2307 2021 etiam
2334 1966 2608 2022 inferioris
2637 1967 2836 2023 fuerint
2867 1976 3073 2033 exorte,
3098 1976 3156 2023 ut
3206 1969 3506 2024 secundum
3562 1985 3733 2040 synoo

2141 2055 2271 2109 dum
2286 2055 2566 2111 Nicanam
2583 2056 2935 2127 congregatis
2979 2056 3225 2126 ejusdem
3278 2056 3574 2127 provincia
3619 2057 3735 2128 epi-

2140 2142 2320 2213 scopis
2350 2143 2593 2215 jurgium
2635 2143 2957 2200 terminetur
3002 2163 3017 2211 ;
3068 2158 3171 2200 nec
3223 2143 3384 2200 alicui
3404 2145 3563 2201 liceat
3594 2145 3735 2216 (sine

2139 2230 2454 2301 prajudicio
2482 2240 2665 2287 tamen
2687 2234 2945 2288 Romana
2971 2233 3252 2299 Ecclesia,
3288 2233 3375 2288 cui
3395 2234 3451 2287 in
3482 2233 3734 2289 omnibus

2138 2319 2317 2374 causis
2346 2320 2574 2374 debetur
2594 2319 2715 2392 [al.,
2742 2321 2895 2390 cujus
2925 2321 2980 2375 in
3019 2321 3274 2376 omnibus
3322 2321 3504 2376 causis
3547 2321 3730 2395 debet]

2136 2408 2441 2463 reverentia
2470 2407 2770 2481 custodiri],
2803 2409 3005 2464 relictis
3058 2409 3145 2463 his
3200 2410 3571 2466 sacerdotibus
3591 2454 3604 2477 ,
3639 2410 3732 2482 qui

2134 2495 2191 2549 in
2221 2496 2414 2551 eadem
2441 2496 2722 2567 provincia
2752 2497 2851 2551 Dei
2871 2496 3176 2553 Ecclesiam
3204 2506 3335 2552 nutu
3391 2498 3575 2554 divino
3631 2515 3734 2570 gu-

2137 2584 2384 2650 bernant,
2417 2585 2487 2639 ad
2519 2584 2652 2639 alias
2681 2584 2974 2641 convolare
3002 2586 3334 2656 provincias.
3356 2585 3515 2655 Quod
3536 2586 3580 2641 si
3612 2586 3733 2658 quis

2132 2671 2269 2727 forte
2285 2673 2706 2743 prasumpserit,
2740 2681 2791 2727 et
2820 2673 2887 2727 ab
2908 2673 3102 2729 ordine
3139 2674 3270 2728 cieri
3318 2674 3618 2742 submotus,
3677 2682 3731 2729 et

2133 2760 2445 2830 injurarium
2466 2777 2593 2816 reus
2622 2761 2690 2815 ab
2720 2762 2972 2816 omnibus
2995 2762 3284 2829 judicetur.
3321 2785 3344 2809 ι

2205 2847 2347 2917 Quid
2378 2849 2445 2902 sit
2474 2857 2655 2904 autem
2689 2865 2843 2904 reum
2874 2847 3196 2918 injuriarum
3219 2850 3452 2919 judicari
3481 2850 3536 2904 in
3565 2850 3660 2909 lib.
3693 2865 3729 2905 ν

2133 2936 2528 2992 Sententiarum
2556 2937 2705 2992 Pauli
2753 2938 3103 2993 ostenditur:
3141 2959 3164 2989 κ
3217 2938 3320 3008 Qui
3369 2954 3467 3010 per
3517 2939 3729 2994 calum-

2132 3025 2295 3091 niam,
2328 3025 2521 3096 inquit,
2556 3025 2768 3095 injuria
2794 3026 3063 3081 actionem
3094 3026 3341 3094 instituit,
3393 3035 3544 3082 extra
3572 3027 3728 3083 ordi-

2137 3128 2263 3168 nem
2293 3113 2568 3184 puniatur.
2598 3113 2803 3169 Omnes
2859 3114 3005 3169 enim
3052 3115 3497 3181 calumniatores,
3529 3115 3724 3182 exsilii,

444 3173 596 3193 Γπ-
633 3173 811 3195 Wo“,
844 3173 999 3178 πη---
1025 3173 1140 3193 τ--
1180 3173 1466 3194 ην-η--
1489 3173 1555 3177 _-
1586 3173 1720 3179 ---η
1755 3173 1865 3179 η---
1932 3173 2031 3180 ._--
2294 3173 2310 3184 .
3481 3173 3494 3181 .
3713 3173 3723 3182 .

437 3209 620 3282 gravis
651 3211 835 3266 oneris
858 3211 1130 3268 sarcinam
1158 3211 1322 3278 ferre,
1348 3211 1421 3266 ita
1439 3229 1548 3267 non
1577 3214 1775 3268 audeat
1805 3213 1893 3267 alii
1936 3214 2038 3268 im-
2067 3173 2116 3237 Ο
2139 3202 2225 3257 vel
2252 3201 2445 3257 insula
2471 3202 2824 3273 relegatione,
2863 3211 2956 3257 aut
2984 3202 3194 3258 ordinis
3232 3203 3524 3258 amissione
3553 3203 3732 3273 puniri

431 3298 701 3369 portabile
731 3300 950 3370 pondus
971 3300 1274 3371 imponere.
1306 3321 1329 3350 ι»
1364 3301 1432 3355 Et
1462 3317 1571 3356 non
1600 3302 1863 3357 debuerat
1908 3302 2041 3357 obli-

430 3385 565 3441 visci
593 3386 953 3456 professionis
982 3395 1034 3442 et
1064 3389 1476 3458 subscriptionis
1529 3406 1661 3458 sua,
1715 3398 1837 3445 ante
1894 3390 2038 3445 ordi-

432 3473 706 3530 nationem
768 3475 1136 3547 episcopalem
1176 3494 1189 3530 :
1234 3477 1325 3548 qui
1383 3493 1568 3532 coram
1618 3478 1775 3532 altari
1837 3485 2037 3534 sancta

432 3561 637 3630 Maria,
672 3570 724 3620 et
752 3564 961 3621 cunctis
992 3566 1082 3637 qui
1111 3565 1429 3634 adfuerunt,
1455 3582 1564 3621 non
1595 3567 1773 3622 solum
1802 3567 1871 3621 de
1901 3567 2042 3622 Rhe-

332 3672 342 3681 '
435 3651 611 3707 mensi
642 3653 890 3723 ecclesia,
924 3663 974 3709 et
1022 3655 1091 3710 de
1122 3655 1466 3711 Laudunensi
1515 3656 1787 3726 parochia,
1847 3671 2038 3710 verum

436 3746 489 3795 et
519 3740 588 3795 de
616 3741 951 3798 Rhemorum
972 3744 1257 3814 provincia
1287 3744 1581 3815 episc0pis,
1608 3752 1660 3797 et
1690 3744 1808 3798 aliis
1834 3742 2041 3798 diversi

439 3827 644 3883 ordinis
676 3829 825 3900 viris,
860 3832 1161 3887 secundum
1215 3847 1425 3888 morem
1482 3832 1806 3887 Rhemensis
1857 3832 2036 3888 eccle-

434 3915 550 3981 sia,
587 3916 723 3973 sicut
746 3918 887 3974 soliti
906 3928 1057 3975 erant
1085 3920 1329 3991 cpiscOpi
1350 3921 1633 3975 ordinandi
1674 3920 2036 3987 subscribere,

436 4012 562 4076 post
578 4005 864 4063 catholica
892 4006 1020 4064 fidei
1047 4008 1463 4080 professionem,
1499 4009 1568 4064 de
1598 4008 1910 4064 obedientia
1940 4025 2039 4064 sua

434 4090 736 4146 secundum
765 4107 953 4148 sacras
983 4094 1205 4166 regulas
1236 4108 1367 4164 erga
1395 4093 1730 4149 Rhemorum
1759 4101 2039 4165 metropo-

430 4178 599 4250 polim
617 4181 837 4252 propria
850 4198 1012 4237 manu
1041 4182 1364 4253 subscripsit
1394 4202 1407 4248 ;
1442 4183 1586 4238 unde
1619 4182 1761 4239 sacri
1789 4199 2031 4239 canones

433 4266 618 4324 dicunt
650 4286 664 4323 :
699 4290 722 4320 α
760 4270 817 4326 Si
836 4271 956 4342 quis
989 4278 1177 4327 contra
1208 4286 1363 4326 suam
1384 4271 1782 4343 professionem
1813 4288 1878 4329 ac
1909 4273 2033 4327 sub-

435 4355 783 4428 scriptionem
812 4360 1023 4415 venerit
1050 4360 1105 4415 in
1153 4361 1354 4434 aliquo,
1389 4361 1505 4433 ipse
1527 4376 1587 4417 se
1616 4363 1820 4418 honore
1850 4361 2037 4433 priva-

438 4443 534 4500 δίι.
572 4466 595 4497 »

1070 4556 1294 4611 CAPUT
1323 4556 1397 4610 Χ.

443 4640 594 4709 Quod
620 4644 963 4716 professioni
990 4644 1217 4700 cuidam
1245 4644 1577 4716 subscripsit
1592 4660 1723 4699 cum
1752 4659 2031 4701 consensu

511 4717 897 4786 episcoporum
943 4716 1194 4771 aliarum
1237 4715 1697 4788 provinciarum,
1724 4716 2029 4787 postposito

508 4788 963 4858 metropolitano.

510 4891 720 4949 Deinde
774 4892 892 4949 sine
939 4908 1095 4961 mea,
1129 4900 1181 4949 et
1210 4892 1660 4964 coepiscoporum
1706 4892 2028 4949 Rhemensis

439 4979 732 5053 provincia
760 4981 1106 5048 conscientia,
1141 4981 1196 5036 in
1225 4982 1395 5037 altera
1422 4980 1703 5051 provincia
1757 4997 2029 5038 consensu

436 5070 817 5141 episcoporum
846 5070 1075 5126 aliarum
1092 5069 1492 5142 provinciarum
1519 5069 1845 5140 professioni
1891 5072 2026 5126 sub-

438 5158 670 5230 scripsit,
711 5166 763 5214 et
790 5159 910 5231 regi
948 5159 1098 5215 dedit
1134 5176 1146 5215 :
1182 5176 1304 5230 qua
1358 5158 1429 5213 ita
1475 5175 1535 5214 se
1584 5158 1792 5215 habet:
1832 5181 1854 5211 α
1905 5161 2027 5233 Ego

375 5247 764 5304 /Hincmarus
792 5247 1167 5303 Laudunensis
1194 5248 1488 5319 episcopus
1517 5248 1586 5304 de
1632 5248 1767 5303 hora
1812 5249 1919 5305 ista
1971 5250 2027 5305 in

440 5344 601 5393 antea
628 5335 805 5392 ﬁdelis
837 5352 930 5392 ero
961 5336 1164 5392 seniori
1218 5352 1343 5392 meo
1395 5337 1616 5405 Karolo,
1677 5337 1815 5393 sicut
1863 5339 2026 5394 homo

436 5441 538 5496 per
566 5432 773 5481 rectum
818 5423 1022 5480 seniori
1051 5440 1148 5481 suo
1205 5425 1367 5482 debet
1424 5442 1565 5495 esse,
1627 5434 1681 5482 et
1738 5426 2027 5499 epis00pus

439 5513 558 5589 regi
585 5529 684 5570 suo
715 5532 729 5568 :
754 5522 809 5569 et
839 5513 917 5570 sic
928 5514 1192 5571 obediens
1204 5516 1478 5588 quomodo
1507 5518 1673 5572 homo
1692 5532 1795 5586 per
1816 5523 2028 5572 rectum

438 5601 637 5660 seniori
657 5619 758 5661 suo
771 5603 935 5662 debet
949 5619 1092 5673 esse,
1111 5612 1165 5662 et
1192 5604 1480 5678 episcopus
1509 5604 1707 5661 Christi
1727 5604 2027 5662 secundum

2138 3290 2360 3362 placuit.
2400 3310 2422 3341 ν
2448 3291 2515 3345 Et
2544 3290 2599 3344 in
2628 3290 2722 3345 lib.
2747 3306 2766 3345 ι
2810 3291 3212 3346 Sententiarum
3270 3291 3516 3360 ejusdem
3544 3291 3725 3346 Pauli:

2144 3378 2560 3434 «Calumniator
2587 3385 2687 3447 est,
2723 3379 2816 3449 qui
2844 3379 3023 3434 sciens
3058 3380 3406 3451 prudensque
3434 3396 3535 3451 per
3576 3377 3729 3435 frau-

2139 3467 2266 3522 dem
2283 3467 2563 3539 negotium
2577 3467 2740 3523 alicui
2757 3476 3037 3538 comparat
3060 3486 3075 3536 ;
3098 3476 3151 3523 et
3167 3468 3220 3522 in
3236 3467 3476 3539 prafatis
3520 3468 3724 3541 [f.,pri-

2139 3554 2300 3627 vatis]
2331 3564 2384 3610 et
2412 3556 2468 3609 in
2485 3556 2715 3626 publicis
2739 3556 2959 3625 judiciis
3012 3572 3204 3612 omnes
3255 3556 3572 3612 calumniosi
3628 3573 3725 3629 pro

2139 3644 2394 3716 qualitate
2419 3644 2643 3699 admissi
2670 3644 2995 3715 plectantur.
3034 3669 3056 3693 »ι
3092 3645 3495 3717 Interpretatio
3520 3665 3539 3700 :
3567 3669 3589 3693 ιι
3627 3644 3733 3714 Qui

2140 3740 2233 3788 aut
2256 3733 2399 3803 apud
2428 3733 2635 3788 cinctos
2666 3733 2731 3806 [Γ.
2764 3732 3007 3806 civicos],
3041 3741 3134 3789 aut
3162 3733 3309 3804 apud
3323 3734 3563 3804 privatos
3586 3734 3729 3804 judi-

2139 3837 2233 3877 ces
2262 3820 2419 3876 fuerit
2430 3821 2711 3877 calumnia
2725 3822 3029 3891 objectione
3045 3822 3380 3889 convinctus,
3404 3838 3515 3878 non
3532 3838 3729 3894 exspe-

2139 3917 2284 3965 ctate
2313 3910 2519 3965 ordinis
2549 3911 2836 3980 sententia,
2856 3919 3019 3982 prout
3049 3927 3209 3967 causa
3247 3911 3428 3979 fuerit,
3462 3911 3726 3982 supplicio

2139 3999 2416 4054 subdatur.
2456 4019 2476 4049 »
2510 4001 2578 4054 Et
2592 3999 2648 4054 in
2677 3999 3049 4070 suprascripto
3077 3999 3312 4071 capitulo
3331 4001 3524 4056 beatus
3553 4002 3720 4057 Inno-

2139 4088 2346 4145 centius
2363 4087 2493 4144 dicit
2515 4106 2528 4141 :
2566 4109 2589 4139 «
2623 4088 2681 4143 Si
2698 4096 2879 4144 autem
2893 4089 3128 4157 majores
3143 4105 3321 4144 causa
3341 4089 3397 4143 in
3411 4088 3592 4145 medio
3613 4088 3726 4144 fue-

2138 4176 2246 4232 rint
2272 4177 2540 4233 devoluta
2572 4195 2585 4231 :
2609 4177 2680 4232 ad
2709 4177 2896 4233 sedem
2915 4178 3292 4248 apostolicam,
3317 4177 3457 4233 sicut
3485 4177 3725 4248 synodus

2138 4266 2341 4333 statuit,
2365 4273 2419 4321 et
2448 4274 2600 4321 vetus
2617 4267 2950 4322 consuetudo
2962 4266 3150 4338 exigit,
3169 4273 3291 4337 post
3314 4266 3579 4335 judicium
3609 4266 3726 4338 epi-

2137 4355 2355 4426 scopale
2412 4354 2744 4410 deferantur.
2786 4379 2807 4404 n
2840 4356 2909 4410 Et
2937 4363 3155 4411 sanctus
3186 4354 3485 4426 Gregorius
3504 4355 3573 4409 ad
3602 4355 3730 4411 Vin-

2136 4444 2372 4499 centium
2402 4443 2523 4515 [al.,
2546 4442 2937 4516 Innocentium]
2968 4452 3020 4498 et
3048 4451 3274 4499 cateros
3295 4443 3603 4514 episcopos,
3660 4443 3729 4497 ait

2056 4530 2109 4589 D
2131 4531 2250 4604 (lib.
2275 4533 2568 4600 vn,ind:2,
2602 4534 2766 4603 epist.
2800 4532 2854 4603 8)
2888 4550 2900 4586 :
2939 4554 2961 4583 «π
2995 4532 3065 4589 Ut
3089 4547 3250 4587 nemo
3278 4531 3725 4603 coepiscoporum

2131 4621 2604 4692 metropolitanum
2626 4638 2784 4676 suum
2801 4629 3125 4692 postponere
3138 4621 3193 4674 in
3210 4620 3393 4691 aliquo
3404 4628 3721 4692 prasumat:

2130 4717 2358 4781 excepto
2416 4709 2462 4764 si
2520 4717 2712 4765 contra
2765 4710 3019 4765 eumdem
3088 4708 3566 4780 metropolitanum
3630 4724 3723 4764 eos

2130 4798 2328 4853 habere
2356 4798 2560 4869 aliquid
2576 4814 2757 4854 causa
2784 4814 2894 4853 non
2915 4797 3205 4871 contigerit
3235 4814 3248 4851 :
3283 4804 3340 4851 ut
3355 4797 3425 4852 ob
3455 4797 3561 4853 hoc
3576 4796 3721 4853 sedis

2130 4886 2444 4958 apostolica
2459 4886 2741 4956 judicium,
2762 4887 2809 4942 si
2825 4887 2917 4959 qui
2932 4894 3119 4958 petere
3147 4885 3421 4952 festinant,
3456 4885 3723 4941 licentiam

2129 4976 2386 5041 habeant,
2419 4976 2565 5047 quod
2586 4992 2685 5046 per
2712 4991 2952 5032 canones
2991 4976 3176 5045 etiam,
3235 4975 3584 5045 antiquorum
3628 4975 3722 5029 Pa—

2129 5072 2268 5120 trum
2285 5073 2367 5120 est
2384 5064 2716 5120 institutione
2732 5065 3077 5136 permissum.
3105 5088 3126 5114 ››
3154 5065 3294 5119 Nam
3315 5063 3385 5119 de
3415 5063 3611 5134 quibus
3630 5079 3721 5118 ca-

2128 5154 2363 5209 nonibus
2393 5153 2876 5210 etlnnocentiusct
2908 5153 3216 5226 Gregorius
3242 5154 3346 5208 hoc
3376 5151 3577 5221 dicant,
3607 5167 3722 5207 ma-

2129 5241 2477 5298 nifestissime
2507 5242 2711 5310 claret;
2769 5242 2971 5299 scilicet
3032 5243 3100 5298 de
3158 5239 3596 5307 Sardicensibus,
3656 5240 3723 5295 de

2128 5330 2322 5402 quibus
2335 5338 2388 5386 et
2407 5330 2663 5388 Gelasius
2682 5332 3041 5403 (Commonit.
3068 5331 3140 5387 ad
3158 5333 3351 5401 Faust)
3368 5371 3380 5384 .
3405 5354 3427 5379 ‹‹
3468 5329 3577 5401 Ipsi
3604 5335 3723 5384 sunt

2130 5435 2367 5476 canones
2398 5420 2490 5493 qui
2519 5420 2937 5492 appellationem
2965 5420 3129 5475 totius
3175 5419 3437 5475 Ecclesia
3465 5419 3536 5474 ad
3565 5418 3721 5487 hujus

2130 5509 2276 5565 sedis
2297 5524 2522 5566 examen
2539 5509 2763 5566 voluere
2782 5508 2982 5565 deferri
3015 5527 3028 5563 :
3060 5524 3126 5564 ac
3154 5508 3275 5580 ipsa
3304 5524 3433 5565 vero
3454 5522 3722 5579 nusquam

2129 5622 2354 5679 prorsus
2383 5606 2647 5680 appellari
2669 5607 2870 5664 debere
2899 5613 3212 5665 sensurunt.
3262 5622 3283 5657 ι»
3321 5604 3503 5661 Claret
3557 5603 3722 5679 igitur
