4174 6304
433 219 539 273 5'77

1145 217 1387 275 OPUSC.
1432 219 1523 273 ET
1579 217 1794 273 EPIST.
1845 217 1919 272 IN
1975 215 2202 272 CAUSA
2257 217 2599 274 HINCMARI
2655 218 2968 275 LAUDUN.

3636 222 3740 276 578

434 359 499 397 ex
556 341 641 396 his
707 348 1018 398 sanctorum
1094 342 1411 413 pontificum
1496 341 1796 408 sententiis,
1886 340 2030 412 quia,
2063 341 2210 402 ANe
2242 341 2370 412 quid
2416 358 2549 398 vero
2597 341 2838 413 sitquod
2885 342 3315 412 praetermissum
3347 357 3377 397 a
3409 342 3568 398 nobis
3596 343 3740 398 forte

434 446 522 485 me
565 431 889 501 postposito,
935 429 1140 498 judicio
1176 431 1264 486 vel
1311 432 1652 486 hortamento
1700 430 1951 498 aliorum,
1987 437 2040 483 et

435 518 663 572 aliarum
712 517 1114 588 provinciarum
1147 519 1548 589 episcoporum,
1583 518 1892 574 Wenilonis
1923 519 2038 572 Ro-

431 606 803 678 thomagensis
860 606 1274 678 archiepiscopi,
1338 615 1394 662 et
1452 608 1634 661 zEneae
1705 607 2038 661 Parisiorum

436 694 695 764 episcopi,
731 694 848 748 sine
878 710 1000 749 mea
1029 703 1082 749 et
1101 695 1553 764 coepiscoporum
1576 694 1898 750 Rhemensis
1919 709 2042 764 pro-

431 782 626 837 vinciae
654 782 1004 849 conscientia,
1037 781 1276 851 praefatae
1306 782 1631 852 professioni
1662 783 2034 847 subscribere,

437 877 489 924 et
515 870 631 941 regi
661 869 796 923 dare
825 886 934 924 non
965 870 1168 924 debuit.
1194 871 1331 924 Nam
1364 871 1465 926 etsi
1495 879 1686 926 contra
1716 887 1804 925 me
1835 869 2037 941 aliquid

436 957 688 1023 habebat,
721 973 813 1012 aut
841 957 1192 1028 apostolicam
1214 960 1402 1014 sedem
1424 959 1593 1024 adire,
1617 966 1705 1012 aut
1724 958 2038 1029 petitionem

432 1045 661 1101 veritate
692 1045 880 1101 sub....
920 1045 1045 1118 [leg.
1071 1044 1294 1102 videtur
1315 1047 1618 1118 subnixam]
1637 1048 1896 1102 debuerat
1915 1047 2039 1100 mit-

434 1141 570 1200 tere,
604 1141 655 1188 et
686 1149 795 1188 non
823 1151 912 1189 me
942 1135 1263 1205 postposito,
1312 1135 1518 1204 judicio
1547 1136 1634 1192 vel
1665 1134 1892 1190 consilio
1923 1134 2038 1205 epi-

435 1237 722 1293 scoporum
772 1222 1004 1276 aliarum
1045 1223 1452 1293 provinciarum
1480 1223 1535 1278 in
1565 1223 1732 1278 altera
1763 1222 2038 1293 provincia

433 1310 830 1382 professionem
863 1319 918 1366 et
947 1311 1397 1381 subscriptionem
1425 1312 1543 1383 regi
1575 1312 1881 1384 porrigere.

1056 1427 1279 1481 CAPUT
1309 1427 1404 1481 XI.

443 1513 591 1584 Quod
620 1515 877 1587 ineptam
908 1513 1260 1587 decretorum
1290 1517 1679 1570 collectionem
1699 1517 2032 1587 composuit,

761 1585 1045 1656 eidemque
1077 1586 1321 1640 indebite
1343 1587 1694 1656 subscripsit.

501 1673 628 1728 Post
656 1673 774 1728 haec
805 1689 1055 1744 quaerens
1086 1673 1501 1728 adinventiones
1531 1681 1589 1727 ut
1613 1691 1672 1728 se
1699 1689 1731 1728 a
1761 1683 2033 1744 metropo-
2054 1699 2106 1758 Β

434 1760 597 1815 litana
628 1761 966 1829 subjectione
987 1768 1170 1831 posset
1199 1777 1419 1828 exuere,
1439 1762 1678 1816 libellum
1700 1763 1766 1817 de
1785 1763 2035 1834 antiquo-

433 1865 550 1904 rum
580 1851 799 1904 Patrum
829 1850 1050 1920 scriptis
1091 1859 1216 1905 ante
1249 1866 1440 1906 sacros
1469 1851 1706 1907 Nicaeus:
1737 1851 1950 1922 synodi,
1983 1858 2037 1905 et

432 1937 662 1992 aliorum
692 1946 1003 1993 sanctorum
1024 1953 1264 1993 canones
1295 1939 1452 1994 editis
1482 1939 1702 2010 collegit
1727 1956 1738 1991 :
1761 1940 1818 1993 in
1840 1939 2036 2009 quibus

436 2026 730 2082 sententias
760 2026 903 2081 inter
935 2042 994 2081 se
1025 2026 1299 2093 dissonas,
1334 2035 1386 2081 et
1416 2036 1606 2082 contra
1637 2027 2033 2098 evangelicam,

436 2120 487 2169 et
517 2114 869 2184 apostolicam
900 2122 1062 2186 atque
1094 2115 1437 2185 catholicam,
1465 2124 1518 2172 et
1547 2116 1863 2186 apostolicae
1893 2116 2037 2170 sedis

437 2202 807 2258 auctoritatem
849 2203 1182 2270 immiscuit;
1217 2211 1268 2258 et
1318 2203 1496 2259 eidem
1541 2203 1726 2258 libello
1770 2204 1887 2259 sine
1913 2220 2034 2259 me-

438 2291 770 2360 tropolitani,
805 2298 858 2346 et
899 2292 1351 2362 coepiscoporum
1389 2291 1714 2348 Rhemensis
1741 2292 2036 2363 provinciae

437 2379 774 2434 conscientia
804 2387 856 2433 et
887 2395 1162 2434 consensu
1193 2381 1537 2452 subscripsit,
1570 2389 1622 2436 et
1650 2396 1683 2436 a
1709 2381 1923 2437 clericis
1953 2397 2038 2437 ec-

436 2466 616 2522 clesiae
660 2483 793 2531 sum,
844 2484 944 2522 nec
989 2484 1100 2522 non
1147 2476 1199 2524 et
1243 2484 1275 2523 a
1302 2469 1650 2539 parochianis
1699 2470 2034 2540 presbyteris

435 2555 706 2612 subscribi
755 2554 915 2622 fecit;
947 2572 1072 2612 cum
1110 2557 1305 2612 Africae
1335 2558 1632 2628 provinciae
1676 2573 1916 2613 canones
1947 2558 2034 2612 di-

434 2651 557 2699 cant
583 2645 762 2714 (conc.
797 2646 942 2715 Afr.,
975 2661 1024 2701 c.
1059 2649 1160 2713 53;
1194 2648 1446 2712 Milevit.,
1479 2662 1597 2717 cap.
1635 2651 1719 2702 13.
1743 2648 1867 2703 Cod.
1903 2664 2031 2702 can.

435 2733 569 2788 eccl.
603 2733 780 2804 Afric.
807 2747 927 2788 can.
953 2734 1042 2805 86)
1069 2752 1082 2788 :
1111 2757 1132 2782 u
1161 2735 1500 2790 Posteriores
1531 2735 1774 2806 episcOpi
1805 2735 2035 2790 anterio-

433 2820 587 2876 ribus
643 2821 908 2891 deferant,
969 2838 1070 2877 nec
1125 2823 1205 2877 eis
1261 2823 1582 2878 inconsultis
1626 2823 1831 2895 aliquid
1869 2839 2035 2895 agere

431 2917 811 2980 praesumant:
844 2917 896 2964 et
949 2910 1040 2981 qui
1095 2912 1383 2981 putaverit,
1456 2911 1656 2982 spretis
1715 2912 2033 2982 majoribus,

432 2997 636 3069 aliquid
680 2999 1138 3070 praesumendum,
1189 3008 1560 3071 competenter
1608 3017 1730 3056 esse
1774 3001 1846 3055 ab
1888 3001 2036 3055 omni

433 3086 662 3142 concilio
719 3087 1106 3144 coercendum.
1142 3108 1164 3137 ι
1198 3089 1267 3142 Et
1305 3088 1700 3143 Antiochenum
1743 3090 2031 3145 concilium

434 3174 679 3230 decernit
710 3177 860 3245 (can.
897 3178 952 3246 9)
978 3193 990 3229 :
1020 3197 1043 3226 α
1081 3177 1555 3247 Metropolitanum
1586 3186 1638 3232 et
1661 3179 1867 3232 honore
1896 3194 2036 3249 prae-

429 3263 648 3331 cellere,
679 3272 734 3318 et
762 3264 895 3318 nihil
923 3264 1153 3335 amplius
1185 3273 1384 3335 praeter
1414 3281 1536 3320 eum
1567 3273 1792 3322 cateros
1821 3266 2032 3337 episco-

429 3367 534 3422 pos
565 3367 752 3425 agere,
789 3353 1090 3413 secundum
1139 3354 1418 3425 antiquam
1449 3354 1695 3425 regulam
1725 3371 1758 3410 a
1786 3355 2032 3411 Patribus

431 3441 795 3508 constitutam,
827 3441 932 3496 nisi
962 3458 1028 3496 ea
1057 3449 1264 3496 tantum
1303 3459 1424 3514 quae
1455 3443 1524 3497 ad
1553 3459 1703 3498 suam
1750 3443 2032 3499 dioecesim

430 3529 718 3599 pertinent,
742 3530 1232 3602 possessionesque
1261 3532 1553 3600 subjectas.
1588 3553 1611 3583 ι
1636 3531 1706 3587 Et
1736 3533 1792 3588 S.
1825 3534 1933 3588 Leo
1965 3533 2033 3588 ad

431 3617 778 3674 Theodorum
877 3619 1306 3689 Forojuliensem
1392 3620 1709 3692 episcopum
1788 3621 2032 3678 decrevit

432 3706 618 3777 (epist.
644 3711 672 3759 9
687 3707 734 3778 ι)
755 3725 768 3761 :
797 3728 820 3758 ε
839 3706 979 3774 Quia
997 3707 1053 3762 in
1074 3707 1253 3764 causis
1270 3725 1390 3780 quae
1411 3709 1480 3763 ad
1501 3709 1818 3780 generalem
1839 3711 2030 3765 obser-

429 3795 667 3850 vantiam
692 3795 968 3866 pertinent
994 3797 1236 3851 omnium
1267 3797 1485 3852 Domini
1508 3799 1874 3866 sacerdotum,
1897 3798 2030 3855 nihil

431 3882 551 3938 sine
579 3884 900 3954 primatibus
931 3893 1146 3956 oportet
1176 3885 1412 3957 impleri.
1452 3907 1473 3936 ι

505 3972 564 4026 In
589 3988 695 4043 quo
733 3972 920 4028 libello
956 3990 1080 4029 cum
1100 3974 1219 4029 aliis
1254 3976 1508 4042 diversis,
1551 3985 1604 4032 et
1639 3977 1742 4031 sibi
1781 3978 2028 4034 adversis

430 4061 709 4116 sententiis
737 4062 1078 4132 subscripsit,
1113 4071 1165 4118 et
1189 4078 1221 4118 a
1248 4064 1464 4120 clericis
1493 4066 1770 4135 parochias
1793 4067 2032 4122 subscri-

428 4147 484 4202 bi
511 4147 656 4219 fecit,
680 4149 809 4222 quia
837 4166 947 4205 non
974 4159 1202 4221 possunt
1231 4153 1475 4223 episcOpi
1502 4155 1738 4208 humano
1769 4155 2028 4210 condem-

427 4237 550 4292 nari
579 4239 844 4309 examine,
879 4255 1014 4311 quos
1062 4242 1210 4297 Deus
1258 4257 1356 4296 suo
1385 4243 1684 4298 reservavit
1702 4243 1927 4311 judicio.
1959 4245 2027 4298 Et

424 4324 572 4392 item,
604 4334 663 4381 ut
685 4349 707 4375 α
732 4334 923 4384 vocata
952 4327 1210 4399 episcopo
1243 4330 1504 4385 canonice
1532 4330 1589 4385 in
1616 4331 1741 4386 loco
1771 4331 2025 4386 omnibus

2147 430 2415 497 videatur,
2448 430 2631 485 omnia
2659 431 2954 485 decretalia
2992 431 3280 486 constituta
3308 440 3418 486 tam
3449 432 3624 487 beatae
3655 448 3746 486 re-

2144 519 2478 573 cordationis
2525 518 2845 584 Innocentii,
2897 535 3057 589 quam
3101 520 3341 574 omnium
3390 521 3742 576 decessorum

2137 614 2466 671 nostrorum,
2498 623 2618 678 quae
2647 607 2716 661 de
2739 606 3124 662 ecclesiasticis
3153 608 3449 674 ordinibus,
3487 617 3538 662 et
3569 623 3742 664 cano-

2136 711 2266 748 num
2314 695 2664 766 promulgata
2717 703 2843 748 sunt
2874 695 3195 765 disciplinis,
3225 695 3301 751 ita
3330 711 3363 750 a
3390 704 3570 752 vestra
3598 697 3740 752 dile-

2138 783 2316 838 ctione
2339 783 2604 838 custodiri
2633 784 2838 838 debere
2867 784 3214 853 mandamus,
3249 791 3305 837 ut
3339 784 3384 838 si
3416 785 3538 854 quis
3566 785 3623 838 in
3650 785 3745 840 illa

2137 871 2491 937 commiserit,
2517 871 2731 927 veniam
2762 872 2866 926 sibi
2886 872 3145 942 deinceps
3175 873 3386 926 noverit
3408 873 3688 944 denegari.
3715 897 3737 922 ιν

2135 959 2205 1013 Ει
2222 960 2297 1013 ita
2319 960 2671 1030 subscripsit:
2691 985 2712 1008 «
2733 961 3076 1026 Hincmarus,
3102 962 3216 1015 Deo
3242 960 3558 1027 miserante,
3576 962 3747 1018 eccle-

2137 1047 2231 1102 siae
2252 1048 2625 1102 Laudunensis
2648 1049 2958 1119 episcopus,
2985 1049 3070 1102 his
3105 1057 3415 1104 sanctorum
3436 1049 3746 1120 apostolica:

2137 1135 2284 1190 sedis
2323 1138 2542 1191 Patrum
2576 1138 2811 1192 decretis
2846 1138 3341 1208 obtemperandum
3417 1139 3738 1209 subscripsi.

2137 1223 2242 1291 Qui
2272 1239 2487 1295 quoque
2503 1226 2634 1279 mihi
2664 1226 2859 1281 eodem
2889 1227 3004 1280 Deo
3034 1234 3256 1281 auctore
3284 1225 3564 1281 commissi
3593 1235 3738 1294 sunt,

2136 1319 2188 1366 et
2218 1313 2272 1366 in
2295 1313 2380 1366 his
2411 1313 2662 1367 similiter
2692 1314 2944 1379 sentiunt,
2981 1313 3196 1369 solliciti
3225 1329 3450 1370 servare
3480 1315 3740 1370 unitatem

2137 1400 2360 1470 spiritus
2390 1401 2445 1455 in
2475 1402 2690 1457 vinculo
2720 1403 2890 1473 pacis,
2918 1403 3022 1458 hac
3043 1417 3256 1458 mecum
3278 1418 3416 1472 pace
3443 1403 3740 1474 potiantur.

2137 1489 2193 1544 Si
2223 1505 2351 1544 vero
2400 1489 2568 1560 aliqui
2619 1505 2798 1556 secus,
2831 1490 3078 1545 nolentes
3111 1489 3231 1546 fieri
3259 1491 3392 1546 socii
3423 1491 3736 1559 hujusmodi

2135 1577 2455 1648 disciplinae,
2505 1593 2607 1633 nec
2665 1579 2968 1634 habeantur
3008 1579 3300 1650 participes
3341 1580 3740 1636 communionis

2135 1673 2356 1720 nostrae.
2380 1690 2401 1714 »
2419 1665 2551 1734 Quae
2563 1667 2865 1736 praemissae
2879 1665 3220 1722 definitiones
3232 1668 3298 1721 ab
3315 1683 3382 1722 eo
3395 1669 3738 1739 subscripta,

2137 1768 2298 1825 quam
2328 1755 2434 1808 sint
2456 1755 2739 1810 contrariae
2768 1755 2906 1810 inter
2936 1771 3016 1822 se,
3050 1763 3211 1827 atque
3255 1756 3504 1811 adversae
3561 1773 3736 1813 evan-

2137 1842 2328 1914 gelicae
2375 1842 2606 1911 veritati,
2641 1851 2695 1897 et
2723 1844 3037 1914 apostolicae
3083 1844 3410 1910 auctoritati,
3455 1860 3618 1900 nemo
3647 1848 3746 1916 qui

2137 1931 2346 1984 dubitet
2378 1949 2391 1985 :
2419 1947 2543 1986 cum
2575 1931 2680 1985 sint
2705 1932 2773 1987 de
2804 1932 3079 2002 episcOpis
3109 1939 3261 1987 certa
3289 1941 3342 1986 et
3360 1933 3650 1988 manifesta
3677 1933 3735 1988 in

2136 2019 2342 2091 regulis
2371 2019 2570 2074 sanctis
2585 2019 2805 2088 judicia.
2825 2022 2892 2075 Et
2912 2021 3154 2077 delatori
3173 2025 3275 2077 aut
3298 2023 3495 2093 lingua
3514 2023 3740 2092 capula-

2140 2110 2250 2172 tur,
2276 2112 2379 2162 aut
2398 2110 2648 2164 convicto
2670 2113 2841 2179 caput
2881 2112 3190 2179 amputari,
3227 2108 3366 2164 sicut
3396 2110 3484 2165 hic
3509 2110 3739 2180 potestis

2135 2195 2324 2250 videre
2372 2196 2713 2266 subscripsit,
2763 2205 2815 2251 et
2853 2197 2945 2268 qui
2989 2213 3054 2252 ex
3103 2197 3217 2252 suis
3264 2212 3444 2265 secus,
3492 2198 3740 2255 nolentes

2137 2281 2256 2338 fieri
2282 2285 2415 2339 socii
2443 2285 2604 2354 hujus
2649 2285 2973 2356 disciplinae,
3007 2302 3117 2341 non
3157 2287 3485 2342 haberentur
3512 2288 3740 2358 partici-

2135 2388 2234 2443 pes
2263 2373 2658 2428 communionis
2687 2390 2818 2429 suae.
2852 2375 2988 2430 Cum
3018 2375 3323 2445 Cyprianus
3343 2375 3399 2430 in
3413 2375 3737 2432 abusionum

2137 2461 2419 2532 gradibus,
2455 2470 2507 2516 et
2537 2463 2885 2517 Innocentius
2915 2463 2970 2516 in
2999 2463 3237 2518 decretis
3266 2464 3380 2518 suis
3411 2480 3478 2518 ex
3509 2472 3736 2535 aposto-

2135 2549 2240 2604 lica
2271 2550 2540 2604 sententia
2581 2550 2881 2619 judiciariae
2928 2551 3186 2622 potestati
3216 2551 3460 2624 gladium
3489 2553 3739 2626 legaliter

2135 2636 2407 2693 vindicem
2449 2639 2684 2693 doceant
2729 2656 2851 2694 esse
2891 2639 3242 2710 permissum,
3277 2657 3438 2711 quem
3470 2641 3738 2697 ecclesia-

2137 2725 2284 2782 sticis
2328 2726 2588 2781 ministris
2633 2728 2720 2782 vel
2749 2727 2804 2783 in
2835 2727 2998 2796 bello,
3031 2729 3118 2784 vel
3143 2729 3199 2782 in
3247 2729 3511 2785 seditione
3559 2730 3736 2786 corri-

2135 2830 2288 2884 pere,
2319 2815 2408 2870 vel
2437 2815 2596 2870 etiam
2626 2824 2862 2886 portare,
2895 2831 2929 2872 a
2948 2817 3244 2886 majoribus
3272 2818 3474 2873 nostris
3502 2819 3738 2890 legimus

2137 2918 2246 2957 non
2288 2919 2411 2958 esse
2461 2919 2783 2959 concessum
2831 2905 2987 2973 (Vide
3044 2907 3242 2960 Anton.
3278 2907 3568 2978 Augustin.
3609 2910 3733 2965 Jur.

2137 3008 2340 3058 canon,
2373 3009 2428 3062 p.
2466 3008 2546 3058 Ill,
2579 2992 2657 3047 tit.
2692 2994 2804 3059 20).
2835 2994 2904 3048 Et
2920 2993 3184 3048 Dominus
3207 2994 3338 3050 dicit
3372 3013 3385 3048 :
3417 2997 3737 3053 Benedicite

2070 3051 2118 3113 Ο
2133 3051 2603 3136 maledic-antibus
2630 3051 2797 3150 vobis,
2823 3085 2880 3137 et
2898 3087 3055 3139 orate
3070 3099 3174 3154 pro
3191 3051 3737 3155 persequentibuset

2134 3169 2620 3225 calumniantibus
2637 3185 2727 3225 vos
2749 3171 2901 3239 (Luc.
2927 3171 3036 3240 v1);
3063 3177 3115 3225 et
3131 3172 3343 3240 Petrus,
3367 3189 3483 3229 non
3499 3173 3738 3230 redden-

2135 3259 2218 3312 tes
2239 3258 2458 3312 malum
2469 3274 2571 3329 pro
2591 3259 2762 3324 malo,
2787 3259 2873 3314 vel
2892 3259 3264 3315 maledictum
3283 3277 3385 3332 pro
3403 3262 3732 3332 maledicto,

2131 3346 2228 3400 sed
2247 3362 2274 3400 e
2292 3347 2579 3403 contrario
2600 3347 2990 3403 benedicentes
3009 3347 3068 3417 (Ι
3083 3350 3237 3403 Petr.
3263 3347 3347 3420 ιιι)
3370 3367 3385 3416 ;
3411 3357 3463 3404 et
3492 3349 3692 3405 Paulus
3717 3368 3732 3405 :

2101 3434 2114 3440 “
2133 3435 2253 3490 Non
2271 3451 2362 3491 vos
2381 3435 2768 3506 defendentes,
2787 3435 3134 3505 charissimi,
3159 3438 3254 3492 sed
3274 3438 3404 3493 date
3427 3440 3611 3495 locum
3629 3441 3732 3495 irae

2131 3523 2308 3593 (Rom.
2341 3525 2464 3594 xu).
2496 3525 2564 3578 Et
2593 3532 2816 3579 sanctus
2847 3525 3150 3598 Gregorius
3181 3525 3236 3579 in
3266 3525 3498 3596 epistola
3527 3529 3597 3582 ad
3627 3528 3732 3583 Sa-

2132 3610 2408 3666 binianum
2456 3611 2747 3667 diaconum
2791 3613 3447 3684 Constantinopolitanum
3477 3617 3597 3686 (lib.
3629 3631 3730 3687 vn,

2131 3702 2293 3772 epist.
2329 3701 2383 3771 1)
2415 3717 2428 3754 :
2468 3722 2489 3750 σι
2523 3690 2768 3758 Breviter
2797 3717 3066 3774 suggeras
3091 3703 3460 3758 serenissimis
3491 3704 3730 3760 dominis

2129 3789 2348 3858 nostris,
2398 3789 2524 3861 quia
2553 3789 2598 3844 si
2629 3806 2734 3863 ego
2763 3790 2817 3844 in
2848 3799 3079 3847 mortem
3127 3793 3613 3864 Langobardorum
3642 3811 3731 3851 me

2128 3879 2358 3934 miscere
2389 3878 2704 3945 voluissem,
2736 3879 2899 3935 hodie
2938 3881 3429 3954 Langobardorum
3460 3899 3599 3956 gens
3629 3899 3732 3940 nec

2128 3983 2339 4040 regem,
2373 3983 2476 4023 nec
2520 3968 2709 4035 duces,
2757 3984 2860 4024 nec
2903 3970 3128 4026 comites
3175 3971 3424 4040 haberet,
3477 3981 3642 4045 atque
3673 3973 3728 4028 in

2128 4072 2337 4110 summa
2384 4055 2703 4111 confusione
2747 4065 2912 4112 esset.
2949 4058 3058 4113 Sed
3089 4058 3217 4129 quia
3247 4061 3423 4114 Deum
3454 4061 3639 4128 timeo,
3672 4062 3728 4116 in

2125 4152 2302 4198 morte
2358 4144 2646 4212 cujuslibet
2702 4144 2938 4199 hominis
2992 4145 3227 4201 miscere
3285 4147 3538 4204 formido.
3580 4172 3602 4197 ιο
3659 4150 3728 4204 Et

2126 4239 2346 4286 sanctus
2375 4232 2710 4304 Augustinus
2740 4232 2810 4286 ad
2841 4232 3173 4288 Bonifacium
3202 4233 3400 4290 Africae
3420 4251 3726 4306 proconsu-

2124 4319 2233 4374 lem
2266 4335 2280 4375 :
2315 4342 2336 4368 «
2375 4320 2496 4386 Fas,
2546 4319 2740 4392 inquit,
2773 4337 2884 4376 non
2913 4329 3014 4389 est,
3046 4330 3104 4376 ut
3151 4338 3282 4378 reus
3311 4323 3555 4395 episcopi
3587 4342 3725 4398 sug-

429 4425 692 4483 congruo,
726 4419 970 4482 tempore
1001 4413 1270 4485 synodali,
1303 4415 1372 4468 ab
1401 4415 1652 4470 omnibus
1683 4415 2023 4486 comprovin—
2045 4409 2097 4469 D
2129 4409 2466 4481 gestionibus
2507 4409 2808 4477 occidatur,
2842 4410 2933 4482 qui
2962 4411 3154 4478 veniae,
3190 4411 3237 4466 si
3263 4413 3597 4483 paenituerit,
3630 4431 3724 4469 re-

428 4498 657 4554 cialibus
706 4500 978 4572 episcopis
1024 4502 1081 4556 in
1127 4518 1228 4558 sua
1268 4503 1549 4574 provincia
1591 4504 1857 4559 audiatur.
1899 4504 2022 4574 Qui,

427 4588 756 4644 concordem
773 4606 937 4661 super
953 4606 1018 4645 eo
1045 4591 1295 4661 proferre
1319 4592 1593 4648 debebunt
1623 4594 1967 4649 sententiam.
1998 4614 2020 4644 ι

426 4675 586 4744 Quod
607 4684 660 4732 et
679 4678 1004 4734 Antiocheni
1024 4695 1260 4736 canones
1289 4681 1634 4751 apertissime
1663 4683 2026 4740 decreverunt

425 4765 577 4835 (can.
613 4767 722 4837 14).
755 4768 821 4820 Et
850 4768 979 4846 item
1009 4768 1335 4840 subscripsit
1363 4777 1416 4825 et
1446 4771 1716 4827 subscribi
1748 4787 1781 4826 a
1810 4771 2025 4828 clericis

426 4852 541 4908 suis
569 4852 714 4921 fecit,
739 4862 798 4910 ut
819 4877 841 4906 α
863 4856 1093 4911 delatori
1124 4865 1215 4912 aut
1242 4857 1432 4930 lingua
1453 4859 1757 4930 capuletur,
1781 4867 1876 4916 aut
1894 4876 2025 4917 con-

421 4941 567 4998 victo
597 4951 758 5015 caput
785 4952 1114 5016 amputetur.
1144 4967 1166 4996 ι
1202 4947 1270 5003 Et
1299 4949 1636 5021 subjungens
1666 4949 1864 5004 Leonis
1893 4967 2024 5006 sen-

421 5031 643 5086 tentiam
670 5049 773 5104 qua
803 5034 932 5089 dicit
962 5035 1070 5105 (ep.
1108 5042 1129 5091 1
1164 5037 1234 5091 ad
1264 5039 1458 5109 episc.)
1483 5055 1496 5091 :
1525 5060 1546 5086 «
1575 5039 1703 5093 Haec
1723 5038 1900 5111 itaque
1922 5039 2024 5094 ad-

421 5119 646 5176 monitio
678 5129 863 5177 nostra
892 5123 1190 5191 denuntiat,
1227 5126 1374 5196 quod
1405 5126 1449 5181 si
1482 5126 1605 5198 quis
1633 5126 1865 5182 fratrum
1893 5142 2027 5184 con-

420 5214 507 5263 tra
566 5208 684 5265 haec
725 5211 1013 5266 constituta
1057 5212 1243 5269 venire
1292 5215 1597 5281 tentaverit,
1657 5223 1710 5270 et
1751 5216 2024 5286 prohibita

420 5297 582 5354 fuerit
634 5313 796 5354 ausus
851 5300 1156 5371 admittere,
1218 5317 1251 5356 a
1305 5317 1405 5357 suo
1463 5318 1522 5358 se
1578 5305 1792 5359 noverit
1845 5306 2024 5362 officio

421 5385 901 5442 submovendum:
937 5405 1039 5446 nec
1095 5391 1490 5445 communionis
1533 5401 1737 5448 nostrae
1781 5393 2022 5450 futurum

421 5488 546 5530 esse
603 5485 928 5546 consortem,
963 5478 1052 5550 qui
1082 5479 1260 5535 socius
1305 5479 1477 5536 noluit
1527 5496 1650 5536 esse
1697 5481 2018 5554 disciplinae.

1873 5623 1895 5674 ι

2124 4505 2396 4554 servatur.
2422 4522 2443 4547 »
2478 4498 2534 4554 Si
2562 4515 2673 4554 non
2702 4507 2787 4555 est
2813 4498 2899 4554 fas
2919 4508 2977 4556 ut
2993 4516 3120 4556 reus
3142 4501 3384 4572 episcopi
3413 4503 3729 4575 suggestio-

2123 4586 2286 4641 nibus
2333 4587 2629 4655 occidatur,
2668 4587 2761 4659 qui
2789 4588 2982 4656 venia,
3015 4590 3061 4643 si
3091 4589 3419 4660 paenituerit,
3467 4605 3723 4647 reserva—

2124 4682 2248 4742 tur;
2282 4676 2438 4731 nefas
2464 4683 2548 4732 est
2576 4684 2634 4730 ut
2661 4693 2807 4743 reus,
2844 4677 2937 4748 qui
2964 4677 3158 4745 veniae,
3189 4677 3236 4732 si
3263 4677 3593 4749 paenituerit,
3627 4695 3722 4736 re-

2125 4772 2394 4831 servatur,
2432 4765 2502 4820 ab
2531 4765 2790 4837 episcopo
2819 4767 2888 4820 ad
2929 4773 3157 4821 mortem
3193 4766 3552 4835 adjudicetur,
3585 4776 3640 4824 et
3666 4769 3722 4824 in

2123 4854 2313 4909 mortis
2357 4854 2475 4931 ejus
2499 4854 2704 4922 judicio
2753 4854 3126 4910 subscribatur
3157 4871 3169 4910 :
3204 4862 3258 4910 et
3285 4855 3596 4929 episcopus,
3631 4858 3722 4930 qui

2123 4951 2313 4998 contra
2359 4943 2788 4999 ecclesiasticum
2819 4943 3088 5009 ordinem,
3124 4952 3174 4998 et
3209 4945 3524 5017 regularem
3551 4947 3722 5004 disci-

2122 5030 2326 5102 plinam
2381 5030 2722 5102 subscripsit,
2780 5039 2838 5085 ut
2894 5031 3036 5087 sacri
3079 5031 3265 5087 altaris
3307 5034 3541 5090 ministri
3595 5035 3724 5092 huic

2123 5121 2315 5175 mortis
2338 5120 2638 5191 disciplinae
2671 5119 2918 5176 nolentes
2945 5119 3061 5176 fieri
3093 5122 3247 5193 socii,
3277 5139 3386 5178 non
3416 5124 3723 5180 habeantur

2121 5209 2418 5280 participes
2447 5209 2845 5264 communionis
2875 5225 2989 5265 suae
3021 5227 3034 5264 :
3067 5210 3281 5266 videtur
3310 5228 3370 5268 se
3397 5212 3554 5282 hujus
3577 5213 3722 5282 judi-

2119 5297 2189 5353 cii
2217 5297 2615 5368 subscriptione
2644 5313 2678 5353 a
2706 5299 3088 5356 communione
3133 5300 3504 5357 ecclesiastica
3549 5317 3714 5372 sepa—

2121 5400 2293 5453 rasse,
2323 5387 2539 5455 a,cujus
2587 5388 2968 5446 communione
3014 5389 3063 5444 si
3108 5405 3168 5446 se
3217 5389 3448 5445 ministri
3505 5389 3718 5456 altaris,

2121 5485 2526 5541 subscribentes
2568 5487 2760 5545 mortis
2801 5487 3027 5558 judicio,
3079 5495 3449 5560 separassent,
3493 5487 3719 5544 solidius
