4174 6302
474 279 577 334 579

1356 271 1700 331 HINCMARI
1726 272 2127 330 RHEMENSIS
2153 272 2688 334 ARCHIEPISCOPI

3659 278 3763 331 580

471 402 529 458 in
570 398 951 458 communione
993 397 1296 473 disciplina
1349 396 1735 456 ecclesiasticae
1786 396 2061 471 perstitis-
2088 398 2144 461 Α
2159 398 2398 456 omnium
2438 400 2755 473 prodiderat
2781 399 3107 468 voluntates,
3137 399 3505 473 transgressio
3534 407 3618 457 est
3644 415 3754 471 pu-

472 497 612 546 sent.

540 578 696 635 Unde
723 578 919 635 beatus
948 576 1270 634 Ambrosius
1298 576 1356 633 in
1385 575 1612 648 epistola
1639 576 1711 632 ad
1736 575 2064 633 Valentinia-

469 684 599 724 num
640 667 1041 740 imperatorem,
1088 666 1180 738 qui
1209 665 1492 738 petebatur
1520 673 1705 722 contra
1743 665 2064 738 religionem

469 755 829 813 Christianam
873 756 986 828 legi
1031 755 1380 812 subscribere
1412 773 1426 810 :
1463 774 1486 804 α
1540 753 1819 811 Convenio
1867 754 2064 809 iterum

467 843 635 901 ﬁdem
663 853 832 914 tuam,
865 843 1132 901 convenio
1157 850 1395 900 mentem
1424 849 1593 908 tuam,
1625 857 1696 898 ne
1724 841 1813 898 vel
1833 856 2064 913 respon-

465 932 707 989 dendum
733 932 1035 988 secundum
1061 930 1372 1000 hujnsmodi
1418 929 1738 1002 petitionem
1777 929 2063 1000 gentilium

465 1036 716 1088 censeas,
745 1020 835 1076 vel
863 1020 919 1076 in
946 1019 1212 1090 ejusmodi
1239 1033 1503 1090 responsa
1532 1017 1884 1089 sacrilegium
1932 1017 2062 1072 sub-

466 1108 777 1182 scriptionis
804 1108 1074 1180 adjungas
1110 1123 1124 1163 :
1156 1122 1263 1165 vox
1293 1105 1440 1163 enim
1469 1114 1581 1174 tua,
1615 1121 1808 1162 manus
1850 1113 1962 1175 tua,
2010 1112 2066 1161 et

465 1197 797 1270 subscriptio
823 1205 913 1253 tua
941 1213 1076 1269 opus
1106 1201 1190 1252 est
1217 1203 1390 1251 tuum.
1430 1216 1453 1246 ι
1485 1194 1557 1250 Et
1585 1195 1932 1267 antiquorum
1959 1194 2063 1250 Pa-

462 1295 603 1343 trum
629 1301 869 1343 canones
896 1285 1258 1341 decreverunt
1284 1284 1531 1340 dicentes
1588 1300 1603 1339 :
1648 1283 1806 1354 Saepe
1851 1281 2062 1354 princi-

460 1391 562 1448 pes
590 1382 780 1432 contra
799 1373 1069 1445 quoslibet
1084 1372 1386 1443 majestatis
1402 1371 1670 1429 obnoxios
1687 1370 2062 1428 sacerdotibus

460 1464 684 1538 negotia
711 1477 814 1519 sua
839 1461 1178 1518 committunt
1211 1477 1226 1517 :
1258 1468 1312 1518 et
1340 1461 1469 1534 quia
1513 1460 1831 1517 sacerdotes
1860 1459 2064 1515 Christi

459 1553 531 1610 ad
558 1551 920 1609 ministerium
960 1550 1151 1607 salutis
1196 1548 1357 1607 electi
1399 1557 1542 1617 sunt,
1599 1548 1676 1604 ibi
1725 1548 2065 1605 consentiant

456 1641 679 1715 regibus
698 1640 936 1711 judices,
967 1639 1061 1695 ubi
1085 1638 1442 1709 jurejurando
1488 1637 1739 1710 supplicii
1766 1636 2063 1710 indulgen-

2163 488 2275 544 nita
2302 496 2639 546 cunctorum.
2678 512 2701 539 η

2231 578 2301 633 Et
2329 577 2457 650 quia
2498 594 2719 634 sacrum
2761 578 3043 635 Nicaanum
3071 577 3360 635 concilium
3388 577 3762 650 metrOpolita-

2162 681 2264 721 nos
2294 665 2631 739 singularum
2656 667 3065 738 provinciarum
3095 667 3382 738 episcopos
3408 665 3759 740 privilegium

2160 754 2367 811 habere
2397 755 2659 811 decrevit.
2690 755 2847 812 Unde
2874 756 2984 811 Leo
3001 755 3070 811 ad
3093 754 3401 811 Anatolium
3422 755 3552 812 dicit
3572 756 3763 828 (epist.

2163 842 2254 915 55)
2287 860 2302 897 :
2340 864 2363 894 ι
2388 843 2506 912 Illa,
2532 843 2804 916 inquiens,
2828 844 3178 901 Nicaenorum
3206 860 3479 901 canonum
3504 860 3605 915 per
3635 859 3766 899 san-

2164 938 2310 988 ctum
2336 947 2466 989 vere
2507 931 2769 1003 Spiritum
2811 932 3061 988 ordinata
3119 933 3359 989 conditio
3403 932 3462 988 in
3504 932 3654 987 nulla
3681 940 3767 988 est

2161 1027 2319 1091 parte
2367 1019 2637 1076 solubilis.
2675 1040 2699 1072 ι
2735 1021 2846 1078 Sed
2889 1028 2944 1077 et
2972 1020 3082 1076 alia
3125 1020 3397 1078 catholica
3431 1021 3661 1078 concilia
3688 1020 3767 1076 ita

2161 1108 2231 1163 ab
2259 1108 2513 1164 omnibus
2540 1108 2718 1168 teneri
2744 1108 3114 1166 diﬂinierunt:
3142 1109 3267 1182 quia
3296 1125 3486 1166 eorum
3514 1109 3768 1165 immobi-

2159 1195 2305 1252 libus
2333 1196 2569 1254 decretis
2596 1197 2867 1254 contraria
2893 1197 3235 1269 subscripsit,
3267 1213 3348 1267 se,
3374 1197 3584 1270 sibique
3613 1213 3767 1255 com-

2161 1284 2334 1357 plices
2362 1301 2398 1341 a
2422 1285 2690 1342 catholica
2731 1286 3112 1342 communione
3155 1302 3487 1360 segregasse
3524 1285 3763 1343 videtur.

2164 1373 2315 1430 Sicut
2342 1373 2472 1430 item
2498 1375 2608 1431 Leo
2637 1375 2693 1430 in
2724 1374 2954 1446 epistola
2983 1375 3055 1431 ad
3085 1374 3428 1431 Pulcheriam
3463 1376 3767 1447 Augustam

2162 1460 2349 1534 (epist.
2383 1464 2474 1533 55)
2513 1462 2798 1519 manifeste
2842 1462 3179 1519 demonstrat
3223 1462 3415 1520 dicens
3447 1479 3463 1518 :
3500 1484 3524 1515 ι
3559 1463 3770 1521 Contra

2162 1558 2359 1606 statuta
2386 1565 2657 1607 canonum
2698 1551 3070 1618 Paternorum,
3120 1567 3242 1623 quae
3275 1559 3399 1607 ante
3424 1550 3765 1625 longissimae

2161 1638 2332 1694 aetatis
2364 1654 2537 1696 annos
2566 1638 2622 1695 in
2650 1639 2782 1695 urbe
2810 1640 3037 1696 Nicaena
3078 1639 3452 1710 spiritualibus
3480 1647 3606 1695 sunt
3633 1639 3766 1694 fun-

459 1729 536 1787 tia
566 1728 938 1799 committitur,
970 1743 1080 1784 non
1124 1727 1219 1784 ubi
1259 1726 1591 1783 discriminis
1621 1725 1891 1782 sententia
1917 1741 2063 1796 prae-
2083 1755 2137 1815 B
2165 1726 2291 1783 data
2317 1727 2572 1795 decretis,
2602 1728 2735 1782 nihil
2776 1727 3027 1801 cuiquam
3058 1727 3263 1784 audere
3293 1728 3615 1786 conceditur
3645 1746 3660 1783 :
3691 1728 3768 1784 ita

458 1825 702 1892 paratur.
733 1817 793 1874 Si
815 1816 939 1890 quis
967 1816 1130 1874 etiam
1157 1815 1507 1872 sacerdotum
1550 1822 1745 1871 contra
1771 1829 2059 1870 commune
2165 1823 2223 1872 ut
2253 1815 2301 1872 si
2327 1816 2451 1888 quis
2480 1816 2757 1873 diversum
2800 1816 3004 1889 aliquid
3047 1816 3346 1873 decernere
3390 1816 3538 1885 velit,
3570 1833 3631 1872 se
3659 1832 3767 1889 po-

460 1906 769 1965 consultum
796 1905 1076 1962 discussor
1102 1904 1161 1960 in
1180 1902 1373 1962 alienis
1401 1903 1663 1976 periculis
1693 1902 1979 1970 exstiterit,
2002 1907 2062 1957 ut
2162 1903 2269 1960 tius
2295 1904 2501 1960 minuat
2529 1921 2690 1977 quam
2718 1905 2809 1960 illa
2856 1912 3188 1976 corrumpat.
3226 1925 3249 1955 »
3283 1905 3355 1960 Et
3382 1904 3531 1977 quia,
3562 1912 3621 1960 ut
3648 1904 3769 1978 ipse

460 2012 590 2053 reus
615 1994 776 2052 effusi
803 1993 1087 2068 sanguinis
1115 1993 1260 2065 apud
1287 1992 1584 2062 Christum,
1618 1999 1672 2048 et
1702 1991 1849 2063 apud
1878 1990 2064 2047 Eccle-
2162 1993 2355 2049 beatus
2379 1993 2510 2061 Leo,
2541 2001 2595 2048 et
2623 2000 2749 2049 ante
2774 1993 2927 2049 illum
2956 1994 3243 2061 Damasus,
3268 2001 3323 2049 et
3353 1992 3682 2061 Bonifacius,
3714 2001 3769 2048 et

460 2085 598 2141 siam
640 2083 833 2157 perdat
871 2082 1157 2155 proprium
1212 2081 1465 2154 gradum.
1505 2102 1528 2132 υ
1562 2081 1664 2137 Hic
1691 2087 1873 2138 autem
1908 2079 2063 2136 nullo
2163 2089 2288 2153 post
2315 2098 2438 2137 eum
2468 2081 2560 2137 alii
2590 2081 2904 2154 apostolicae
2925 2081 3073 2137 sedis
3098 2068 3383 2153 pontiﬁces
3403 2081 3770 2155 scripserunt,

461 2172 829 2231 comminante
883 2187 1063 2243 neque
1109 2169 1354 2240 jubente,
1418 2170 1592 2243 gratis
1635 2167 1975 2240 subscripsit,
2005 2175 2066 2223 ut
2162 2170 2329 2227 iidem
2357 2170 2498 2226 sacri
2528 2185 2787 2240 canones,
2811 2186 3087 2226 mansure
3103 2170 3312 2227 scilicet
3331 2187 3505 2243 usque
3525 2169 3766 2227 inﬁnem

461 2261 695 2318 delatori
726 2267 820 2316 aut
863 2259 1051 2333 lingua
1079 2261 1381 2331 capuletur,
1414 2265 1509 2314 aut
1534 2265 1698 2331 caput
1733 2264 2064 2330 amputetur,
2168 2260 2354 2316 saeculi
2381 2258 2555 2331 leges,
2589 2258 2794 2331 Spiritu
2838 2259 2940 2315 Dei
2988 2266 3113 2316 sunt
3155 2259 3379 2315 conditi.
3421 2258 3526 2327 Qui
3557 2258 3766 2315 scilicet

464 2358 521 2408 et
549 2349 644 2423 qui
671 2348 905 2406 noluerit
933 2347 1055 2405 fieri
1086 2347 1270 2404 socius
1298 2347 1458 2417 hujus
1489 2346 1811 2418 disciplinae,
1839 2361 1942 2403 nec
1969 2346 2068 2402 ha-
2167 2347 2420 2420 Spiritus,
2461 2348 2617 2418 juxta
2659 2347 3037 2420 evangelicam
3087 2355 3142 2403 et
3187 2347 3539 2418 apostolicam
3567 2347 3768 2405 verita-

466 2439 665 2496 beatur
692 2437 972 2510 particeps
1020 2436 1419 2494 communionis
1460 2452 1592 2492 suae.
1624 2435 1696 2492 Et
1720 2450 1829 2492 non
1856 2433 2069 2492 suffecit
2166 2445 2274 2493 tem
2304 2436 2536 2510 Spiritus
2564 2444 2647 2492 est
2674 2436 2864 2505 Patris,
2889 2436 3121 2508 Spiritus
3150 2444 3233 2492 est
3260 2436 3400 2503 Filii,
3424 2435 3553 2508 quia
3581 2451 3769 2509 aequa-

463 2527 543 2584 illi
569 2535 628 2584 ut
654 2526 1044 2597 subscriberet,
1070 2533 1338 2599 quatenus
1368 2524 1620 2582 convicto
1647 2523 1875 2581 delatori
1905 2530 2068 2595 caput
2166 2526 2289 2582 liter
2314 2541 2349 2582 a
2376 2526 2536 2582 Patre
2566 2524 2816 2598 procedit
2845 2532 2898 2581 et
2925 2525 3082 2593 Filio,
3115 2532 3169 2582 et
3197 2532 3339 2581 totus
3369 2532 3450 2581 est
3478 2525 3673 2594 Patris,
3706 2541 3771 2582 ac

466 2623 813 2689 amputetur;
840 2631 1035 2672 verum
1081 2622 1136 2671 et
1188 2614 1469 2671 ministros
1524 2612 1929 2671 ecclesiasticos
1955 2628 2069 2668 suae
2170 2622 2314 2671 totus
2344 2622 2427 2672 est
2454 2614 2575 2670 Filii
2621 2614 2891 2687 Spiritus;
2925 2621 2980 2669 et
3008 2614 3188 2683 Pater,
3240 2621 3296 2669 et
3322 2613 3508 2681 Filius,
3542 2622 3593 2670 et
3620 2614 3763 2670 idem

466 2704 767 2778 parochias,
790 2704 919 2761 huic
937 2719 1212 2776 perversae
1235 2702 1518 2759 sententiae
1543 2701 1668 2759 fecit
1696 2701 2068 2759 subscribere.
2170 2703 2396 2775 Spiritus
2444 2710 2681 2770 sanctus,
2743 2718 2973 2776 quorum
3013 2709 3098 2758 est
3139 2717 3249 2758 una
3290 2702 3612 2772 substantia,
3663 2719 3768 2759 una

465 2793 825 2851 Reclamante
869 2792 1090 2849 Gelasio
1119 2792 1177 2847 in
1204 2792 1438 2864 epistola
1483 2790 1555 2846 ad
1577 2790 1921 2846 Anastasium
1960 2790 2069 2845 im-
2170 2793 2437 2863 voluntas,
2482 2799 2536 2849 et
2580 2792 2857 2864 operatio;
2891 2791 3100 2849 scilicet
3143 2792 3262 2863 ipsa
3309 2799 3495 2849 sancta
3533 2791 3768 2848 Trinitas

463 2890 773 2956 peratorem
813 2881 1003 2955 (epist.
1038 2882 1129 2952 10)
1164 2898 1178 2935 :
1217 2902 1241 2932 α
1273 2879 1417 2937 Dicit
1465 2879 1780 2951 Apostolus,
1827 2879 1919 2951 qui
1960 2893 2072 2935 non
2169 2897 2309 2936 unus
2338 2888 2422 2937 est
2466 2882 2635 2948 Deus,
2667 2897 2732 2938 ac
2759 2880 3043 2937 Dominus.
3095 2880 3321 2936 Constat
3368 2879 3493 2952 quia
3522 2896 3554 2935 a
3580 2881 3763 2950 Patre,

459 2970 639 3029 solum
678 2985 787 3027 non
818 2969 1072 3027 facienda
1117 2969 1345 3037 faciunt,
1375 2983 1503 3025 reos
1548 2967 1743 3037 videri,
1784 2968 1950 3027 etiam
1978 2967 2071 3039 qui
2171 2978 2225 3026 et
2253 2969 2409 3037 Filio,
2442 2977 2496 3026 et
2536 2969 2735 3040 Spiritu
2777 2976 2985 3040 sancto,
3037 2976 3146 3026 tota
3187 2968 3442 3026 videlicet
3486 2968 3763 3036 Trinitate,

460 3059 809 3117 consentiunt
838 3057 1183 3115 facientibus.
1213 3056 1452 3131 Legibus
1480 3064 1631 3113 certe
1656 3055 1857 3113 vestris
1884 3055 2070 3112 crimi-
2101 3113 2144 3131 η
2171 3073 2278 3115 uno
2307 3059 2424 3115 Deo
2460 3065 2515 3115 et
2542 3058 2775 3115 Domino
2820 3058 2926 3130 ipsi
2973 3072 3212 3114 canones
3269 3065 3396 3114 sunt
3450 3057 3655 3115 conditi
3687 3074 3701 3112 :
3734 3072 3769 3112 a

457 3165 590 3206 num
633 3147 906 3216 conscios,
959 3113 1419 3220 susceptores'que
1471 3144 1910 3202 latrocinantium
1968 3160 2068 3216 par
2099 3113 2146 3175 Ο
2166 3147 2364 3221 quibus
2392 3113 2484 3220 qui
2521 3113 2620 3219 per
2666 3113 3038 3219 contemptum
3083 3146 3435 3219 pertinaciter
3460 3113 3677 3214 ideviat,
3710 3145 3767 3201 in

451 3237 778 3309 judiciorum
822 3252 990 3308 poena
1037 3234 1365 3307 constringit
1396 3252 1410 3290 :
1442 3250 1546 3291 nec
1584 3250 1781 3305 expers
1809 3232 2066 3290 facinoris

455 3325 776 3394 aestimatur,
799 3325 892 3397 qui
918 3323 1045 3381 licet
1062 3323 1182 3395 ipse
1211 3338 1324 3379 non
1352 3321 1560 3392 fecerit,
1596 3321 1855 3379 facientes
1884 3331 2066 3379 tamen

457 3415 516 3470 in
539 3413 961 3470 familiaritatem
988 3411 1279 3484 foedusque
1306 3410 1594 3484 receperit.
1624 3430 1647 3461 ι
1671 3410 1775 3467 Hic
1804 3418 1985 3467 autem
2013 3417 2068 3466 et

456 3502 604 3573 fecit,
636 3509 689 3559 et
716 3501 982 3559 facientes
1010 3501 1081 3557 ad
1110 3500 1387 3574 agendum
1420 3506 1611 3557 contra
1641 3499 1865 3571 regulas
1894 3514 2066 3571 quos-

455 3591 586 3647 dam
614 3591 843 3663 impulit,
878 3589 1206 3664 quibusdam
1234 3588 1523 3662 persuasit.
1558 3587 1698 3644 Hinc
1725 3586 2023 3660 Apostolus
2049 3604 2064 3643 :

457 3680 550 3737 Sic
582 3682 738 3736 enim
763 3683 1064 3752 peccantes
1086 3681 1152 3735 in
1169 3682 1403 3751 fratres,
1441 3681 1500 3734 et
1513 3680 1896 3749 percutientes
1926 3693 2066 3735 cou-

471 3769 778 3825 scientiam
798 3784 994 3825 eorum
1005 3769 1319 3838 inﬁrmam,
1334 3768 1399 3822 in
1424 3766 1710 3824 Christum
1719 3767 1969 3839 peccatis
1984 3782 1997 3820 :
2012 3768 2070 3822 et

459 3857 670 3931 peribit
688 3857 957 3927 inﬁrmus
978 3858 1043 3913 in
1065 3860 1171 3913 tua
1185 3856 1429 3913 scientia
1444 3857 1648 3926 frater,
1666 3871 1770 3926 pro
1791 3870 1895 3927 quo
1919 3854 2071 3910 Chri-

458 3949 586 4004 stus
604 3950 866 4002 mortuus
885 3949 971 4003 est
993 3946 1047 4017 (Ι
1064 3947 1188 4003 Cor.
1212 3944 1357 4016 VIII).
1378 3944 1447 3999 Et
1467 3942 1659 3999 beatus
1683 3942 1983 4014 Gregorius
2010 3941 2067 3997 in

455 4034 663 4107 Regula
680 4034 938 4107 pastorali
961 4050 975 4090 :
999 4052 1023 4088 ι
1046 4033 1219 4101 Scire,
1244 4032 1438 4105 inquit,
1455 4031 1715 4105 praelatus
1736 4030 1918 4099 debet,
1940 4031 2068 4104 quia

455 4124 504 4181 si
531 4138 791 4197 perversa
835 4139 1075 4197 unquam
1121 4129 1459 4195 perpetrant,
1492 4129 1572 4178 tot
1614 4120 1875 4178 mortibus
1911 4118 2069 4194 digni

455 4221 600 4282 sunt,
633 4220 766 4286 quot
819 4213 890 4269 ad
943 4212 1193 4270 subditos
1251 4227 1384 4268 suos
1440 4210 1764 4283 perditionis
1819 4209 2066 4281 exempla

457 4303 852 4360 transmittunt.
886 4301 1043 4359 Unde
1073 4317 1305 4359 necesse
1333 4308 1417 4357 est
1444 4307 1505 4356 ut
1530 4307 1681 4356 tanto
1706 4316 1768 4356 se
1796 4298 2004 4356 cautius
2032 4313 2068 4354 a

457 4392 624 4465 culpa
679 4390 1010 4460 custodiant,
1068 4397 1272 4463 quanto
1324 4404 1427 4461 per
1478 4403 1650 4460 prava
1694 4404 1816 4461 quae
1843 4387 2062 4455 faciunt,

2164 3237 2401 3305 Patrem,
2433 3244 2488 3292 et
2507 3235 2723 3305 Filium,
2744 3244 2798 3292 et
2819 3235 3081 3309 Spiritum
3105 3242 3372 3304 sanctum,
3403 3250 3573 3291 unum
3592 3236 3769 3290 Deum

2164 3341 2228 3382 ac
2307 3325 2602 3382 Dominum
2671 3332 2882 3397 peccat.
2958 3324 3029 3381 Et
3076 3324 3135 3380 in
3189 3325 3293 3381 hac
3370 3323 3770 3396 subscriptione

2164 3413 2413 3486 Apostoli
2459 3422 2544 3471 est
2586 3413 2852 3470 sententia
2900 3412 3245 3482 Hincmarus,
3277 3413 3336 3468 in
3364 3428 3475 3486 qua
3504 3411 3768 3470 sollicitus

2163 3518 2275 3559 non
2301 3502 2402 3559 fuit
2433 3519 2650 3560 servare
2679 3502 2944 3559 unitatem
2974 3501 3206 3574 Spiritus
3233 3502 3289 3557 in
3318 3501 3535 3558 vinculo
3564 3501 3717 3573 pacis
3751 3518 3765 3555 :

2166 3591 2266 3648 sed
2294 3591 2555 3648 sollicitus
2573 3590 2675 3647 fuit
2694 3591 2998 3647 dissolvere
3014 3589 3279 3646 unitatem
3301 3589 3555 3662 Spiritus,
3577 3597 3769 3646 contra

2164 3680 2438 3738 vinculum
2466 3680 2640 3751 pacis.
2671 3678 2814 3735 Dicit
2842 3680 2988 3736 enim
3016 3679 3331 3751 Apostolus,
3366 3679 3521 3749 cujus
3548 3685 3767 3749 senten-

2164 3768 2295 3824 tiam
2324 3768 2703 3840 subscriptioni
2734 3784 2848 3824 suae
2892 3783 3167 3840 perversa:
3215 3766 3444 3824 inseruit
3476 3784 3490 3822 :
3524 3766 3769 3825 Solliciti

2165 3874 2389 3914 servare
2417 3858 2706 3913 unitatem
2734 3859 2976 3929 spiritus
3005 3857 3068 3913 in
3104 3857 3330 3914 uinculo
3356 3856 3548 3929 pacis;
3583 3872 3765 3912 unum

2165 3960 2386 4019 corpus,
2404 3962 2556 4003 unus
2590 3946 2848 4018 spiritus,
2873 3946 3024 4002 sicut
3057 3946 3242 4003 vocati
3278 3945 3414 4001 estis
3449 3946 3513 4001 in
3535 3961 3654 4000 una
3675 3959 3768 4016 spe

2165 4036 2475 4095 vocationis
2494 4038 2693 4091 vestrae
2715 4035 2938 4107 (Ephes.
2965 4035 3066 4106 ιν).
3092 4033 3248 4091 Unde
3273 4034 3463 4091 beatus
3496 4031 3766 4106 Gregori-

2165 4140 2260 4180 us:
2285 4143 2306 4177 ι
2323 4124 2408 4179 Ad
2427 4139 2590 4180 unam
2609 4123 2776 4197 igitur
2794 4122 3095 4181 vocationis
3114 4138 3271 4196 spem
3285 4137 3631 4196 nequaquam
3646 4137 3769 4194 per-

2164 4211 2407 4286 tingitur,
2441 4212 2490 4268 si
2516 4228 2628 4269 non
2654 4212 2724 4268 ad
2750 4228 2870 4268 eam
2918 4211 3071 4268 unita
3118 4228 3242 4268 cum
3288 4210 3556 4283 proximis
3584 4218 3766 4267 mente

2165 4309 2437 4359 curratur.
2488 4303 2607 4373 Est,
2645 4300 2839 4373 inquit,
2889 4300 3154 4357 Dominus
3198 4300 3270 4357 ad
3315 4301 3581 4372 Moysem,
3613 4299 3765 4355 locus

2163 4406 2335 4462 penes
2363 4407 2472 4459 me,
2505 4397 2558 4446 et
2587 4389 2754 4446 stabis
2804 4404 2972 4462 supra
3011 4397 3246 4461 petram.
3285 4411 3306 4440 ιι
3343 4389 3519 4445 Locus
3549 4388 3768 4461 quidem

454 4497 565 4538 non
596 4480 701 4537 soli
727 4477 1048 4536 moriuntur.
1075 4498 1099 4529 ι
1118 4479 1189 4534 Et
1215 4478 1347 4535 item
1377 4476 1631 4534 Gelasius
1649 4476 1707 4532 in
1736 4476 1973 4533 decretis
1992 4476 2064 4533 ad
2091 4473 2152 4537 D
2169 4480 2313 4552 apud
2357 4478 2651 4536 Dominum
2697 4487 2779 4536 est
2809 4487 3012 4536 sanctae
3052 4477 3319 4536 Ecclesiae
3348 4477 3545 4545 unitas,
3577 4476 3633 4533 in
3666 4491 3768 4548 qua

456 4569 747 4642 episcopos
791 4584 895 4641 per
932 4567 1268 4624 Dardaniam
1317 4565 1660 4632 constitutos,
1709 4580 1774 4622 ac
1804 4565 1853 4621 si
1883 4565 1952 4622 de
1980 4565 2065 4621 his

456 4655 707 4730 loquatur
736 4672 877 4730 quos
904 4672 1094 4715 secum
1123 4655 1254 4714 fecit
1273 4654 1623 4712 subscribere
1640 4653 1875 4726 (Gelas.,
1897 4655 2061 4724 epist.

457 4747 545 4813 11,
578 4748 679 4801 sub
709 4744 834 4819 ﬁn.)
866 4763 881 4801 :
916 4768 939 4795 α
978 4745 1151 4817 Sicut,
1206 4744 1400 4818 inquit,
1449 4743 1507 4799 in
1550 4742 1713 4798 simili
1758 4741 2066 4799 conditione

454 4834 752 4906 constricti,
797 4851 909 4892 non
959 4842 1190 4907 possunt
1230 4832 1557 4905 complicem
1610 4847 1770 4887 suum
1813 4830 2064 4901 judicare

455 4938 569 4981 non
621 4923 748 4994 jure
801 4923 1138 4992 damnatum,
1195 4939 1373 4997 neque
1401 4922 1481 4978 rei
1511 4920 1610 4994 [αι.
1643 4937 1752 4978 om.
1780 4920 1882 4994 rei]
1910 4936 2064 4978 reum

454 5018 683 5084 possunt
711 5019 1086 5084 competenter
1114 5011 1443 5070 absolvere:
1468 5010 1549 5066 sic
1575 5007 1671 5065 illo
1685 5010 1827 5079 juste
1844 5025 2062 5082 praeva-

453 5100 687 5158 ricatore
730 5099 1008 5169 damnato,
1060 5101 1152 5158 isti
1180 5116 1399 5173 quoque
1440 5097 1563 5170 pari
1598 5097 1781 5167 jacent
1829 5098 2061 5156 damna—

453 5189 601 5246 tione
626 5188 885 5261 prostrati
919 5205 934 5245 :
964 5205 1144 5263 neque
1192 5189 1321 5245 inde
1349 5187 1457 5245 nisi
1484 5186 1869 5259 resipiscentes
1898 5196 2060 5261 pote-

450 5284 581 5335 runt
608 5293 835 5350 prorsus
862 5277 1116 5346 absolvi;
1150 5277 1276 5351 quia
1305 5276 1444 5334 sicut
1470 5292 1571 5348 per
1609 5291 1778 5333 unum
1805 5277 2060 5335 scriben-

456 5374 567 5424 tem
597 5382 790 5424 eorum
818 5367 1064 5423 omnium
1089 5366 1311 5440 vulgata
1352 5366 1720 5440 transgressio
1747 5375 1849 5435 est,
1883 5366 1977 5440 qui
2003 5366 2063 5422 in

455 5455 706 5515 eamdem
748 5454 995 5528 perfidiae
1042 5455 1357 5513 ceciderant
1394 5455 1696 5525 actionem;
1745 5455 1827 5512 sic
1864 5456 1923 5511 in
1949 5458 2061 5511 uno

453 5554 758 5629 eodemque
785 5554 879 5629 qui
906 5568 1009 5629 pro
1038 5553 1291 5612 omnibus
1319 5553 1640 5628 scripserat,
1661 5552 1751 5613 vel
1766 5553 2060 5611 scribendo

2165 4584 2329 4640 super
2354 4575 2568 4639 petram
2598 4575 2793 4637 statur,
2824 4568 2953 4623 dum
2984 4566 3344 4625 confessionis
3374 4566 3492 4636 ejus
3523 4564 3769 4621 soliditas

2164 4655 2365 4712 utiliter
2392 4664 2625 4713 tenetur.
2658 4656 2726 4712 Hi
2754 4656 2899 4713 enim
2930 4656 2988 4712 in
3015 4655 3137 4713 loco
3166 4656 3260 4727 qui
3284 4670 3456 4727 penes
3474 4652 3767 4710 Dominum

2164 4752 2267 4814 est,
2300 4752 2355 4802 et
2381 4761 2550 4818 super
2590 4752 2801 4817 petram
2834 4752 2997 4816 stant,
3047 4742 3141 4817 qui
3166 4758 3265 4816 per
3292 4744 3556 4810 haereses,
3590 4749 3643 4815 et
3668 4756 3768 4812 per

2163 4833 2457 4891 schismata
2484 4835 2553 4890 ab
2583 4834 2790 4890 unitate
2820 4850 2880 4890 se
2908 4832 3171 4890 Ecclesiae
3198 4848 3310 4888 non
3330 4830 3600 4890 dividunt.
3627 4829 3768 4898 Quia

2161 4930 2221 4979 ut
2246 4932 2465 4982 sanctus
2494 4922 2712 4979 Hilarus
2737 4938 2885 4995 papa
2923 4921 3054 4979 dicit
3082 4922 3273 4995 (epist.
3308 4920 3364 4993 4)
3398 4936 3410 4977 :
3448 4943 3470 4968 α
3505 4918 3628 4975 Non
3657 4918 3765 4975 mi-

2160 5028 2265 5069 nus
2292 5013 2351 5070 in
2378 5019 2684 5070 sanctarum
2730 5011 3082 5069 traditionum
3129 5009 3440 5067 sanctiones
3469 5007 3763 5065 committi-

2159 5109 2266 5171 tur,
2298 5117 2458 5174 quam
2507 5101 2564 5157 in
2611 5100 2865 5172 injuriam
2919 5100 3093 5173 ipsius
3136 5098 3356 5156 Domini
3397 5095 3695 5170 prosilitur.
3732 5115 3756 5146 ι

2159 5191 2231 5247 Et
2254 5190 2402 5247 beati
2418 5189 2616 5248 Leonis
2635 5189 2979 5248 decernentis
3002 5189 3084 5261 (S.
3103 5188 3234 5256 Leo,
3261 5189 3364 5246 loc.
3385 5188 3534 5259 cit.),
3555 5184 3679 5259 quia
3706 5184 3763 5240 in

2160 5280 2337 5336 causis
2394 5296 2516 5352 quae
2559 5280 2632 5335 ad
2670 5278 2989 5352 generalem
3037 5276 3443 5335 observantiam
3484 5274 3760 5346 pertinent

2158 5368 2402 5424 omnium
2427 5368 2647 5427 Domini
2692 5368 3063 5434 sacerdotum,
3111 5365 3249 5423 nihil
3276 5365 3397 5421 sine
3441 5362 3760 5437 primatibus

2159 5464 2376 5530 oportet
2400 5457 2637 5530 impleri,
2666 5472 2779 5513 non
2800 5456 2898 5512 fuit
2927 5455 3112 5513 socius
3144 5452 3448 5526 disciplinas
3480 5468 3494 5508 :
3527 5450 3676 5507 unde
3704 5448 3769 5504 ti-

2158 5555 2418 5621 mendum
2446 5562 2530 5612 est
2556 5563 2615 5612 ut
2641 5570 2752 5613 non
2781 5552 2850 5610 sit
2878 5552 3042 5611 etiam
3083 5566 3314 5610 consors
3360 5545 3761 5608 communionis
