4174 6318
365 293 463 346 581

1075 283 1320 342 OPUSC.
1371 283 1463 340 ET
1514 279 1732 339 EPIST.
1789 279 1865 336 IN
1923 276 2150 335 CAUSA
2193 277 2537 336 HINCMARI
2575 279 2881 336 LAUDUN.

3557 279 3660 334 582

367 429 480 469 suae
513 428 527 468 :
562 427 597 468 a
624 410 778 480 cujus
807 408 1188 466 communione
1217 408 1265 463 si
1292 407 1451 464 fuerit
1471 407 1696 473 alienus,
1731 421 1852 462 cum
1880 403 1966 459 his
1987 401 2043 462 A
2073 407 2228 461 enim
2267 422 2463 461 sumus
2483 448 2496 472 ,
2543 403 2738 476 inquit,
2779 406 2927 462 sicut
2953 403 3213 476 plurimi,
3271 402 3663 460 adulterantes

366 501 459 573 qui
488 499 733 572 praefatis
761 497 987 570 synodis
1043 497 1420 563 interfuerunt,
1481 503 1532 551 et
1588 510 1821 567 quorum
1865 493 1967 549 de-

368 597 518 645 creta
548 587 782 644 convelli
815 585 959 653 fecit,
980 601 1043 642 ac
1073 601 1173 656 per
1194 585 1316 652 hoc,
1349 601 1474 640 cum
1501 583 1749 639 Ecclesia
1777 583 1969 638 catho-

365 676 472 732 lica
499 674 938 732 communionem
961 674 1165 729 habere
1198 689 1306 728 non
1336 673 1553 744 poterit.
1586 672 1654 726 Et
1685 671 1741 726 in
1794 670 1970 725 edicto

371 763 543 836 quinti
573 763 790 820 concilii
832 763 1095 834 scriptum
1136 769 1221 816 est
1250 779 1263 815 :
1303 783 1326 812 ¢
1361 761 1624 824 Miramur
1654 775 1845 815 eorum
1876 759 1971 813 de-

368 853 629 908 mentiam
659 851 750 922 qui
779 851 976 907 divinae
1009 850 1304 922 Scripturae
1334 848 1615 906 contraria
1644 856 1832 919 agunt,
1867 846 1973 902 evi-

368 940 558 996 denter
586 939 806 1006 dicenti,
853 940 981 1010 quia
1025 939 1310 1009 aequaliter
1359 937 1641 993 horribilia
1673 944 1797 991 sunt
1825 937 1971 1007 apud

371 1030 545 1085 Deum
573 1028 772 1100 impius
791 1035 838 1083 et
861 1027 1111 1098 impietas
1137 1027 1272 1096 ejus,
1297 1026 1451 1082 Actio
1475 1025 1626 1081 enim
1643 1041 1766 1081 cum
1790 1031 1974 1079 actore

369 1117 644 1188 punietur.
681 1137 703 1165 ι
759 1115 817 1170 Si
870 1123 1052 1170 autem
1107 1115 1352 1170 similiter
1400 1114 1648 1184 impietas
1703 1112 1975 1168 horribilis

372 1212 455 1260 est
485 1207 621 1270 Deo,
657 1211 710 1260 et
739 1203 830 1258 ille
862 1204 954 1275 qui
984 1203 1146 1275 impie
1189 1203 1320 1276 agit,
1356 1210 1500 1258 certe
1548 1209 1837 1273 separatus
1893 1207 1978 1255 est

372 1292 495 1347 talis
526 1309 559 1348 a
587 1293 720 1361 Deo,
755 1299 808 1346 et
837 1292 1164 1347 anathemati
1185 1293 1326 1361 juste
1349 1290 1650 1360 subjicitur.
1675 1291 1978 1346 Anathema

373 1377 518 1432 enim
545 1376 681 1431 nihil
712 1377 858 1430 aliud
878 1375 1170 1448 significat,
1209 1375 1315 1430 nisi
1337 1391 1368 1429 a
1389 1375 1504 1430 Deo
1526 1374 1925 1446 separationem
1959 1390 1972 1427 :

373 1465 514 1521 sicut
543 1465 597 1520 in
626 1464 813 1520 Veteri
842 1472 894 1519 et
924 1464 980 1519 in
1007 1464 1164 1520 Novo
1214 1465 1560 1520 Testamento
1611 1462 1877 1532 judicium
1906 1462 1976 1517 de

372 1555 718 1611 anathemate
751 1552 1048 1625 signiﬁcat.

984 1659 1210 1716 CA-PUT
1239 1659 1363 1713 XIl.

2068 493 2294 552 verbum
2328 494 2429 550 Dei
2450 495 2597 564 (Cor.
2617 494 2698 562 ιι).
2737 516 2758 540 τι
2793 491 3116 548 Adulterare
3145 498 3245 560 est,
3275 491 3448 564 inquit
3475 491 3667 547 beatus

2072 583 2390 654 Gregorius,
2419 583 2649 639 verbum
2677 582 2798 648 Dei,
2833 590 2925 637 aut
2955 582 3112 637 aliter
3141 582 3342 638 sentire
3382 597 3547 654 quam
3593 580 3663 636 de

2070 671 2163 726 illo
2193 679 2294 738 est,
2327 679 2420 727 aut
2442 689 2507 727 ex
2537 687 2602 726 eo
2633 687 2740 726 non
2763 670 3037 742 spiritales
3065 671 3293 738 fructus,
3327 671 3426 728 sed
3455 669 3664 725 adulte-

2071 760 2192 817 rino
2219 759 2383 816 foetus
2412 777 2658 832 quaerere
2709 760 2886 816 laudis
2940 747 3208 816 humane.
3252 783 3275 808 η
3307 760 3464 815 Unde
3494 759 3669 816 Gela-

2074 849 2186 903 sius
2237 851 2307 905 ad
2349 851 2637 922 episcopos
2691 866 2789 921 per
2834 850 3162 904 Dardaniam
3207 848 3548 917 constitutos,
3597 851 3666 906 de

2074 938 2385 1007 hujusmodi
2414 955 2586 1010 prave
2642 939 3001 994 sentientibus
3049 937 3262 1010 scripsit
3292 938 3480 1010 (epist.
3525 939 3614 1010 13)
3651 955 3663 994 :

2081 1056 2103 1086 α
2142 1028 2281 1098 Quia
2302 1031 2536 1099 majores
2567 1028 2741 1083 nostri
2763 1027 2862 1100 [αι.
2890 1069 2904 1095 ,
2929 1026 3064 1094 Quae
3085 1028 3320 1095 majores
3351 1026 3670 1083 nostridivi—

2076 1137 2149 1178 na
2166 1119 2522 1192 inspiratione
2567 1115 2879 1188 cernentes]
2911 1116 3224 1172 necessario
3276 1123 3666 1186 praecaverunt,

2076 1218 2136 1266 ut
2181 1217 2365 1266 contra
2405 1221 2843 1278 unamquamque
2873 1205 3125 1261 haeresim
3156 1205 3302 1275 quod
3350 1212 3472 1260 acta
3502 1203 3672 1259 semel

2078 1298 2320 1370 synodus
2350 1296 2562 1369 [coacta
2608 1293 2870 1365 synodus]
2907 1309 3006 1364 pro
3053 1291 3180 1348 fidei
3209 1293 3592 1348 communione
3619 1300 3673 1348 et

2077 1387 2306 1443 veritate
2356 1383 2625 1440 catholica
2680 1390 2844 1453 atque
2890 1373 3187 1452 apoStolica
3249 1381 3668 1454 promulgasset,

2077 1491 2189 1531 non
2217 1475 2458 1530 sinerent
2506 1471 2662 1528 novis
2687 1477 2810 1542 post
2853 1471 2971 1525 haec
3001 1469 3468 1525 retractationibus
3508 1469 3672 1526 nubi-

2076 1565 2180 1620 lari
2209 1561 2483 1635 [mutilari]
2520 1579 2533 1615 :
2564 1576 2633 1616 ne
2674 1559 2856 1630 pravis
2897 1559 3114 1615 occasio
3141 1559 3502 1630 praeberetur,
3551 1573 3673 1630 quae

2079 1650 2472 1708 medicinaliter
2498 1648 2716 1704 fuerant
2745 1655 2962 1714 statuta,
2994 1647 3246 1718 pulsandi
3278 1664 3292 1703 :
3326 1648 3424 1704 sed
3450 1654 3670 1704 auctore

381 1749 532 1819 Quod
580 1752 644 1807 in
682 1765 749 1807 ea
795 1749 1125 1806 collectione
1171 1753 1500 1804 sanctorum
1545 1750 1782 1804 Patrum
1825 1746 1978 1802 dicta
2004 1740 2365 1816 Bcujuslibet
2391 1737 2619 1794 insaniae
2660 1752 2725 1792 ac
2755 1737 2962 1808 pariter
2991 1752 3172 1791 errore
3201 1735 3476 1806 damnato,
3524 1734 3673 1792 suﬂi-

867 1835 1172 1891 sensusque
1202 1821 1476 1888 corrupit.

449 1909 520 1964 Et
547 1908 601 1964 in
632 1925 716 1977 eo,
752 1909 821 1963 de
867 1924 975 1982 quo
1014 1907 1207 1980 agitur,
1256 1907 1464 1973 libello,
1526 1905 1624 1961 sed
1654 1912 1707 1962 et
1752 1905 1807 1960 in
1860 1905 1974 1971 illo,

378 2014 543 2069 quem
568 2014 668 2069 per
687 1996 1038 2056 Wenilonem
1058 1995 1328 2068 quondam
1350 1994 1825 2066 archiepiscOpum
1847 1993 1978 2048 mihi

376 2086 540 2156 misit,
574 2102 738 2156 quem
767 2085 929 2156 paulo
955 2085 1098 2139 intra
1129 2083 1568 2141 commemorabo
1629 2083 1776 2154 (eum
1833 2081 1978 2137 enim

378 2191 490 2246 pra
523 2174 770 2228 manibus
792 2174 993 2244 habeo)
1016 2173 1199 2229 verbis
1228 2172 1370 2228 beati
1400 2171 1676 2245 Gregorii,
1710 2171 1777 2227 de
1838 2187 1978 2242 qua-

378 2269 504 2318 tuor
533 2278 782 2319 errorum
812 2262 1079 2333 capitulis,
1141 2263 1210 2317 de
1254 2261 1448 2333 quibus
1485 2261 1558 2316 ad
1614 2261 1980 2316 Theoctistam

377 2351 657 2422 patriciam
688 2350 904 2422 scripsit
927 2350 1048 2421 (lib.
1082 2366 1155 2420 1x,
1187 2352 1356 2422 epist.
1381 2353 1468 2419 39,
1503 2349 1557 2404 in
1589 2348 1709 2420 ﬁn.)
1736 2391 1748 2416 ,
1783 2349 1979 2420 quibus

379 2439 510 2495 dicit
545 2457 556 2493 :
596 2461 617 2490 α
646 2439 704 2495 Si
734 2439 824 2510 qui
853 2455 982 2495 vero
1015 2446 1138 2493 sunt
1179 2438 1270 2510 qui
1327 2439 1531 2508 dicunt,
1565 2437 1688 2509 quia
1737 2436 1980 2508 compul-

381 2544 476 2583 sus
495 2529 782 2600 quisquam
809 2526 1134 2584 necessitate
1164 2543 1224 2582 se
1253 2525 1800 2595 anathematizaverit,
1837 2542 1970 2582 ana-

383 2617 636 2672 thematis
656 2616 875 2673 vinculo
897 2633 1004 2672 non
1023 2623 1240 2672 tenetur
1266 2634 1279 2683 ;
1314 2636 1336 2666 ιν
1363 2615 1548 2671 verbis
1569 2615 1682 2670 suis
1703 2615 1978 2686 imposuit,

383 2705 698 2770 immittens,
732 2705 1177 2777 superadjiciens,
1213 2725 1235 2754 «
1270 2712 1358 2759 aut
1403 2712 1590 2760 contra
1646 2719 1712 2759 ea
1743 2720 1864 2776 qua
1880 2704 1982 2760 sub

385 2795 726 2850 anathemate
781 2794 1056 2865 prohibita
1130 2801 1272 2861 sunt,
1350 2792 1774 2864 praesumpserit.
1838 2813 1861 2843 ι
1921 2793 1984 2848 In

387 2883 582 2939 eodem
603 2883 745 2953 loco,
769 2883 862 2938 ubi
889 2882 1022 2937 dixit
1055 2899 1068 2936 :
1108 2903 1130 2933 ‹
1167 2882 1223 2937 Si
1245 2881 1338 2953 qui
1369 2890 1492 2937 sunt
1521 2881 1686 2953 igitur
1715 2881 1826 2954 qui,
1880 2881 1983 2936 sub

386 2972 608 3028 nomine
637 2970 962 3039 Christiano,
1014 2971 1133 3027 haec
1174 2987 1295 3042 quae
1340 2970 1692 3042 prediximus
1737 2986 1985 3026 errorum

386 3060 640 3132 capitula,
673 3068 763 3116 aut
790 3059 1092 3131 praedicare
1139 3059 1359 3127 audent,
1419 3067 1510 3114 aut
1539 3059 1684 3115 taciti
1724 3059 1870 3130 apud
1899 3075 1985 3114 se-

385 3149 649 3220 metipsos
676 3156 880 3216 tenere,
919 3172 940 3196 n
974 3148 1331 3219 detruncavit,
1365 3155 1417 3203 et
1445 3147 1707 3220 pervertit
1725 3148 1795 3203 ad
1827 3163 1986 3204 suum

388 3253 611 3294 sensum
641 3238 829 3294 dicens
863 3255 876 3292 :
914 3259 936 3290 ι
973 3237 1030 3293 Si
1060 3237 1151 3309 qui
1179 3244 1303 3292 sunt
1333 3237 1499 3308 igitur
1520 3237 1610 3308 qui
1639 3237 1739 3292 sub
1765 3237 1986 3295 nomine

387 3325 692 3382 Christiano
721 3327 839 3382 hac
869 3325 1165 3398 qraedicare
1189 3325 1407 3381 audent.
1448 3348 1470 3374 »
1505 3325 1629 3381 Non
1660 3325 1839 3382 tinens
1867 3341 1990 3380 sen-

385 3411 612 3466 tentiam
651 3418 854 3467 sanctae
884 3418 1050 3467 sextae
1080 3410 1274 3482 synodi
1306 3410 1362 3465 in
1409 3409 1734 3466 duodecima
1774 3409 1986 3466 actione

387 3499 655 3570 prolatam
683 3499 788 3555 hoc
841 3499 1006 3555 modo
1041 3517 1054 3553 :
1093 3521 1114 3549 α
1167 3499 1537 3554 Inveteratum
1597 3498 1884 3554 Macarium
1930 3498 1986 3553 in

387 3587 679 3658 impietatis
708 3587 1070 3660 dogmatibus,
1105 3594 1157 3642 et
1175 3602 1287 3643 non
1308 3587 1483 3643 solum
1503 3587 1812 3644 universam
1833 3586 1990 3642 Chri-

389 3683 475 3731 sto
495 3676 779 3731 amabilem
808 3675 1042 3746 plebem,
1077 3692 1198 3747 quae
1226 3676 1365 3732 hanc
1394 3691 1427 3732 a
1472 3677 1588 3732 Deo
1649 3689 1987 3731 conservan-

385 3764 510 3819 dam
539 3765 753 3835 regiam
781 3765 976 3819 urbem
1014 3763 1278 3819 inhabitat
1332 3763 1618 3821 eversione
1676 3763 1986 3818 turbulenta

387 3859 668 3924 potantem
696 3871 710 3920 ;
739 3852 1160 3924 testimoniaque
1188 3860 1503 3909 sanctorum
1532 3860 1586 3908 et
1620 3851 1990 3924 probabilium

388 3941 607 3997 Palmm
637 3940 944 4011 falsantem,
978 3949 1030 3996 et
1052 3941 1300 4012 quaedam
1333 3941 1553 4013 quidem
1591 3940 1984 4007 abscidentem,

388 4029 637 4100 quadam
657 4046 788 4086 vero
818 4030 1127 4096 addentem,
1164 4038 1217 4085 et
1239 4030 1540 4087 secundum
1570 4030 1713 4102 quod
1744 4029 1794 4084 ei
1839 4029 1991 4085 vide-

387 4117 569 4188 batur,
592 4118 648 4173 in
677 4119 835 4176 devio
864 4119 1182 4185 mittentem,
1216 4119 1520 4191 piissimum
1552 4127 1604 4173 et
1634 4135 1664 4174 a
1693 4119 1808 4173 Deo
1830 4133 1989 4174 coro-

387 4215 574 4262 natum
603 4206 905 4279 principem
925 4224 1023 4279 per
1053 4207 1244 4263 oblata
1261 4208 1331 4263 ab
1360 4224 1425 4263 eo
1455 4206 1683 4277 codicia,
1731 4207 1830 4262 sed
1884 4215 1936 4261 et
1958 4220 1992 4260 a

393 4295 526 4351 solis
547 4303 668 4352 ortu
691 4313 863 4368 usque
892 4296 963 4352 ad
994 4313 1248 4353 occasum
1279 4313 1380 4368 per
1408 4296 1613 4351 litteras
1634 4309 1778 4362 suas,
1805 4301 1857 4349 et
1891 4311 1992 4367 per

390 4381 642 4437 homines
688 4398 824 4454 quos
879 4381 1146 4449 mittebat,
1192 4382 1480 4438 universos
1511 4381 1905 4453 pertubantem,
1939 4388 1993 4436 et

2076 1846 2200 1887 cere
2220 1828 2550 1898 judicarunt,
2582 1833 2641 1880 ut
2670 1824 2919 1897 quisquis
2956 1823 3226 1898 [quisque]
3251 1824 3543 1896 aliquando
3571 1825 3673 1879 hu-

2069 1919 2160 1988 jus
2191 1916 2390 1973 erroris
2444 1914 2870 1971 communicator
2910 1913 3184 1982 existeret,
3231 1912 3518 1985 principali
3547 1929 3674 1968 sen-

2076 2007 2240 2063 tentia
2269 2005 2630 2060 damnationis
2687 2004 2807 2074 ejus
2862 2010 3009 2058 esset
3051 2002 3366 2069 obstrictus,
3418 2001 3675 2074 quoniam

2075 2094 2364 2151 manifeste
2395 2093 2619 2165 quilibet
2650 2092 2738 2149 vel
2765 2091 3106 2164 professione
3151 2108 3267 2159 sua,
3298 2091 3387 2148 vel
3415 2105 3664 2147 commu-

2075 2185 2238 2241 nione
2269 2190 2456 2256 posset
2484 2179 2727 2253 agnosci.
2765 2201 2788 2232 ι
2838 2181 2909 2236 Et
2964 2188 3088 2252 post
3117 2181 3392 2252 aliquanta
3423 2197 3438 2234 :
3478 2201 3499 2232 ι
3533 2179 3678 2249 Quo-

2077 2274 2223 2330 niam
2253 2273 2397 2328 idem
2428 2271 2546 2343 ipse
2575 2287 2752 2340 error,
2787 2269 2877 2341 qui
2917 2269 3088 2325 semel
3134 2277 3218 2325 est
3254 2285 3381 2326 cum
3428 2284 3529 2324 suo
3576 2284 3676 2324 au-

2077 2371 2226 2419 ctore
2252 2363 2556 2426 damnatus,
2598 2359 2655 2413 in
2675 2358 2942 2430 participe
2972 2358 3215 2430 quolibet
3233 2375 3416 2429 pravae
3435 2374 3677 2414 commu-

2079 2450 2259 2508 nionis
2289 2449 2500 2518 effecto,
2536 2447 2966 2504 exsecrationem
2992 2447 3075 2502 sui
3103 2454 3280 2520 gestat
3309 2455 3362 2502 et
3382 2462 3622 2518 poenam.
3650 2467 3673 2496 ι

2152 2541 2280 2596 Post
2309 2537 2518 2610 praefati
2546 2536 2780 2608 denique
2808 2544 3155 2592 monstruoso
3184 2535 3354 2591 libelli
3382 2551 3415 2590 a
3436 2552 3495 2592 se
3515 2551 3678 2592 mon-

2082 2636 2299 2685 struose
2349 2627 2560 2684 collecti
2609 2641 2764 2682 suam
2814 2641 3141 2696 suorumque
3196 2624 3674 2696 subscriptionem,

2081 2717 2276 2772 litteris
2307 2732 2534 2788 quarum
2589 2714 2865 2786 exemplar
2902 2714 3096 2781 habeo,
3130 2714 3309 2769 denuo
3337 2713 3492 2768 illum
3521 2730 3678 2770 com-

2081 2806 2288 2872 monui,
2321 2813 2380 2860 ut
2409 2820 2474 2860 ea
2505 2820 2625 2876 qua:
2651 2804 2707 2858 in
2732 2802 2994 2875 parochia
3023 2818 3124 2858 sua
3165 2811 3355 2858 contra
3391 2803 3676 2870 rationem,

2085 2903 2138 2951 et
2166 2894 2540 2951 auctoritatem
2574 2900 2768 2966 egerat
2797 2892 3062 2958 studeret,
3085 2891 3390 2964 corrigere.
3437 2892 3551 2948 Sed
3580 2892 3679 2946 ad-

2083 2983 2370 3039 monitioni
2397 2999 2536 3038 mea:
2576 2997 2686 3037 non
2733 2982 2910 3052 paruit
2945 2998 2958 3034 :
2992 2996 3115 3036 cum
3146 2979 3292 3036 dicat
3337 2980 3632 3051 Apostolus
3667 2997 3681 3035 :

2089 3072 2311 3128 Obedite
2337 3071 2658 3143 prwpositis
2674 3072 2876 3126 vestris
2891 3070 2955 3124 in
2976 3069 3208 3125 Domino
3226 3068 3407 3139 (Hebr.
3445 3067 3586 3140 xm).
3618 3069 3686 3124 Et
3773 3059 3776 3068 ’

2087 3167 2303 3216 sanctus
2331 3160 2440 3214 Leo
2497 3159 2774 3227 decernat,
2807 3165 2866 3213 ut
2915 3178 2937 3208 ς
2991 3156 3083 3228 qui
3113 3156 3213 3212 scit
3241 3173 3300 3211 se
3357 3155 3684 3228 quibusdam

2084 3247 2458 3321 prepositum,
2491 3263 2601 3304 non
2631 3246 2860 3303 moleste
2876 3245 3014 3302 ferat
3029 3245 3266 3318 aliquem
3283 3245 3388 3300 sibi
3409 3261 3532 3302 esse
3549 3261 3684 3318 prae-

2086 3337 2270 3394 latum.
2309 3357 2332 3387 ι

2679 3425 2902 3481 CAPUT
2929 3423 3077 3479 XIII.

2091 3515 2242 3582 Quod
2256 3516 2588 3586 frequenter
2602 3513 2931 3570 admonitus
2948 3528 3224 3569 excusare
3240 3513 3437 3586 culpas
3477 3512 3689 3568 maluit

2161 3583 2329 3658 quam
2348 3583 2662 3658 corrigere,
2677 3589 2743 3658 et
2776 3588 3078 3658 accusatus
3104 3586 3168 3658 in
3203 3583 3427 3658 synodo,
3447 3599 3562 3638 non
3584 3599 3687 3639 ea:-

2161 3655 2412 3729 spectato
2429 3655 2542 3724 ﬁne
2554 3656 2782 3727 judicii,
2803 3657 2998 3727 fugam
3015 3657 3283 3726 arripuit.

2161 3761 2301 3834 (Lib.
2333 3776 2404 3815 ιν
2430 3763 2562 3834 Cap.
2611 3761 2794 3835 praef.)
2824 3761 3033 3818 Deinde
3064 3778 3129 3818 ex
3161 3761 3402 3834 epistolis
3431 3763 3688 3818 Romanae

2091 3850 2239 3906 sedis
2274 3849 2588 3921 pontificum
2633 3859 2760 3907 ante
2813 3851 3092 3908 Nicaenam
3147 3851 3417 3924 synodum
3475 3851 3690 3922 scriptis

2091 3939 2336 3996 libellum
2355 3957 2386 3994 a
2417 3956 2476 3995 se
2505 3939 2813 4006 collectum,
2847 3948 2900 3996 et
2927 3943 2995 3998 20
3024 3939 3310 3997 versiculis
3365 3941 3421 3995 in
3469 3940 3688 3996 nomine

2092 4029 2278 4085 domui
2307 4029 2459 4102 regis
2489 4030 2668 4085 Caroli
2698 4029 2982 4096 titulatum,
3015 4047 3116 4100 per
3134 4029 3500 4086 venerabilem
3523 4046 3692 4101 quon-

2092 4119 2219 4174 dam
2249 4117 2722 4188 archiepisc0pum
2751 4117 3122 4184 Wenilonem,
3163 4118 3219 4172 in
3248 4117 3504 4173 Gundulti
3564 4118 3690 4174 villa

2092 4221 2278 4262 coram
2315 4205 2738 4276 archiepiscopis
2787 4205 2880 4277 qui
2921 4205 3231 4275 adfuerunt,
3292 4204 3424 4260 mihi
3473 4205 3686 4260 direxit.

2094 4296 2175 4351 De
2205 4309 2332 4366 quo,
2363 4293 2460 4361 illi,
2495 4293 2698 4366 scripto
2728 4295 3005 4366 respondi,
3063 4294 3215 4364 cujus
3268 4294 3545 4364 exemplar
3603 4293 3690 4350 hic

2092 4383 2271 4438 habeo
2313 4400 2326 4436 :
2360 4399 2588 4439 monens
2636 4383 2806 4450 illum,
2839 4391 2898 4438 ut
2925 4383 3099 4440 sacris
3131 4382 3432 4439 canonibus
3465 4391 3518 4438 et
3547 4398 3686 4454 apo-

390 4485 424 4525 a
453 4468 559 4543 fide
583 4486 710 4525 vera
741 4478 1142 4544 segregantem,
1177 4478 1230 4524 et
1253 4471 1397 4540 juste
1418 4477 1578 4542 atque
1597 4469 1995 4529 rationabiliter
2020 4470 2075 4530 D
2095 4477 2299 4532 δίοιὶοω
2316 4473 2462 4528 sedis
2483 4473 2719 4530 decretis
2742 4489 2807 4528 ex
2825 4472 3035 4528 eisdem
3055 4472 3225 4529 sacris
3247 4471 3547 4529 canonibus
3568 4486 3696 4542 pro-

390 4557 689 4630 pontiﬁcali
717 4559 904 4615 habitu
942 4559 1294 4627 denudatum,
1337 4559 1647 4615 nullatenus
1694 4558 1876 4614 divina
1903 4575 1991 4614 re-

389 4645 522 4718 gula
551 4646 619 4701 de
649 4653 848 4702 caetero
871 4647 1112 4719 suscepit
1139 4647 1194 4701 in
1217 4647 1453 4704 doctoris
1468 4647 1599 4703 sede
1616 4647 1858 4703 residere
1883 4665 1896 4702 :
1921 4662 1992 4703 ne

388 4750 456 4790 ex
483 4735 590 4790 hoc
606 4735 844 4806 propriae
875 4751 988 4790 sum
1016 4736 1293 4791 haereseos
1320 4744 1500 4792 musto
1554 4737 1668 4805 jam
1723 4737 1990 4793 recrude-

385 4831 567 4879 sceret
595 4822 753 4879 faciat
780 4823 1218 4897 intelligentiam,
1253 4833 1306 4880 et
1336 4824 1484 4893 fiant,
1516 4826 1671 4894 juxta
1700 4826 1847 4897 quod
1866 4824 1994 4881 scri-

385 4919 541 4984 ptum
571 4919 671 4982 est,
704 4911 1004 4968 novissima
1048 4913 1190 4970 illius
1220 4914 1457 4969 hominis
1488 4914 1763 4970 deteriora
1793 4913 1992 4986 priori-

385 5001 510 5056 bus.
549 5021 572 5052 »
605 5002 672 5056 Et
699 5001 1048 5058 Macedonius
1100 5003 1734 5075 ConstantinOpolitanus
1773 5003 1991 5076 episco-

386 5105 492 5162 pus
549 5089 618 5144 ab
677 5089 1008 5161 imperatore
1092 5091 1383 5147 Anastasio
1457 5091 1659 5165 legitur
1711 5091 1986 5164 expulsus,

387 5177 649 5250 quoniam
660 5178 960 5252 Evangelia
973 5178 1246 5250 falsasset,
1273 5188 1326 5234 et
1342 5179 1574 5236 maxime
1595 5180 1726 5236 illud
1745 5178 1994 5252 Apostoli

386 5266 594 5323 dictum
626 5284 640 5322 :
670 5267 820 5336 Quod
839 5270 1112 5340 apparuit
1138 5269 1202 5323 in
1218 5269 1806 5341 carue,justiﬁeatum
1834 5271 1993 5325 estin

395 5357 612 5429 spiritu
627 5355 680 5428 (Ι
710 5357 847 5413 Tim.
881 5358 1002 5428 m);
1047 5364 1101 5413 et
1129 5356 1461 5428 pervertisse
1483 5365 1550 5412 ut
1595 5356 1892 5429 legeretur,
1927 5362 1994 5414 ut

396 5449 545 5501 esset
561 5446 728 5514 Deus,
760 5447 1026 5519 apparuit
1041 5463 1147 5519 per
1174 5463 1426 5503 car-nem.
1462 5445 1664 5515 Quales
1712 5445 1994 5521 redarguit

391 5542 599 5600 Paulus
623 5544 906 5616 apostolus
933 5543 1002 5601 de
1031 5561 1092 5602 se
1128 5552 1181 5601 et
1227 5544 1342 5601 suis
1389 5544 1555 5602 sociis
1600 5543 1789 5602 dicens
1824 5563 1838 5601 :
1872 5546 1993 5603 Non

2093 4567 2351 4639 mulgatis
2377 4565 2542 4621 fidem
2572 4563 3026 4630 accommodaret,
3053 4569 3106 4618 et
3136 4561 3377 4618 debitam
3423 4559 3691 4616 obedien-

2093 4657 2222 4712 tiam
2253 4657 2358 4712 illis
2387 4654 2738 4726 dependeret.
2770 4652 2901 4707 Inde
2938 4651 2995 4706 in
3049 4650 3318 4706 Attiniaco
3366 4648 3692 4706 Rhemensis

2093 4746 2388 4818 parochia,
2421 4744 2500 4800 illi
2528 4759 2716 4800 coram
2745 4739 3036 4812 episcopis,
3073 4739 3163 4810 qui
3193 4738 3525 4809 adfuerunt,
3564 4737 3692 4794 dedi

2093 4835 2336 4890 libellum
2364 4833 2420 4888 in
2451 4836 2518 4888 55
2549 4829 2816 4902 capitulis,
2849 4831 2916 4884 44
2977 4827 3225 4884 versibus
3275 4827 3560 4897 titulatum,
3595 4842 3694 4883 au-

2096 4924 2376 4982 ctoritates
2431 4919 2832 4978 ecclesiasticas
2888 4915 3274 4987 continentem,
3341 4925 3527 4972 contra
3604 4916 3695 4972 illa

2096 5029 2217 5085 quae
2244 5011 2303 5066 in
2328 5009 2566 5083 praefatis
2598 5008 2710 5064 suis
2742 5006 2952 5061 duobus
2970 5004 3172 5060 libellis
3189 5005 3490 5079 collegerat
3521 5023 3534 5059 :
3568 5021 3689 5061 mo-

2095 5117 2232 5158 nens
2263 5108 2319 5156 ut
2349 5115 2379 5154 a
2407 5099 2606 5154 talibus
2634 5093 2940 5165 hujusmodi
2968 5093 3488 5165 reprehensionibus
3509 5110 3569 5150 se
3601 5109 3694 5150 co-

2095 5191 2340 5256 hiberet;
2386 5194 2440 5242 et
2493 5202 2554 5242 se
2609 5183 2780 5240 sacris
2820 5181 3023 5256 regulis
3080 5182 3342 5251 subdens,
3401 5199 3593 5255 pacem
3642 5189 3695 5238 et

2097 5275 2526 5343 sanctimoniam,
2562 5272 2858 5330 secundum
2874 5270 3215 5343 Apostolum,
3239 5271 3395 5345 sequi
3427 5271 3690 5327 studeret.

2096 5370 2149 5423 Is
2177 5373 2358 5423 autem
2389 5363 2593 5418 nullam
2619 5361 2746 5418 inde
2775 5377 2912 5416 meae
2940 5360 3326 5417 admonitionis
3373 5359 3694 5416 satisfactio-

2095 5472 2222 5512 nem
2252 5451 2510 5510 exhibuit.
2535 5451 2677 5522 Quin
2704 5450 2882 5522 potius
2911 5449 3148 5506 rotulam
3176 5449 3598 5521 prolixissimam
3626 5447 3695 5502 de

2097 5545 2330 5618 quadam
2357 5541 2586 5616 capella,
2617 5540 2762 5599 unde
2793 5557 2917 5598 eum
2946 5555 3092 5612 saepe
3119 5538 3332 5607 litteris,
3372 5553 3474 5610 pro
3521 5535 3695 5593 recla-
