4174 6304
542 199 646 253 583

1566 195 1910 253 HINCMARI
1946 156 2350 251 RHEMENSIS
2387 195 2937 254 monmrrscom.

3741 203 3851 257 584

543 320 783 379 matione
829 320 900 376 ad
940 336 1028 377 me
1056 319 1337 377 hominum
1366 335 1433 375 ex
1459 335 1559 375 sua
1577 320 1858 391 parochia,
1908 319 2095 376 monui
2126 319 2220 381 :A
2249 319 2391 375 Nam
2422 320 2590 375 adimi
2637 321 2686 377 ei
2734 321 3123 393 episcOpatum,
3174 328 3465 394 antequam
3501 337 3681 379 cause
3729 324 3854 394 ejus

544 410 643 466 sed
671 409 805 465 nihil
831 408 1038 481 profeci
1070 427 1083 464 :
1116 417 1169 465 et
1196 407 1396 463 fabulis
1429 407 1498 464 de
1527 408 1679 464 Fimo
1709 408 2015 481 presbyteri
2055 422 2150 479 pa-

544 498 746 556 rochias
782 514 915 566 suae,
948 506 1000 554 et
1032 497 1174 554 villae
1204 496 1463 553 Ecclesia
1482 505 1682 553 nostra:
1708 515 1722 564 ;
1744 496 1844 552 sed
1861 505 1914 552 et
1933 497 2002 552 de
2023 496 2145 552 aliis

538 587 878 644 mendaciter
906 586 1243 658 compositis,
1267 586 1335 641 de
1366 587 1561 658 quibus
1606 602 1666 641 se
1698 585 1816 657 ipse
1856 586 2147 657 presbyter

542 678 612 733 ad
638 692 727 732 me
748 692 857 733 non
885 675 1215 742 reclamavit,
1247 691 1350 731 nec
1380 674 1436 729 in
1456 675 1638 746 aliqua
1660 674 1870 746 synodo
1898 688 2148 746 compro-

540 766 760 823 vinciali
788 765 956 819 ullam
985 763 1254 819 rationem
1300 763 1426 818 inde
1457 763 1748 819 commovit
1810 769 2139 828 contextam,

543 853 600 909 in
628 854 823 910 eodem
849 852 1081 909 concilio
1109 851 1240 906 mihi
1255 850 1497 923 porrexit
1513 852 1656 923 (Non
1673 852 1910 921 exstat).
1935 851 2017 906 De
2038 866 2142 921 qua

543 941 718 998 rotula
746 941 916 1012 loqui,
947 940 1004 995 in
1032 939 1178 995 aliud
1206 947 1421 1010 tempus
1448 939 1673 1011 dignum
1731 939 1861 994 duxi
1921 937 2136 1004 diﬁ‘ere,

545 1046 616 1086 ne
644 1029 800 1086 vobis
828 1029 1046 1084 taedium
1087 1027 1446 1083 deliramenta
1503 1044 1601 1082 sua
1649 1026 1905 1094 inferant,
1964 1033 2018 1081 et
2071 1026 2141 1081 ad

543 1116 920 1175 necessariora
946 1132 1044 1174 vos
1075 1115 1429 1172 deliberanda
1456 1115 1772 1186 impediant.
1793 1115 1903 1171 Sed
1919 1123 1972 1170 et
1991 1130 2139 1185 prae-

544 1207 717 1263 fatum
763 1221 921 1262 suum
947 1212 1350 1261 monstruosum
1377 1204 1692 1275 libellum,a
1739 1219 1799 1259 se
1830 1212 1883 1259 et
1904 1218 1971 1257 ea
2023 1202 2134 1257 suis

546 1295 931 1367 subscriptum,
964 1293 1021 1349 in
1050 1294 1241 1349 eadem
1255 1293 1463 1364 synodo
1482 1291 1722 1364 protulit,
1751 1308 1915 1363 quem
1936 1291 2140 1346 ibidem

546 1383 841 1455 accipiens,
869 1383 1133 1439 hactenus
1162 1397 1345 1438 servo.

616 1472 686 1527 Et
713 1487 838 1528 cum
866 1487 954 1526 me
1000 1470 1113 1526 vidi
1139 1477 1255 1541 post
1290 1476 1368 1525 tot
1395 1469 1795 1525 admonitiones
1827 1468 1961 1524 nihil
1991 1469 2139 1540 apud

547 1577 672 1617 eum
699 1575 863 1631 posse
890 1557 1180 1630 proﬁcere,
1213 1557 1526 1614 schedulam
1552 1557 1769 1629 porrexi
1815 1559 1872 1611 in
1928 1557 2137 1628 synodo

546 1650 740 1705 decem
758 1646 1159 1720 provinciarum
1189 1645 1332 1718 (Non
1353 1650 1547 1703 exstat
1581 1647 1697 1702 hcce
1725 1646 2036 1717 schedula),
2069 1645 2136 1699 ab
2163 1673 2218 1734 Β

546 1738 755 1795 eisdem
783 1735 1112 1793 venerandis
1141 1735 1411 1807 episcopis
1428 1750 1676 1807 quaerens
1698 1734 1987 1791 consilium
2016 1734 2146 1805 quid

546 1834 740 1904 contra
768 1842 920 1881 suam
948 1823 1281 1896 pertinacem
1328 1823 1730 1880 contumaciam
1782 1839 1952 1896 agere
2007 1838 2141 1894 pos-

547 1931 666 1971 sem
698 1933 712 1971 :
744 1923 798 1971 et
825 1931 948 1986 quae
972 1913 1054 1967 illi
1087 1954 1099 1967 .
1134 1953 1147 1968 .
1184 1953 1197 1967 .
1230 1929 1345 1968 suae
1373 1920 1561 1968 contra
1606 1911 1980 1983 colligationes
2031 1927 2145 1966 suae

545 2002 836 2076 impietatis
865 2002 1190 2070 direxeram,
1246 2009 1435 2057 contra
1490 2000 1595 2055 illis
1637 2009 1767 2056 nota
1812 2000 1937 2056 feci.
1989 1999 2144 2055 Unde

545 2101 601 2150 et
629 2093 698 2148 ab
727 2091 918 2148 eadem
945 2091 1156 2162 synodo
1186 2097 1505 2161 conventus,
1538 2090 1796 2161 quoniam
1854 2089 2052 2158 injuste
2081 2104 2144 2143 ac

545 2180 923 2255 irregulariter
951 2187 1126 2235 tantas
1160 2186 1214 2235 et
1271 2179 1410 2234 tales
1447 2177 2037 2235 excommunicationes
2066 2176 2144 2231 fa-

545 2285 672 2327 cere
682 2269 1048 2342 praesumpsit,
1071 2268 1223 2323 dedit
1245 2268 1379 2322 mihi
1410 2267 1469 2322 in
1484 2267 1678 2323 eadem
1696 2266 1904 2338 synodo
1930 2265 2144 2337 profes-

545 2358 715 2415 sionis
730 2374 844 2414 suae
872 2357 1119 2413 libellum
1148 2357 1217 2411 de
1239 2355 1477 2429 regulari
1508 2355 1816 2411 obedientia
1836 2371 1952 2425 sua,
1980 2369 2143 2427 quem

541 2447 741 2515 habeo,
772 2445 867 2519 qui
895 2446 971 2502 ita
1000 2463 1060 2502 se
1096 2445 1258 2501 habet
1291 2462 1305 2500 :
1360 2445 1658 2517 Privilegio
1705 2445 1999 2500 Hincmari
2026 2459 2142 2499 me-

546 2536 880 2609 tropolitani
887 2536 1197 2607 provincia:
1208 2535 1547 2591 Rhemorum
1575 2534 1824 2589 ecclesiis
1832 2532 2145 2589 secundum

543 2640 732 2681 sacros
751 2640 995 2681 canones
1012 2628 1071 2679 et
1092 2624 1318 2680 decreta
1337 2624 1484 2679 sedis
1516 2623 1838 2694 apostolica:
1861 2637 1937 2677 ex
1965 2622 2143 2677 sacris

543 2714 853 2771 canonibus
865 2714 1246 2786 promulgata,
1285 2728 1389 2785 pro
1418 2713 1564 2768 scire
1593 2715 1817 2783 etposse
1846 2726 1933 2766 me
1973 2710 2149 2766 obedi-

548 2805 747 2859 turum
762 2802 1047 2875 proﬁteor,
1067 2800 1368 2857 subscribo.
1386 2800 1455 2855 Et
1482 2815 1549 2854 ex
1577 2815 1644 2854 eo
1672 2799 1818 2870 quod
1846 2799 1931 2853 sui
1960 2797 2142 2853 homi-

545 2906 647 2947 nes
679 2907 739 2946 se
764 2878 834 2945 ad
860 2905 1054 2962 regem
1083 2888 1534 2954 reclamaverunt,
1561 2887 1819 2959 quoniam
1841 2887 1909 2941 ab
1928 2885 2140 2959 eis;sua,

542 2977 830 3047 beneﬁcia,
864 2995 985 3050 qua:
1012 2978 1157 3050 apud
1186 2985 1564 3033 antecessores
1585 2992 1734 3043 suos,
1766 2983 1818 3031 et
1845 2975 1992 3047 apud
2020 2991 2145 3030 eum

540 3068 969 3141 proservierunt,
1000 3066 1200 3137 injuste
1241 3074 1296 3122 et
1330 3064 1765 3121 irrationabiliter
1804 3063 2137 3131 abstulisset,

542 3164 669 3229 post
697 3157 882 3213 datum
908 3156 1041 3211 mihi
1072 3155 1311 3212 libellum
1336 3155 1393 3210 in
1420 3154 1631 3226 synodo
1652 3154 1720 3209 de
1751 3153 1988 3227 regulari
2008 3154 2135 3209 obe-

543 3245 748 3302 dientia
776 3262 893 3313 sua,
927 3245 1132 3301 electos
1155 3244 1368 3313 judices
1396 3243 1685 3315 episcopos
1701 3243 1846 3314 apud
1864 3258 1953 3298 me
1974 3258 2138 3314 expe-

541 3333 661 3391 tivit
690 3352 704 3388 :
738 3341 792 3390 et
818 3342 952 3400 tres,
984 3332 1286 3389 secundum
1304 3330 1617 3388 Africanum
1632 3330 1941 3398 concilium,
1983 3331 2135 3387 scili-

542 3430 631 3479 cet
660 3422 972 3489 Actardum,
1023 3419 1440 3492 Ragenelmum,
1489 3427 1650 3492 atque
1691 3420 1957 3476 Joannem
1988 3435 2021 3473 a
2048 3435 2137 3476 me

542 3511 649 3567 sibi
676 3509 995 3583 designatos
1023 3509 1298 3580 suscepit;
1333 3516 1387 3565 et
1424 3523 1627 3583 eorum,
1686 3515 1850 3580 atque
1905 3508 2136 3564 aliorum

542 3600 719 3656 Deum
746 3598 1069 3668 timentium,
1097 3597 1324 3669 judicio,
1349 3597 1406 3653 in
1429 3596 1615 3654 domni
1642 3596 1809 3670 regis,
1843 3597 1985 3653 sicut
2014 3613 2140 3668 pos-

543 3688 753 3754 tulavit,
784 3687 1097 3758 praesentia,
1131 3687 1200 3742 de
1229 3686 1554 3757 quibusdam
1585 3686 1867 3742 decretum
1913 3684 2029 3754 fuit,
2078 3693 2137 3741 ut

542 3771 812 3831 beneﬁcia
832 3791 932 3830 sua
956 3791 1076 3846 quas
1104 3774 1550 3830 irrationabiliter
1576 3773 1953 3845 perdiderunt,
1984 3788 2138 3829 recu-

540 3878 739 3936 perare
769 3863 1053 3919 deberent.
1082 3863 1213 3918 Tota
1242 3869 1423 3919 autem
1480 3878 1671 3918 eorum
1726 3877 1913 3930 causa,
1961 3878 2135 3934 usque

540 3967 609 4008 ac
637 3951 803 4008 alium
851 3958 1162 4018 tractatum,
1209 3951 1371 4007 certis
1425 3950 1906 4008 intervenientibus
1953 3951 2136 4007 causis

539 4056 652 4097 non
678 4040 924 4109 diﬁinita,
957 4040 1056 4096 sed
1083 4040 1172 4096 die
1214 4039 1320 4095 alia
1365 4039 1695 4112 diﬁinienda,
1728 4039 2005 4096 remansit.
2065 4042 2136 4095 Et

536 4138 662 4186 ante
691 4128 1062 4186 diﬁinitionem
1095 4137 1283 4185 contra
1311 4144 1502 4186 sacros
1541 4145 1801 4196 canones,
1852 4128 1970 4185 sine
2023 4128 2135 4185 ulla

536 4219 861 4276 necessitate
891 4219 977 4276 vel
1006 4219 1235 4285 ratione,
1268 4227 1431 4275 noctu
1459 4218 1592 4293 fuga
1645 4219 1848 4290 lapsus,
1909 4216 2133 4290 regula-

536 4324 654 4364 rem
683 4306 1061 4364 diﬁinitionem
1089 4315 1408 4380 exspectare
1429 4307 1772 4379 contempsit.
1804 4306 1963 4364 Unde
1991 4304 2133 4360 sacri

2247 409 2423 464 exitus
2451 418 2759 481 appareret,
2791 411 2926 466 nulli
2954 410 3264 466 Christiano
3293 411 3467 467 videri
3497 412 3618 481 jure
3673 413 3853 483 potuit

2248 496 2345 569 [αι.
2370 541 2382 565 ,
2417 497 2720 571 potuisset].
2760 519 2783 549 ι
2816 500 2883 554 Et
2899 499 3028 555 item
3052 499 3180 555 dicit
3200 499 3379 572 (conc.
3401 501 3613 567 Milon,
3644 514 3698 556 c.
3734 505 3799 558 21
3830 521 3846 568 ;

2244 600 2400 641 conc.
2425 586 2604 657 Afric.
2625 630 2636 653 ,
2661 603 2710 642 ο.
2746 588 2847 654 87;
2875 588 2999 643 ϐοά.
3025 604 3153 644 οαη.
3179 589 3329 644 Eccl.
3354 588 3532 660 Afric.
3563 631 3576 655 ,
3599 603 3721 644 can.
3747 592 3847 646 121

2244 682 2298 727 et
2324 673 2416 745 22)
2449 691 2462 728 :
2501 695 2524 725 ι
2550 676 2617 730 Ut
2648 691 2748 746 per
2786 675 3075 748 episcopos
3122 676 3334 744 judices
3379 692 3543 732 causa
3604 675 3850 744 ﬁniatur,

2244 761 2360 817 sive
2390 778 2528 834 quos
2558 763 2637 819 eis
2660 763 2813 836 [quin
2840 765 2980 819 inter
3017 781 3077 819 se
3095 764 3562 837 conquirentibus]
3587 766 3856 837 primates

2243 849 2509 920 dederint,
2540 851 2656 908 sive
2691 868 2829 923 quos
2861 852 2966 924 ipsi
2995 852 3205 909 vicinos
3226 868 3293 909 ex
3326 868 3599 909 consensu
3629 854 3859 927 delege-

2241 938 2369 993 rint.
2405 939 2463 994 Si
2495 946 2679 995 autem
2708 956 2775 994 ex
2805 941 3087 996 communi
3115 942 3318 1012 placito
3374 942 3584 998 vicinos
3635 942 3858 1012 judices

2241 1026 2525 1100 elegerint,
2559 1036 2648 1083 aut
2676 1045 2818 1084 unus
2847 1029 3100 1102 eligatur,
3132 1037 3222 1084 aut
3276 1038 3391 1085 tres
3424 1047 3438 1086 :
3481 1038 3572 1086 aut
3627 1030 3674 1084 si
3733 1039 3851 1087 tres

2241 1116 2524 1189 elegerint,
2550 1124 2640 1172 aut
2656 1117 2898 1173 omnium
2920 1119 3244 1174 sententiam
3262 1127 3581 1190 sequantur,
3607 1126 3701 1174 aut
3719 1120 3855 1174 duo-

2239 1221 2380 1259 rum.
2414 1207 2460 1260 Α
2480 1204 2756 1275 judicibus
2788 1214 2990 1274 autem,
3024 1223 3162 1279 quos
3193 1206 3496 1263 communis
3544 1222 3852 1263 consensus

2238 1292 2485 1365 elegerit,
2519 1309 2629 1349 non
2659 1294 2819 1350 liceat
2848 1305 3145 1366 provocare
3179 1312 3191 1349 :
3228 1303 3280 1350 et
3311 1295 3559 1367 quisquis
3578 1296 3854 1367 probatus

2238 1382 2399 1438 fuerit
2427 1399 2526 1454 pro
2557 1384 2932 1439 controversio
2962 1382 3107 1439 nolle
3137 1384 3516 1456 obtemperare
3541 1384 3851 1452 judicibus,

2238 1486 2363 1527 cum
2389 1471 2494 1527 hoc
2522 1471 2712 1542 primae
2745 1471 2893 1527 sedis
2923 1472 3181 1543 episcopo
3210 1471 3372 1526 fuerit
3399 1472 3713 1543 probatum,
3744 1472 3842 1527 det

2236 1558 2448 1614 litteras
2474 1567 2531 1613 ut
2558 1560 2738 1616 nullus
2769 1560 2820 1614 ei
2847 1560 3209 1615 communicet
3239 1560 3640 1631 episcoporum,
3663 1561 3845 1616 donec

2248 1648 2607 1719 obtemperet.
2685 1668 2707 1698 ι
2767 1649 2836 1703 Et
2892 1648 3318 1721 Carthaginense
3374 1648 3505 1704 dicit
3555 1648 3849 1705 concilium

2248 1736 2426 1807 (conc.
2457 1737 2722 1808 Carthag.
2745 1751 2823 1802 ιιι,
2859 1740 2981 1803 ο.7;
3018 1736 3143 1793 ϐοά.
3179 1753 3307 1792 can.
3339 1738 3489 1793 Eccl.
3520 1738 3669 1808 Afr.,
3719 1752 3848 1793 can.

2246 1823 2335 1895 19)
2370 1842 2384 1879 :
2419 1845 2442 1875 ι
2477 1826 2546 1880 Ut
2576 1824 2822 1896 quisquis
2853 1824 3233 1896 episcoporum
3261 1832 3567 1895 accusatur,
3629 1825 3697 1880 ad
3726 1824 3846 1896 pri-

2247 1920 2420 1967 mates
2450 1912 2747 1983 provinciae
2777 1912 2948 1983 ipsius
2977 1928 3197 1969 causam
3226 1912 3434 1968 deferat
3471 1921 3777 1969 accusator.
3817 1935 3840 1963 ι

2242 2002 2311 2055 Et
2357 2008 2481 2071 post
2537 2000 2817 2073 aliquanta
2849 2019 2862 2055 :
2900 2023 2922 2052 ι
2958 2003 3156 2057 Verum
3186 2002 3371 2056 tandiu
3413 2010 3538 2072 post
3590 2017 3853 2057 mensem'

2245 2089 2541 2143 secundum
2572 2104 2681 2144 non
2713 2089 3094 2156 communicet,
3129 2090 3305 2145 donec
3331 2098 3615 2161 purgetur.
3653 2090 3712 2145 Si
3733 2106 3842 2145 au-

2242 2184 2353 2232 tem
2380 2178 2449 2232 ad
2478 2176 2763 2233 concilium
2794 2177 3108 2234 universale
3150 2178 3582 2233 anniversarium
3640 2193 3841 2234 occur-

2242 2281 2367 2321 rere
2396 2266 2647 2335 noluerit,
2681 2274 2739 2320 ut
2767 2266 2854 2323 vel
2883 2265 2955 2320 ibi
2984 2282 3145 2322 causa
3173 2267 3290 2336 ejus
3323 2266 3658 2332 terminetur,
3718 2265 3841 2337 ipse

2242 2352 2297 2408 in
2327 2370 2387 2409 se
2419 2354 2784 2409 damnationis
2814 2355 3137 2410 sententiam
3160 2355 3365 2410 dixisse
3375 2354 3664 2423 judicetur.
3686 2356 3844 2410 Tem-

2241 2457 2377 2513 pore
2407 2457 2540 2498 sane
2569 2458 2677 2515 quo
2705 2458 2816 2497 non
2843 2442 3227 2510 communicat,
3260 2458 3363 2499 nec
3392 2442 3448 2497 in
3466 2457 3564 2497 sua
3581 2442 3836 2512 ecclesia,

2241 2530 2330 2587 vel
2357 2530 2620 2602 parochia
2649 2531 3030 2588 communicet.
3069 2551 3091 2581 ι
3126 2532 3195 2587 Et
3240 2531 3354 2600 jam
3408 2539 3713 2587 transactus
3752 2539 3839 2586 est

2242 2634 2419 2674 annus
2447 2635 2513 2674 ex
2556 2635 2664 2691 quo
2703 2636 2737 2674 a
2776 2636 2886 2687 me,
2931 2635 3031 2675 suo
3079 2619 3517 2691 metropolitano,
3575 2618 3836 2691 praefatos

2236 2708 2453 2778 judices
2481 2707 2681 2764 electos
2711 2707 2953 2779 expetiit,
2986 2716 3039 2763 et
3068 2708 3313 2779 accepit;
3346 2715 3399 2763 et
3441 2723 3666 2764 causam
3722 2724 3837 2763 suae

2241 2796 2601 2853 accusationis
2630 2796 2952 2869 regulariter
2980 2804 3268 2853 exsecutus
3298 2811 3408 2852 non
3432 2796 3549 2852 fuit.
3583 2797 3653 2852 Et
3673 2796 3838 2852 dilata

2242 2893 2325 2940 est
2352 2886 2618 2941 hactenus
2642 2901 2708 2940 ex
2739 2900 2805 2941 eo
2858 2886 3124 2942 sententia
3175 2884 3414 2941 Africani
3470 2885 3706 2952 concilii,
3766 2885 3836 2940 de

2241 2973 2535 3029 Maximino
2566 2973 2824 3045 episcOpo
2853 2973 3202 3046 promulgata
3229 2973 3407 3044 (conc.
3430 2974 3634 3044 Afric.,
3654 2989 3701 3028 c.
3729 2976 3833 3038 55;

2243 3062 2370 3119 ϐοά.
2396 3079 2524 3119 can.
2558 3063 2708 3118 Eccl.
2756 3062 2969 3133 Afric.,
3016 3077 3138 3117 can.
3174 3061 3264 3134 88)
3295 3078 3307 3117 :
3346 3083 3368 3113 α
3407 3063 3489 3117 De
3516 3061 3832 3128 Maximino,

2241 3151 2435 3224 inquit,
2470 3151 2770 3223 Bacagensi
2800 3149 2923 3223 [al.,
2955 3150 3283 3206 Maximiano
3311 3148 3640 3223 Bagaiensi],
3686 3158 3739 3206 et
3766 3150 3836 3204 ad

2239 3256 2382 3306 eum,
2418 3246 2471 3294 et
2498 3239 2567 3294 ad
2594 3239 2768 3310 ipsam
2795 3238 3013 3310 plebem
3042 3238 3242 3311 placuit
3270 3238 3339 3294 de
3367 3238 3595 3295 concilio
3626 3238 3836 3294 litteras

2239 3328 2377 3396 dari,
2408 3335 2467 3383 ut
2494 3336 2548 3383 et
2579 3328 2695 3399 ipse
2739 3328 2806 3383 ab
2837 3328 3153 3400 episcopatu
3182 3327 3445 3397 discedat,
3480 3334 3534 3383 et
3587 3326 3668 3382 illi
3725 3326 3831 3381 sibi

2239 3417 2407 3473 alium
2435 3416 2733 3489 requirant.
2770 3438 2793 3466 υ

2841 3522 3067 3579 CAPUT
3093 3521 3240 3580 XIV.

2240 3610 2390 3681 Quod
2433 3614 2629 3684 fugam
2689 3612 2855 3667 illam
2897 3612 3148 3738 inﬁritnis
3192 3608 3508 3668 rationibus
3554 3625 3831 3668 excusare

2903 3699 3044 3738 conc
3074 3700 3163 3738 ur.

2903 3699 3163 3740 conatur.

2307 3779 2375 3834 Et
2403 3794 2530 3836 cum
2556 3780 2675 3836 hac
2702 3778 2777 3834 ita
2807 3795 2867 3835 se
2886 3779 3138 3846 habeant,
3169 3778 3315 3834 idem
3343 3777 3513 3836 frater
3554 3778 3688 3834 mihi
3734 3795 3828 3834 re-

2237 3867 2504 3935 scribens,
2535 3867 2720 3923 multis
2737 3867 3154 3941 allegationibus
3176 3884 3235 3923 se
3253 3867 3577 3923 necessitate
3596 3865 3832 3938 compul-

2236 3973 2375 4024 sum,
2395 3963 2449 4012 et
2467 3956 2905 4028 persecutionem
2923 3956 3287 4013 declinantem
3302 3954 3513 4028 fugisse
3531 3962 3826 4020 asseverat,

2235 4044 2377 4102 sicut
2404 4062 2500 4100 sua
2529 4044 2813 4116 scriptura,
2846 4061 3011 4117 quam
3041 4044 3131 4101 hic
3157 4045 3353 4110 habeo,
3387 4042 3586 4115 prodit.
3622 4042 3828 4099 Videli—

2236 4141 2341 4203 cet,
2374 4133 2504 4206 quia
2533 4149 2724 4190 omnes
2776 4134 3029 4189 homines
3084 4133 3166 4188 sui
3223 4131 3434 4188 banniti
3489 4131 3706 4187 fuerunt
3760 4130 3828 4186 ad

2234 4237 2451 4290 causas,
2484 4223 2561 4279 ita
2590 4230 2647 4278 ut
2675 4238 2779 4279 nec
2807 4239 2968 4293 unus,
3001 4221 3130 4277 dum
3159 4221 3361 4277 rediret
3378 4220 3449 4275 ad
3467 4220 3823 4285 mansionem,

2234 4311 2387 4368 illum
2415 4310 2569 4384 sequi
2598 4310 2896 4383 permissus
2927 4309 2996 4366 sit
3028 4328 3041 4365 :
3074 4309 3415 4366 Nortmanno
3468 4309 3575 4366 hoc
3631 4314 3827 4382 agente

537 4411 776 4454 canones
804 4395 1045 4452 Africani
1082 4396 1298 4453 concilii
1327 4396 1396 4451 de
1425 4395 1828 4465 Quodvultdeo,
1862 4394 1953 4466 qui
1982 4401 2131 4449 ante-
2150 4387 2204 4447 D
2234 4415 2332 4472 pro
2362 4400 2488 4457 villa
2516 4400 2791 4468 Pauliaco,
2823 4415 2890 4456 eo
2920 4399 3065 4471 quod
3109 4397 3255 4454 illam
3284 4397 3639 4454 concessione
3657 4396 3823 4469 regia,

535 4501 700 4558 quam
728 4491 820 4539 aut
840 4484 1055 4553 judices
1082 4484 1285 4540 electos
1312 4491 1612 4554 expeteret,
1643 4490 1736 4538 aut
1764 4482 1930 4538 etiam
1959 4482 2017 4536 in
2045 4498 2135 4535 ra-

534 4575 740 4630 tionem
771 4580 965 4630 contra
992 4572 1401 4644 conquirentem
1440 4573 1735 4628 adversum
1758 4587 1818 4626 se
1834 4569 2131 4639 introisset,

528 4663 793 4719 rationem
823 4661 1229 4735 subterfugiens
1257 4660 1529 4732 discessit,
1564 4660 1926 4716 decreverunt
1955 4658 2137 4715 dicen-

530 4758 614 4807 tes
635 4752 813 4822 (conc.
838 4751 996 4822 Afric
1019 4794 1030 4805 .
1056 4793 1069 4818 ,
1090 4766 1138 4807 c.
1165 4752 1232 4805 54
1256 4768 1269 4817 ;
1294 4750 1412 4807 cod.
1433 4765 1562 4805 can.
1588 4750 1738 4805 Eccl.
1763 4748 1965 4820 Afric.,
2008 4762 2130 4804 can.

533 4840 624 4911 8'7)
660 4856 673 4893 :
710 4863 731 4888 α
768 4841 849 4896 De
878 4838 1281 4908 Quodvultdeo,
1314 4837 1582 4909 inquiunt,
1630 4836 1889 4909 episcopo
1927 4837 2134 4892 Centu-

530 4926 720 4995 riensi,
753 4928 1008 4999 quoniam
1037 4927 1168 5001 [al.,
1212 4925 1507 4999 quomodo]
1552 4925 1905 4982 adversarius
1960 4925 2134 4998 ipsius

530 5030 657 5072 cum
686 5032 747 5072 se
777 5016 1020 5087 petisset,
1075 5014 1346 5071 introduci
1395 5014 1466 5069 ad
1515 5011 1805 5070 concilium
1860 5023 2129 5086 nostrum,

525 5102 899 5178 interrogatus
927 5104 1090 5161 vellet
1120 5119 1244 5160 cum
1276 5119 1343 5159 eo
1372 5103 1520 5174 apud
1541 5103 1832 5176 episcopos
1863 5104 2130 5176 experiri,

527 5193 705 5265 primo
734 5192 1099 5265 promiserat;
1132 5200 1186 5249 et
1216 5192 1323 5247 alia
1368 5192 1458 5248 die
1506 5193 1811 5265 respondit,
1858 5195 1965 5250 hoc
2025 5193 2134 5248 sibi

527 5297 638 5337 non
667 5282 905 5355 placere,
936 5290 1098 5354 atque
1147 5282 1419 5338 discessit.
1453 5282 1658 5339 Placuit
1709 5282 1962 5338 omnibus
2008 5282 2133 5353 epi-

531 5370 730 5442 scopis,
765 5378 824 5427 ut
860 5370 1042 5427 nullus
1089 5370 1267 5427 eidem
1312 5370 1694 5441 Quodvultdeo
1750 5371 2131 5441 communicet,

536 5459 711 5518 donec
740 5475 909 5519 causa
936 5460 1054 5532 ejus
1085 5459 1303 5533 qualem
1332 5460 1565 5533 potuerit
1594 5460 1885 5518 terminum
1934 5467 2130 5518 sumat.

2234 4496 2287 4543 et
2315 4488 2610 4560 apostolica
2640 4489 2823 4556 etiam,
2854 4494 2911 4543 ut
2941 4486 3157 4553 scirem,
3192 4485 3512 4543 auctoritate
3541 4484 3824 4557 recipiens,

2232 4575 2387 4632 illum
2416 4577 2580 4634 iidem
2610 4576 2694 4633 sui
2713 4574 2963 4633 homines
3005 4576 3062 4630 in
3117 4574 3366 4630 eamdem
3411 4573 3597 4630 villam
3653 4572 3827 4629 secuti

2233 4673 2377 4722 sunt.
2409 4667 2478 4721 Et
2506 4665 2563 4720 in
2591 4664 2799 4721 eisdem
2829 4665 2943 4721 suis
3002 4663 3421 4735 allegationibus
3467 4661 3619 4733 ponit
3674 4661 3829 4717 testi-

2232 4753 2418 4810 monia
2448 4769 2514 4808 ex
2542 4753 2773 4825 epistola
2814 4752 2940 4808 Julii
2968 4768 3123 4824 papae
3153 4752 3208 4807 in
3238 4750 3517 4807 Athanasii
3562 4764 3661 4820 pro
3704 4748 3830 4820 fuga

2233 4841 2553 4898 defensione
2586 4842 2771 4914 (epist.
2791 4845 2846 4907 2,
2879 4842 2951 4897 ad
2969 4838 3308 4912 Orientales)
3344 4856 3357 4893 :
3397 4860 3420 4889 ι
3474 4837 3615 4906 Quia
3644 4837 3828 4893 Domi-

2232 4947 2335 4986 nus
2366 4929 2587 5002 quando
2616 4930 2875 4987 Pharisaei
2916 4928 3205 4986 consilium
3261 4926 3509 4983 fecerunt
3565 4926 3829 4982 adversus

2233 5035 2359 5076 eum
2388 5026 2447 5075 ut
2475 5034 2599 5074 eum
2629 5019 2958 5075 occiderent.
2991 5016 3183 5073 Sciens
3212 5023 3391 5072 autem
3404 5015 3564 5069 Jesus
3579 5012 3831 5069 discessit

2233 5108 2381 5165 inde.
2412 5108 2484 5163 Et
2511 5106 2763 5178 discipuli
2790 5114 3018 5178 propter
3045 5112 3249 5161 metum
3276 5103 3590 5159 Judaeorum
3646 5116 3827 5157 reces-

2235 5203 2444 5263 serunt,
2479 5195 2719 5252 celantes
2747 5195 2979 5266 seipsos.
3018 5215 3040 5245 ι
3074 5195 3142 5249 Et
3178 5191 3378 5248 Paulus
3407 5192 3466 5247 in
3497 5192 3769 5247 Damasco
3798 5204 3831 5243 a

2234 5284 2483 5357 principe
2513 5284 2693 5358 gentis
2724 5283 3000 5356 quaesitus,
3035 5282 3104 5337 do
3133 5297 3290 5337 muro
3319 5281 3375 5335 in
3404 5287 3584 5351 Sporta
3613 5276 3833 5350 deposi-

2235 5380 2324 5428 tus
2354 5380 2456 5441 est,
2489 5381 2541 5428 et
2567 5387 2762 5429 manus
2782 5370 3073 5445 quaerentis
3102 5368 3292 5443 eﬁ‘ugit
3323 5369 3399 5440 (ΙΙ
3427 5370 3547 5425 Cor.
3580 5366 3686 5439 xx).
3722 5364 3829 5422 Sed

2237 5469 2418 5520 utrum
2444 5478 2546 5533 pro
2577 5478 2643 5519 eo
2666 5460 2713 5517 si
2744 5460 2933 5517 Franci
2960 5458 3208 5516 homines
3238 5457 3310 5513 ad
3333 5455 3539 5526 judicia
3570 5453 3686 5511 suis
3700 5452 3833 5526 legi-
