4174 6302
308 291 413 342 585

1057 299 1236 357 OPUS
1259 303 1318 358 C.
1374 305 1465 361 ET
1509 309 1728 366 EPIST.
1778 311 1852 367 IN
1899 313 2122 372 CAUSA
2168 322 2510 383 HINCMARI
2546 330 2852 391 LAUDUN.

3447 373 3457 390 ι
3503 359 3605 411 586

307 411 411 466 bus
441 414 795 483 vocabantur,
829 422 1044 492 utquod
1074 434 1262 481 contra
1289 428 1471 500 legem
1500 431 1697 489 fecisse
1745 438 1899 508 qua-
1929 439 1986 498 A
2012 441 2162 500 illum
2182 463 2292 502 non
2319 455 2860 526 excommunicarem,
2894 463 3015 532 quia
3064 482 3165 522 nec
3221 487 3375 528 meus
3431 493 3600 546 paro-

307 501 573 546 rebantur
610 513 697 546 an!
731 505 940 546 lnaihnc
959 513 1313 546 nmonAnnnno
1371 527 1457 546 ..ηι
1493 521 1744 546 I......1:.-_
1807 525 1864 546 .1-
2038 534 2050 546 .
2079 535 2088 544 .
2508 542 2518 546 _

303 501 577 568 rebantur,
610 513 700 558 aut
729 505 942 579 legibus
959 513 1334 586 emendarent,
1370 527 1462 574 aut
1490 521 1744 593 legaliter
1762 501 1778 508 ’
1801 525 1902 580 de-

301 587 610 658 fenderent,
645 598 840 666 lugere
867 597 1021 654 illum
1049 605 1306 672 oportuit,
1341 623 1413 662 an
1461 626 1591 677 non,
1639 627 1807 668 causa
1845 614 1902 668 in

303 689 556 750 promptu
587 690 688 738 est.
736 685 804 740 Et
847 694 1027 744 utrum
1073 694 1354 762 pramissa
1410 699 1737 770 testimonia,
1788 720 1901 759 sua

301 783 463 838 quam
491 769 620 826 dicit
648 775 1034 847 persecutioni,
1071 796 1289 852 suaque
1311 800 1494 842 causa
1528 804 1592 843 ac
1621 806 1895 859 persona,

298 856 383 910 vel
399 862 768 927 persecutoris
788 864 871 918 sui
891 881 1159 935 persona,
1177 886 1336 941 quam
1353 875 1660 944 specialiter
1679 879 1899 952 signant

295 945 395 999 sed
416 947 601 1002 etaliis
621 951 870 1018 personis
891 970 950 1008 se
962 961 1422 1028 persequentibus
1441 978 1474 1018 a
1505 981 1564 1019 se
1594 966 1895 1039 designatis

297 1035 642 1102 conveniant,
671 1054 742 1093 an
772 1056 900 1107 non,
933 1044 1070 1100 ratio
1097 1047 1392 1105 manifeste
1420 1052 1772 1110 demonstrat.
1814 1059 1895 1113 De

289 1119 428 1194 fuga
457 1139 584 1179 vero
615 1127 916 1196 Athanasii,
949 1138 1002 1186 et
1030 1136 1268 1203 quando,
1292 1153 1357 1195 ac
1385 1141 1634 1210 qualiter,
1667 1145 1752 1199 vel
1795 1162 1894 1214 pro

290 1210 510 1280 quibus,
535 1213 806 1285 episc0pis
818 1218 904 1272 vel
930 1220 1191 1277 ministris
1221 1225 1620 1284 Ecclesiasticis
1681 1231 1894 1304 fugien-

291 1298 427 1353 dum
457 1301 543 1367 sit,
574 1302 764 1359 beatus
778 1307 1114 1379 Augustinus
1129 1311 1185 1365 in
1197 1315 1428 1384 epistola
1447 1318 1514 1372 ad
1559 1298 1890 1377 Honoratum

291 1387 613 1460 episcOpum
643 1392 786 1448 inter
839 1396 944 1449 alia
1001 1397 1129 1454 dicit
1163 1416 1174 1456 :
1213 1424 1239 1457 «
1277 1403 1530 1461 Fortasse
1587 1408 1707 1478 quis
1745 1410 1891 1466 dicat

284 1475 414 1531 ideo
443 1477 646 1535 debere
677 1480 863 1554 fugere
884 1485 982 1540 Dei
1012 1487 1290 1545 ministros
1320 1493 1518 1548 talibus
1564 1475 1892 1553 imminenti-

289 1563 395 1619 bus
423 1566 596 1635 malis,
631 1577 688 1623 ut
716 1587 777 1626 se
816 1589 914 1643 pro
951 1575 1178 1632 utilitate
1232 1581 1496 1638 Ecclesia
1554 1587 1888 1656 temporibus

284 1654 752 1725 tranquillioribus
773 1670 1012 1718 servent.
1051 1665 1216 1722 Recte
1265 1668 1368 1724 hoc
1418 1669 1510 1725 fiet
1563 1688 1599 1727 a
1655 1654 1885 1745 quibus-

283 1740 430 1810 dam,
466 1746 679 1814 quando
708 1763 819 1802 non
848 1750 1046 1806 desunt
1075 1754 1187 1822 alii,
1237 1773 1338 1826 per
1378 1775 1513 1829 quos
1563 1740 1886 1832 suppleatur

281 1830 714 1890 ecclesiasticum
743 1836 1151 1908 ministrerium,
1186 1860 1253 1898 ne
1285 1846 1354 1899 ab
1384 1848 1633 1904 omnibus
1665 1852 1886 1908 desera-

280 1924 381 1984 tur,
418 1918 574 1988 Quod
603 1921 804 1980 fecisse
834 1929 1188 1985 Athanasium
1219 1949 1379 2004 supra
1425 1925 1679 1993 diximus.
1741 1942 1884 1997 Nam

286 2017 546 2077 quantum
574 2015 918 2070 necessarius
958 2017 1122 2073 fuerit
1169 2022 1450 2091 Ecclesia,
1513 2035 1882 2101 quantumque

281 2095 547 2166 profuerit
570 2101 714 2171 quod
759 2103 843 2158 vir
889 2104 979 2161 ille
1017 2109 1215 2164 mansit
1271 2111 1325 2165 in
1373 2095 1555 2180 carne,
1616 2118 1884 2174 catholica

277 2182 418 2240 ﬁdes
450 2188 618 2255 novit,
651 2207 771 2261 qua
827 2193 1092 2251 adversus
1150 2199 1381 2256 Arianos
1438 2203 1725 2260 haereticos
1782 2223 1881 2263 oro

277 2271 430 2328 illius
451 2283 503 2329 et
519 2278 941 2336 amoredefensa
971 2291 1071 2339 est.
1105 2285 1212 2341 Sed
1241 2290 1454 2360 quando
1483 2301 1563 2346 est
1592 2309 1880 2351 commune

273 2362 598 2432 periculum,
631 2368 806 2441 magis
828 2370 1120 2428 timendum
1153 2383 1235 2430 est
1263 2393 1333 2432 ne
1374 2381 1659 2452 quisquam
1691 2383 1746 2438 1d
1801 2383 1882 2439 fa-

273 2466 401 2507 cere
434 2455 690 2510 credatur
717 2474 828 2512 non
857 2461 1176 2518 consulendi
1206 2465 1497 2535 voluntate,
1534 2471 1630 2525 sed
1689 2472 1880 2529 timore

272 2540 551 2596 moriendi
574 2561 587 2598 :
611 2546 899 2619 magisque
914 2547 1157 2622 fugiendi
1171 2554 1350 2610 obstet
1379 2559 1649 2629 exemplo,
1713 2578 1880 2632 quam

273 2627 497 2686 vivendi
521 2633 690 2702 prosit
722 2633 896 2692 oﬂ'icio
921 2654 934 2690 :
958 2639 1108 2695 nulla
1125 2641 1334 2698 ratione
1363 2627 1680 2716 fugiendum
1711 2627 1811 2705 est.
1852 2670 1874 2700 ››

270 2717 345 2772 Et
374 2717 503 2773 item
543 2729 667 2792 post
715 2723 1032 2796 aliquanta:
1072 2752 1093 2777 ιι
1159 2729 1482 2805 Quicunque
1538 2735 1704 2806 igitur
1772 2738 1878 2794 isto

273 2806 442 2862 modo
472 2807 630 2880 fugit,
654 2812 987 2871 utEcclesia
1007 2820 1380 2875 necessarium
1393 2822 1754 2881 ministerium
1767 2843 1876 2882 non

273 2894 436 2966 desit,
463 2896 593 2954 facit
623 2901 768 2970 quod
795 2903 1060 2960 Dominus
1098 2910 1376 2980 praecepit,
1428 2912 1544 2968 sive
1599 2916 1878 2984 permissit

273 2982 496 3054 (Matth.
529 2987 611 3059 χ).
645 2988 750 3058 Qui
772 3000 953 3048 autem
991 2993 1070 3050 sic
1099 2995 1258 3068 fugit,
1294 3006 1352 3053 ut
1381 3002 1542 3073 gregi
1573 2982 1772 3058 Christi
1816 3021 1878 3060 ea

269 3072 472 3144 quibus
527 3076 879 3146 spiritualiter
950 3081 1081 3137 vivit
1142 3085 1402 3143 alimenta
1478 3072 1872 3163 subtrahantur,

263 3159 639 3214 mercenarius
666 3161 756 3218 ille
782 3171 883 3231 est,
917 3166 1010 3237 qui
1042 3167 1188 3223 videt
1216 3169 1405 3241 lupum
1454 3173 1759 3230 venientem
1818 3159 1871 3234 et

264 3244 428 3319 fugit,
447 3249 702 3320 quoniam
716 3267 827 3308 non
856 3262 939 3310 est
959 3255 1009 3310 ei
1038 3273 1174 3313 cura
1203 3259 1271 3315 de
1299 3261 1497 3317 ovibus
1529 3265 1712 3335 (Joan.
1737 3266 1820 3336 Χ).
1843 3290 1863 3315 υ

874 3362 1101 3419 CAPUT
1133 3365 1254 3421 XV.

375 3444 528 3513 Quod
550 3462 640 3502 res
658 3449 923 3534 Ecclesia:
946 3469 1068 3534 quae
1086 3459 1608 3534 controvertuntur,
1646 3463 1768 3534 regi

553 3522 830 3575 concessit
846 3522 1198 3582 Nor’t-manno
1239 3529 1546 3586 tradendas

338 3602 420 3658 De
442 3619 507 3660 eo
538 3607 680 3677 quod
709 3609 942 3680 scripsit,
977 3629 1064 3668 me
1093 3613 1231 3670 scire
1262 3619 1510 3674 eamdem
1540 3620 1722 3676 villam
1772 3621 1862 3678 ille

258 3693 621 3751 concessione
667 3697 838 3769 regia,
892 3707 944 3755 et
999 3698 1299 3776 apostolica
1343 3708 1504 3762 etiam
1541 3711 1861 3766 auctoritate

256 3780 364 3835 sibi
394 3782 682 3852 redditam,
708 3787 852 3857 quod
883 3787 939 3843 in
960 3790 1077 3858 ejus
1094 3791 1283 3848 litteris
1312 3794 1444 3868 legi,
1477 3797 1580 3853 hoc
1601 3815 1689 3854 me
1719 3799 1860 3856 scire

254 3885 370 3924 non
397 3869 634 3943 denego.
659 3873 800 3931 Dicit
827 3878 973 3932 enim
1003 3879 1097 3946 ibi,
1160 3883 1229 3937 ad
1259 3884 1578 3954 petitionem
1608 3888 1858 3945 virorum

254 3961 587 4016 venerabilis
608 3965 882 4020 memoria
913 3967 1165 4037 Conradi,
1199 3979 1250 4027 et
1307 3974 1539 4041 Rodolli,
1607 3993 1666 4032 se
1713 3994 1859 4034 eam-

251 4046 385 4102 dem
413 4047 600 4105 villam
628 4053 970 4111 concessisse
1018 4059 1159 4129 regi,
1220 4067 1277 4114 ut
1325 4078 1443 4117 eam
1492 4065 1850 4134 Nortmanno,

253 4135 350 4206 qui
381 4145 544 4193 antea
573 4138 1002 4214 illamtenuerat,
1022 4144 1378 4204 beniﬁciaret.
1415 4151 1855 4223 Superadjiciens

242 4666 396 4736 fecit,
418 4687 521 4727 nec
544 4689 668 4728 mea
695 4676 1049 4746 conscientia,
1085 4679 1172 4735 vel
1214 4683 1663 4756 coepiscoporum
1709 4687 1853 4743 Rhe-

241 4758 455 4814 mensis
485 4761 809 4832 provincia;
836 4766 934 4821 sed
964 4783 1067 4823 nec
1096 4784 1217 4824 cum
1248 4786 1518 4828 consensu
1566 4775 1852 4847 presbyte—

231 4862 425 4902 rorum
453 4863 519 4904 ac
548 4849 907 4908 diaconorum
933 4854 1313 4914 Laudunensis
1352 4861 1643 4930 Ecclesia,
1708 4865 1849 4920 sicut

230 4935 556 5007 pracipiunt
571 4954 832 5011 canones,
856 4942 1001 4998 fecit.
1022 4945 1130 5000 Sed
1144 4954 1195 5000 et
1225 4947 1330 5004 hoc
1359 4948 1505 5019 inde,
1528 4951 1664 5016 scio,
1699 4954 1847 5024 quod

235 5023 294 5078 in
317 5025 505 5080 domni
541 5029 824 5099 apostolici
881 5031 1113 5102 epistola
1170 5029 1364 5091 exinde
1421 5037 1552 5111 legi.
1604 5041 1672 5096 Et
1719 5023 1848 5112 quia

235 5121 464 5194 quando
493 5125 834 5184 Nortmanno
866 5129 1044 5200 ipsam
1075 5132 1366 5202 epistolam
1397 5136 1704 5204 ostendam,
1758 5139 1846 5193 di-

231 5225 371 5265 cens
386 5209 484 5276 illi,
511 5213 639 5283 quia
667 5215 772 5270 nisi
802 5217 873 5272 ab
900 5218 1034 5289 ipsis
1056 5221 1222 5276 rebus
1236 5222 1614 5280 Laudunensis
1653 5227 1847 5282 Eccle-

231 5297 331 5355 sia
363 5317 500 5372 quas
530 5301 822 5372 invaserat,
858 5322 917 5362 se
930 5324 1057 5364 mox
1086 5318 1327 5380 exueret,
1363 5312 1516 5367 illum
1548 5316 1845 5372 secundum

217 5387 529 5456 jussionem
551 5391 738 5448 domni
753 5396 1037 5465 apostolici
1056 5401 1586 5457 excommunicarem
1618 5421 1632 5458 :
1653 5419 1841 5460 coram

225 5475 502 5546 plurimus
531 5479 805 5552 episcopis
844 5483 978 5538 mihi
1025 5489 1324 5557 respondit,
1362 5497 1420 5544 ut
1478 5505 1576 5561 pro
1635 5506 1838 5562 amore,

230 5571 287 5619 et
315 5565 528 5622 honore
559 5568 676 5635 Dei,
711 5577 764 5625 et
795 5572 966 5628 sancti
998 5574 1160 5643 Petri,
1191 5591 1256 5632 ac
1301 5577 1488 5633 domni
1555 5581 1843 5651 apostolici

470 5673 711 5732 PATROL.
745 5676 990 5735 CXXVI.

2003 534 2232 592 chianus
2252 547 2382 606 erat,
2420 550 2474 596 et
2505 542 2654 612 ipsas
2686 561 2776 601 res
2799 564 2906 604 non
2935 551 3237 624 invaserat;
3271 570 3324 615 et
3360 534 3596 625 habebat

2002 622 2128 680 inde
2157 636 2450 697 auctorem,
2505 632 2595 702 qui
2625 632 2702 688 illi
2748 652 2844 691 eas
2865 639 3204 705 beneficiavit
3246 673 3258 708 :
3294 660 3345 710 et
3377 641 3447 710 Isi
3477 659 3596 729 ipse

2001 727 2132 768 suus
2161 725 2347 773 auctor
2377 736 2472 776 eas
2509 720 2587 775 illi
2635 727 3048 805 contradiceret,
3106 742 3239 798 nihil
3291 720 3513 816 postea‘
3535 767 3594 807 se

2000 799 2124 858 inde
2153 818 2528 874 praesumeret.

2592 921 2816 982 CAPUT
2848 928 2992 984 XVI.

2003 997 2154 1062 Quod
2180 1001 2328 1069 falso
2357 1005 2499 1061 dicit
2517 1024 2575 1063 se
2595 1011 2890 1107 detentum
2905 1022 3085 1107 fuisse
3109 1041 3180 1080 ne
3198 1029 3445 1098 Romam,
3486 1051 3588 1107 quo

2495 1083 2835 1153 appellabat,
2870 1083 3074 1148 adiret.

2067 1173 2207 1230 Dicit
2237 1178 2394 1234 etiam
2416 1181 2472 1237 in
2503 1186 2695 1242 eodem
2726 1192 2925 1264 scripto
2953 1212 3052 1253 suo
3081 1198 3426 1279 Hincmarus,
3461 1211 3585 1270 ideo

1994 1277 2054 1316 se
2083 1264 2149 1317 ab
2181 1267 2452 1326 Attiniaco
2480 1271 2708 1344 fugisse,
2745 1281 2874 1350 quia
2907 1306 2929 1332 «
2968 1286 3168 1346 Silvaci
3199 1264 3426 1352 memor,
3467 1300 3585 1358 fue-

1993 1358 2094 1452 rat,
2126 1353 2438 1452 ubietego
2467 1361 2635 1430 adfui,
2695 1369 2837 1438 quod
2885 1371 2961 1428 illi
3016 1376 3151 1434 nihil
3202 1384 3421 1452 profuit,
3467 1353 3584 1446 ad

1991 1438 2158 1495 obfuit
2189 1459 2202 1495 :
2235 1445 2362 1514 quia
2390 1463 2491 1516 pro
2518 1466 2584 1506 eo
2626 1453 2968 1516 solummodo
3025 1438 3264 1525 retentus
3321 1438 3436 1541 fuit,
3486 1438 3578 1534 Ine

1988 1527 2213 1622 Romam
2243 1532 2428 1590 domui
2457 1542 2748 1608 apostolici
2777 1553 3064 1622 praeceptis
3106 1527 3395 1616 obediensﬂ
3426 1527 3528 1620 iret
3561 1584 3574 1622 :

1989 1617 2133 1686 quod
2163 1633 2195 1672 a
2226 1623 2424 1679 saeculo
2453 1641 2564 1681 non
2593 1639 2676 1684 est
2703 1632 2770 1687 de
2792 1617 3050 1711 episcopo
3079 1644 3148 1699 ab
3180 1647 3451 1721 episcopis
3481 1670 3577 1709 au-

1988 1703 2177 1803 ditum.
2209 1728 2230 1758 υ
2253 1710 2407 1766 Unde
2436 1719 2712 1786 respondi,
2739 1703 2863 1793 quia
2880 1703 3117 1788 nec-tunc
3139 1703 3277 1791 sicut
3303 1703 3401 1808 prb
3430 1752 3577 1799 certo

1912 1789 2117 1861 Bscio,
2152 1803 2205 1850 et
2234 1798 2310 1853 illi
2339 1816 2553 1858 mecum
2576 1807 2753 1864 sciunt
2799 1815 2893 1884 qui
2946 1818 3252 1891 adfuerunt,
3303 1789 3415 1885 rnec
3469 1848 3575 1886 un-

1987 1897 2168 1951 quam,
2202 1895 2364 1956 prout
2391 1892 2669 1951 reminisci
2684 1898 2840 1956 valeo
2856 1902 3006 1959 illum
3027 1907 3251 1965 Romam
3271 1917 3575 1987 appellasse

1983 1986 2083 2040 pro
2117 1989 2438 2048 quacunque
2467 1995 2632 2037 causa
2663 1987 2865 2044 audivi.
2900 1993 3049 2051 Tunc
3076 2005 3256 2055 autem
3287 1986 3356 2058 ad
3405 2023 3573 2078 syno-

1984 2059 2132 2128 dum,
2168 2079 2289 2139 qua
2316 2065 2369 2119 in
2401 2070 2648 2137 proximo
2677 2074 2850 2132 futura
2880 2091 3012 2150 erat,
3065 2077 3343 2146 invitatum
3371 2065 3572 2153 audivi.

1984 2146 2091 2202 Sed
2122 2157 2175 2204 et
2206 2153 2494 2212 multorum
2513 2159 2916 2235 divulgabatur,
2941 2146 3149 2241 oribus,
3185 2179 3307 2248 quia
3337 2146 3575 2242 cuni—Ito:

1986 2236 2162 2293 thario
2192 2242 2405 2311 agebat,
2439 2255 2707 2316 quatenus
2737 2255 3038 2315 Ecclesiam
3070 2263 3174 2319 sibi
3204 2236 3572 2342 commissam,

1982 2332 2033 2379 et
2059 2341 2191 2382 oves
2213 2329 2318 2384 sibi
2383 2335 2619 2391 creditas
2677 2340 2974 2414 desereret,
3031 2358 3086 2405 ut
3143 2354 3212 2407 ad
3260 2329 3574 2416 Lotharium

1979 2412 2100 2479 iret,
2137 2423 2187 2470 et
2216 2417 2272 2471 in
2301 2435 2476 2491 regno
2504 2423 2650 2480 illius
2680 2428 2916 2489 honores
2946 2412 3230 2497 obtineret.
3286 2412 3572 2504 Verumta-

1979 2517 2122 2568 men,
2149 2520 2215 2559 ex
2237 2506 2342 2563 hac
2361 2523 2529 2566 causa
2551 2514 2751 2573 nullam
2773 2522 3034 2580 rationem
3056 2535 3183 2585 tunc
3217 2546 3339 2587 cum
3370 2536 3571 2594 domno

1978 2606 2113 2682 rege
2140 2593 2301 2651 habui
2325 2615 2339 2664 ;
2372 2599 2470 2654 sed
2500 2608 2554 2657 et
2579 2602 2810 2664 domnus
2831 2626 2923 2666 rex
2953 2615 3086 2670 nihil
3115 2617 3240 2676 inde
3271 2628 3394 2680 tunc
3439 2593 3572 2682 mihi

1978 2679 2132 2735 dixit.

2553 2797 2778 2857 CAPUT
2807 2803 2979 2861 XVII.

1980 2873 2829 2975 Qu‘qa’tﬂqs‘tfifqamntlinamaro
2861 2897 3161 2957 Rhemensi
3216 2921 3316 2975 per
3347 2907 3570 2966 litteras

2047 2949 2728 3050 iign'f‘iffgvgsiﬂ‘oumam
2746 2979 2971 3023 evocare
2990 2986 3024 3024 α
3051 2985 3160 3050 p012
3167 2949 3343 3050 tifice,
3370 2949 3568 3050 quibus

2045 3019 2112 3074 ab
2124 3020 2313 3075 eodem
2334 3022 2634 3116 ﬁhemensi
2645 3019 2974 3116 responsum

2045 3105 2209 3146 suam
2238 3095 2645 3163 professionem
2673 3095 2849 3160 venit.

2044 3197 2096 3249 Is
2144 3193 2346 3252 autem'
2377 3198 2549 3257 frater
2601 3206 2924 3268 Hincmarus
2984 3226 3274 3291 postquam
3361 3225 3566 3283 electos

1963 3283 2198 3352 judices,
2230 3300 2263 3339 a
2291 3303 2378 3342 me
2400 3291 2746 3364 regulariter,
2781 3308 2840 3356 ut
2868 3283 3082 3376 scripsi,
3117 3307 3272 3366 datos
3303 3312 3404 3368 sibi
3436 3332 3563 3372 sus-

1968 3373 2130 3444 cepit,
2194 3382 2246 3430 et
2279 3375 2493 3433 incaute
2524 3395 2590 3438 ac
2649 3384 2936 3448 inhoneste
2979 3373 3140 3451 noctu
3187 3397 3320 3472 fuga
3371 3402 3560 3475 lapsus

1967 3462 2250 3528 abscessit,
2285 3464 2594 3534 pitaciolum
2617 3472 3057 3538 irrationabiliter
3109 3462 3443 3558 confectum,
3514 3501 3567 3549 et

1963 3567 2128 3606 manu
2158 3567 2254 3608 sua
2284 3553 2666 3628 subscriptum,
2701 3577 2766 3620 ac
2820 3569 3055 3638 prafata
3073 3574 3402 3643 professioni
3450 3596 3563 3638 sua

1962 3656 2354 3716 usquequaque
2410 3651 2756 3720 contrarium,
2813 3672 2912 3726 per
2945 3659 3334 3720 Ermenoldum
3370 3667 3559 3727 diaco-

1962 3745 2092 3786 num
2120 3749 2274 3790 suum
2303 3753 2359 3792 vr
2388 3740 2530 3796 Non.
2561 3741 2667 3798 Jul.
2703 3758 2764 3798 ιιι
2793 3744 2978 3802 ἱηᾶίοἰ.
3025 3750 3158 3806 mihi
3203 3758 3552 3828 transmissit,

1963 3821 2108 3890 quod
2134 3823 2210 3878 ita
2267 3843 2326 3882 se
2364 3829 2575 3885 habet:
2615 3851 2637 3882 α
2689 3832 3167 3896 Reverendissimo
3229 3821 3557 3903 Rhemorum

1960 3910 2368 3987 archiepiscOpo
2399 3919 2711 3987 Hincmaro,
2733 3931 2934 3981 sancta
2963 3927 3335 3987 Laudunensis
3363 3935 3558 3992 Eccle-

1959 3998 2054 4055 sia
2083 4001 2408 4061 Hincmarus
2436 4008 2553 4064 Deo
2581 4009 2872 4067 miserante
2903 4015 3212 4090 episcopus,
3245 4020 3477 4079 debitam
3498 4025 3554 4081 in

1958 4087 2170 4144 Christo
2197 4091 2561 4151 devotionem.
2596 4098 2705 4153 Vos
2764 4100 2912 4156 scitis
2956 4087 3107 4172 quiai
3136 4087 3204 4161 ab
3258 4110 3551 4170 universali

1950 4620 2268 4693 detractem,
2291 4641 2378 4682 me
2405 4630 2831 4699 reprehendistis
2863 4649 2875 4688 .‘
2907 4635 2953 4690 si
2979 4636 3107 4692 vitio
3136 4640 3413 4710 scriptoris
3441 4659 3540 4713 pro

1949 4704 2267 4774 detractem,
2292 4711 2437 4782 quod
2465 4721 2546 4768 est
2574 4713 2923 4784 dissimilem,
2969 4719 3058 4776 vel
3111 4704 3377 4791 differam,
3439 4704 3541 4783 de-

1947 4802 2195 4864 tractem,
2228 4800 2370 4869 quod
2401 4801 2558 4858 valde
2575 4811 2793 4860 tractem
2811 4822 2918 4861 non
2939 4807 3007 4862 ab
3037 4825 3098 4864 re
3127 4811 3302 4882 accipi
3330 4821 3533 4887 potest,

1948 4882 2439 4944 intercharaxatum
2466 4907 2575 4946 non
2588 4891 2705 4948 fuit.
2731 4893 2884 4950 Unde
2915 4910 3012 4951 vos
3041 4913 3187 4954 nunc
3216 4916 3318 4971 pro
3352 4920 3540 4963 amore

1948 4972 2048 5028 Dei
2068 4975 2471 5048 omnipotentis,
2504 4987 2557 5035 et
2574 4982 2872 5037 reverentia
2904 4985 3075 5052 sancti
3105 4987 3250 5042 Petri
3279 5006 3537 5063 exposco,

1949 5061 2086 5116 sicut
2114 5071 2166 5118 et
2195 5063 2250 5118 in
2281 5065 2470 5122 eadem
2502 5069 2710 5138 synodo
2739 5069 2796 5124 in
2822 5072 3090 5130 Attiniaco
3121 5090 3155 5130 a
3209 5061 3366 5133 vobis
3410 5097 3540 5138 con-

1946 5159 2156 5217 vocata,
2181 5154 2326 5224 quod
2354 5154 2650 5227 impetrare
2695 5173 2804 5213 non
2835 5160 2994 5227 valui,
3051 5167 3392 5235 expostulavi
3425 5188 3439 5236 ;
3471 5185 3534 5226 ac

1939 5238 2052 5306 jam
2081 5239 2240 5295 etiam
2268 5258 2368 5312 per
2397 5243 2668 5315 integrum
2707 5246 2998 5320 elllagitavi
3028 5267 3232 5309 annum
3267 5274 3280 5311 :
3313 5265 3368 5312 et
3396 5274 3536 5329 pra-

1944 5326 2097 5397 cipue
2126 5329 2183 5382 in
2212 5331 2419 5400 synodo
2448 5334 2593 5402 apud
2624 5335 2962 5395 Vermeriam
2988 5341 3251 5411 palatium
3280 5326 3414 5401 olim
3467 5348 3536 5402 ab

1943 5415 2118 5471 horno
2146 5417 2329 5472 habita
2357 5419 2698 5478 obsecrando
2741 5425 3062 5485 declamavi.
3104 5455 3126 5481 η
3159 5432 3232 5487 Et
3264 5451 3383 5504 qua
3433 5451 3526 5490 se-

1945 5509 2197 5572 quuntur.
2235 5526 2256 5550 «
2293 5504 2412 5575 Ego
2444 5504 2766 5564 Hincmarus
2798 5513 2973 5568 sancti
3002 5515 3378 5573 Laudunensis
3427 5519 3539 5573 Ec-

1946 5587 2126 5644 clesia
2157 5590 2446 5663 episcopus
2475 5603 2670 5665 sponte
2702 5599 3021 5671 subscripsi.
3060 5623 3083 5652 ι

3130 5712 3195 5764 19
