4174 6302
608 233 715 303 587

1489 234 1832 299 HINCMARI
1889 234 2287 298 RHEMENSIS
2342 229 2892 293 ARCHIEPISCOPI.

3794 229 3905 291 388

682 372 764 427 De
794 385 900 443 quo
928 368 1129 441 pitacio
1149 368 1310 424 latius
1339 367 1394 423 in
1425 366 1909 440 quaterniuuculis,
1943 372 1999 421 ut
2031 379 2200 437 supra
2229 362 2284 422 A
2376 361 2443 415 Et
2470 360 2574 428 his,
2598 367 2657 414 ut
2686 358 2942 431 praemisi,
2979 351 3351 423 subscribens,
3383 355 3461 413 illi
3490 357 3822 429 professioni
3846 367 3905 415 et

608 459 739 526 dixi,
772 459 823 514 ei
854 458 995 513 datis
1022 456 1281 529 respondi
1316 475 1329 510 :
1363 464 1413 512 et
1458 457 1584 528 quia
1628 471 1901 527 nunquam
1938 453 2025 510 vel
2076 469 2204 508 nus-

605 562 769 619 quam
800 545 1154 618 apostolicam
1186 546 1376 601 sedem
1406 561 1530 600 eum
1549 544 1703 599 adire
1734 543 2008 614 prohibui.
2040 543 2202 596 Insu-

606 651 708 707 per
736 636 897 690 etiam
925 634 1095 701 illum,
1131 634 1268 689 sicut
1296 642 1350 689 et
1378 633 1495 704 ipse
1526 632 1757 703 scripsit,
1791 632 2201 700 curjussrouem

604 723 934 780 invitationis
960 723 1147 778 domui
1177 722 1457 793 apostolici
1503 727 1821 792 prosecutus
1857 735 1964 775 nou
2020 718 2198 787 fuerit,

605 813 956 883 reprehendi.
989 811 1095 881 Qui
1126 811 1472 882 undicuuque
1499 809 1602 863 sibi
1632 809 1806 863 visum
1828 808 1944 875 fuit,
1978 823 2102 863 cum
2132 807 2201 862 de

607 901 721 955 suis
751 901 1055 955 insolentiis
1086 901 1395 970 increpatus
1426 905 1527 963 est,
1563 897 1833 952 licentiam
1865 897 2027 952 eundi
2086 897 2199 951 Ro-

604 1004 751 1043 mam
780 989 933 1059 petit,
970 988 1055 1044 vel
1079 988 1261 1044 sedem
1294 986 1647 1058 apostolicam
1676 984 1927 1056 appellat.
1969 983 2199 1052 Quando

600 1093 733 1133 vero
761 1094 876 1142 rex,
912 1084 965 1131 et
987 1076 1228 1147 episcopi
1260 1082 1383 1129 sunt
1405 1074 1519 1128 sibi
1571 1074 1894 1144 placabiles,
1955 1073 2023 1127 de
2079 1073 2200 1143 ipsa

601 1164 822 1221 licentia
851 1165 983 1220 nihil
1013 1165 1161 1230 dicit,
1195 1178 1298 1218 nec
1331 1164 1518 1218 sedem
1537 1162 1890 1233 apostolicam
1918 1161 2156 1232 appellat
2181 1179 2196 1216 :

603 1269 728 1310 cum
750 1253 891 1309 sacri
922 1252 1211 1324 praefigant
1239 1267 1479 1307 canones
1509 1250 1755 1322 qualiter,
1816 1258 1869 1305 et
1930 1249 2095 1317 unde,
2147 1256 2199 1304 et

600 1341 691 1396 ubi
720 1341 994 1412 appellare
1024 1340 1219 1395 debeat
1249 1340 1540 1411 episcopus
1583 1338 1943 1409 apostolicam
1986 1338 2194 1393 sedem.

599 1430 669 1484 Et
697 1445 842 1484 anno
870 1428 1166 1500 praeterito,
1197 1436 1483 1499 postquam
1524 1427 1581 1482 in
1628 1426 1900 1482 Attiuiaco
1953 1426 2196 1481 libellum

597 1517 666 1572 de
696 1532 794 1572 sua
824 1516 1057 1587 regulari
1089 1516 1397 1571 obedientia
1427 1515 1557 1570 mihi
1587 1515 1831 1586 porrexit
1877 1514 1932 1569 iu
1963 1514 2193 1585 synodo,

600 1605 789 1661 sedem
818 1604 1169 1676 apostolicam
1201 1619 1310 1661 non
1357 1604 1667 1675 appellavit,
1721 1619 1824 1659 nec
1882 1604 1951 1658 de
1980 1602 2197 1659 licentia

2306 448 2690 520 subscriptioni
2721 463 2885 519 quam
2908 462 3093 503 coram
3124 446 3395 519 episcopis
3425 446 3617 503 decem
3664 447 3903 519 provin-

2303 536 2507 593 ciarum
2538 537 2592 591 in
2622 537 2831 608 synodo
2862 537 3005 608 apud
3033 535 3359 591 Attiniacum
3391 534 3673 606 professus
3702 536 3901 607 fuerat,

2302 633 2355 680 et
2382 640 2546 680 manu
2577 626 2797 696 propria
2827 625 3225 695 subscripserat
3259 643 3272 691 ;
3308 623 3532 690 scilicet,
3567 625 3695 696 quia
3717 625 3903 696 privi-

2301 712 2446 786 legio
2475 713 2892 784 metropolitano
2921 713 3218 784 provinciae
3266 713 3601 768 Rhemorum
3629 713 3903 770 Ecclesiae

2302 802 2603 857 secundum
2630 818 2817 858 sacros
2849 817 3108 868 canones,
3139 810 3193 856 et
3220 802 3442 857 decreta
3481 802 3627 857 sedis
3676 810 3903 873 aposto-

2297 889 2417 945 licae
2448 906 2516 945 ex
2546 891 2712 946 sacris
2769 890 3070 947 canonibus
3104 890 3446 963 promulgata
3498 905 3597 961 pro
3644 890 3785 946 scire
3845 899 3904 947 et

2298 993 2462 1049 posse
2489 995 2549 1033 se
2577 979 2942 1045 obediturum,
2978 978 3246 1034 contraria
3275 977 3580 1049 profitendo
3636 978 3893 1034 subscri-

2297 1066 2423 1137 psit.
2460 1067 2540 1121 De
2599 1083 2705 1138 qua
2760 1066 3104 1137 professione
3160 1074 3321 1139 atque
3379 1066 3784 1138 subscriptione
3837 1067 3897 1123 in

2298 1155 2488 1209 eadem
2520 1156 2727 1226 synodo
2745 1156 2875 1210 mihi
2906 1156 3049 1223 data,
3085 1163 3307 1211 sanctus
3336 1156 3445 1212 Leo
3475 1157 3531 1210 in
3560 1156 3795 1227 epistola
3825 1156 3900 1212 ad

2297 1243 2597 1314 Septimum
2626 1244 2943 1315 episcOpum
2973 1243 3103 1300 dicit
3124 1244 3313 1318 (epist.
3344 1248 3432 1315 85)
3467 1262 3481 1299 :
3516 1266 3539 1296 ι
3594 1245 3900 1301 Saluberri-

2295 1348 2444 1386 mum
2502 1330 2606 1402 est,
2661 1333 2853 1404 inquit,
2915 1341 2966 1389 et
3024 1333 3282 1404 spiritalis
3325 1334 3625 1390 mediceuae
3663 1334 3897 1391 utilitate

2294 1420 2693 1491 plenissimum,
2728 1429 2786 1476 ut
2816 1422 2931 1477 sive
2960 1422 3285 1493 presbyteri,
3339 1422 3454 1477 sive
3501 1422 3743 1490 diaconi,
3802 1422 3898 1479 vel

2295 1509 2580 1578 cujuslibet
2602 1508 2723 1582 [al.,
2759 1509 2873 1566 sive
2903 1510 3017 1582 alii]
3048 1510 3255 1565 ordinis
3286 1510 3492 1579 clerici,
3527 1511 3621 1583 qui
3650 1527 3711 1567 se
3770 1526 3897 1567 cor-

2296 1604 2474 1653 rectos
2502 1598 2677 1654 videri
2706 1597 2911 1665 volunt,
2937 1614 3177 1654 errorem
3207 1614 3387 1669 suum,
3419 1607 3474 1654 et
3495 1600 3644 1671 ipsos
3687 1601 3897 1656 erroris

596 1694 725 1749 illuc
743 1693 909 1749 eundi
938 1692 1142 1765 aliquid
1167 1693 1319 1747 dixit.
1360 1692 1468 1748 Sed
1500 1708 1625 1748 cum
1681 1699 1989 1748 commotus
2031 1691 2193 1747 inho-
2222 1723 2274 1783 B
2295 1693 2544 1742 auctores
2573 1687 2821 1742 damnari
2844 1703 2877 1743 a
2906 1704 2966 1743 se
3010 1688 3126 1744 sine
3179 1688 3530 1759 ambiguitate
3572 1688 3848 1744 fateantur
3877 1707 3894 1756 ;

593 1790 749 1837 neste
778 1782 905 1837 inde
935 1782 1208 1849 discessit,
1241 1782 1585 1852 praemissum
1642 1780 1955 1852 pitaciolum
2007 1780 2076 1836 de
2130 1780 2195 1834 li-

588 1870 764 1927 centia
794 1870 1023 1926 Romam
1052 1871 1235 1937 eundi,
1257 1870 1405 1925 circa
1434 1869 1662 1925 Kalend.
1695 1870 1864 1924 Julias
1923 1867 2055 1923 mihi
2112 1868 2196 1922 di-

597 1959 755 2015 rexit.
790 1959 980 2014 Postea
1012 1974 1139 2014 vero
1196 1958 1330 2012 nihil
1380 1958 1513 2013 mihi
1566 1957 1696 2013 inde
1742 1957 2041 2022 mandavit,
2091 1972 2194 2012 nec

591 2047 807 2120 quando
835 2063 1049 2102 mecum
1081 2046 1293 2102 locutus
1320 2046 1439 2113 fuit,
1471 2046 1598 2102 inde
1627 2047 1833 2118 aliquid
1864 2046 2018 2101 dixit.
2082 2046 2193 2102 Sed

594 2143 647 2189 et
675 2151 798 2191 cum
829 2136 1029 2190 domno
1060 2151 1193 2206 rege
1221 2135 1276 2189 in
1324 2135 1676 2207 subsequenti
1705 2150 1895 2191 mense
1946 2135 2193 2206 Septem—

591 2223 713 2279 brio
737 2223 794 2278 in
825 2224 1053 2293 Silvaco,
1086 2225 1207 2280 etin
1235 2240 1423 2280 mense
1454 2223 1712 2280 Octobrio
1743 2223 1954 2295 Rhemi,
1997 2224 2091 2279 ubi
2138 2231 2192 2279 et

590 2327 697 2385 ego
725 2311 819 2377 fui,
853 2320 905 2368 et
934 2312 1119 2367 domui
1131 2312 1414 2384 apostolici
1444 2312 1594 2367 missi
1618 2311 1945 2384 ibi‘fuerunt,
1981 2321 2034 2368 et
2062 2312 2190 2368 inde

588 2400 722 2455 nihil
750 2400 900 2455 dixit.
935 2400 1145 2457 Deinde
1193 2418 1383 2457 mense
1434 2401 1723 2457 Februario
1762 2398 1824 2455 in
1853 2401 2189 2473 Compendio

584 2504 707 2544 cum
738 2488 938 2544 domno
968 2505 1100 2562 rege
1128 2505 1226 2561 per
1254 2489 1461 2561 aliquot
1489 2489 1607 2545 dies
1637 2489 1753 2557 fuit,
1788 2497 1841 2545 et
1861 2506 1966 2561 ego
2025 2490 2189 2545 etiam

579 2576 690 2632 illic
718 2575 813 2632 fui.
848 2578 1047 2632 Postea
1083 2593 1214 2633 vero
1233 2594 1422 2633 mense
1449 2578 1620 2649 Aprili
1660 2577 1805 2648 apud
1862 2578 2187 2634 Silvanectis

586 2681 710 2721 cum
739 2665 939 2721 domno
970 2682 1101 2739 rege
1133 2665 1249 2720 fuit.
1274 2666 1341 2720 Et
1359 2666 1581 2721 demum
1601 2666 1657 2720 iu
1686 2666 1902 2722 Silvaco
1932 2683 2034 2738 per
2081 2667 2181 2722 ali-

585 2760 715 2824 quot
735 2754 852 2808 dies
880 2770 1004 2809 cum
1046 2754 1246 2809 domno
1296 2770 1430 2826 rege
1487 2753 1605 2823 fuit,
1664 2762 1717 2809 et
1775 2771 1879 2827 ego
1913 2755 2076 2810 etiam
2112 2755 2187 2810 ibi

582 2840 679 2908 fui,
713 2849 766 2896 et
793 2840 927 2895 nihil
949 2841 1075 2897 inde
1107 2842 1261 2897 dixit.
1292 2842 1361 2896 Et
1376 2842 1491 2912 jam
1520 2842 1706 2913 plures
1734 2842 1997 2899 Kalendae
2032 2859 2186 2899 meu-

585 2928 663 2985 sis
681 2930 914 3003 Augusti
941 2930 1378 3001 pertransieruut
1418 2931 1562 2985 ultra
1616 2930 1873 3002 placitum
1928 2932 2073 3003 quod
2132 2940 2186 2987 et

586 3018 820 3074 domnus
848 3019 1182 3091 apostolicus
1229 3018 1394 3087 misit,
1455 3019 1724 3074 mandans
1770 3027 1827 3074 ut
1872 3019 2009 3074 ultra
2064 3020 2183 3076 illas

2298 1781 2355 1828 ut
2384 1775 2635 1831 sensibus
2662 1776 2867 1847 pravis,
2894 1785 2943 1833 et
2974 1776 3176 1831 dudum
3205 1777 3504 1847 peremptis
3536 1777 3680 1832 nulla
3738 1778 3896 1848 aspi-

2293 1871 2451 1918 rante
2505 1862 2627 1935 [al.,
2680 1864 2828 1918 nulla
2880 1864 3156 1937 sperandi]
3213 1865 3445 1936 supersit
3500 1866 3738 1931 occasio,
3791 1882 3895 1922 nec

2293 1951 2463 2006 ullum
2491 1953 2799 2007 membrum
2851 1952 3117 2009 Ecclesiae
3163 1953 3353 2009 talium
3398 1952 3568 2025 possit
3631 1953 3894 2010 societate

2292 2039 2501 2109 violari,
2536 2055 2656 2095 cum
2686 2057 2786 2111 per
2801 2042 2980 2096 omnia
3008 2041 3116 2095 illis
3145 2041 3413 2112 professio
3443 2042 3665 2113 propria
3704 2058 3894 2113 cmpe—

2291 2127 2357 2182 rit
2387 2127 2629 2184 obviare.
2669 2152 2691 2177 n
2728 2130 2805 2196 In.
2845 2146 2947 2201 qua
2993 2128 3335 2201 professione
3382 2137 3433 2186 et
3491 2130 3894 2202 subscriptione

2292 2231 2392 2271 sua
2413 2216 2719 2272 confratres
2748 2225 2800 2273 et
2820 2218 3159 2274 venerabiles
3187 2218 3500 2290 coepiscopi
3534 2219 3721 2287 nostri,
3755 2236 3893 2276 con-

2293 2304 2533 2360 sulentes
2564 2305 2774 2361 duritiae
2792 2306 2954 2361 animi
2986 2306 3089 2374 sui,
3123 2314 3176 2362 et
3219 2315 3601 2379 supportantes
3649 2324 3776 2363 eum
3833 2309 3891 2364 iu

2290 2394 2573 2461 charitate,
2608 2394 2892 2450 noluerunt
2911 2412 3036 2451 eum
3066 2411 3401 2469 exaggerare
3429 2396 3498 2452 de
3542 2397 3839 2467 praeteritis
3872 2416 3887 2465 ;

2291 2482 2389 2537 sed
2419 2489 2624 2537 tantum
2654 2483 2887 2540 futuram
2916 2485 3307 2541 correctionem
3333 2484 3636 2556 profitendo
3663 2493 3716 2541 et
3754 2486 3891 2541 sub-

2290 2571 2581 2627 scribendo
2610 2573 2965 2643 promitteret.
2998 2573 3356 2629 Atteudeutes
3385 2574 3531 2646 quod
3570 2574 3629 2628 Β.
3664 2574 3889 2648 Grego-

2289 2658 2403 2713 rius
2435 2659 2492 2715 iu
2525 2661 2784 2731 pastorali
2839 2661 3048 2735 Regula
3102 2662 3269 2730 dicit;
3308 2684 3331 2714 «
3364 2661 3501 2730 Quia
3556 2662 3882 2736 plerumque

2288 2763 2427 2819 quos
2452 2747 2608 2804 fortis
2637 2750 3044 2821 pigmentorum
3070 2751 3220 2822 potio
3279 2766 3467 2807 curare
3525 2767 3635 2807 non
3691 2752 3882 2820 valuit,

2288 2836 2359 2890 ad
2382 2837 2609 2893 salutem
2629 2838 2913 2910 pristinam
2942 2847 3103 2912 atque
3133 2847 3326 2912 tepens
3378 2841 3624 2897 reduxit:
3644 2849 3697 2897 et
3743 2857 3887 2898 uou-

2287 2924 2434 2979 nulla
2461 2926 2688 2982 vulnera
2719 2945 2841 3000 quae
2869 2928 3041 2985 curari
3084 2928 3349 2986 incisione
3403 2929 3537 2985 ferri
3580 2939 3882 3002 nequeunt,

2287 3012 2541 3069 fomentis
2603 3016 2710 3072 olei
2732 3026 2994 3073 sanantur
3024 3025 3109 3074 :et
3126 3018 3293 3074 durus
3315 3018 3541 3075 adamas
3561 3018 3888 3076 incisionem

585 3107 859 3163 Kalendas
888 3123 997 3162 non
1028 3116 1397 3163 remoraretur
1423 3107 1552 3180 quin
1609 3108 1841 3164 Romam
1901 3117 2176 3182 pergeret.
2213 3079 2413 3158 Cferri
2446 3103 2671 3161 minime
2713 3106 2927 3178 recipit.
2981 3107 3080 3163 sed
3123 3106 3233 3163 leni
3286 3108 3563 3165 hircorum
3614 3108 3887 3183 sanguine

583 3195 788 3267 Scripsi
816 3196 982 3252 etiam
1009 3196 1106 3264 illi,
1148 3197 1275 3268 quia
1302 3196 1509 3252 insulse
1565 3197 1862 3268 scripserit,
1928 3198 2183 3269 quoniam

582 3284 630 3338 si
658 3284 935 3341 licentiam
963 3284 1014 3341 ei
1043 3285 1208 3340 eundi
1233 3287 1462 3341 Romam
1491 3287 1637 3357 apud
1667 3302 1858 3360 regem
1905 3302 2017 3343 non
2072 3287 2181 3343 im-

585 3379 901 3443 petrarem:
934 3373 1148 3430 Abhinc
1180 3377 1246 3429 ut
1275 3375 1691 3448 archiepiscopo
1712 3378 2067 3449 coepiscOpus
2094 3377 2185 3434 ob-

589 3464 903 3534 temperare
915 3461 1090 3528 debet,
1107 3464 1376 3519 canonice
1386 3464 1532 3519 mihi
1542 3464 1763 3537 obsequi
1779 3479 1895 3520 non
1902 3466 2186 3537 posset.Et

587 3550 717 3622 quia
744 3558 931 3606 contra
959 3550 1224 3607 rationem
1250 3553 1355 3609 hoc
1384 3552 1534 3619 dixit,
1579 3552 1628 3608 ei
1658 3569 1723 3608 ex
1751 3552 1993 3625 epistolis
2038 3554 2181 3609 beati

585 3634 783 3692 Leonis
812 3636 1025 3691 ostendi
1056 3654 1071 3703 ;
1104 3645 1157 3692 et
1173 3645 1231 3692 ut
1247 3638 1555 3694 decretales
1576 3638 1833 3709 epistolas
1861 3653 1997 3710 quas
2045 3639 2181 3695 bea-

585 3724 779 3779 tissimi
809 3740 966 3796 papae
995 3724 1229 3782 diversis
1254 3727 1599 3799 temporibus
1628 3728 1695 3781 ab
1724 3728 1861 3783 urbe
1880 3728 2052 3783 Roma
2082 3743 2181 3799 pro

584 3811 927 3869 diversorum
941 3821 1150 3884 patrum
1184 3814 1556 3871 consolatione
1600 3815 1886 3885 dederunt,
1937 3816 2006 3872 de
2064 3817 2184 3888 qui-

586 3901 689 3957 bus
710 3902 790 3972 (ut
818 3918 849 3956 a
876 3903 1295 3974 metropolitano
1326 3903 1615 3977 privrlegio
1646 3913 1834 3960 contra
1862 3921 2098 3961 canones
2129 3914 2182 3961 et

585 3990 808 4047 decreta
833 3991 981 4047 sedis
1011 3992 1324 4064 apostolicae
1355 4008 1422 4047 ex
1443 3992 1651 4048 eisdem
1674 3993 1847 4050 sacris
1878 3995 2181 4051 canonibus

582 4078 926 4154 promulgata
955 4096 1015 4137 se
1045 4081 1218 4152 possit
1248 4096 1465 4148 exuere,
1518 4082 1857 4139 contumacia
1911 4084 2180 4155 pertinaci

582 4168 879 4242 contendit)
909 4169 1063 4225 illum
1108 4170 1435 4240 commonui,
1496 4179 1552 4226 ut
1613 4173 1915 4229 secundum
1976 4173 2180 4229 dictum

582 4258 727 4314 beati
758 4259 963 4314 Gelasii
991 4258 1374 4316 venerabiliter
1398 4260 1717 4331 susciperet,
1752 4269 1804 4317 et
1833 4278 1992 4318 sacra
2048 4278 2180 4319 cou-

582 4346 726 4418 cilia,
759 4355 819 4401 ut
848 4348 1117 4416 Gelasius,
1133 4356 1185 4404 et
1214 4349 1399 4405 caeteri
1448 4349 1699 4405 catholici
1740 4350 2014 4419 videlicet,
2071 4352 2178 4408 do-

2283 3192 2570 3249 mollescit.
2610 3214 2633 3244 ι

2353 3280 2423 3336 Et
2450 3282 2551 3338 hac
2582 3281 2924 3353 professione
2964 3300 3129 3357 quam
3182 3284 3521 3357 subscripsit,
3564 3286 3693 3359 quia
3726 3286 3774 3343 si
3831 3287 3884 3345 ei

2280 3368 2555 3426 licentiam
2586 3371 2750 3428 eundi
2778 3371 3025 3444 Romam,
3076 3388 3184 3445 quo
3221 3373 3376 3429 illum
3421 3374 3510 3431 vel
3568 3391 3883 3448 quenquam

2281 3474 2559 3531 nunquam
2589 3459 2676 3516 vel
2706 3476 2972 3533 nusquam
3002 3461 3276 3519 volentem
3305 3463 3386 3519 ire
3414 3463 3684 3536 prohibui,
3735 3465 3881 3536 apud

2282 3555 2542 3611 domuum
2573 3574 2762 3631 regem
2791 3558 3048 3615 Carolum
3079 3575 3189 3615 non
3217 3560 3587 3631 impetrarem,
3620 3560 3755 3616 mihi
3813 3578 3882 3617 ex

2281 3650 2429 3715 tunc,
2488 3652 2546 3699 ut
2596 3645 3009 3719 archiepiscopo
3081 3648 3438 3720 coepiscopus
3502 3649 3880 3721 obtemperare

2279 3732 2464 3800 debet,
2501 3735 2763 3792 canonice
2809 3736 3009 3792 scirem
3049 3737 3201 3792 illum
3232 3737 3460 3810 obsequi
3508 3754 3619 3793 non
3671 3755 3877 3810 posse:

2280 3821 2649 3895 subjungeus:
2680 3846 2702 3872 α
2727 3824 2848 3898 Ego
2871 3825 3198 3882 Hincmarus
3219 3827 3275 3883 S.
3290 3826 3667 3882 Laudunensis
3678 3827 3878 3884 Eccle-

2280 3909 2374 3965 siae
2406 3911 2697 3983 episcopus
2742 3923 2934 3985 sponte
2978 3914 3280 3986 subscripsi
3310 3931 3323 3971 :
3363 3939 3382 3962 η
3418 3915 3566 3971 illam
3625 3931 3791 3988 quam
3820 3916 3876 3972 in

2279 3999 2489 4070 synodo
2520 4000 2711 4057 decem
2736 4002 3143 4074 provinciarum
3173 4003 3316 4075 apud
3337 4003 3667 4061 Attiuiacum
3710 4005 3873 4061 habi—

2278 4094 2389 4142 tam
2418 4088 2551 4144 mihi
2599 4089 2768 4159 dedit,
2820 4099 3080 4164 quantum
3131 4092 3186 4147 in
3241 4092 3360 4165 ipso
3415 4091 3533 4165 fuit,
3592 4094 3872 4152 destruxit.

2280 4177 2429 4233 Sicut
2476 4178 2534 4232 B.
2588 4179 2696 4236 Leo
2754 4180 2809 4235 in
2867 4180 3097 4252 epistola
3143 4181 3213 4236 ad
3268 4182 3506 4237 Leonem
3567 4184 3874 4257 Augustum

2277 4266 2469 4339 (epist.
2504 4269 2616 4340 78),
2658 4269 2821 4325 etiam
2851 4276 3031 4325 tantus
3062 4270 3303 4341 pontifex
3332 4270 3402 4327 de
3429 4288 3489 4327 se
3518 4272 3728 4339 dicens,
3776 4289 3872 4328 os—

2277 4355 2447 4410 tendit
2479 4373 2491 4410 :
2530 4378 2552 4408 α
2590 4357 2902 4414 Secundum
2958 4358 3267 4431 apostolum
3297 4359 3508 4432 (Galat.
3543 4362 3599 4433 2)
3647 4361 3693 4416 si
3750 4379 3872 4434 quae

582 4436 764 4508 otique
792 4435 1073 4507 pontiﬁces
1101 4438 1483 4505 decreverunt,
1516 4437 1899 4495 inviolabiliter
1955 4455 2175 4496 conser—
2202 4443 2255 4505 D
2277 4443 2542 4516 destruxi,
2567 4446 2684 4503 haec
2707 4446 2959 4515 aedificio,
2980 4448 3452 4519 praevaricatorem
3467 4465 3556 4506 me
3573 4450 3864 4519 constituo,

582 4532 757 4595 varet,
789 4524 865 4579 illi
894 4526 1062 4581 suasi.

650 4623 720 4677 Et
748 4622 817 4678 de
847 4638 911 4678 eo
933 4623 1077 4695 quod
1108 4624 1342 4695 scripsit,
1374 4623 1499 4696 quia
1533 4646 1554 4671 α
1583 4624 1728 4696 quod
1760 4625 2060 4696 apostolica
2090 4642 2176 4682 se-

580 4711 679 4768 des
710 4711 777 4766 de
808 4727 873 4767 eo
902 4711 1087 4783 voluit,
1119 4728 1182 4768 ac
1212 4712 1497 4783 disposuit,
1530 4712 1778 4785 Remigio
1835 4722 1886 4770 et
1940 4715 2174 4771 Arduico

580 4798 1006 4871 archiepiscOpis
1063 4801 1419 4867 committere,
1465 4801 1818 4857 commisit”
1851 4803 2058 4860 scilicet
2116 4813 2174 4861 ut

576 4904 675 4959 per
703 4903 799 4943 eos
828 4889 1012 4945 domui
1039 4890 1320 4960 apostolici
1350 4890 1598 4961 epistola,
1631 4890 1775 4945 unde
1791 4891 1865 4946 illi
1894 4895 2166 4964 mandavi,

577 4977 646 5032 ad
676 4976 936 5033 domuum
960 4994 1153 5051 regem
1181 4979 1481 5049 peveniret,
1517 4987 1568 5034 ct
1609 4979 1713 5051 ipsi
1769 4980 1887 5050 ejus
1944 4998 2169 5039 causam

574 5073 804 5138 agerent
833 5083 846 5119 :
872 5066 948 5120 illi
988 5082 1097 5121 non
1153 5067 1336 5132 credo,
1389 5068 1642 5139 quoniam
1700 5069 1929 5140 epistola
1981 5072 2167 5128 domui

574 5153 860 5225 apostolici
880 5154 1011 5209 mihi
1038 5154 1243 5210 directa
1272 5162 1459 5226 aperte
1490 5156 1839 5227 demonstrat,
1900 5158 2047 5214 illam
2097 5161 2165 5218 de

573 5258 678 5315 qua
699 5242 915 5314 oblique
945 5243 1161 5315 sategit,
1195 5244 1328 5298 mihi
1356 5244 1590 5317 misisse,
1615 5255 1670 5303 ut
1702 5264 1807 5321 ego
1826 5248 2162 5315 illius,vide-

568 5331 697 5388 licet
726 5329 1054 5403 suﬂ‘ragauei
1080 5331 1209 5399 mei,
1242 5347 1467 5390 causam
1494 5351 1715 5407 agerem
1744 5338 1890 5409 apud
1920 5353 2111 5410 regem
2145 5354 2159 5393 :

568 5427 833 5492 quatenus
854 5428 909 5476 et
936 5420 1234 5491 apostolica
1260 5422 1420 5478 sedes
1450 5424 1698 5496 vigorem
1741 5422 2025 5497 proprium
2068 5441 2160 5481 re-

564 5509 774 5577 tineret,
807 5516 859 5564 et
889 5525 923 5565 a
952 5525 1010 5565 se
1041 5525 1301 5568 concessa
1326 5512 1446 5568 aliis
1468 5511 1595 5583 jura
1624 5529 1723 5570 sua
1752 5530 1863 5571 non
1890 5515 2155 5571 demeret.

2276 4539 2328 4587 et
2359 4532 2436 4588 eis
2466 4550 2551 4590 me
2582 4534 2841 4591 ultiouum
2890 4536 3290 4593 conditionibus
3344 4538 3541 4606 subdo,
3583 4554 3721 4611 quas
3759 4556 3869 4596 nou

2275 4620 2449 4676 solum
2497 4624 2792 4680 auctoritas
2849 4624 3025 4681 beatae
3062 4625 3343 4682 memorias
3389 4626 3654 4699 principis
3717 4628 3867 4683 Mar-

2273 4709 2424 4778 tiani,
2460 4712 2558 4766 sed
2590 4713 2750 4768 etiam
2779 4729 2883 4786 ego
2904 4729 3027 4769 mea
3044 4715 3408 4771 consensione
3436 4714 3667 4772 firmavi.
3706 4740 3727 4764 υ
3763 4717 3869 4773 De-

2274 4800 2469 4854 struxit
2497 4800 2642 4856 enim
2671 4802 2726 4856 iu
2753 4802 2978 4873 praefata
3034 4804 3245 4875 synodo
3285 4804 3672 4861 iuobedientiae
3724 4822 3866 4877 pra:-

2272 4886 2497 4945 teritatze
2517 4890 2879 4960 insolentiam,
2914 4891 3190 4948 aadificaus
3209 4890 3513 4965 proﬁtendo
3542 4901 3594 4949 et
3626 4893 3868 4951 subscri-

2270 4975 2451 5031 bendo
2480 4977 2715 5034 futuram
2746 4981 3044 5036 secundum
3069 4997 3258 5037 sacros
3278 4996 3517 5038 canones
3565 4998 3703 5056 erga
3750 4998 3863 5060 suae

2267 5065 2585 5137 metropolis
2613 5067 2959 5142 privilegium
3015 5070 3403 5126 obedientiam.
3435 5070 3613 5139 Quam
3671 5071 3867 5127 iterum

2267 5153 2371 5210 hac
2418 5156 2888 5225 praevaricationis
2946 5175 3061 5215 suae
3105 5158 3449 5231 professione
3508 5168 3669 5233 atque
3726 5161 3859 5217 sub-

2266 5242 2558 5315 scriptione
2588 5246 2892 5317 destruere,
2927 5255 2979 5303 et
3021 5247 3305 5305 anuullare
3363 5249 3581 5322 sategit,
3640 5257 3693 5306 et
3748 5249 3863 5321 pri-

2265 5331 2460 5387 stinam
2524 5350 2682 5389 suam
2738 5335 3102 5408 insolentiam,
3162 5336 3413 5394 redivivo
3470 5336 3659 5394 furore
3697 5353 3861 5395 resu-

2263 5420 2493 5490 scitavit,
2526 5438 2593 5481 ac
2622 5440 2724 5496 per
2752 5424 2855 5481 hoc
2884 5441 2943 5481 se
2962 5426 3442 5498 praavaricatorum
3489 5427 3785 5483 constituit.

2331 5517 2481 5587 Quas
2514 5535 2708 5576 omnes
2736 5519 3115 5592 professiones
3139 5529 3193 5579 et
3249 5521 3679 5595 subscriptiones
3732 5539 3857 5581 suas
