4174 6362
257 295 362 347 589

934 286 1176 344 orusc.
1229 284 1320 340 ET
1373 285 1590 342 EPIST.
1637 263 1711 339 1N
1757 281 1984 339 CAUSA
2039 282 2381 339 HINCMARI
2435 283 2738 341 LAUDUN.

3452 287 3556 342 590

263 413 528 486 sapientia
576 419 760 468 vestra
802 411 1022 467 insimul
1066 411 1330 478 conferat,
1366 417 1417 466 et
1448 409 1594 482 quod
1623 409 1690 464 de
1720 409 1854 464 sub—
1884 406 2232 468 Adixerunt.
2294 407 2392 486 Qui
2442 407 2715 463 schedulae
2763 408 2830 462 ab
2861 409 3133 481 episcopis
3178 410 3270 483 qui
3312 408 3554 481 prafataz

262 503 556 574 scriptione
587 501 677 558 vel
702 501 1045 572 professione
1075 499 1467 555 subscribentis
1498 514 1560 554 ac
1589 495 1856 569 proﬁten-

261 593 350 661 tis,
382 599 434 647 et
464 590 797 664 negligentis
827 597 986 661 atque
1016 587 1340 660 refragantis
1362 594 1580 643 sanctus
1603 585 1854 657 Spiritus,

263 697 365 752 per
413 695 506 736 eos
548 679 603 733 in
650 679 846 750 quibus
888 677 1101 733 locutus
1153 684 1251 743 est,
1287 684 1340 732 et
1369 676 1459 748 qui
1503 691 1624 730 cum
1657 676 1772 729 Deo
1803 674 1858 727 in

263 769 406 826 cmlo
451 775 704 840 regnant,
737 774 792 821 et
818 767 872 821 in
897 766 1062 821 terris
1102 765 1374 820 miraculis
1419 770 1723 829 coruscant,
1755 762 1856 817 de-

263 858 514 927 creverit,
560 855 794 912 sollicita
825 863 1018 910 mente
1065 854 1329 927 recogitet
1371 861 1531 924 atque
1580 851 1854 920 dijudicet.

271 947 354 1004 Ait
400 946 545 1003 enim
598 961 814 1001 sacrum
872 943 1302 1015 Carthaginense
1343 941 1634 998 concilium
1665 940 1849 1011 (conc.

268 1033 532 1102 Carthag.
564 1045 624 1096 ιι,
656 1045 774 1084 can.
810 1029 899 1100 13)
926 1046 939 1082 :
964 1049 985 1078 α
1008 1028 1062 1082 Si
1094 1027 1215 1099 quis
1245 1035 1434 1082 contra
1466 1041 1619 1080 suam
1649 1024 1860 1096 profes-

264 1119 478 1175 sionem
506 1119 594 1174 vel
624 1116 1076 1188 subscriptionem
1105 1115 1314 1172 venerit
1340 1114 1397 1169 in
1423 1114 1620 1185 aliquo,
1653 1113 1771 1184 ipse
1802 1129 1860 1168 se

262 1210 475 1264 honore
503 1206 756 1279 privabit.
789 1229 810 1254 ιι
844 1205 984 1274 Quid
1014 1204 1158 1260 enim
1185 1204 1243 1258 in
1271 1205 1376 1258 hac
1406 1201 1703 1258 novissima
1732 1201 1860 1255 sub-

265 1297 564 1368 scriptione
622 1311 721 1350 sua
777 1294 946 1350 sacris
1019 1293 1318 1349 canonibus
1371 1300 1423 1347 et
1479 1289 1861 1362 suprascriptis

262 1385 696 1458 professionibus
759 1392 811 1439 et
865 1382 1355 1454 subscriptionibus
1413 1380 1524 1434 suis
1569 1379 1860 1449 contraria,

265 1473 660 1546 congruentius
705 1471 899 1528 referri
939 1479 1136 1542 potest,
1189 1486 1293 1541 qua
1335 1469 1468 1523 dixit
1503 1487 1514 1522 :
1544 1469 1664 1539 Ego
1693 1468 1862 1522 Hinc-

264 1580 456 1619 marus
499 1569 686 1618 contra
715 1577 895 1616 meam
924 1559 1342 1631 professionem,
1385 1558 1472 1614 vel
1503 1556 1862 1627 subscriptio-

266 1669 398 1709 nem
428 1652 673 1721 veniens,
709 1657 902 1722 sponte
931 1665 1019 1704 me
1049 1649 1259 1704 honore
1289 1647 1502 1718 privavi
1520 1646 1548 1700 ?

340 1742 449 1797 Sed
493 1741 634 1796 forte
681 1739 843 1807 dicet,
896 1739 1030 1792 alias
1070 1736 1497 1808 subscriptiones
1528 1751 1588 1790 se
1615 1734 1859 1800 invitum,

264 1839 434 1902 atque
464 1837 711 1885 coactum
740 1827 956 1884 fecisse.
991 1828 1057 1882 Et
1085 1826 1215 1897 quid
1247 1826 1390 1881 dicet
1419 1825 1486 1880 de
1515 1824 1606 1878 illa
1637 1822 1872 1878 subscri-

264 1921 473 1991 ptione,
539 1934 644 1989 qua
698 1917 885 1972 libello
941 1915 1382 1986 compilationum
1430 1929 1667 1977 suarum,
1717 1911 1868 1967 nullo

265 2015 510 2079 petente,
553 2007 640 2062 vel
689 2013 964 2077 sperante,
1016 2003 1355 2074 subscripsit,
1408 2003 1557 2057 etab
1587 2001 1707 2056 aliis
1753 2001 1872 2072 qui-

266 2097 502 2151 busdam
551 2094 733 2151 invitis
782 2093 1053 2150 subscribi
1084 2093 1258 2149 fecit?
1291 2092 1374 2146 Illi
1422 2107 1618 2162 nempe
1666 2095 1754 2162 qui
1801 2090 1869 2144 de

265 2185 561 2241 verborum
610 2182 927 2238 differentiis
971 2182 1286 2253 loquuntur,
1321 2180 1456 2235 sicut
1485 2179 1693 2234 Nonius
1720 2179 1869 2233 Mar-

268 2273 444 2331 cellus
486 2272 895 2343 Peripateticus,
943 2271 999 2326 in
1047 2269 1230 2325 libello
1260 2271 1328 2325 de
1357 2268 1743 2340 compendiosa
1773 2267 1871 2322 do—

268 2363 443 2419 ctrina
476 2362 623 2434 (cap.
659 2361 733 2431 5),
767 2360 898 2416 dicit
931 2377 943 2414 :
983 2381 1004 2410 α
1041 2361 1157 2415 Hoc
1198 2359 1396 2413 distare
1438 2358 1578 2413 inter
1624 2355 1872 2414 confiteri

272 2459 331 2507 et
357 2449 606 2522 profiteri
653 2457 951 2518 autumant,
984 2449 1129 2520 quod
1157 2446 1403 2504 confiteri
1443 2445 1736 2502 voluntatis
1767 2451 1868 2511 est,

273 2538 524 2611 proﬁteri
571 2538 934 2604 necessitatis,
985 2544 1038 2592 et
1068 2537 1259 2593 coacti.
1297 2561 1318 2585 ι
1372 2535 1480 2590 Sed
1523 2551 1633 2589 non
1663 2534 1742 2589 illi
1770 2535 1874 2588 hoc

268 2630 341 2684 ad
394 2628 730 2684 voluntatem
785 2644 938 2682 suam
985 2625 1267 2695 succurrit,
1326 2624 1418 2696 qui
1475 2631 1662 2679 contra
1718 2639 1872 2677 suam

268 2717 674 2789 professionem
725 2723 778 2772 et
807 2715 1263 2786 subscriptionem
1289 2713 1457 2768 venit.
1490 2713 1624 2768 Cum
1654 2719 1873 2767 sanctus

269 2808 400 2873 Leo,
455 2807 592 2861 sicut
631 2804 903 2860 multoties
932 2805 986 2859 in
1017 2803 1158 2858 illius
1206 2802 1476 2859 invenitur
1506 2800 1767 2871 epistolis,
1804 2800 1873 2854 ab

268 2896 628 2952 unanimitate
668 2894 948 2950 catholicas
977 2892 1129 2963 pacis
1161 2891 1543 2958 exorbitantes,
1576 2888 1873 2960 professio-

268 3003 401 3041 nem
449 3001 571 3041 cum
620 2982 1027 3038 absolutissima
1074 2981 1472 3052 subscriptione
1503 2994 1690 3035 coram
1727 2978 1877 3032 omni

269 3075 445 3140 clero,
479 3081 531 3129 et
560 3073 811 3129 universa
854 3071 1036 3142 plebe,
1071 3071 1202 3124 dare
1230 3068 1525 3140 prmcipiat.
1559 3069 1627 3123 Et
1657 3075 1874 3122 sanctus

270 3162 578 3236 Gregorius
635 3161 688 3216 in
754 3160 984 3232 epistola
1031 3159 1099 3213 ad
1154 3153 1518 3213 Theoctistam
1588 3156 1867 3228 patriciam

269 3253 393 3323 (lib.
427 3266 508 3317 Ix,
529 3253 690 3323 epist.
711 3251 820 3320 39),
855 3250 923 3305 de
950 3248 1035 3303 his
1066 3247 1158 3319 qui
1189 3246 1457 3314 dicebant,
1493 3245 1617 3316 quia
1647 3245 1693 3299 si
1722 3260 1870 3300 com-

270 3341 417 3413 pulsi
472 3340 638 3411 aliqui
693 3340 761 3394 de
817 3338 1014 3410 quibus
1071 3338 1217 3406 juste
1291 3334 1864 3406 reprehendebantur,

210 3421 214 3424 ’
271 3428 733 3485 anathematizare
782 3444 861 3494 se,
921 3427 1182 3491 dicerent,
1241 3422 1601 3479 anathematis
1655 3422 1869 3479 vinculo

269 3519 425 3574 nullo
480 3517 644 3574 modo
700 3517 894 3582 teneri,
957 3513 1397 3570 manifestissime
1444 3513 1633 3567 dicat:
1670 3534 1692 3559 ‹‹
1728 3512 1795 3566 Et
1825 3509 1871 3565 si

273 3616 420 3675 sunt,
481 3607 751 3679 inquiens,
813 3604 902 3677 qui
958 3603 1261 3660 certissime
1311 3601 1434 3656 talia
1490 3601 1726 3657 sentiunt
1782 3599 1869 3654 vel

272 3705 483 3763 tenent,
534 3696 660 3768 quia
713 3693 998 3750 Christiani
1028 3708 1136 3748 non
1166 3700 1310 3758 sunt,
1342 3690 1568 3746 dubium
1597 3705 1706 3744 non
1739 3696 1819 3744 est
1852 3706 1865 3741 :

271 3803 483 3858 eosque
525 3793 576 3840 et
620 3801 744 3858 ego,
790 3791 840 3839 et
883 3799 1072 3838 omnes
1115 3781 1366 3837 catholici
1412 3779 1674 3851 episcopi,
1707 3785 1869 3849 atque

271 3876 533 3931 universa
588 3873 834 3930 Ecclesia
887 3871 1417 3935 anathematizamus,
1478 3869 1607 3940 quia
1660 3867 1870 3924 veritati

271 3963 553 4021 contraria
582 3963 835 4032 sentiunt,
874 3969 927 4017 et
955 3959 1220 4017 contraria
1250 3959 1556 4030 loquuntur.
1594 3978 1616 4007 ››

845 4087 1067 4142 CAPUT
1102 4084 1299 4140 XVIII.

279 4179 436 4250 Quod
455 4178 782 4234 schedulavm
810 4177 1004 4250 ﬁctam
1042 4174 1305 4250 qttasinb
1341 4172 1606 4250 episcopis
1642 4171 1871 4250 c_o_n_g:ilii

357 4251 638 4306 Tulle-mis
658 4241 1037 4319 conscriptam
1049 4241 1281 4319 'obtulit,
1304 4241 1398 4319 etii
1416 4241 1705 4319 rescripsit
1725 4241 1869 4296 Rhe-

349 4322 565 4378 mensis
611 4315 919 4375 adhortaris
965 4318 1036 4373 ad
1067 4315 1430 4388 patientiam,
1483 4317 1538 4368 et
1581 4317 1870 4367 maturam

347 4409 546 4450 rerum
575 4392 971 4463 cognitionem.

1959 496 2167 567 synodo
2223 495 2603 565 interfuerunt,
2655 495 2938 553 multifaria
2989 499 3280 572 multisque
3321 498 3547 554 modis:

1957 585 2054 640 sed
2085 593 2137 640 et
2159 600 2190 639 a
2212 601 2270 640 se
2301 584 2494 640 asserit
2525 601 2647 640 esse
2678 585 3080 658 subscriptum;
3113 604 3232 660 qua:
3254 588 3309 642 in
3339 587 3557 660 quibus-

1958 674 2102 744 dam,
2139 673 2308 728 sacris
2337 673 2540 745 regulis
2571 674 2866 740 contraria,
2901 683 2952 730 et
2979 691 3092 731 suae
3123 676 3551 732 excommunica-

1957 763 2090 818 tioni
2149 779 2312 833 quam
2371 762 2572 818 fecerat
2616 763 2670 817 in
2715 763 2976 833 parochia
3019 780 3137 831 sua,
3170 773 3253 820 est
3291 780 3552 821 consona.

1958 852 2164 906 Dicitur
2209 852 2352 906 enim
2400 851 2476 906 ibi
2519 852 2588 908 de
2625 852 2900 919 damnato,
2934 861 2990 908 ut
3023 875 3046 904 ι(
3084 854 3211 910 dum
3242 854 3388 920 vivit,
3418 854 3492 908 ita
3523 869 3555 908 a

1960 948 2102 997 cmtu
2156 947 2208 995 et
2265 940 2520 996 societate
2577 939 2818 995 fidelium
2865 950 3128 1010 remotus,
3165 958 3197 997 a
3225 958 3454 1014 corpore
3503 949 3556 998 et

1961 1029 2225 1102 sanguine
2255 1029 2471 1084 Domini
2501 1037 2808 1100 separatus,
2830 1037 2889 1085 ut
2907 1047 3009 1086 nec
3038 1031 3094 1085 in
3125 1030 3290 1086 finem
3319 1047 3558 1088 commu-

1960 1117 2179 1172 nionem
2208 1117 2455 1188 accipiat,
2489 1134 2666 1190 neque
2694 1134 2895 1190 corpus
2929 1119 3100 1190 ipsius
3130 1135 3282 1176 more
3312 1119 3554 1175 fidelium

1961 1223 2084 1261 cum
2113 1205 2474 1261 oblationibus
2504 1213 2557 1261 et
2583 1205 2809 1277 psalmis
2841 1214 3002 1278 atque
3031 1207 3248 1280 hymnis
3277 1209 3345 1263 ad
3375 1209 3558 1279 sepul-

1961 1303 2138 1349 turam
2197 1294 2513 1350 deducatur.
2553 1318 2578 1343 ι·
2625 1295 2694 1350 Et
2740 1295 3016 1367 aliquanto
3061 1296 3288 1352 inferius
3322 1315 3336 1351 :
3376 1318 3398 1348 α
3441 1297 3557 1353 Ha-

1961 1383 2230 1454 beantque
2273 1383 2543 1454 principes
2575 1391 2626 1438 et
2662 1383 2871 1452 judices
2919 1385 3061 1440 hanc
3107 1385 3162 1439 in
3208 1385 3410 1457 populo
3457 1387 3559 1442 Dei

1963 1471 2317 1544 diligentiam,
2369 1478 2427 1525 ut
2455 1471 2765 1543 ubicunque
2813 1472 2947 1528 tales
2979 1473 3033 1527 in
3063 1481 3329 1545 potestate
3371 1491 3558 1530 eorum

1963 1561 2034 1614 ab
2095 1560 2366 1632 episcopis
2423 1560 2669 1631 requisiti
2724 1560 2938 1627 fuerint,
3011 1562 3218 1636 absque
3271 1579 3423 1618 mora
3481 1563 3560 1619 eis

1965 1649 2272 1714 exhibeant,
2307 1665 2373 1704 ne
2407 1647 2546 1704 forte
2577 1648 2622 1704 si
2653 1648 3134 1720 dissimulaverint,
3185 1659 3276 1706 aut
3323 1652 3558 1708 manda-

1895 1764 1948 1822 B
1966 1745 2080 1792 tum
2109 1738 2352 1809 episcOpi
2373 1738 2818 1809 contempserint,
2843 1739 2911 1792 ab
2930 1739 3178 1795 Ecclesia
3193 1740 3293 1796 Dei
3307 1741 3558 1812 projecti,

1967 1842 2070 1882 nec
2127 1826 2456 1897 sepulturam
2511 1843 2633 1881 cum
2681 1826 2931 1882 ﬁdelibus
2967 1828 3250 1899 recipiant.
3289 1850 3312 1880 ι
3348 1831 3414 1885 Et
3457 1831 3560 1886 ali-

1970 1923 2170 1987 quanto
2202 1931 2365 1986 supra
2403 1915 2565 1970 istam
2615 1916 2937 1972 sententiam
2974 1934 2986 1970 :
3026 1939 3046 1967 α
3084 1917 3141 1973 Si
3171 1917 3401 1975 clericus
3432 1919 3564 1976 tanti

1969 2004 2260 2076 cupiditate
2292 2003 2567 2076 sacrilegii
2596 2012 2904 2076 corruptus,
2937 2013 3028 2060 aut
3057 2005 3224 2062 laicus
3256 2007 3562 2081 quicunque

1970 2093 2072 2148 hac
2123 2091 2401 2163 iniquitate
2449 2092 2708 2164 deceptus
2738 2093 2917 2159 fuerit,
2954 2102 3006 2148 et
3034 2111 3374 2168 cognoscens
3403 2097 3564 2152 dam-

1971 2181 2243 2236 nationem
2290 2197 2445 2235 suam
2481 2181 2813 2253 poenitentia:
2859 2182 3114 2238 remediis
3147 2186 3445 2241 secundum
3473 2202 3566 2242 or-

1972 2270 2150 2325 dinem
2183 2278 2235 2324 et
2261 2269 2674 2341 dispositionem
2721 2271 2802 2325 sui
2849 2270 3094 2342 episcopi
3140 2288 3200 2329 se
3229 2274 3563 2344 submiserit,

1972 2359 2220 2430 volumus
2267 2366 2324 2413 ut
2370 2374 2606 2430 pervasa
2631 2367 2684 2416 et
2711 2368 3042 2431 praesumpta
3067 2362 3365 2418 secundum
3394 2364 3568 2436 quali-

1973 2455 2138 2503 tatem
2168 2447 2224 2502 in
2259 2447 2531 2518 simplum,
2568 2448 2732 2503 autin
2759 2448 3004 2520 duplum,
3028 2457 3117 2504 aut
3136 2449 3192 2505 in
3214 2451 3450 2523 triplum,
3476 2461 3567 2509 aut

1972 2537 2029 2590 in
2049 2536 2409 2607 quadruplum
2433 2537 2680 2592 ecclesiae
2700 2537 2788 2592 cui
2811 2537 3068 2592 damnum
3089 2538 3300 2594 illatum
3322 2549 3423 2612 est,
3445 2543 3565 2614 pri-

1972 2640 2122 2679 mum
2161 2625 2426 2680 restituat.
2466 2625 2598 2679 Inde
2636 2641 2733 2695 pro
2767 2626 3056 2699 sacrilegio
3090 2628 3158 2682 ab
3188 2629 3446 2700 episcOpo
3467 2646 3566 2686 suo

1975 2713 2260 2770 consilium
2289 2713 2496 2778 salutis,
2525 2722 2578 2768 et
2599 2713 2931 2784 poenitentiae
2969 2717 3193 2772 modum
3229 2717 3509 2789 suscipiat.
3538 2739 3561 2770 ι

1975 2801 2109 2870 Quae
2126 2801 2434 2858 constitutio
2450 2801 2830 2872 restitutionis,
2856 2803 3009 2859 salvo
3025 2804 3210 2877 legum
3217 2807 3341 2876 jure
3359 2815 3561 2864 contra-

1976 2890 2054 2944 ria
2076 2906 2197 2946 esse
2217 2890 2560 2963 dignoscitur
2597 2890 2834 2946 decretis
2855 2891 2998 2947 beati
3035 2892 3290 2966 Gregorii
3305 2895 3372 2950 ad
3388 2898 3571 2968 Augu-

1976 2979 2176 3034 stinum
2209 2979 2514 3051 Anglorum
2565 2979 2882 3050 episcopum
2917 2979 3341 3054 interrogantem
3375 2985 3566 3058 (epist.

1975 3070 2082 3123 ult.
2110 3069 2147 3123 ι.
2171 3083 2271 3134 xu,
2314 3069 2387 3123 ad
2426 3068 2658 3140 August.
2670 3109 2683 3137 ,
2721 3069 2988 3142 interrog.
3010 3070 3100 3140 4):
3129 3093 3151 3122 ι
3178 3072 3422 3129 Obsecro
3440 3075 3568 3146 quid

1970 3157 2079 3227 pati
2100 3157 2312 3222 debeat,
2339 3157 2384 3210 si
2408 3157 2526 3226 quis
2574 3156 2778 3228 aliquid
2799 3157 2866 3212 de
2888 3157 3116 3214 ecclesia
3150 3159 3293 3216 furto
3325 3162 3566 3220 abstule-

1970 3246 2080 3300 rit?
2102 3269 2122 3293 »ι
2161 3245 2466 3316 Responsio
2500 3245 2644 3299 beati
2674 3245 2929 3317 Gregorii
2946 3247 3073 3304 hinc
3091 3257 3212 3320 post
3245 3249 3514 3323 aliquanta
3546 3271 3561 3308 :

1975 3355 1997 3385 α
2031 3334 2202 3389 Addis
2223 3333 2384 3388 etiam
2406 3333 2680 3405 quomodo
2701 3350 2768 3389 ea
2789 3351 2911 3406 quas
2929 3335 3069 3392 furto
3085 3337 3154 3393 de
3175 3338 3422 3396 ecclesiis
3439 3341 3566 3397 abs-

1971 3422 2210 3488 tulerint,
2242 3422 2475 3478 reddere
2509 3423 2789 3478 debeant?
2809 3424 2917 3479 Sed
2938 3425 3079 3481 absit
3098 3434 3157 3482 ut
3176 3427 3410 3485 ecclesia
3435 3445 3561 3486 cum

1967 3518 2259 3582 augmento
2299 3511 2543 3582 recipiat,
2593 3513 2738 3584 quod
2793 3513 2862 3568 de
2891 3514 3053 3569 rebus
3082 3517 3308 3573 terrenis
3348 3519 3564 3576 videtur

1968 3601 2233 3667 amittere,
2271 3609 2323 3656 et
2351 3600 2502 3657 lucra
2531 3600 2600 3656 de
2629 3602 2785 3656 vanis
2815 3611 3040 3673 quierat.
3079 3626 3101 3655 )›

2041 3689 2174 3757 Quae
2215 3689 2496 3755 schedula,
2543 3697 2599 3744 ut
2647 3691 2880 3758 ostendi,
2915 3692 3302 3752 ecclesiasticis
3332 3697 3556 3754 ordina-

1970 3778 2204 3833 tionibus
2234 3777 2516 3848 contraria,
2551 3779 2714 3834 etiam
2743 3788 2792 3835 et
2822 3797 2887 3836 ex
2917 3782 3022 3838 hoc
3047 3783 3276 3840 mendax
3307 3801 3430 3844 esse
3455 3804 3557 3860 pa-

1971 3875 2145 3922 tenter
2186 3868 2504 3935 ostenditur,
2551 3868 2673 3940 quia
2702 3885 2893 3926 eorum
2936 3871 3312 3944 episcoporum
3342 3878 3562 3934 nomina

1968 3957 2043 4012 ibi
2069 3957 2340 4012 habentur
2368 3957 2688 4030 subscripta,
2713 3960 2805 4030 qui
2834 3961 3074 4017 nondum
3105 3972 3257 4020 erant
3282 3966 3561 4039 episcopi:

1970 4054 2024 4102 et
2053 4046 2216 4102 etiam
2260 4046 2488 4102 duorum
2527 4047 2906 4119 episcoporum
2949 4051 3166 4106 nomina
3195 4069 3262 4109 ex
3289 4071 3394 4110 una
3423 4057 3561 4113 civi-

1971 4143 2098 4202 tate,
2132 4144 2184 4189 et
2210 4151 2316 4190 uno
2345 4143 2587 4205 tempore
2629 4136 2703 4190 ibi
2751 4145 2874 4191 sunt
2899 4139 3075 4208 posita
3111 4159 3124 4194 :
3157 4149 3208 4196 et
3237 4145 3557 4201 eorumdem

1972 4223 2351 4295 episcOporum
2397 4224 2613 4278 nomina
2644 4224 2736 4296 qui
2764 4236 3147 4282 successerunt
3189 4238 3316 4286 ante
3343 4233 3563 4290 nomina

1973 4327 2194 4368 suorum
2238 4309 2593 4368 decesSorum
2619 4313 2692 4368 ibi
2719 4322 3010 4384 ponuntur.
3042 4317 3284 4374 Habetur
3312 4320 3456 4376 enim
3485 4321 3560 4377 ibi

1971 4417 2172 4456 nomen
2213 4401 2503 4456 Christiani
2547 4402 3123 4473 Autissiodorensium,
3158 4415 3210 4463 et
3238 4409 3402 4481 longe
3439 4419 3563 4482 post

351 4499 600 4572 Denique
647 4498 716 4553 ad
761 4499 879 4553 haec
924 4512 1002 4551 xv
1049 4493 1282 4550 Kalend.
1324 4493 1578 4564 August.,
1609 4482 1943 4546 indictio-D
1975 4490 2217 4546 Abbonis
2275 4491 2402 4546 item
2460 4491 3038 4563 Autissiodorensium,
3099 4496 3185 4552 cui
3228 4498 3564 4556 Christianus

273 4591 364 4646 nis
396 4593 448 4656 3,
502 4587 647 4644 misit
693 4587 764 4642 ad
809 4603 897 4641 me
941 4585 1088 4656 apud
1128 4581 1506 4655 Pontigonem,
1555 4579 1874 4634 Heddonem

272 4677 548 4736 Ecclesia:
593 4693 706 4732 suae
750 4674 1121 4747 praepositum,
1174 4681 1226 4728 et
1268 4688 1367 4742 per
1397 4687 1519 4726 eum
1559 4668 1875 4725 schedulam

274 4767 576 4842 quamdam
624 4764 755 4820 mihi
802 4763 1017 4829 direxit,
1051 4778 1209 4833 quam
1238 4762 1415 4816 habeo
1459 4760 1559 4814 sub
1590 4759 1875 4829 chirogra-

273 4859 392 4931 pho
430 4875 444 4911 :
477 4856 633 4925 cujus
678 4860 889 4925 partem
933 4867 1116 4908 coram
1144 4850 1413 4921 episcOpis
1444 4848 1535 4920 qui
1565 4847 1872 4912 adfuerunt,

276 4945 538 5018 Remigio
568 4944 794 5011 scilicet,
826 4940 1120 5006 Harduico,
1170 4939 1460 5008 Francone,
1494 4937 1686 4992 Odone
1715 4944 1877 5006 atque

275 5035 633 5099 W’illeberto,
687 5040 740 5087 et
768 5031 887 5086 aliis
936 5027 1321 5085 ecclesiasticis
1364 5026 1493 5082 viris
1532 5025 1877 5080 referendam

277 5125 361 5181 illi
410 5122 650 5188 donavi;
684 5137 753 5175 ne
799 5127 988 5190 postea
1015 5117 1148 5173 mihi
1177 5117 1426 5172 eamdem
1465 5115 1797 5180 schedulam,
1834 5112 1881 5166 si

275 5214 467 5279 vellet,
527 5210 745 5266 misisse
790 5224 998 5281 negare
1045 5206 1267 5263 valeret.
1320 5203 1454 5273 Quae
1511 5203 1756 5259 confecta
1799 5209 1882 5258 est

282 5303 446 5376 quasi
505 5317 571 5356 ex
622 5298 843 5354 nomine
899 5296 1094 5368 synodi
1147 5295 1293 5366 apud
1349 5293 1636 5348 Tusiacum
1671 5311 1684 5346 :
1717 5307 1882 5363 quam

279 5401 575 5463 antequam
604 5405 705 5460 per
731 5386 1050 5442 Heddonem
1071 5384 1329 5441 clericum
1358 5399 1520 5437 suum
1548 5380 1877 5450 acceperim,

279 5495 567 5552 nunquam
596 5477 728 5543 vidi,
754 5483 808 5531 et
835 5491 1105 5546 nunquam
1135 5473 1222 5528 vel
1248 5487 1514 5543 nusquam
1545 5468 1723 5524 audivi
1746 5487 1760 5536 ;
1787 5468 1883 5523 sed

283 5587 388 5626 nec
421 5568 516 5641 qui
543 5564 830 5622 adfuerunt
845 5562 1108 5634 episcopi,
1133 5577 1254 5617 eam
1271 5577 1330 5616 se
1351 5560 1554 5616 vidisse
1584 5565 1636 5612 et
1664 5557 1882 5612 audisse

1973 4579 2254 4635 successit.
2286 4580 2356 4634 Et
2384 4579 2696 4636 inscribitur
2722 4582 2798 4637 ibi
2824 4598 3022 4639 nomen
3051 4586 3314 4641 Rainelmi
3351 4587 3560 4644 Novio-

1972 4669 2336 4740 magensium,
2382 4670 2475 4741 qui
2529 4671 2770 4726 nondum
2825 4681 2944 4728 erat
2999 4674 3287 4746 episcopus
3320 4694 3333 4728 :
3366 4676 3564 4734 deinde

1974 4759 2137 4830 longe
2167 4766 2308 4830 post,
2338 4775 2539 4814 nomen
2582 4760 2840 4816 Immonis
2871 4761 3337 4834 Noviomagorum
3363 4764 3565 4823 inscri-

1975 4847 2136 4914 bitur,
2170 4847 2258 4903 cui
2304 4847 2618 4904 Rainelmus
2668 4850 2946 4905 successit.
2978 4851 3046 4905 Et
3076 4850 3306 4908 aliorum
3347 4854 3566 4926 episco-

1976 4953 2170 5007 porum
2203 4937 2276 4990 ibi
2304 4937 2571 4992 habentur
2615 4939 2854 5006 nomina,
2889 4939 2981 5010 qui
3007 4939 3184 4996 eidem
3217 4943 3427 5014 synodo
3457 4960 3568 5001 non

1977 5025 2348 5080 interfuerunt.
2377 5027 2447 5080 Et
2476 5043 2578 5081 nos
2627 5027 2716 5097 qui
2763 5027 3118 5100 interfuimus,
3163 5032 3261 5087 sed
3291 5039 3343 5087 et
3377 5049 3436 5088 se
3465 5049 3570 5090 no-

1976 5113 2190 5169 hiscum
2234 5114 2318 5169 his
2371 5113 2763 5188 subscripsisse
2809 5117 3144 5173 mendaciter
3189 5119 3335 5188 dicit,
3370 5122 3568 5194 quibus

1978 5219 2088 5258 non
2113 5203 2550 5274 subscripsimus.
2599 5204 2752 5259 Unde
2799 5205 3092 5262 videndum
3137 5209 3291 5264 estsi
3320 5210 3398 5265 illi
3429 5227 3566 5268 con-

1978 5292 2176 5359 veniat,
2219 5292 2365 5363 quod
2407 5291 2722 5348 Africanum
2765 5293 3006 5352 decrevit
3033 5297 3324 5354 concilium
3353 5300 3421 5355 de
3444 5301 3566 5372 epi—

1980 5397 2146 5451 SCOpO
2175 5381 2266 5452 qui
2295 5381 2589 5435 Donatistis
2618 5397 2677 5436 se
2704 5385 3135 5442 communicasse
3166 5388 3420 5444 mentitus
3450 5388 3568 5444 fue-

1982 5469 2050 5523 rit
2072 5468 2212 5540 (cod.
2244 5485 2372 5524 can.
2405 5470 2539 5525 eccl.
2570 5470 2772 5541 A/‘rt'c.,
2805 5489 2925 5529 can.
2949 5475 3071 5546 124)
3106 5494 3119 5531 :
3153 5485 3210 5531 ut
3242 5499 3264 5528 α
3291 5477 3337 5532 si
3367 5478 3569 5548 proba-

1981 5566 2092 5612 tum
2122 5556 2280 5612 fuerit
2311 5574 2435 5612 eum
2464 5559 2532 5614 de
2552 5561 2931 5618 communione
2951 5563 3167 5621 illorum
3188 5565 3355 5621 fuisse
3371 5565 3571 5622 menti-
