4174 6302
598 223 697 281 591

1662 220 2005 277 HINCMARI
2060 215 2461 275 RHEMENSIS
2499 218 3047 277 ARCHIEPISCOPI.

3793 196 3901 277 592

597 356 731 415 tum,
785 347 1015 403 dicendo
1058 362 1153 402 eos
1184 345 1638 415 communicasse,
1681 363 1838 419 quos,
1873 362 1938 401 eo
1970 345 2193 415 sciente,
2227 341 2285 403 A
2307 344 2569 401 beneficia
2615 361 2715 401 sua
2758 361 2932 417 usque
2961 344 3030 400 ad
3058 343 3296 417 legalem
3336 342 3706 399 diﬁinitionem
3736 351 3898 400 tene-

597 453 707 492 non
766 436 1201 493 communicasse
1257 435 1575 503 constiterit,
1626 435 1786 490 etiam
1829 434 2198 506 episcopatum

602 525 833 582 amittat.
873 546 894 575 ι

667 614 737 668 Et
765 621 1053 686 postquam
1084 614 1229 669 idem
1258 612 1582 685 praepositus
1611 613 1803 668 Heddo
1834 611 1965 666 mihi
1995 609 2198 681 praefa-

595 708 707 756 tam
757 701 1073 757 schedulam
1123 700 1293 772 dedit,
1345 700 1476 755 dixit
1505 700 1647 754 inter
1676 708 1895 765 caetera,
1926 697 2198 753 seniorem

601 805 758 843 suum
806 790 937 844 mihi
983 790 1293 856 mandasse,
1341 789 1466 860 quia
1514 803 1623 843 non
1669 795 1857 857 posset
1904 785 2194 854 dimittere,

599 886 657 932 ut
685 879 934 933 homines
982 894 1110 933 suos
1160 878 1251 949 qui
1298 894 1390 932 res
1438 877 1506 931 de
1552 892 1650 931 sua
1680 875 1914 930 ecclesia
1945 874 2198 928 tenebant

601 982 703 1036 per
748 974 1072 1037 potestatem
1120 974 1172 1020 et
1216 966 1444 1021 verbum
1475 964 1642 1035 regis,
1682 980 1791 1019 non
1823 961 2195 1018 excommuni-

600 1063 770 1110 caret.
804 1053 1072 1124 Quoniam
1103 1055 1273 1109 altera
1301 1054 1419 1109 vice
1447 1052 1661 1124 quando
1682 1052 1881 1107 domno
1898 1050 2197 1122 apostolico

600 1143 875 1199 mandavit
921 1144 989 1197 de
1036 1143 1396 1208 Nortmanno,
1442 1142 1546 1196 hoc
1594 1140 1642 1196 ei
1675 1139 2014 1196 remandavit
2042 1140 2197 1194 dom-

600 1248 704 1287 nus
748 1231 1094 1302 apostolicus,
1131 1238 1186 1285 ut
1228 1230 1379 1301 prius
1409 1229 1536 1284 inde
1582 1229 1800 1285 fecisset
1847 1244 2005 1283 suum
2048 1226 2200 1281 mini-

601 1319 844 1386 sterium,
875 1328 927 1375 et
957 1327 1084 1375 tunc
1111 1336 1171 1374 se
1203 1320 1576 1375 reclamasset.
1625 1319 1693 1373 Et
1723 1319 1828 1373 hoc
1853 1317 1978 1372 ideo
2012 1317 2199 1371 hacte-

594 1424 697 1463 nus
725 1407 1022 1474 dimiserat,
1067 1407 1242 1463 donec
1272 1408 1378 1463 hoc
1407 1407 1535 1461 mihi
1569 1407 1875 1471 mandaret,
1912 1413 1970 1460 ut
1997 1404 2196 1460 scirem

599 1495 724 1568 quia
751 1512 895 1552 nunc
925 1497 1051 1551 inde
1081 1513 1236 1551 suum
1266 1495 1627 1550 ministerium
1650 1495 1854 1551 faceret
1882 1495 2027 1548 unde
2056 1493 2197 1547 inter

598 1592 795 1641 caetera
824 1585 874 1639 ei
923 1584 1118 1656 scripsi
1150 1602 1163 1639 :
1203 1606 1225 1636 α
1260 1587 1399 1657 Age,
1446 1584 1615 1639 frater
1657 1583 1995 1651 charissima,
2048 1582 2195 1654 quod

2299 442 2438 503 rent,
2487 434 2752 491 beneficia
2779 434 2901 505 ipsa
2946 434 3280 503 desererent,
3314 442 3367 489 et
3395 433 3513 505 ipse
3543 433 3687 505 quod
3718 432 3898 488 incoe-

2297 531 2473 593 perat,
2507 524 2863 583 evindicaret.
2904 523 3034 578 Cum
3071 524 3209 579 sicut
3236 523 3286 578 ei
3314 539 3423 578 non
3451 522 3592 589 licet,
3626 522 3696 577 de
3725 537 3897 577 accu-

2298 612 2503 667 satione
2546 612 2660 667 sive
2702 612 3016 681 criminulis,
3068 611 3183 666 sive
3239 611 3411 667 civilis
3457 626 3655 677 causm,
3699 610 3895 666 relicto

2298 700 2685 767 ecclesiastico,
2725 700 2943 771 publico
2971 699 3197 772 purgari
3219 699 3459 768 judicio;
3491 699 3565 753 ita
3595 698 3756 755 etiam
3783 714 3897 753 non

2297 788 2423 844 licet
2450 788 2527 842 illi
2555 789 2876 860 postposito,
2909 789 2998 844 vel
3024 796 3332 859 contempto
3362 788 3730 843 ecclesiastico
3754 787 3897 856 judio

2296 877 2400 944 cio,
2462 877 2532 931 ad
2588 877 2865 933 szecularia
2897 877 3101 945 judicia
3157 876 3447 932 convolare
3488 895 3501 930 :
3553 876 3641 932 vel
3695 892 3897 946 quem-

2297 981 2532 1037 cunque,
2583 967 2669 1021 vel
2715 965 2879 1020 etiam
2936 965 3132 1021 laicam
3189 981 3481 1036 personam
3534 966 3895 1036 pertrahere;

2296 1068 2473 1124 neque
2518 1053 2590 1108 ad
2636 1052 2811 1110 forum
2861 1070 3018 1109 suum
3061 1054 3234 1126 sequi,
3267 1054 3314 1109 si
3344 1054 3462 1125 ipsa
3491 1069 3727 1124 persona
3755 1052 3899 1109 laica

2297 1141 2638 1197 consenserit
2684 1142 3067 1198 ecclesiastico
3105 1142 3291 1197 subire
3331 1143 3556 1212 judicio.
3607 1142 3761 1197 Sicut
3807 1142 3897 1196 lex

2301 1229 2681 1296 Valentiniani,
2717 1247 2875 1302 quam
2904 1230 3121 1301 probat,
3152 1230 3421 1297 Ecclesia,
3453 1232 3791 1286 demonstrat
3818 1229 3897 1285 di-

2297 1333 2428 1373 cens
2462 1334 2475 1373 :
2512 1342 2534 1366 α
2571 1318 2815 1374 Clericus
2865 1318 2912 1373 si
2940 1319 3177 1391 aliquem
3224 1318 3317 1373 lite
3346 1318 3657 1390 pulsaverit,
3688 1319 3746 1373 in
3772 1318 3895 1374 foro

2297 1405 2442 1461 illius
2489 1423 2651 1478 quem
2680 1408 2750 1462 ad
2792 1407 3058 1476 judicium
3102 1416 3379 1478 provocat,
3429 1407 3698 1463 audiatur.
3727 1407 3786 1463 Si
3816 1415 3897 1461 ta-

2296 1511 2423 1549 men
2470 1494 2711 1565 pulsatus
2740 1512 2849 1551 non
2892 1496 3226 1568 acquieverit
3253 1497 3317 1550 ad
3348 1496 3658 1567 presbyteri
3686 1503 3742 1551 et
3770 1496 3894 1567 epi-

2297 1583 2449 1653 scopi
2496 1584 2680 1639 venire
2721 1584 3005 1654 judicium.
3042 1607 3062 1634 »
3108 1586 3175 1639 Et
3214 1593 3432 1640 sanctus
3473 1586 3582 1640 Leo
3622 1584 3757 1656 limo
3783 1587 3893 1642 Leo

597 1673 963 1744 episcopalem
994 1674 1255 1730 condecet
1281 1673 1626 1746 gravitatem,
1660 1679 1988 1742 exspectans
2018 1670 2193 1726 donec
2214 1700 2265 1759 B
2300 1668 2479 1759 Bitur;
2503 1667 2591 1740 A.]
2624 1684 2689 1723 ac
2719 1669 2965 1724 Romana
2984 1669 3226 1740 synodus
3255 1670 3309 1724 in
3341 1670 3570 1740 epistola
3600 1669 3896 1726 Sarmatic-

595 1761 986 1833 provincialem
1033 1762 1322 1835 synodum,
1375 1761 1529 1830 cujus
1568 1762 1682 1830 jam
1730 1769 1942 1832 tempus
1988 1759 2045 1814 in
2072 1774 2196 1830 pro-

596 1850 742 1905 ximo
762 1858 863 1920 est,
895 1851 1285 1907 conveniamus
1308 1869 1322 1917 ;
1346 1850 1403 1905 in
1426 1866 1530 1922 qua
1551 1848 1763 1905 favente
1779 1865 1845 1904 ac
1864 1855 2192 1919 cooperante

595 1939 848 2008 Domino,
906 1939 1208 1995 secundum
1263 1939 1482 1994 decreta
1534 1937 1678 1993 beati
1727 1936 2003 2008 Gregorii,
2043 1944 2095 1991 et
2123 1936 2191 1992 de

592 2026 971 2083 indecentibus
1017 2026 1137 2099 [al.,
1190 2025 1571 2099 incidentibus]
1620 2025 1802 2081 causis
1849 2024 2186 2096 disceptatio,

593 2122 648 2170 et
695 2115 764 2170 sit
812 2115 1049 2170 salubris
1087 2114 1156 2170 de
1186 2114 1553 2171 ecclesiastica
1593 2113 1970 2170 observatione
2015 2112 2189 2168 colla-

595 2202 692 2270 tio,
744 2211 1008 2275 quatenus
1053 2204 1184 2258 dum
1229 2219 1327 2274 per
1371 2204 1476 2259 hoc
1506 2210 1558 2258 et
1585 2202 1852 2273 praeterita
1898 2201 2188 2274 corrigen-

597 2298 700 2346 tur.
742 2312 765 2342 ι
798 2292 867 2346 Et
918 2308 1041 2364 quae
1094 2299 1394 2363 sequuntur
1442 2291 1497 2345 in
1540 2290 1768 2363 epistola
1813 2290 2088 2345 Hincmari
2116 2289 2188 2345 ad

589 2379 910 2436 Heddonem
939 2396 1112 2452 usque
1137 2380 1206 2436 ad
1237 2378 1422 2436 finem.

1167 2505 1392 2561 CAPUT
1444 2504 1597 2559 XIX.

596 2593 745 2663 Quod
765 2597 889 2665 post
928 2595 1125 2665 fugam
1144 2593 1211 2648 ab
1226 2594 1538 2665 ,Attiniaco,
1582 2592 1782 2665 relicto
1801 2592 2066 2665 Ecclesia:
2086 2592 2184 2662 ju-

657 2662 801 2721 dicio
822 2662 1121 2720 memores
1136 2664 1351 2732 iudices
1373 2680 1407 2719 α
1422 2679 1550 2736 rege
1567 2664 1829 2734 expetiit,
1855 2667 1908 2718 et
1919 2662 2184 2732 judicata

654 2736 968 2791 retractari
995 2737 1154 2807 fecit.

650 2823 720 2878 Et
749 2823 962 2879 evoluto
991 2823 1226 2879 duorum
1256 2822 1469 2878 circiter
1494 2821 1767 2878 mensium
1807 2821 1997 2893 spatio,
2032 2828 2182 2892 post-

582 2926 748 2984 quam
795 2918 961 2967 noctu
999 2911 1206 2984 aufugit
1234 2911 1300 2965 ab
1330 2910 1620 2980 Attiniaco,
1653 2918 1778 2965 ante
1807 2908 2180 2964 diﬂinitionem

577 3014 891 3067 causarum,
924 3000 992 3055 de
1026 3000 1222 3072 quibus
1252 2999 1396 3071 apud
1432 2999 1907 3070 metrOpolitanam
1938 2996 2179 3054 auctori-

577 3096 739 3146 tatem
786 3088 989 3146 electos
1011 3088 1227 3159 judices
1273 3088 1535 3160 expetivit
1567 3105 1580 3143 :
1616 3087 1941 3160 quibusdam
1969 3085 2177 3144 machi-

577 3177 888 3234 nationibus
918 3177 1201 3249 exquisitis
1235 3177 1306 3232 ab
1337 3194 1403 3233 eo
1426 3177 1599 3246 jussio
1630 3184 1713 3232 est
1732 3175 2045 3247 principalis
2076 3175 2179 3230 eli-

580 3266 704 3333 cita,
734 3273 793 3321 ut
821 3266 891 3321 de
921 3266 1117 3338 quibus
1165 3266 1370 3322 electos
1394 3265 1628 3336 judices,
1662 3264 1961 3321 secundum
1992 3279 2181 3321 sacros

580 3369 819 3410 canones
849 3353 1077 3426 accepit,
1102 3369 1213 3411 non
1243 3354 1419 3411 solum
1447 3369 1636 3410 eorum
1668 3353 1913 3426 querela,
1947 3369 2181 3425 quorum

580 3458 745 3499 causa
773 3458 949 3514 usque
978 3442 1047 3499 ad
1076 3442 1241 3497 alium
1262 3450 1544 3499 tractatum
1567 3440 1876 3497 difﬁnienda
1895 3441 2179 3511 remansit,

579 3547 790 3600 verum,
818 3538 872 3587 et
902 3547 1040 3604 quas,
1074 3539 1133 3587 ut
1178 3531 1306 3599 dixi,
1353 3531 1409 3586 in
1456 3530 1642 3587 domni
1689 3530 1841 3604 regis
1887 3530 2182 3601 praesentia

578 3619 880 3677 electorum
919 3621 1187 3691 judicium
1233 3620 1503 3677 sententia
1549 3620 1737 3676 decisa
1784 3618 2018 3687 fuerunt,
2062 3618 2180 3674 sine

580 3708 979 3780 metropolitani
1025 3709 1376 3777 conscientia,
1422 3709 1647 3780 sineque
1686 3708 1947 3763 canonico
1977 3714 2029 3763 et
2059 3706 2180 3778 epi-

583 3796 792 3867 scopali
814 3796 1038 3867 judicio,
1071 3813 1170 3870 per
1191 3797 1406 3867 judices
1437 3796 1750 3865 saeculares,
1783 3795 2180 3867 Helmigarium

586 3884 796 3941 scilicet
824 3885 1045 3942 mercati
1073 3886 1254 3957 palatii
1283 3893 1335 3941 te
1360 3884 1681 3951 lonearium,
1707 3891 1760 3940 et
1778 3883 2090 3950 Flotarium,
2116 3899 2181 3940 ac

590 3972 880 4030 Ursionem
905 3973 1155 4030 villarum
1185 3973 1459 4046 regiarum
1488 3974 1720 4043 majores
1765 3972 2177 4039 refricarentur,

588 4069 778 4119 contra
806 4076 1059 4130 canones,
1095 4061 1186 4135 qui
1214 4062 1282 4117 ab
1312 4061 1696 4118 ecclesiasticis
1726 4061 1795 4117 ad
1822 4061 2044 4132 majoris
2075 4077 2179 4117 au-

589 4150 851 4207 ctoritatis
898 4149 1301 4208 ecclesiasticos
1340 4150 1571 4221 judices,
1601 4159 1653 4207 et
1681 4166 1791 4205 non
1820 4166 1853 4205 a
1881 4150 2180 4221 majoribus

587 4239 659 4295 ad
686 4240 943 4309 minores,
977 4254 1079 4295 nec
1107 4239 1175 4294 ab
1205 4239 1587 4297 ecclesiasticis
1619 4240 1690 4295 ad
1720 4239 2045 4306 saeculares;
2077 4254 2179 4294 ne-

589 4344 696 4400 que
717 4344 747 4383 a
767 4344 1036 4384 consensu
1064 4328 1299 4400 partium
1330 4329 1517 4384 electis
1536 4329 1820 4400 provocari
1842 4328 2176 4400 permittunt.

2297 1756 2371 1822 ni,
2433 1740 2702 1823 Garatoni,
2762 1756 3067 1823 Desiderio,
3126 1757 3398 1829 episcopis
3453 1766 3505 1813 et
3556 1758 3894 1830 presbyteris

2296 1845 2537 1899 omnium
2565 1845 2922 1901 ecclesiarum
2951 1846 3091 1901 intra
3119 1847 3459 1917 provinciam
3497 1847 3734 1902 Tertiam
3765 1846 3888 1919 [al.,

2293 1933 2597 2006 Thraciam]
2628 1934 2929 1989 constitutis
2959 1935 3183 2002 directa,
3217 1935 3346 1991 dicit
3379 1953 3392 1990 :
3437 1958 3459 1984 α
3496 1936 3552 1991 Si
3581 1936 3764 1991 clerus
3791 1935 3893 1991 lai-

2291 2036 2413 2076 cum
2442 2021 2641 2092 pulsat,
2663 2023 2812 2093 prius
2843 2039 2902 2078 se
2931 2023 3104 2078 audiri
3134 2023 3203 2078 ab
3233 2024 3504 2096 episcOpis
3524 2032 3750 2095 poscat:
3775 2032 3892 2079 tum

2291 2109 2338 2164 si
2365 2110 2607 2180 petitioni
2637 2127 2750 2166 sum
2779 2111 2981 2167 laicum
3010 2111 3204 2167 viderit
3248 2112 3492 2183 obviare,
3524 2129 3590 2167 ex
3618 2112 3891 2183 permisso

2290 2197 2534 2269 episcopi
2563 2199 2648 2253 sui
2675 2200 2731 2254 in
2761 2199 2944 2255 saeculi
2973 2200 3335 2256 moderatoris
3364 2199 3784 2274 [moderatores]
3813 2201 3894 2256 di-

2288 2287 2623 2359 sceptatione
2665 2288 2938 2361 confligat.
2975 2309 2997 2339 ι
3052 2288 3337 2356 Videlicet,
3396 2304 3504 2344 non
3545 2306 3645 2360 per
3673 2306 3755 2357 se,
3788 2290 3891 2345 sed

2285 2391 2387 2446 per
2434 2375 2775 2443 advocatum,
2817 2377 2956 2433 sicut
2983 2377 3137 2449 leges
3166 2385 3220 2433 et
3249 2377 3454 2450 regulae
3484 2393 3656 2434 sacrae
3686 2378 3888 2434 decer-

2284 2471 2437 2519 nunt.
2485 2465 2556 2520 Et
2599 2465 2745 2536 quod
2793 2481 2903 2520 non
2948 2465 3076 2521 licet
3121 2466 3375 2537 cuiquam
3405 2466 3625 2533 clerico,
3659 2466 3888 2523 minime

2284 2559 2462 2608 autem
2510 2553 2637 2609 licet
2683 2554 2963 2625 episcopo.
3010 2554 3279 2624 Quoniam
3325 2562 3383 2610 ut
3410 2564 3629 2611 sanctus
3668 2556 3889 2612 Hilarus

2282 2657 2425 2717 papa
2451 2642 2507 2696 in
2547 2642 2662 2696 suis
2704 2642 2941 2699 decretis
2988 2643 3119 2699 dicit
3156 2644 3243 2716 (in
3286 2644 3490 2717 synodo
3519 2647 3674 2701 Rom.
3708 2647 3834 2716 cit.)
3866 2666 3887 2702 :

2286 2751 2309 2780 ι
2335 2732 2506 2787 Reatu
2534 2731 2740 2800 majore
2768 2731 3031 2804 delinquit
3061 2732 3154 2804 qui
3181 2732 3393 2805 potiore
3422 2733 3627 2790 honore
3657 2734 3892 2805 perfrui-

2278 2826 2367 2874 tur
2402 2835 2414 2874 :
2445 2827 2499 2874 et
2529 2819 2788 2891 graviora
2834 2820 2961 2876 facit
3004 2820 3136 2876 vitia
3187 2830 3534 2893 peccatorum
3578 2822 3887 2878 sublimitas

2280 2907 2687 2980 dignitatum.»
2749 2909 2818 2964 Et
2884 2908 3198 2966 Africanum
3275 2911 3564 2967 concilium
3637 2912 3890 2968 decrevit

2279 2997 2458 3067 (conc.
2492 2998 2668 3068 Afric.
2699 3012 2750 3054 c.
2783 3001 2843 3053 71
2871 3015 2885 3066 ;
2919 2998 3043 3056 cod.
3063 3013 3186 3055 can.
3210 3000 3361 3056 Eccl.
3381 3000 3526 3071 Afr.,
3552 3017 3685 3056 can.
3714 3001 3839 3069 104)
3862 3019 3884 3056 :

2289 3100 2308 3133 ι
2339 3084 2564 3154 Placuit,
2614 3086 2885 3158 inquiens,
2931 3095 2989 3142 ut
3032 3088 3364 3160 quicunque,
3400 3108 3422 3138 an
3456 3088 3665 3145 scilicet
3713 3088 3885 3145 cleri-

2282 3188 2492 3241 corum,
2526 3190 2652 3231 cum
2683 3175 2882 3247 quibus
2910 3184 2965 3232 et
2993 3176 3322 3249 episcopalis
3351 3176 3487 3232 ordo
3514 3192 3884 3234 connumera-

2281 3270 2385 3331 tur,
2422 3284 2445 3314 α
2479 3263 2550 3318 ab
2592 3263 2921 3336 imperatore
2957 3265 3325 3339 cognitionem
3351 3266 3596 3336 judicum
3622 3266 3884 3339 publico-

2280 3367 2402 3406 rum
2430 3352 2667 3423 petierit,
2698 3353 2907 3410 honore
2933 3353 3159 3425 proprio
3188 3355 3453 3427 privetur.
3475 3355 3533 3411 Si
3558 3363 3743 3411 autem
3775 3357 3892 3428 epi-

2281 3440 2502 3511 scopale
2526 3441 2788 3511 judicium
2815 3442 2882 3497 ab
2912 3443 3237 3515 imperatore
3268 3444 3643 3516 postulaverit,
3675 3444 3813 3500 nihil
3831 3445 3888 3501 ei

2277 3528 2437 3584 obsit.
2476 3550 2499 3580 ι
2533 3531 2601 3584 Et
2648 3530 3108 3605 Carthaginenses
3137 3547 3379 3589 canones
3409 3532 3465 3588 in
3493 3533 3654 3589 tertio
3686 3533 3882 3590 conci-

2277 3616 2352 3672 lio
2383 3617 2533 3687 (can.
2566 3618 2622 3690 9)
2658 3636 2670 3672 :
2708 3642 2729 3667 «
2765 3620 2881 3686 Cui,
2915 3620 3178 3693 inquiunt,
3232 3620 3301 3677 ad
3346 3620 3628 3693 eligendos
3662 3622 3884 3691 judices

2280 3705 2521 3778 undique
2549 3707 2812 3789 Ecclesia
2837 3717 2984 3780 patet
3010 3708 3323 3777 auctoritas,
3355 3710 3473 3781 ipse
3500 3726 3560 3766 se
3589 3710 3881 3784 indignum

2278 3794 2543 3852 Ecclesiae
2572 3796 2845 3852 consortio
2866 3798 3090 3867 judicat,
3124 3798 3217 3870 qui
3246 3799 3316 3854 de
3343 3798 3601 3855 universa
3628 3799 3884 3856 Ecclesia

2280 3883 2422 3939 male
2452 3884 2754 3951 sentiendo,
2780 3886 2848 3941 de
2872 3886 3077 3955 judicio
3107 3887 3352 3944 saeculari
3381 3874 3557 3959 poscit
3576 3888 3881 3945 auxilium:

2282 3987 2401 4027 cum
2457 3973 2792 4044 privatorum
2845 3975 3273 4031 Christianorum
3329 3992 3523 4033 causas
3582 3979 3878 4050 Apostolus

2281 4060 2440 4116 etiam
2487 4062 2553 4116 ad
2596 4063 2905 4119 Ecclesiam
2952 4064 3176 4132 deferri,
3229 4073 3391 4138 atque
3439 4066 3642 4122 ibidem
3680 4068 3878 4123 termi-

2280 4149 2400 4205 nari
2446 4150 2744 4223 prazcipiat.
2782 4172 2806 4204 ι
2839 4153 2909 4207 Et
2956 4153 3087 4209 item
3135 4154 3591 4227 Carthaginenses
3636 4171 3880 4213 canones

2280 4239 2619 4310 praecipiunt,
2658 4263 2680 4292 ε
2715 4249 2773 4296 ut
2804 4241 3051 4313 quisquis
3083 4243 3483 4315 episcoporum,
3517 4245 3877 4317 presbytero-

2280 4343 2421 4397 rum,
2458 4335 2511 4383 et
2539 4328 2889 4385 diaconorum
2919 4347 3016 4386 seu
3046 4331 3386 4399 clericorum,
3411 4349 3534 4389 cum
3552 4333 3611 4389 in
3629 4334 3874 4390 Ecclesia

589 4418 637 4472 A
667 4416 863 4487 quibus
894 4415 1240 4472 saecularibus
1262 4417 1534 4486 judicibus
1554 4433 1584 4471 a
1614 4432 1673 4471 se
1700 4416 1902 4487 petitis,
1934 4417 2181 4488 quaedam
2212 4412 2265 4472 D
2285 4416 2335 4471 ei
2365 4416 2524 4471 fuerit
2569 4418 2777 4473 crimen
2803 4418 3101 4474 institutum
3133 4419 3255 4492 [al.,
3288 4420 3646 4495 intentatum],
3678 4423 3766 4479 vel
3793 4424 3874 4479 ci-

593 4521 660 4561 ex
690 4502 928 4559 diﬁinitis
975 4504 1232 4561 refricata
1261 4512 1313 4560 et
1341 4505 1635 4571 immutata,
1687 4505 1936 4576 quasdam
1962 4520 2091 4561 vero
2120 4521 2185 4559 ex

595 4592 923 4648 diﬁiniendis
967 4600 1092 4647 sunt
1134 4592 1375 4660 diffinita,
1435 4592 1786 4648 adinventitia
1823 4592 2182 4663 reputatione,

595 4680 734 4736 sicut
762 4680 832 4736 ab
874 4681 1009 4752 ipsis
1036 4681 1128 4753 qui
1156 4681 1211 4736 in
1243 4682 1437 4737 eodem
1473 4681 1676 4752 placito
1721 4680 1956 4747 fuerunt,
1990 4681 2186 4736 dicitur

593 4769 664 4824 de
704 4784 815 4824 non
856 4770 1181 4825 necessariis
1224 4778 1278 4825 et
1317 4769 1822 4826 inconvenientibus
1859 4769 2185 4839 juramentis

596 4864 816 4927 reperta
849 4875 862 4912 :
895 4858 1037 4914 etab
1068 4873 1156 4929 eo,
1187 4874 1374 4915 coram
1419 4857 1693 4930 praedictis
1726 4857 1998 4926 judicibus
2027 4856 2179 4929 ipsis,

594 4944 709 5000 sive
738 4945 1160 5015 accusatoribus,
1187 4962 1323 5018 quos
1355 4954 1541 5002 contra
1569 4945 1772 5001 electos
1788 4945 2020 5014 judices,
2046 4946 2183 5003 sicut

592 5032 905 5103 expetierat,
929 5034 1189 5104 suscepit,
1211 5034 1519 5105 proposita:
1536 5040 1799 5105 quatenus
1821 5042 1872 5089 et
1892 5035 1957 5102 is,
1982 5035 2050 5090 de
2074 5052 2181 5108 quo

591 5120 840 5191 legaliter
855 5137 916 5176 ac
936 5122 1255 5193 regulariter
1269 5122 1548 5178 diﬁinitum
1565 5121 1759 5193 fuerat,
1782 5131 1840 5178 ut
1856 5124 2181 5180 beneﬁcium

590 5225 746 5264 suum
794 5209 1038 5277 haberet,
1089 5211 1234 5282 quod
1282 5218 1473 5266 contra
1502 5211 1758 5267 rationem
1788 5220 1840 5267 et
1869 5213 2177 5285 aequitatem

585 5297 915 5370 perdiderat,
974 5299 1165 5354 eadem
1205 5298 1586 5356 adinventione
1637 5300 1923 5357 dimitteret
1957 5319 1970 5356 :
2001 5310 2055 5357 et
2102 5302 2179 5356 illi

586 5386 782 5458 quibus
806 5386 1104 5454 judicatum
1148 5386 1339 5455 fuerat,
1370 5396 1429 5443 ut
1456 5389 1707 5460 quoniam
1737 5390 1783 5444 is
1811 5398 1934 5461 post
1964 5390 2176 5461 expeti-

2284 4504 2407 4560 vilis
2437 4521 2604 4561 causa
2649 4506 2811 4562 fuerit
2865 4516 3153 4576 commota,
3187 4508 3235 4563 si
3265 4509 3455 4566 relicto
3506 4510 3876 4567 ecclesiastico

2278 4592 2502 4663 judicio,
2528 4594 2759 4665 publicis
2773 4596 2991 4665 judiciis
3009 4597 3231 4669 purgari
3259 4598 3507 4667 voluerit,
3541 4599 3757 4655 etiamsi
3776 4616 3874 4671 pro

2284 4680 2404 4753 ipso
2449 4681 2611 4738 fuerit
2656 4684 2865 4755 prolata
2902 4687 3186 4754 sententia,
3222 4686 3400 4742 locum
3438 4704 3598 4743 suum
3627 4689 3875 4757 amittat;

2284 4777 2337 4825 et
2363 4770 2467 4827 hoc
2495 4772 2549 4827 in
2579 4772 2843 4828 criminali
2874 4773 2993 4846 [al.,
3029 4774 3297 4831 criminali
3340 4776 3566 4849 judicio]
3599 4795 3612 4831 :
3646 4777 3700 4832 in
3730 4777 3878 4834 civili

2282 4876 2433 4925 vero,
2486 4862 2681 4931 perdat
2730 4864 2875 4935 quod
2922 4864 3100 4932 evicit,
3145 4864 3193 4920 si
3218 4864 3399 4922 locum
3442 4881 3600 4921 suum
3628 4866 3873 4923 obtinere

2281 4948 2549 5005 maluerit.
2589 4970 2611 5000 ι

2353 5037 2507 5093 Unde
2536 5047 2755 5095 sanctus
2785 5041 2894 5097 Leo
2922 5057 3047 5098 cum
3073 5042 3282 5115 synodo
3311 5044 3496 5100 Romae
3525 5043 3710 5100 habita
3737 5061 3871 5117 prae-

2278 5126 2436 5182 dictis
2484 5127 2757 5200 episcopis
2787 5129 3134 5198 Sarmationi,
3167 5132 3440 5201 Garatoni,
3472 5133 3778 5203 Desiderio,
3818 5141 3872 5189 et

2275 5215 2606 5286 presbyteris
2649 5219 2889 5275 omnium
2939 5220 3292 5277 ecclesiarum
3337 5220 3479 5277 intra
3532 5223 3872 5292 provinciam

2274 5303 2512 5359 Tertiam
2556 5305 2891 5381 [Thraciam]
2930 5309 3255 5377 constitutis,
3305 5311 3418 5365 suis
3448 5310 3870 5383 subscriptioni-

2274 5392 2376 5446 bus
2419 5394 2537 5450 haec
2585 5412 2706 5467 quae
2761 5405 3060 5469 sequuntur
3104 5398 3294 5453 misit:
3332 5420 3355 5450 ι
3406 5400 3633 5455 Tantam
3682 5400 3869 5456 saculi

583 5482 698 5529 tum
729 5474 1026 5531 electorum
1051 5475 1333 5544 judicium,
1367 5477 1509 5533 idem
1533 5477 1793 5547 judicium
1826 5478 2171 5551 subterfugit,
2269 5488 2566 5552 potestates
2596 5484 2745 5541 circa
2792 5486 3191 5543 sacerdotalem
3222 5487 3466 5544 ordinem
3497 5488 3865 5545 reverentiam
