4174 6302
268 325 372 377 593

977 320 1217 378 OPUSC.
1266 321 1357 375 ET
1410 320 1631 376 EPIST.
1689 315 1761 371 IN
1811 311 2040 368 CAUSA
2088 319 2429 375 HINCMARI
2486 320 2789 376 LAUDUN.

3475 320 3578 374 594

276 445 575 522 pravalare
604 446 910 515 voluerunt,
945 445 1108 500 etiam
1135 446 1190 500 hi
1239 445 1359 518 [al.,
1395 453 1540 501 tanta
1566 441 1874 499 reverentia
1903 434 2219 513 Aglorioso
2251 445 2696 500 inconvenienter
2738 458 2803 498 ac
2858 441 3162 512 perniciose
3209 441 3580 516 discessit,[et

276 535 592 601 pravalere,
635 535 798 589 etiam
847 535 920 606 Ιιί]
976 551 1114 605 quos
1173 536 1274 589 sub
1328 534 1597 605 imperiali
1658 532 1875 587 nomine

277 623 439 677 terris
471 623 652 678 divina
683 623 923 692 potentia
951 639 1190 694 praeesse
1219 623 1498 693 pracepit,
1550 631 1607 676 ut
1651 622 1739 690 jus
1789 619 1876 674 di-

279 711 718 783 stringendorum
786 711 906 783 [al.,
956 709 1487 784 distinguendorum]
1536 710 1877 781 negotiorum

279 800 550 870 episcopis
579 799 781 854 sanctis
807 801 956 868 juxta
996 799 1207 855 Divalia
1263 800 1554 856 constituta
1608 798 1876 869 permise-

277 888 400 942 rint.
437 887 595 955 Quod
625 905 747 943 cum
791 895 845 943 et
893 889 1034 957 juris
1083 889 1286 960 antiqui
1339 889 1549 955 edictis,
1611 895 1663 941 et
1717 887 1878 941 illatis

279 975 401 1047 [al.,
434 975 674 1046 illibatis]
725 975 1062 1047 frequentius
1107 975 1176 1029 sit
1217 976 1432 1048 legibus
1480 974 1873 1040 conﬁrmatum,

278 1064 533 1134 praesenti
565 1072 808 1135 tempore
839 1080 871 1118 a
899 1063 1175 1136 plerisque
1197 1064 1500 1119 invenimus
1549 1063 1716 1118 fuisse
1765 1063 1878 1118 cal-

279 1161 477 1208 catum.
497 1153 1016 1222 Nampratermisso
1039 1153 1367 1208 sacerdotali
1389 1152 1617 1220 judicio,
1671 1152 1879 1223 passim

279 1240 349 1294 ad
378 1255 608 1294 examen
639 1241 975 1295 sacularium
1007 1241 1142 1312 [al.,
1194 1240 1476 1312 saculare]
1531 1240 1874 1295 transierunt.

279 1328 553 1397 Quocirca
583 1329 741 1383 nobis
774 1329 945 1383 visum
979 1337 1078 1397 est,
1113 1338 1170 1382 ut
1199 1330 1338 1384 hanc
1371 1337 1424 1384 et
1465 1344 1746 1384 sacrarum
1793 1329 1878 1384 le-

278 1434 409 1488 gum
445 1416 566 1490 [al.,
593 1433 762 1472 sacra
782 1417 962 1488 legis],
983 1425 1036 1471 et
1055 1418 1226 1472 nostri
1247 1417 1453 1471 ordinis
1476 1417 1877 1486 contumeliam,

278 1514 331 1561 et
361 1505 428 1560 ad
458 1522 703 1576 prasens
733 1505 1088 1561 ulcisceretur
1115 1506 1277 1577 plena
1307 1506 1589 1572 districtio,
1618 1513 1669 1561 et
1688 1506 1881 1560 obser-

278 1594 510 1650 vandam
538 1593 827 1649 formulam
859 1595 1213 1650 constitueret
1260 1595 1314 1648 in
1362 1595 1617 1650 futurum.
1671 1595 1879 1650 Cense-

279 1699 403 1737 mus
448 1683 652 1753 itaque,
704 1690 762 1736 ut
807 1682 1118 1754 quicunque
1167 1684 1538 1754 pratermisso
1593 1683 1879 1738 sacerdote

1975 532 2158 586 multis
2187 532 2313 586 ﬁliis
2346 533 2514 588 Belial
2544 533 2645 586 sibi
2677 531 3022 598 consociatis,
3058 547 3290 603 regnum
3329 531 3576 599 ejusdem

1976 620 2160 675 domni
2191 622 2359 676 nostri
2390 630 2470 676 est
2501 621 2842 691 depradatus
2878 637 2890 673 :
2924 619 3066 674 unde
3097 628 3350 690 quantum
3392 619 3577 690 potui—

1976 725 2116 775 mus,
2152 709 2341 765 fideles
2373 710 2518 764 illius
2548 711 2640 782 qui
2670 711 2725 764 in
2755 709 2857 764 hoc
2880 725 3053 780 regno
3084 709 3576 774 commorabamur,

1981 797 2300 870 sategimus.
2340 799 2445 853 Sed
2478 807 2530 853 et
2559 800 2789 856 domnus
2809 811 2995 858 noster
3025 817 3121 855 rex
3151 806 3438 869 postquam
3475 797 3580 850 huc

1979 886 2162 955 rediit,
2213 887 2668 956 promissionibus
2722 892 2966 961 paternis
2996 906 3061 945 ac
3092 885 3388 954 blanditiis,
3419 891 3580 955 atque

1977 974 2434 1047 indulgentiarum
2504 976 2793 1049 largitione
2875 996 2987 1035 non
3041 976 3255 1032 modice
3293 973 3572 1038 laboravit,

1979 1070 2242 1133 quatenus
2273 1065 2526 1119 eumdem
2572 1064 2741 1122 ﬁlium
2773 1085 2932 1122 suum
2960 1069 3077 1122 Deo
3107 1073 3161 1121 et
3217 1063 3322 1118 sibi
3354 1061 3582 1128 restitui,

1980 1159 2032 1206 et
2060 1153 2358 1222 complices
2388 1153 2505 1222 ejus
2535 1155 2748 1210 salvare
2777 1156 3000 1211 valeret.
3035 1155 3145 1210 Sed
3195 1169 3321 1209 cum
3366 1151 3483 1222 ipse
3531 1158 3586 1205 et

1981 1256 2082 1294 nos
2113 1240 2355 1312 episc0pi
2387 1243 2541 1314 regni
2573 1244 2688 1312 ejus
2718 1245 2808 1315 qui
2838 1245 3128 1311 adfuimus,
3189 1259 3290 1297 nec
3339 1249 3580 1295 terrores

1977 1328 2146 1383 divini
2204 1329 2413 1398 judicii,
2447 1346 2549 1386 nec
2597 1332 2987 1401 promissiones
3043 1331 3204 1403 regni
3260 1328 3452 1385 aeterni
3511 1342 3576 1383 ac

1982 1417 2362 1487 temporalium
2392 1419 2678 1486 honorum,
2710 1421 2853 1491 apud
2885 1437 3007 1477 eum
3037 1428 3090 1476 et
3120 1418 3416 1490 complices
3463 1417 3582 1485 ejus

1980 1504 2248 1575 proﬁcere
2279 1506 2512 1562 vidimus
2572 1525 2585 1562 :
2649 1509 2958 1580 epiSCOpale
3013 1507 3392 1575 ministerium,
3454 1504 3580 1576 quia

1979 1593 2098 1662 ipse
2158 1594 2226 1649 de
2254 1595 2587 1651 Rhemorum
2617 1597 2840 1653 diacesi
2869 1613 2977 1653 non
3009 1605 3141 1665 erat,
3185 1596 3284 1650 sed
3315 1594 3578 1649 diaconus

1979 1681 2271 1751 provincia
2301 1683 2576 1738 Senonum
2607 1686 2890 1751 existebat,
2925 1686 2982 1739 in
3013 1683 3310 1755 complices
3340 1683 3457 1751 ejus
3487 1680 3579 1752 qui

281 1771 527 1828 ecclesia
558 1787 690 1836 sua,
750 1772 820 1824 ad
877 1771 1328 1842 disceptationem
1385 1771 1593 1826 venerit
1650 1771 1877 1827 saecula-
1905 1806 1961 1868 B
1981 1770 2049 1824 de
2079 1771 2280 1825 nostris
2300 1773 2576 1842 parochiis
2603 1774 3107 1845 erant(Flodoard.,
3144 1774 3235 1829 lib.
3271 1788 3351 1837 ιιι,
3372 1788 3420 1827 c.
3443 1769 3574 1840 26);

277 1861 438 1926 rium,
472 1859 644 1916 sacris
673 1859 948 1914 liminibus
978 1861 1256 1930 expulsus,
1290 1876 1323 1915 a
1363 1861 1572 1916 caelesti
1629 1869 1878 1916 arceatur

278 1948 474 2004 altario
498 1968 512 2016 ;
535 1963 713 2020 neque
746 1948 925 2003 nullus
955 1957 1080 2020 post
1111 1949 1250 2004 hanc
1303 1948 1704 2016 difﬁnitionem,
1764 1967 1884 2020 qua

274 2038 552 2094 communi
584 2037 722 2092 sedit
770 2037 1017 2102 arbitrio,
1053 2037 1346 2108 quidquam
1400 2037 1501 2091 sibi
1546 2037 1688 2092 ultra
1737 2054 1884 2108 pra-

279 2127 540 2196 scriptum
583 2125 857 2180 vindicare
888 2125 1106 2180 nitatur.
1140 2127 1218 2179 Ita
1247 2124 1360 2180 ﬁeri
1391 2125 1511 2197 [al.,
1550 2134 1604 2182 et
1632 2126 1706 2181 ita
1748 2125 1880 2198 ﬁet],

276 2223 334 2269 ut
361 2223 414 2269 et
443 2214 499 2269 hi
531 2214 763 2286 quiante
807 2222 1146 2280 erraverunt,
1202 2230 1446 2284 congrua
1503 2215 1883 2286 emendatione

272 2298 357 2354 ise
375 2298 668 2371 corrigant,
703 2305 756 2354 et
785 2298 877 2370 qui
908 2299 1006 2352 sub
1037 2299 1415 2353 observatione
1463 2293 1718 2368 clericali,
1773 2315 1884 2355 coe-

273 2387 400 2442 lesti
427 2387 689 2459 probatur
717 2386 926 2442 servire
957 2385 1156 2452 ofﬁcio,
1188 2404 1252 2440 ex
1309 2387 1508 2442 clerico
1573 2387 1883 2442 habendum

273 2475 397 2548 [al.,
422 2492 489 2530 ex
519 2475 668 2530 clero
699 2475 1103 2546 abjiciendum],
1134 2475 1176 2528 si
1209 2475 1582 2546 pratcrmisso
1619 2476 1882 2531 sacerdo-

274 2574 391 2618 tum
415 2563 640 2633 judicio,
685 2563 1024 2618 sacularium
1072 2564 1265 2618 adierit
1317 2572 1660 2634 potestatem.
1723 2564 1883 2633 Quod

266 2653 397 2708 ideo
427 2652 671 2726 singulos
709 2653 1102 2723 universosque
1151 2653 1401 2708 volumus
1472 2668 1792 2726 agnoscere,
1829 2660 1882 2708 ut

274 2741 422 2812 quod
453 2740 614 2812 pleno
638 2740 861 2808 justitia
892 2749 942 2794 et
986 2741 1122 2809 juris
1162 2741 1350 2796 ordine
1395 2742 1744 2798 constitutum
1776 2749 1878 2810 est,

272 2829 531 2885 effectum
561 2829 722 2883 totius
754 2828 1021 2884 ﬁrmitatis
1052 2846 1117 2885 ex
1149 2831 1397 2886 omnibus
1431 2830 1553 2902 [aI.,
1604 2831 1662 2884 in
1709 2831 1882 2885 omni-

271 2917 397 2990 bus]
443 2918 771 2974 clericorum
800 2918 1036 2990 negotiis
1068 2919 1340 2973 sortiatur.
1383 2940 1404 2968 ν
1439 2920 1504 2973 Et
1534 2919 1700 2991 paulo
1720 2927 1876 2990 post:

273 3028 297 3059 α
335 3008 444 3062 Leo
477 3007 768 3078 episc0pus
801 3007 1119 3078 subscripsi.
1155 3007 1427 3063 Victorius
1450 3008 1740 3078 episcopus
1759 3008 1882 3061 sub-

272 3095 492 3168 scripsi.
518 3095 843 3151 Eustachius
891 3096 1178 3168 episcopus
1234 3096 1528 3166 subscripsi
1586 3096 1707 3168 [al.,
1766 3097 1875 3151 Leo

1988 1859 2086 1913 sed
2115 1867 2167 1914 et
2196 1859 2250 1913 in
2283 1875 2376 1914 eos
2405 1861 2496 1932 qui
2527 1861 2583 1915 in
2611 1861 2805 1916 iisdem
2833 1861 3100 1933 parochiis
3159 1860 3361 1915 nostris
3413 1858 3580 1912 multa

1987 1946 2200 2002 scelera
2227 1956 2614 2019 perpetrarunt,
2651 1950 2975 2005 sententiam
3005 1945 3578 2006 excommunicationis

1987 2035 2390 2102 ecclesiastica,
2425 2038 2728 2108 usquedum
2757 2038 3160 2109 resipiscerent,
3189 2035 3573 2106 jaculavimus.

1986 2122 2163 2193 Quam
2191 2125 2512 2179 sententiam
2540 2125 2609 2180 ad
2639 2125 3437 2198 archiepiscoposdiversarum
3454 2137 3580 2194 pro-

1985 2212 2288 2268 vinciarum
2318 2213 2656 2285 dirigendam
2686 2215 3048 2282 decrevimus,
3069 2230 3188 2285 qua
3208 2214 3280 2268 ita
3301 2228 3360 2267 se
3376 2212 3538 2266 habet
3563 2228 3577 2265 :

2057 2324 2077 2348 ιι
2113 2301 2436 2357 Hincmarus
2467 2303 2798 2358 Rhemorum
2812 2304 3117 2374 episcopus,
3142 2307 3244 2357 etc.
3268 2301 3581 2356 Carloman-

1984 2405 2088 2444 nus
2117 2390 2301 2445 domni
2328 2391 2499 2445 nostri
2527 2392 2703 2446 Caroli
2736 2392 2885 2463 regis
2905 2391 3130 2463 gloriosi
3147 2406 3314 2446 carne
3335 2388 3478 2444 ﬁlius
3526 2388 3584 2442 in

1985 2478 2208 2533 dioecesi
2238 2480 2565 2535 Rhemorum
2598 2496 2663 2534 ex
2691 2495 2835 2551 aqua
2884 2488 2935 2534 et
2966 2479 3168 2550 Spiritu
3192 2485 3379 2533 sancto
3426 2493 3579 2548 rege-

1984 2574 2222 2634 neratus,
2256 2575 2360 2623 etc.
2403 2592 2424 2616 ››
2468 2569 2592 2625 Vide
2621 2586 2796 2640 supra
2811 2570 2966 2623 inter
2981 2569 3248 2641 epistolas
3281 2565 3578 2622 IIincmari

1982 2656 2327 2711 Rhemensis.

2053 2757 2122 2810 Et
2179 2758 2306 2829 quia
2364 2757 2532 2812 frater
2590 2757 2914 2813 Hincmarus
2979 2756 3312 2828 Compendio
3387 2755 3576 2821 fuerat,

1984 2846 2201 2916 quando
2249 2846 2428 2900 adhuc
2475 2847 2544 2900 de
2583 2846 2929 2901 Carlomanni
2973 2855 3025 2900 et
3080 2845 3406 2916 complicum
3463 2844 3580 2912 ejus

1983 2935 2338 2989 conversione
2385 2935 2756 2989 tractabatur:
2805 2943 2858 2990 et
2905 2934 3023 2990 sine
3070 2933 3404 2990 conscientia
3453 2947 3579 2986 mea

1983 3021 2109 3076 inde
2139 3023 2366 3078 recessit
2398 3041 2411 3076 :
2447 3023 2674 3078 consilio
2715 3031 2767 3077 et
2814 3039 3087 3078 consensu
3131 3022 3581 3092 coepiscoporum

1983 3119 2312 3180 nostrorum,
2346 3111 2436 3182 qui
2468 3111 2668 3166 ibidem
2713 3127 2926 3167 mecum
2986 3111 3217 3174 fuerunt,
3281 3107 3585 3164 istiusmodi

267 3185 440 3256 episc.
517 3184 724 3239 scribit.
803 3184 1074 3240 Victorius
1149 3185 1318 3256 episc.
1371 3185 1580 3241 scribit.
1615 3187 1869 3242 Eustach.
1906 3159 1954 3223 Ο
1977 3198 2180 3252 litteras
2212 3159 2410 3266 εί,⁷εέά
2439 3207 2491 3253 ει
2522 3199 2642 3253 aliis
2674 3200 2945 3270 episcopis
2985 3200 3318 3254 Rhemorum
3357 3196 3580 3267 provin.

267 3274 440 3345 episc.
474 3272 706 3345 scribit].
750 3298 770 3320 ι»
806 3273 896 3330 Sic
927 3282 978 3329 et
1007 3274 1190 3330 cateri
1207 3275 1299 3346 qui
1317 3273 1607 3330 adfuerunt
1632 3274 1876 3346 episcopi

270 3364 736 3434 subscripserunt.

347 3453 428 3508 De
457 3453 542 3507 his
571 3461 750 3508 autem
784 3469 922 3525 qua,
944 3460 999 3507 ut
1027 3451 1288 3523 pramisi,
1313 3451 1541 3507 diﬁinita
1561 3451 1796 3518 fuerunt,
1823 3461 1874 3508 et

270 3541 648 3612 irregulariter
677 3549 802 3596 sunt
831 3549 1134 3608 retractata,
1169 3549 1386 3596 sanctus
1425 3542 1532 3596 Leo
1560 3541 1616 3595 in
1645 3541 1875 3612 epistola

271 3631 347 3686 ad
377 3631 613 3685 Leonem
643 3632 945 3703 Augustum
964 3647 1063 3701 per
1103 3631 1456 3685 Philoxenum
1513 3638 1767 3702 agentem
1819 3631 1871 3684 in

271 3720 442 3774 rebus
471 3720 674 3775 directa
703 3719 832 3774 dicit
862 3721 1050 3792 (epist.
1086 3720 1177 3788 78)
1202 3737 1216 3773 :
1246 3742 1266 3768 α
1292 3719 1425 3787 Qua
1441 3718 1707 3789 patefacta
1725 3727 1868 3784 sunt,

270 3825 545 3882 quarere;
577 3817 631 3863 et
661 3825 781 3880 qua
811 3808 1046 3879 perfecta
1077 3816 1221 3874 sunt,
1253 3815 1546 3864 retractare
1576 3827 1589 3875 ;
1649 3817 1702 3862 et
1753 3825 1874 3880 qua

270 3896 503 3953 difﬁnita
534 3904 677 3965 sunt,
709 3896 1034 3962 convellere,
1069 3897 1198 3968 quid
1226 3897 1369 3951 aliud
1427 3904 1525 3960 est,
1587 3913 1748 3968 quam
1803 3897 1872 3952 de

271 3985 489 4056 adeptis
517 3985 752 4058 gratiam
783 4002 892 4040 non
921 3985 1150 4054 referre,
1187 3993 1238 4039 et
1265 3986 1334 4040 ad
1365 3985 1663 4040 interdictae
1711 3986 1870 4041 arbo-

271 4075 352 4131 ris
383 4075 562 4130 cibum
591 4075 865 4146 improbos
895 4075 1165 4144 appetitus
1213 4075 1504 4129 mortifera
1562 4074 1870 4144 cupiditatis

271 4164 570 4220 extendere
590 4164 617 4217 ‘?
643 4185 664 4212 ι
691 4165 843 4219 Unde
865 4164 1253 4218 attendendum
1277 4171 1358 4217 est
1379 4164 1445 4218 de
1469 4171 1614 4217 tanta
1637 4180 1869 4234 exagge-

266 4253 500 4320 ratione,
535 4268 696 4324 quam
727 4253 794 4307 sit
823 4269 986 4324 grave
1015 4253 1158 4323 quod
1210 4252 1443 4316 admisit,
1507 4252 1561 4304 in
1612 4252 1862 4319 obtentis,

269 4357 396 4412 qua
424 4341 693 4411 patefacta
723 4350 864 4405 sunt,
912 4357 1176 4412 quarere,
1201 4349 1253 4396 et
1283 4357 1403 4412 quae
1459 4339 1698 4411 perfacta
1721 4348 1863 4405 sunt,

269 4438 593 4496 retractare,
625 4437 677 4484 et
706 4447 827 4501 qua
855 4429 1086 4484 diffinita
1116 4438 1258 4498 sunt,
1318 4429 1642 4484 convellere.
1708 4429 1864 4496 Quod

1977 3287 2095 3353 cia,
2129 3287 2220 3358 qui
2251 3302 2481 3358 corpore
2513 3295 2636 3343 tunc
2669 3288 2949 3344 nobiscum
3005 3303 3113 3342 non
3169 3294 3344 3352 erant,
3377 3285 3572 3340 direxi.

1981 3395 2004 3426 α
2039 3375 2382 3440 Hincmarus,
2419 3384 2523 3432 etc.
2559 3377 2632 3431 Te
2662 3377 2828 3431 latere
2860 3392 2969 3431 non
2998 3383 3177 3447 potest
3208 3383 3405 3446 quanta
3433 3373 3576 3428 mala

1977 3464 2322 3519 Carlomanni
2351 3465 2644 3535 complices
2666 3465 2719 3519 in
2751 3466 3098 3532 Rhemorum,
3121 3486 3142 3513 ν
3167 3472 3271 3518 etc.
3308 3463 3429 3518 Vide
3458 3463 3575 3534 epi-

1975 3554 2151 3607 stolas
2181 3555 2493 3609 Hincmari.
2523 3555 2592 3608 Et
2620 3553 2793 3608 direxi
2822 3553 2873 3608 ei
2918 3552 3198 3624 prafatam
3256 3551 3380 3605 huic
3438 3549 3574 3604 sub-

1968 3641 2215 3710 junctam
2243 3641 2524 3712 epistolam
2545 3641 2879 3713 (Flodoard.,
2908 3643 2947 3696 l.
2968 3657 3048 3709 m,
3084 3658 3132 3696 ε.
3164 3639 3276 3710 21).
3310 3638 3574 3694 Deindev

1973 3731 2114 3784 Non.
2168 3729 2514 3796 Februarias,
2573 3730 2720 3786 venit
2774 3730 2842 3784 ad
2890 3746 2977 3785 me
3017 3729 3207 3784 Heddo
3250 3727 3572 3799 prapositus

1974 3834 2122 3882 suus,
2155 3825 2208 3872 et
2238 3818 2362 3890 quia
2391 3818 2529 3873 sicut
2557 3818 2606 3873 ei
2635 3819 3044 3884 mandaveram,
3079 3818 3284 3872 litteras
3313 3816 3396 3872 sui
3433 3831 3571 3872 con-

1974 3923 2168 3962 sensus
2199 3907 2253 3960 in
2285 3909 2384 3962 hac
2416 3907 2972 3962 excommunicatione
3013 3906 3272 3962 canonica
3325 3919 3434 3960 non
3491 3903 3575 3958 di-

1972 3996 2123 4060 rexit,
2158 4012 2255 4065 per
2284 4012 2406 4049 eum
2436 3995 2513 4048 illi
2562 3996 2785 4050 easdem
2834 3995 3044 4049 litteras
3082 3994 3212 4048 mihi
3252 3991 3568 4064 dirigendas

1970 4084 2137 4137 verbo
2168 4083 2439 4137 mandavi.
2464 4084 2530 4136 Et
2552 4083 2782 4136 evolutis
2802 4083 3093 4152 plusquam
3107 4082 3327 4153 triginta
3346 4080 3560 4140 diebus.

1969 4189 2035 4226 ex
2067 4187 2174 4242 quo
2206 4172 2330 4225 inde
2361 4171 2566 4224 litteras
2599 4170 2828 4239 accepit,
2863 4169 3049 4224 remisi
3081 4169 3150 4223 ad
3189 4185 3312 4223 eum
3368 4168 3562 4222 iterum

1968 4259 2195 4324 litteras,
2229 4259 2514 4326 mandans,
2544 4266 2598 4312 ut
2627 4258 2790 4312 veluti
2847 4257 3168 4324 anteriores,
3234 4265 3285 4311 et
3340 4255 3563 4310 ordina-

1969 4348 2111 4402 tione
2142 4347 2470 4418 posteriores
2500 4347 2602 4412 sui,
2649 4354 2701 4401 et
2756 4346 2916 4400 etiam
2969 4346 3037 4400 de
3090 4344 3564 4417 longinquioribus

1967 4436 2212 4506 partibus
2244 4435 2449 4490 litteras
2479 4435 2562 4489 sui
2590 4451 2892 4490 consensus
2919 4433 3234 4489 obedienter
3281 4433 3561 4503 miserunt,

270 4528 439 4574 tanta
467 4519 768 4590 sapientia,
801 4526 853 4573 et
901 4519 1200 4574 sanctitatis
1232 4527 1392 4590 atque
1421 4517 1753 4573 auctoritatis
1787 4519 1867 4573 vir
1894 4513 1945 4572 D
1969 4525 2170 4580 diutius
2201 4532 2250 4580 et
2281 4525 2398 4595 ipse
2424 4524 2635 4579 mittere
2665 4539 2773 4579 non
2803 4523 3040 4579 diﬁ‘erret
3065 4541 3077 4576 :
3137 4530 3229 4577 aut
3285 4530 3488 4578 certam
3509 4529 3563 4576 et

269 4607 589 4679 apostolica
614 4607 761 4662 sedis
789 4607 1028 4678 pontifex
1056 4608 1223 4662 reatui
1253 4609 1608 4678 comparavit,
1643 4608 1751 4679 qui,
1812 4616 1870 4662 ut

270 4697 437 4752 docet
475 4695 792 4767 Apostolus,
839 4698 902 4751 in
945 4713 1137 4754 omnes
1201 4697 1455 4753 homines
1493 4698 1869 4769 pertransivit

269 4787 454 4852 (Rom.
487 4786 565 4856 ν),
590 4792 642 4840 et
671 4800 780 4840 non
813 4785 918 4840 nisi
963 4793 1138 4840 morte
1163 4785 1283 4841 Filii
1305 4786 1404 4841 Dei
1425 4785 1598 4856 potuit
1637 4785 1865 4855 expiari.

268 4873 646 4930 Etvidendum
677 4875 723 4928 si
753 4873 855 4928 tale
886 4875 1241 4929 commissum
1273 4875 1391 4929 sine
1423 4874 1628 4929 ultione
1667 4874 1866 4939 delata,

267 4963 478 5034 absque
507 4962 751 5032 periculo
780 4978 971 5017 eorum
999 4978 1231 5034 quorum
1261 4963 1507 5027 interest,
1552 4963 1727 5019 valeat
1755 4978 1872 5033 per-

271 5050 531 5106 transire.

882 5201 1104 5258 CAPUT
1131 5202 1256 5256 XX.

270 5307 427 5376 Quod
469 5309 1056 5381 excommunicationi
1100 5310 1436 5381 complicum
1509 5309 1874 5366 Carlomanni

379 5383 505 5451 post
535 5383 802 5451 quartam
822 5380 1264 5436 admonitionem
1298 5397 1410 5436 non
1445 5381 1808 5451 subscripsit.

340 5495 668 5567 (Aimoinus,
700 5495 736 5550 l.
771 5512 804 5548 v
832 5497 998 5562 Hist.,
1034 5513 1082 5551 c.
1113 5499 1182 5551 24
1214 5504 1266 5552 et
1296 5496 1439 5568 seq.)
1470 5495 1717 5567 Denique
1735 5503 1878 5566 post-

269 5599 438 5657 quam
467 5584 861 5641 Carlomannus
919 5601 952 5640 a
1004 5586 1204 5640 domno
1260 5593 1444 5641 nostro
1505 5584 1696 5641 Carolo
1744 5600 1875 5654 rege

1969 4615 2278 4685 regularem
2302 4614 2566 4668 rationem
2597 4613 2726 4667 mihi
2758 4613 3099 4676 rescriberet,
3133 4627 3228 4666 cur
3247 4611 3362 4680 jam
3408 4609 3563 4666 tertio

1969 4703 2329 4758 commonitus
2361 4718 2455 4757 eas
2487 4702 2618 4756 mihi
2648 4702 2857 4756 mittere
2890 4702 3229 4755 detrectaret.
3288 4699 3372 4752 Ad
3426 4713 3561 4770 quas

1969 4791 2099 4846 mihi
2131 4792 2414 4862 rescripsxt
2436 4793 2540 4846 hoc
2570 4791 2732 4845 modo
2768 4807 2780 4844 :
3339 4790 3354 4806 '

2043 4920 2064 4950 α
2102 4898 2408 4953 Venerabili
2451 4898 2782 4953 Rhemorum
2812 4893 3222 4965 archiepiscopo
3251 4895 3563 4962 Hincmaro,

1971 4995 2074 5042 etc.
2113 4987 2252 5055 Quia
2281 4987 2419 5042 adeo
2460 4987 2668 5040 litteras
2721 4984 2829 5040 mei
2885 4999 3185 5038 consensus
3241 4983 3297 5037 in
3353 4999 3562 5039 excom-

1969 5076 2331 5132 municatione
2361 5092 2393 5129 a
2421 5076 2576 5130 vobis
2608 5073 2746 5128 facta
2777 5072 3069 5144 requiritis,
3111 5095 3130 5119 ιι
3167 5079 3270 5127 etc.
3333 5074 3565 5145 Reliqua

1973 5166 2136 5220 habes
2168 5167 2320 5221 inter
2350 5165 2611 5236 epistolas
2642 5163 2932 5218 Hincmari
2962 5161 3372 5228 Laudunensis,
3425 5165 3558 5216 tom.

1979 5255 2196 5310 CXXIV.

2043 5359 2196 5416 Unde
2227 5360 2367 5414 inter
2395 5365 2594 5414 catera
2624 5357 2701 5412 illi
2729 5357 2986 5428 rescripsi
3015 5357 3120 5413 hoc
3147 5357 3309 5412 modo
3333 5374 3346 5411 :
3383 5379 3404 5404 «ι
3434 5356 3565 5410 Fra-

1975 5449 2275 5514 terHeddo,
2301 5471 2322 5496 »
2346 5455 2449 5503 etc.
2481 5449 2604 5504 Vide
2626 5449 2889 5521 epistolas
2901 5449 3195 5504 Hinc-mari
3212 5447 3558 5504 Rhemensis.
