4174 6312
588 309 694 363 595

1186 428 1410 487 CAPUT
1437 429 1591 501 XXI.

599 538 749 606 Quod
764 537 966 594 deinde
989 538 1163 593 semel
1182 553 1248 593 ac
1270 539 1478 593 iterum
1498 536 1692 592 eadem
1720 536 1785 591 de
1825 552 1887 592 re
1933 534 2185 591 monitus

659 608 876 666 obedire
906 610 1263 681 contempsit,
1294 608 1593 681 etconcilii
1626 606 1963 663 Antiocheni
2008 621 2182 663 eano-

661 695 796 735 nem
824 679 1141 736 indiscrete
1184 679 1438 752 exponit.

649 785 847 841 Postea
883 798 946 841 In
981 785 1167 840 Nonas
1187 784 1313 840 Maii
1330 783 1477 841 venit
1521 783 1592 839 ad
1621 799 1709 839 me
1739 783 1973 840 clericus
2022 799 2178 854 suus,

591 882 812 939 nomine
840 882 1192 949 Teutlandas,
1237 881 1482 954 quaedam
1528 881 1662 937 mihi
1702 881 1773 936 de
1835 889 1990 953 parte
2038 880 2184 936 illius

589 971 858 1039 referens,
882 987 1005 1044 quae
1033 971 1122 1027 hic
1151 985 1319 1027 causa
1346 970 1624 1027 brevitatis
1656 969 1863 1026 omitto.
1887 968 2083 1024 Etdixi
2109 969 2177 1037 ei,

586 1067 645 1116 at
675 1059 933 1132 episcopo
963 1075 1063 1115 suo
1092 1059 1316 1126 diceret,
1342 1066 1606 1131 quatenus
1637 1058 1775 1115 sicut
1805 1065 1859 1114 et
1886 1057 2081 1130 litteris
2130 1066 2183 1114 et

588 1148 808 1218 verbisj
816 1162 903 1204 am
933 1148 1010 1203 illi
1036 1147 1441 1214 mandaveram,
1458 1147 1667 1203 litteras
1697 1146 1780 1202 sui
1802 1161 2106 1203 consensus
2126 1146 2182 1201 in

590 1236 1145 1295 excommunicatione
1172 1235 1497 1307 complicum
1528 1235 1878 1292 Carlomanni
1904 1235 2039 1290 mihi
2057 1235 2184 1290 mit-

590 1332 706 1381 tere
734 1324 934 1380 diutius
964 1339 1076 1380 non
1120 1323 1367 1380 differret
1399 1341 1414 1378 :
1463 1324 1609 1381 unde
1652 1332 1778 1380 tunc
1821 1323 2004 1396 quinta
2061 1323 2182 1380 vice

586 1429 711 1469 eam
740 1412 1173 1470 commonebam.
1208 1413 1406 1470 Postea
1434 1420 1587 1469 sexta
1615 1412 1733 1469 vice
1774 1412 1987 1482 litteris,
2038 1426 2180 1484 qua-

584 1517 703 1557 ram
731 1499 1007 1573 exemplar
1023 1501 1200 1559 habeo
1218 1502 1356 1573 (non
1370 1501 1650 1573 exstant),
1674 1501 1825 1557 illam
1845 1501 2177 1569 commonui,

583 1596 851 1663 quatenus
879 1604 1180 1647 consensus
1209 1590 1293 1645 sui
1321 1590 1532 1646 litteras
1550 1590 1608 1645 in
1621 1589 2180 1646 excommunicatione

582 1679 846 1735 canonica
874 1678 1200 1750 complicum
1227 1678 1570 1735 Carlomanni
1610 1678 1743 1733 mihi
1789 1679 2006 1734 mittere
2051 1677 2178 1733 diu-

579 1766 688 1822 tius
717 1782 828 1822 non
859 1765 1118 1833 differret,
1144 1766 1237 1839 qui
1264 1767 1489 1823 obedire
1516 1766 1651 1821 mihi
1678 1782 1833 1822 more
1870 1781 1969 1822 suo
2017 1764 2177 1821 dedi-
2204 1785 2259 1847 B

577 1862 777 1929 gnatus
807 1854 924 1911 fuit.
959 1855 1190 1926 Insuper
1216 1855 1275 1911 in
1314 1862 1620 1911 memorata
1662 1855 1840 1911 rotula
1888 1869 1989 1909 sua
2036 1854 2179 1910 inter

577 1944 684 2000 alia
711 1944 839 2001 hinc
867 1943 1001 1999 mihi
1029 1943 1310 2015 rescripsit
1344 1962 1358 1999 :
1397 1965 1420 1995 α
1445 1944 1610 2013 Cujus
1639 1944 1783 1999 couti
1804 1942 2180 2016 dedignamini

567 2032 837 2099 concilio,
860 2039 1050 2105 petere
1083 2047 1193 2089 non
1233 2047 1416 2104 operae
1452 2032 1687 2103 pretium
1711 2030 1926 2087 habetis
1947 2047 2181 2088 consen-

577 2136 718 2178 sum.
736 2122 804 2178 Et
820 2121 992 2177 miror
1002 2136 1097 2177 cur
1113 2120 1171 2176 in
1189 2121 1295 2178 hoc
1308 2136 1492 2177 meum
1511 2120 1792 2193 requiritis
1824 2135 2175 2187 consensum,

580 2211 739 2280 cujus
766 2226 879 2266 non
907 2209 1213 2283 quaesistis;
1246 2210 1356 2266 imo
1385 2209 1669 2282 sprevistis
1694 2209 2003 2266 consilium.
2037 2210 2180 2264 Dum

581 2299 978 2357 Antiochenam
1008 2299 1266 2356 decernat
1293 2298 1587 2355 concilium
1617 2316 1631 2353 :
1661 2313 1766 2354 nec
1808 2297 2177 2368 archiepisco-

572 2403 680 2462 pus
707 2388 827 2445 sine
854 2395 1175 2444 czeteroram
1204 2395 1331 2461 agat
1358 2386 1587 2444 consilio
1617 2386 1959 2443 sacerdotum
1993 2402 2006 2443 :
2032 2387 2180 2459 quod

573 2476 785 2533 nullum
812 2476 1048 2533 excludit
1076 2476 1483 2547 coepiscopum.
1520 2496 1543 2527 ι

645 2565 772 2622 Non
797 2564 1082 2621 attendens
1112 2579 1272 2637 quam
1299 2564 1595 2621 indiscrete
1635 2563 1957 2619 sententiam
2006 2563 2178 2635 ipsius

581 2661 818 2725 exponat
845 2652 1092 2721 concilii;
1125 2669 1290 2726 quam
1319 2653 1556 2709 discrete
1577 2653 1724 2709 idem
1745 2653 1989 2710 decrevit
2002 2652 2180 2708 conci-

578 2741 732 2812 liam,
763 2741 952 2798 dicens
981 2742 1132 2813 (ean.
1167 2742 1221 2808 9)
1257 2759 1272 2797 :
1311 2763 1333 2792 α
1367 2740 1790 2812 Placuitpraater
1808 2740 2176 2811 metropolita-

579 2846 709 2887 num
729 2838 955 2888 caeteros
975 2830 1265 2901 episcopos
1281 2829 1413 2885 nihil
1434 2829 1666 2901 amplius
1686 2846 1856 2903 agere
1874 2828 2176 2885 secundum

572 2919 849 2992 antiquam
878 2932 912 2975 a
939 2919 1182 2991 patribus
1210 2919 1411 2975 nostris
1439 2919 1687 2991 regulam
1737 2918 2103 2984 constitutam,
2147 2938 2170 2968 ι

573 3016 627 3067 et
653 3009 887 3081 reliqua.
928 3007 1064 3078 Quae
1092 3008 1160 3063 sit
1188 3015 1368 3064 autem
1398 3007 1618 3080 antiqua
1645 3007 1840 3081 regula
1893 3021 1926 3062 a
1972 3007 2175 3063 nostris

573 3098 816 3171 patribus
845 3097 1151 3165 constituta,
1185 3105 1372 3154 sancta
1398 3096 1625 3153 Niczena
1655 3096 1895 3168 synodus
1924 3103 2174 3168 patenter

575 3186 813 3243 ostendit
838 3186 988 3257 (can.
1024 3189 1076 3254 6,
1109 3188 1186 3243 al.
1222 3186 1297 3257 8),
1322 3186 1643 3251 decernens,
1674 3192 1733 3240 ut
1761 3184 2015 3257 quoniam
2055 3184 2175 3256 pri-

571 3283 753 3331 matus
781 3282 835 3329 et
863 3273 1170 3330 sollicitudo
1198 3274 1439 3330 omnium
1468 3257 1857 3330 Ecclesiaram'
1878 3273 1934 3328 in
1977 3273 2178 3344 princi—

571 3370 701 3436 patu
728 3361 876 3418 beati
904 3362 1051 3417 Petri
1080 3362 1286 3418 domini
1343 3376 1438 3419 ore
1491 3369 1772 3434 percepto,
1831 3361 2063 3434 pertinet
2112 3362 2177 3417 ad

577 3452 771 3524 primae
829 3457 883 3507 et
938 3457 1142 3506 sancta:
1196 3451 1456 3507 Romana;
1513 3450 1659 3507 sedis
1716 3449 2052 3521 pontificem,
2120 3458 2178 3505 ut

571 3539 969 3597 Alexandrinus
1013 3539 1304 3610 episcopus
1347 3539 1591 3595 omnium
1621 3538 1726 3594 sibi
1756 3538 2177 3594 commissorum

564 3629 764 3687 habeat
781 3635 1107 3699 potestatem
1128 3627 1273 3699 (vide
1303 3628 1396 3683 lib.
1446 3643 1538 3698 LV,
1570 3645 1695 3700 cap.
1729 3627 1806 3698 4).
1848 3626 2110 3683 Similiter
2129 3632 2181 3682 et

570 3718 716 3789 apud
742 3716 1105 3784 Antiochiam,
1155 3724 1488 3787 ceterasque
1512 3715 1820 3787 provincias
1851 3732 1952 3771 sua
2004 3715 2180 3787 privi-

569 3804 721 3878 legia
748 3812 1028 3861 serventur
1045 3804 1333 3860 Ecclesiis.
1365 3805 1448 3859 De
1478 3803 1676 3875 quibus
1702 3811 1883 3859 autem
1912 3803 2180 3860 Ecclesiis

572 3892 735 3960 dicat,
759 3898 813 3948 et
841 3908 980 3964 quae,
1011 3900 1065 3948 et
1093 3893 1332 3965 qualiter
1357 3891 1646 3964 privilegia
1675 3891 1780 3947 illis
1825 3891 2037 3947 servari
2085 3892 2181 3948 de-

567 3981 749 4051 beant,
773 3980 1058 4053 praafatum
1100 3982 1497 4037 Antiochenam
1523 3980 1860 4037 demonstrat
1890 3981 2180 4038 concilium

570 4071 724 4143 (can.
757 4072 788 4125 6
810 4071 938 4142 cit.)
971 4088 985 4124 :
1014 4090 1037 4121 α
1092 4071 1197 4125 Per
1242 4069 1510 4141 singulas,
1544 4070 1737 4143 inquit,
1771 4070 2029 4144 regiones
2055 4070 2177 4141 epi-

571 4173 770 4230 scopos
800 4159 1055 4215 convenit
1083 4174 1266 4228 nosse,
1328 4159 1801 4231 metropolitanum
1860 4159 2176 4231 episcopum

576 4246 999 4304 sollicitudinem
1025 4246 1191 4303 totius
1213 4247 1511 4318 provinciae
1528 4263 1726 4321 gerere
1751 4256 2011 4320 :prOpter
2032 4248 2178 4320 quod

575 4336 646 4392 ad
675 4335 1023 4407 metropolim
1052 4351 1244 4392 omnes
1275 4336 1514 4408 undique
1544 4337 1636 4408 qui
1663 4338 1885 4407 negotia
1923 4337 2179 4393 videntur

569 4424 796 4489 habere,
819 4433 1162 4480 concurrant.
1203 4445 1225 4475 at
1258 4426 1327 4480 Et
1348 4424 1661 4480 Africanum
1691 4425 1978 4480 concilium
2011 4424 2177 4496 (con-

1510 304 1853 362 HINCMARI
1900 302 2302 361 RHEMENSIS
2368 302 2919 361 ARCHIEPISCOPI.

3783 308 3892 362 596

2207 428 2263 490 A
2293 428 2543 498 dicimus,
2572 436 2629 485 at
2657 429 2900 486 advertat
2929 428 3162 485 charitas
3192 436 3304 495 tua,
3334 426 3472 484 adeo
3490 442 3592 484 nos
3613 442 3891 484 canonum

2285 526 2559 590 praecepta
2587 534 2831 585 servare,
2862 524 2923 573 ut
2950 518 3022 573 ita
3063 517 3377 575 constitutio
3425 531 3643 590 quoque
3690 525 3889 573 nostra

2286 606 2531 674 diﬁiniat,
2564 615 2829 679 quatenus
2859 605 3264 679 metropolitani
3292 605 3734 678 suianaqaaaque
3750 622 3887 678 pro-

2286 695 2463 752 vincia
2491 697 2547 752 in
2575 696 2829 752 omnibus
2864 695 3030 752 rebus
3075 694 3475 751 ordinationem
3518 710 3740 766 semper
3776 710 3881 752 ex-

2285 792 2510 856 spectet.
2578 806 2601 835 »
2664 784 2929 841 Distincte
2966 784 3132 857 igitur
3189 784 3584 840 Antiochenam
3638 783 3889 840 decrevit

2284 873 2592 940 concilium,
2620 881 2680 928 at
2710 894 2733 924 ι
2767 880 2969 945 praeter
3006 872 3484 945 metropolitanum
3531 871 3713 929 caeteri
3758 873 3885 945 epi-

2284 963 2437 1034 scopi
2465 962 2598 1017 nihil
2627 961 2857 1033 amplius
2892 969 3077 1035 agant,
3125 961 3232 1017 nisi
3281 977 3345 1017 ea
3389 968 3593 1016 tantum
3636 976 3760 1033 quae
3815 961 3888 1017 ad

2284 1066 2438 1106 suam
2484 1050 2762 1106 dioecesim
2804 1050 3096 1122 pertinent,
3148 1049 3634 1123 possessionesque
3699 1049 3887 1119 subje-

2284 1146 2421 1196 ctas.
2471 1158 2494 1189 »
2528 1138 2629 1195 Hic
2657 1138 2913 1195 dioecesis
2958 1153 3060 1210 pro
3101 1138 3379 1210 parochia,
3431 1138 3569 1194 sicut
3624 1146 3678 1194 et
3734 1137 3882 1205 alibi,

2282 1227 2518 1299 ponitur.
2571 1227 2642 1282 Et
2677 1234 2802 1299 post
2843 1226 3118 1300 aliquanta
3149 1244 3162 1283 :
3202 1248 3225 1280 α
3275 1228 3392 1282 Nec
3432 1226 3886 1298 metropolitanus

2283 1315 2401 1371 sine
2431 1323 2749 1373 ceterorum
2780 1323 2937 1389 gerat
2967 1316 3195 1373 consilio
3224 1315 3587 1372 sacerdotum.
3628 1337 3650 1364 ι
3683 1315 3755 1370 Et
3771 1331 3886 1370 non

2281 1404 2489 1460 addidit
2515 1405 2573 1460 in
2600 1405 2706 1461 hac
2736 1405 3021 1473 sententia,
3056 1404 3203 1477 quod
3242 1405 3300 1459 in
3345 1403 3678 1476 praecedenti
3731 1419 3885 1475 prae-

2279 1494 2462 1565 posuit
2496 1508 2508 1549 :
2539 1493 2673 1549 nihil
2702 1494 2937 1565 amplius
2967 1493 3086 1550 sine
3111 1501 3434 1550 cancrorum
3462 1501 3621 1566 gerat
3649 1491 3884 1549 consilio

2281 1580 2623 1637 sacerdotum
2656 1598 2671 1636 :
2704 1582 2961 1654 quoniam
2989 1596 3206 1638 sacrum
3251 1582 3537 1638 Nicmnum
3589 1581 3883 1637 concilium

2280 1670 2431 1743 (can.
2466 1670 2521 1739 6)
2550 1678 2778 1726 noverat
2808 1670 3143 1738 decrevisse,
3174 1678 3234 1725 at
3265 1670 3310 1725 si
3341 1669 3448 1725 duo
3478 1678 3570 1726 aut
3606 1676 3719 1725 tres
3752 1684 3889 1740 pro-

2278 1757 2541 1815 vinciales
2572 1758 2814 1831 episcopi
2840 1766 3064 1831 prepter
3083 1759 3458 1815 contentiones
3476 1759 3725 1830 proprias
3749 1773 3886 1814 con-

2279 1847 2570 1919 tradicunt,
2590 1847 2829 1903 obtineat
2853 1847 3123 1903 sententia
3160 1847 3536 1919 plurimorum.

2348 1936 2528 1992 Claret
2572 1936 2741 2010 igitur
2789 1936 3018 1993 fratrem
3073 1936 3426 1992 Hincmarum
3485 1935 3648 1992 aliter
3719 1952 3881 2008 quam

2277 2025 2560 2095 debuerat,
2619 2025 2691 2081 ad
2741 2041 2901 2080 suam
2946 2041 3169 2081 sensum
3213 2024 3491 2081 inﬂexisse
3552 2025 3881 2081 sententiam

2278 2113 2602 2170 Antiocheni
2633 2114 2870 2182 concilii,
2915 2128 3079 2186 quam
3125 2114 3274 2170 idem
3320 2113 3630 2183 concilium,
3685 2114 3783 2169 sed
3830 2121 3885 2170 et

2280 2210 2501 2259 sanctus
2544 2202 2855 2259 Bonifacius
2900 2217 3043 2275 papa
3096 2202 3496 2271 intellexerunt,
3558 2202 3885 2258 sententiam

2280 2292 2426 2349 sacri
2455 2292 2665 2348 Nicmni
2695 2292 2911 2348 concilii
2946 2309 2959 2348 ε
2994 2309 3118 2348 cum
3147 2292 3295 2348 idem
3323 2300 3542 2349 sanctas
3570 2290 3884 2348 Bonifacius

2279 2382 2335 2436 in
2363 2380 2559 2436 eodem
2590 2381 2821 2437 concilio
2851 2379 3301 2453 promulgaverit,
3338 2402 3360 2432 ι
3393 2388 3663 2454 quatenus
3678 2387 3883 2436 metro-

2278 2469 2505 2541 politani
2534 2470 2620 2525 sai
2648 2485 2987 2542 unaquaeque
3016 2469 3297 2541 provincia
3323 2469 3380 2525 in
3421 2470 3675 2525 omnibus
3717 2469 3884 2526 rebus

2278 2557 2678 2613 ordinationem
2697 2573 2915 2629 semper
2943 2565 3237 2629 exspectet.
3275 2578 3297 2607 ιι
3348 2556 3419 2612 Et
3460 2573 3571 2613 non
3616 2557 3879 2624 decrevit,

2278 2646 2402 2719 quia
2430 2661 2543 2702 non
2563 2646 2768 2715 debuit,
2803 2653 2994 2702 contra
3033 2646 3317 2702 Nicaanum
3373 2652 3427 2702 et
3481 2646 3885 2702 Antiochenam

2278 2735 2588 2805 concilium,
2620 2743 2678 2790 ut
2706 2736 2762 2789 in
2790 2734 3042 2790 omnibus
3072 2735 3239 2791 rebus
3275 2734 3727 2806 metropolitanus
3757 2749 3884 2790 om-

2276 2823 2424 2878 nium
2487 2823 2935 2894 coepiscoporum
2981 2823 3276 2894 provinciae
3318 2823 3606 2879 consilium
3667 2839 3887 2894 semper

2276 2918 2598 2983 exspectet:
2645 2913 2901 2983 quoniam
2961 2912 3030 2967 de
3075 2911 3319 2968 omnium
3365 2912 3621 2985 negotiis,
3673 2912 3769 2984 qui
3814 2912 3887 2969 de

2274 3000 2558 3072 provincia
2609 3000 2681 3055 ad
2732 2999 3208 3072 metropolitanum
3255 3000 3496 3072 undique
3525 3009 3881 3068 consumat,

2277 3104 2496 3160 semper
2522 3089 2763 3145 omnium
2784 3089 3234 3161 coepiscoporum
3280 3089 3570 3146 consilium
3624 3097 3885 3162 expetere

2281 3178 2367 3234 vel
2396 3187 2714 3249 exspectare
2743 3179 3192 3250 metropolitanus
3221 3193 3331 3235 non
3344 3186 3541 3251 potest,
3566 3195 3759 3236 verum
3774 3194 3883 3235 nec

2279 3266 2462 3324 debet.
2488 3268 2598 3324 Sed
2626 3268 2763 3324 sicut
2783 3275 3002 3324 sanctus
3030 3268 3139 3324 Leo
3167 3269 3236 3322 ad
3265 3268 3609 3323 Anastasiam
3639 3268 3882 3324 Thessa-

2279 3355 2621 3411 lonicensem
2667 3356 2915 3413 scribens
2945 3356 3105 3429 (epis.
3149 3357 3279 3428 85):
3320 3379 3343 3404 ‹‹
3389 3356 3699 3413 Secundam
3742 3372 3882 3413 san-

2280 3452 2492 3500 ctorum
2511 3445 2728 3500 Patrum
2750 3459 2988 3501 canones
3008 3444 3213 3516 Spiritu
3231 3444 3333 3501 Dei
3351 3445 3619 3513 conditos,
3643 3454 3697 3501 et
3716 3445 3881 3502 totius

2226 3571 2232 3580 .
2280 3533 2470 3589 mandi
2502 3534 2809 3590 reverentia
2850 3541 3214 3601 consecratos,
3247 3534 3660 3606 metropolitano
3679 3535 3880 3608 singu-

2280 3622 2866 3692 larumprovinciarum
2887 3623 3274 3695 episcoposjus
3313 3624 3526 3679 tradita
3574 3623 3682 3680 sibi
3729 3624 3879 3679 anti-

2282 3711 2463 3782 quitas
2475 3710 2753 3782 dignitatis
2771 3711 3148 3767 intemeratum
3162 3712 3371 3768 habere
3391 3711 3655 3780 decrevit,
3675 3712 3753 3768 ita
3771 3721 3883 3768 uta

2280 3798 2488 3873 regulis
2522 3800 2835 3870 praestitutis
2880 3800 3026 3856 nulla
3073 3809 3165 3857 aut
3211 3801 3549 3875 negligentia
3592 3810 3686 3857 aut
3727 3818 3879 3873 pra:-

2279 3888 2590 3961 sumptione
2616 3888 2916 3945 discedant.
2958 3910 2980 3940 n
3001 3890 3350 3963 Privilegium
3372 3906 3485 3947 suae
3504 3891 3653 3946 sedis
3672 3898 3882 3947 metro-

2278 3977 2548 4050 politanus
2578 3994 2643 4034 eo
2673 3979 2835 4034 modo
2863 3978 3025 4035 debet
3063 3994 3340 4046 exercere,
3397 3987 3453 4034 ut
3512 3995 3575 4035 ea
3630 3979 3874 4052 singulis

2279 4066 2483 4123 servari
2511 4066 2828 4139 praecipiat;
2862 4068 3000 4123 sicut
3027 4067 3157 4123 item
3186 4068 3295 4123 Leo
3324 4069 3392 4123 ad
3421 4068 3689 4124 Hilarium
3725 4069 3876 4123 Nar-

2279 4155 2580 4210 bonensem
2611 4155 2927 4227 episcopum
2956 4156 3140 4212 scribit
3169 4156 3276 4229 (ep.
3312 4160 3399 4223 92,
3457 4157 3530 4213 ad
3580 4159 3877 4214 Rusticum

2277 4244 2543 4313 Narbon.)
2577 4263 2595 4299 :
2621 4264 2643 4296 α
2680 4243 2813 4313 Quae
2844 4243 3041 4317 [Quod]
3071 4260 3172 4300 nec
3200 4245 3491 4315 praeceptis
3536 4244 3874 4318 evangelicis

2277 4332 2628 4400 contrarium,
2687 4347 2790 4388 nec
2866 4333 3102 4388 decretis
3183 4340 3490 4389 sanctorum
3572 4333 3876 4390 inveniatur

2277 4420 2585 4476 adversum.
2623 4440 2645 4471 υ
2678 4422 2746 4476 Et
2773 4422 2877 4476 hoc
2907 4429 2989 4478 est
3014 4437 3048 4477 a
3101 4420 3415 4493 prestitutis
3470 4421 3677 4494 regulis
3729 4421 3877 4476 nulla

571 4514 668 4570 cit.
698 4513 900 4584 Afric.,
933 4528 982 4568 c.
1019 4515 1139 4581 105,
1164 4517 1221 4569 et
1236 4513 1356 4569 cod.
1376 4529 1505 4569 can.
1520 4514 1670 4568 Eccl.
1695 4512 1838 4583 Afr.,
1860 4528 1980 4568 can.
2008 4515 2161 4583 138):
2196 4503 2250 4563 D
2274 4516 2368 4564 aut
2395 4509 2746 4580 negligentia,
2781 4517 2872 4565 aut
2900 4510 3324 4581 prasamptione
3352 4510 3635 4566 discedere
3686 4510 3877 4566 :vide-

650 4624 672 4652 α
706 4602 957 4668 Decreta,
985 4600 1174 4672 inquit,
1207 4601 1431 4656 Nicaeae
1478 4600 1595 4656 sive
1650 4598 1921 4656 inferioris
1973 4601 2175 4672 gradus

578 4688 832 4756 clericos,
882 4688 998 4745 sive
1043 4688 1334 4760 episcopos
1380 4688 1530 4759 ipsos
1579 4687 1691 4742 suis
1744 4687 2176 4759 metropolitanis

579 4777 921 4848 apertissime
973 4776 1383 4843 commiserunt,
1422 4796 1444 4827 ι
1480 4783 1531 4832 et
1561 4775 1785 4846 reliqua.
1838 4777 1905 4831 Et
1954 4783 2174 4833 sanctus

576 4863 888 4922 Bonifacius
918 4864 1105 4920 scribit
1134 4864 1324 4938 (epist.
1345 4866 1399 4936 3)
1433 4881 1446 4919 :
1486 4885 1508 4914 α
1541 4863 1803 4919 Convenit
1831 4879 1931 4920 nos
1985 4872 2176 4936 pater-

575 4968 771 5009 narum
799 4954 1141 5009 sanctionum
1174 4953 1467 5026 diligentes
1521 4967 1645 5007 esse
1694 4953 1974 5009 custodes.
2027 4954 2175 5010 Nulli

572 5040 775 5099 etenim
801 5041 1017 5097 videtur
1044 5042 1319 5114 incognita
1348 5041 1542 5112 synodi
1573 5040 1884 5097 constitutio
1911 5042 2174 5115 Nicaeae),

575 5146 697 5202 qua:
722 5129 798 5185 ita
826 5128 1016 5201 incipit
1049 5130 1169 5203 [al.,
1230 5128 1514 5202 praecipit],
1573 5130 1651 5197 (ut
1707 5128 1896 5186 eadem
1953 5131 2177 5203 proprie

574 5218 745 5276 verba
772 5217 1082 5290 ponamus).
1117 5220 1222 5274 Per
1253 5234 1691 5289 unamquamque
1720 5220 2061 5290 provinciam
2086 5222 2175 5290 jus

575 5307 1026 5378 metropolitanos
1055 5305 1301 5379 singulos
1323 5306 1527 5361 habere
1544 5306 1743 5362 debere
1767 5326 1781 5374 ;
1804 5324 1906 5364 nec
1923 5309 2176 5382 cuiquam

575 5396 714 5452 duas
743 5410 866 5451 esse
896 5395 1187 5464 subjectas.
1222 5393 1377 5463 Quod
1405 5394 1481 5450 illi
1506 5394 1658 5468 (quia
1671 5395 1829 5452 aliter
1845 5398 2176 5453 credendum

574 5498 686 5542 non
715 5482 820 5556 est)
854 5484 1182 5539 servandum
1213 5492 1402 5538 sancto
1435 5483 1638 5555 Spiritu
1671 5493 2021 5557 suggerente,
2046 5485 2177 5541 sibi-

578 5580 690 5629 met
727 5579 1075 5630 censuerunt.
1114 5592 1136 5623 ι
1171 5572 1240 5628 Et
1266 5570 1428 5645 paulo
1466 5580 1585 5645 post
1621 5590 1634 5628 :
1673 5594 1696 5625 α
1759 5573 1920 5644 Quod
1972 5574 2175 5632 idcirco

2274 4597 2400 4653 licet
2430 4605 2488 4652 ut
2518 4598 2817 4668 praestituta
2845 4614 2943 4669 pro
2966 4598 3174 4655 viribus
3202 4599 3427 4670 exsequi
3467 4597 3875 4670 metrOpolitani

2273 4701 2382 4740 non
2412 4686 2711 4759 negligant,
2735 4703 2911 4759 neque
2931 4686 3353 4763 praesumptione
3381 4684 3708 4743 convellant.
3739 4686 3875 4756 Quae

2274 4782 2452 4829 autem
2500 4776 2798 4830 secundum
2844 4776 3170 4846 praestitutas
3216 4775 3438 4848 regulas
3485 4776 3718 4847 singulis
3775 4791 3873 4847 pro

2273 4863 2509 4935 negotiis
2539 4864 2985 4920 convenientibus
3027 4864 3367 4936 praecipiens,
3421 4879 3873 4937 quorumcunque

2274 4951 2623 5007 rebellionem
2654 4952 2742 5008 vel
2769 4953 3250 5024 praesumptionem
3278 4969 3389 5009 non
3417 4953 3654 5024 potuerit
3698 4953 3871 5010 corri-

2276 5056 2429 5113 gere,
2462 5056 2562 5096 sua
2589 5042 2954 5113 praeceptione
2982 5042 3145 5097 debet
3172 5049 3266 5097 aut
3308 5058 3407 5114 per
3454 5042 3670 5111 jadices
3724 5059 3756 5097 a
3811 5058 3871 5098 se

2276 5130 2450 5195 datos,
2480 5136 2571 5184 aut
2600 5146 2666 5185 ex
2694 5145 2966 5186 consensu
2993 5131 3228 5203 partium
3255 5130 3477 5199 electos,
3538 5131 3824 5203 corrigere
3855 5149 3867 5185 :

2276 5225 2368 5272 aut
2424 5217 2480 5272 in
2534 5218 2973 5290 comprovinciali
3028 5219 3256 5292 synodo,
3314 5219 3613 5276 secundum
3686 5235 3870 5276 sacras

2275 5306 2513 5379 regulas,
2546 5324 2668 5379 quae
2714 5307 2964 5381 neglecta
3020 5308 3107 5363 vel
3162 5316 3489 5380 praesumpta
3544 5317 3690 5376 sunt,
3748 5324 3869 5364 cum

2275 5396 2503 5451 consilio
2533 5395 2913 5468 episcoporum
2942 5396 3239 5468 provincia:
3268 5397 3581 5453 emendare.

2347 5489 2493 5559 Quas
2519 5491 2817 5547 sententias
2846 5507 3130 5549 sacrorum
3169 5508 3437 5549 canonum
3488 5493 3557 5548 ab
3615 5493 3867 5550 omnibus

2275 5579 2516 5636 omnium
2545 5579 2950 5652 provinciarum
2979 5581 3271 5655 episcOpis,
3296 5589 3497 5653 praeter
3517 5598 3662 5654 cum,
3681 5583 3738 5639 in
3754 5582 3867 5639 istis
