4174 6308
289 299 395 354 597

957 296 1198 356 OPUSC.
1244 297 1336 355 ET
1378 298 1602 355 EPIST.
1661 297 1735 353 IN
1786 294 2013 385 CAUSA
2063 298 2403 358 HINCMARI
2460 301 2764 360 LAUDUN.

3483 311 3586 364 598

296 421 618 496 regionibus
656 421 994 489 observatas,
1029 430 1155 478 ante
1196 423 1394 479 mentis
1434 423 1624 480 oculos
1659 422 1891 488 habens,
1922 421 1979 481 A
2001 422 2200 494 quibus
2231 426 2846 483 excommunicationem
2877 428 3259 498 intentaverat,
3293 431 3390 486 sed
3419 432 3595 488 adhuc

295 529 406 568 non
437 529 582 583 saepe
615 520 973 568 memoratam
1015 513 1628 569 excommunicationem
1675 512 1901 568 canoni-

295 617 420 657 cam
450 601 504 656 in
536 601 877 658 Carlomanni
923 601 1242 673 complices,
1286 603 1405 658 sine
1439 610 1762 659 caeterorum
1811 601 1903 673 qui

302 689 614 759 adfuerunt,
656 698 708 746 et
739 690 936 745 adesse
985 691 1298 760 voluerunt,
1344 690 1430 746 vel
1471 692 1667 746 adesse
1705 698 1900 762 potue-

301 786 423 832 runt
463 778 692 834 consilio
742 778 830 833 vel
861 794 1132 835 consensu
1183 779 1402 845 exerui;
1439 787 1489 834 et
1538 779 1769 834 aliorum
1810 777 1901 850 qui

297 875 425 922 tunc
456 868 652 922 adesse
683 883 795 922 non
823 875 1131 938 potuerunt,
1167 883 1496 923 consensum
1528 875 1578 923 et
1610 867 1901 923 consilium

301 955 582 1027 requisivi,
617 963 670 1010 et
717 956 1040 1012 obedienter
1078 957 1145 1010 ab
1184 956 1291 1010 illis
1336 956 1542 1022 datum,
1576 964 1629 1012 et
1673 955 1900 1011 missum

301 1043 506 1115 recepi.
553 1044 636 1098 Ab
683 1060 747 1100 eo
782 1051 964 1100 autem
1009 1045 1099 1116 qui
1145 1045 1340 1100 adesse
1387 1045 1579 1115 potuit,
1625 1052 1678 1099 et
1705 1045 1900 1101 adesse

303 1149 413 1187 non
441 1131 627 1199 voluit,
662 1132 862 1204 quique
894 1133 963 1189 de
995 1141 1226 1188 tractatu
1269 1149 1334 1188 ex
1365 1149 1530 1189 causa
1563 1133 1901 1189 Carlomanni

299 1228 351 1275 et
383 1221 705 1291 complicum
749 1221 866 1290 ejus
911 1221 1026 1276 sine
1075 1221 1410 1277 conscientia
1458 1237 1582 1278 mea
1627 1221 1895 1288 discessit,

298 1324 627 1364 consensum
684 1309 946 1380 requisivi
989 1328 999 1362 :
1038 1318 1088 1365 et
1146 1310 1283 1365 sicut
1338 1311 1404 1364 ab
1461 1311 1899 1365 antecessoribus

300 1405 353 1451 et
385 1397 796 1453 successoribus
845 1398 960 1466 ejus
990 1397 1046 1452 in
1089 1398 1429 1454 ordinatione
1477 1398 1705 1464 obtinui,
1753 1397 1898 1470 apud

299 1483 444 1539 illius
474 1485 872 1541 contumaciam
902 1486 1164 1541 hactenus
1193 1487 1439 1542 obtinere
1471 1501 1578 1541 non
1609 1487 1777 1558 potui.

889 1606 1116 1661 CAPUT
1145 1607 1324 1660 ΧΧΙΙ.

302 1693 532 1766 Quodin
570 1694 900 1766 quibusdam
921 1694 1287 1766 Rha-mensem
1326 1695 1512 1766 ipsum
1541 1696 1690 1750 male
1718 1711 1898 1766 repre-

441 1764 660 1834 hendit,
684 1769 738 1820 et
759 1765 825 1821 de
854 1781 1019 1836 paena
1049 1764 1396 1821 inobedienti
1420 1767 1748 1837 irroganda.

369 1852 598 1923 Scripsit
641 1852 804 1907 etiam
847 1853 978 1907 mibi
1023 1869 1082 1907 se
1120 1853 1370 1908 miratum
1423 1853 1584 1910 valde
1628 1852 1820 1919 fuisse,
1855 1853 1900 1908 si

299 1957 426 1996 eum
445 1956 546 2012 per
577 1933 732 1996 suum
753 1941 1016 1997 clericum
1049 1956 1400 1998 commonere
1421 1943 1741 2013 potuissem.
1775 1943 1900 1996 Non

297 2030 586 2085 attendens
617 2029 742 2101 quia
772 2030 819 2084 si
840 2029 1010 2101 ipsius
1037 2030 1488 2102 metropolitanus
1516 2039 1598 2086 est
1627 2030 1717 2102 qui
1748 2031 1901 2086 sedet

297 2117 352 2172 in
382 2119 712 2174 Rhemorum
754 2118 1057 2190 metropoli,
1091 2127 1144 2174 et
1170 2117 1355 2174 clerici
1396 2119 1478 2173 sui
1509 2127 1592 2173 est
1619 2126 1901 2190 metrOpo-

294 2205 516 2274 litanus,
547 2207 617 2262 ad
647 2223 810 2279 quem
857 2207 1159 2263 secundum
1208 2223 1395 2263 sacros
1442 2223 1700 2277 canones,
1738 2208 1900 2262 totius

294 2295 594 2366 provinciae
622 2295 823 2350 debent
850 2295 1142 2351 convenire
1172 2311 1362 2352 omnes
1394 2296 1485 2366 qui
1515 2295 1769 2351 videntur
1798 2297 1900 2350 ha-

295 2384 429 2440 bere
457 2383 674 2455 negotia
700 2400 712 2439 :
739 2391 792 2438 et
820 2383 938 2455 ipse
966 2383 1264 2455 praecipere
1298 2384 1549 2458 singulis,
1583 2393 1635 2439 et
1666 2385 1720 2439 in
1751 2401 1901 2440 com-

296 2488 460 2528 mune
501 2473 754 2527 omnibus
786 2489 908 2544 quae
932 2488 1035 2529 nec
1079 2473 1363 2545 praeceptis
1402 2472 1734 2544 evangelicis
1764 2489 1900 2529 con—

296 2561 484 2628 traria,
518 2576 622 2617 nec
651 2561 884 2618 decretis
912 2569 1220 2617 sanctorum
1251 2561 1597 2619 inveniantur
1627 2562 1899 2629 adversa;

298 2657 350 2703 et
371 2649 650 2720 corrigere
672 2649 729 2704 in
771 2649 998 2722 singulis
1037 2650 1252 2722 singula
1270 2651 1313 2704 si
1332 2649 1712 2722 quaefortassis
1733 2666 1907 2705 emer-

305 2736 496 2792 serint.
534 2736 751 2806 Quibus
815 2745 1031 2794 constat
1077 2739 1238 2792 etiam
1278 2755 1376 2809 per
1443 2738 1704 2793 clericum
1750 2753 1909 2794 suum

297 2825 748 2897 metropolitanus
791 2843 915 2881 eum
961 2826 1218 2897 praevalet
1260 2841 1627 2893 commonere,
1676 2834 1729 2882 et
1756 2827 1898 2898 apud

298 2930 483 2986 quem,
526 2915 677 2984 juxta
721 2914 1178 2986 Carthaginenses
1229 2930 1483 2984 canones,
1532 2915 1576 2969 si
1625 2921 1707 2970 est
1747 2915 1898 2985 utile,

295 3003 458 3059 debet
486 3010 538 3059 et
553 3003 814 3074 praevalet
843 3003 1192 3075 provincialis
1215 3003 1506 3075 episcopus
1537 3003 1806 3060 accusari.
1831 3004 1900 3058 Et

296 3091 630 3164 presbyteri,
664 3100 716 3148 et
745 3091 978 3162 diaconi,
1012 3100 1064 3147 et
1101 3092 1280 3173 caeteri
1310 3091 1600 3147 inferiores
1630 3091 1814 3148 clerici
1845 3092 1902 3145 in

296 3181 478 3236 causis
523 3196 656 3252 quas
703 3180 1012 3247 habuerint,
1055 3180 1099 3234 si
1143 3180 1210 3235 de
1252 3179 1472 3249 judiciis
1519 3180 1898 3251 episcoporum

297 3286 521 3324 suorum
555 3269 729 3340 questi
758 3269 973 3335 fuerint,
1009 3276 1061 3323 et
1092 3269 1162 3324 ab
1193 3269 1271 3323 eis
1300 3275 1464 3340 atque
1492 3284 1523 3322 a
1554 3268 1747 3324 vicinis
1779 3268 1900 3338 epi-

297 3358 482 3430 sc0pis
540 3357 607 3412 ad
653 3357 939 3429 primatem
984 3356 1276 3430 provinciae
1325 3357 1732 3428 appellaverint,
1783 3357 1902 3425 ejus

294 3446 614 3502 auctoritate
659 3463 788 3502 suos
837 3447 1124 3518 episcOpos
1181 3445 1508 3518 regulariter
1553 3460 1901 3500 commonere

293 3536 572 3592 valebunt.
610 3536 752 3592 Nam
790 3543 843 3592 et
881 3535 1190 3607 coepiscopi
1234 3535 1562 3592 Rhemensis
1605 3535 1902 3606 provincias

289 3625 350 3678 in
395 3623 868 3696 longinquioribus
911 3625 1157 3695 partibus
1207 3623 1502 3689 constituti,
1548 3639 1614 3678 ex
1656 3622 1900 3695 antiquo,

294 3712 727 3783 metropolitanis
775 3713 966 3768 litteris
1013 3728 1114 3782 per
1170 3711 1475 3767 vicinorum
1523 3711 1902 3782 episcOporum

293 3801 495 3856 missos
524 3801 592 3856 ad
624 3802 892 3873 synodum
921 3800 1007 3855 vel
1046 3800 1440 3855 ordinationem
1485 3800 1818 3872 regulariter
1851 3807 1904 3854 et

294 3885 440 3955 jure,
472 3885 570 3940 sed
597 3892 649 3940 et
677 3886 745 3940 de
775 3884 897 3940 allis
927 3884 1232 3957 quibusque
1261 3891 1569 3940 monentur.

369 3974 438 4029 Et
456 3974 801 4045 subsequitur
821 3973 958 4044 (non
972 3978 1167 4029 exstat
1188 3974 1302 4030 haec
1324 3974 1562 4046 epistola
1580 3973 1899 4043 Laudun.):

303 4084 328 4113 ι
369 4061 530 4130 Quod
573 4070 756 4117 tamen
787 4062 1036 4133 synodali
1084 4063 1357 4134 agendum
1401 4069 1518 4116 erat
1557 4069 1819 4132 tempore,
1853 4069 1906 4116 et

284 4151 514 4221 judicio,
549 4152 595 4205 si
623 4158 769 4206 esset
800 4151 965 4224 digna
989 4151 1131 4206 ratio
1162 4151 1304 4205 unde
1335 4158 1727 4206 commoneret.
1763 4151 1905 4204 Nam

294 4240 416 4296 ista:
446 4239 582 4295 tales
612 4247 812 4296 vestrae
855 4239 1252 4310 praeceptiones
1282 4254 1392 4294 non
1423 4238 1718 4293 illiusmodi
1749 4253 1904 4294 com-

293 4327 626 4383 monitiones
655 4335 775 4383 sunt
803 4346 815 4381 :
839 4344 1016 4400 neque
1057 4327 1192 4381 mihi
1221 4334 1309 4381 aut
1341 4327 1505 4382 alicui
1538 4326 1794 4397 episcopo
1811 4342 1907 4398 per

293 4417 417 4472 loca
446 4417 678 4485 diversa,
712 4433 834 4488 quae
863 4432 962 4488 pro
1005 4424 1194 4472 vestra
1240 4415 1620 4470 commoditate
1651 4415 1827 4480 aditis,
1862 4415 1908 4470 si

1925 1777 1978 1836 B

2003 527 2140 580 eam,
2175 513 2314 569 sicut
2343 522 2396 570 et
2426 515 2542 586 ipse
2572 515 2776 585 scribit,
2812 517 2869 571 in
2889 517 3028 573 illios
3057 535 3164 574 non
3196 521 3508 591 protulerat,
3544 529 3597 576 et

2003 601 2092 671 qui
2120 618 2179 657 se
2203 602 2592 673 profitebantur
2622 604 2759 660 velle
2792 606 3088 678 corrigere,
3125 607 3177 661 in
3210 623 3304 662 sua
3335 609 3592 680 parochia

2001 690 2214 759 publice
2245 691 2362 746 sine
2386 708 2483 747 suo
2504 708 2795 760 consensu,
2823 695 3254 751 benedictionem
3284 698 3590 768 petentibus

2001 777 2148 832 dedi.
2171 779 2308 834 Dicit
2340 780 2408 834 de
2441 780 2758 851 quibusdam
2792 782 3094 853 Scriptura:
3120 786 3443 840 Docuerunt
3475 787 3591 840 lin-

2000 883 2170 937 guam
2187 885 2350 923 suam
2370 869 2893 940 loquimendacium
2912 891 2928 926 :
2947 876 3013 926 ut
3033 871 3224 944 inique
3241 877 3489 944 agerent,
3512 875 3594 928 la-

2001 956 2341 1012 boraverunt
2365 957 2521 1026 (Jer.,
2540 972 2618 1026 ix,
2643 958 2697 1029 5)
2716 978 2734 1025 ;
2753 959 2850 1014 sed
2879 960 3031 1015 labor
3059 961 3334 1016 labiorum
3365 961 3598 1017 illorum

1999 1045 2210 1114 operiet
2240 1059 2329 1100 eos
2357 1043 2848 1118 (Ps.cxxx1x,10).
2886 1045 3113 1115 Quando
3145 1047 3335 1104 ﬁdeles
3365 1049 3598 1105 senioris

2000 1131 2170 1186 nostri
2184 1132 2276 1203 qui
2294 1133 2647 1189 convenimus
2676 1142 2784 1189 tam
2811 1135 3054 1206 episcopi
3079 1150 3244 1207 quam
3277 1137 3524 1206 abbates,
3547 1145 3598 1194 et

1999 1219 2245 1289 comites,
2262 1229 2314 1276 et
2331 1221 2514 1277 caeteri
2534 1223 2650 1290 ejus
2669 1221 2859 1278 ﬁdeles
2873 1224 2943 1278 ad
2960 1224 3381 1282 collocutionem
3400 1225 3596 1281 Carlo-

1997 1308 2203 1374 manni,
2235 1317 2397 1381 atque
2415 1325 2657 1378 suorum,
2682 1318 2734 1366 et
2758 1311 3129 1382 persuasimus
3156 1313 3254 1380 eis,
3299 1321 3356 1369 ut
3384 1313 3521 1368 datis
3545 1322 3599 1369 et

1998 1397 2237 1468 acceptis
2252 1398 2503 1470 utrinque
2525 1398 2860 1466 obsidibus,a
2877 1400 3036 1456 malis
3067 1417 3188 1472 quae
3216 1402 3601 1473 perpetrabant

1996 1485 2051 1538 in
2090 1502 2265 1558 regno
2292 1485 2520 1542 senioris
2555 1488 2750 1558 nostri,
2785 1489 3146 1560 quiescerent,
3175 1497 3228 1546 et
3261 1489 3490 1560 paciﬁce
3523 1490 3602 1546 ibi

1997 1573 2278 1645 degerent,
2309 1591 2594 1648 quousque
2625 1577 2692 1631 ad
2728 1577 2959 1633 senioris
2987 1577 3161 1633 nostri
3199 1578 3596 1650 indulgentiam
3621 1619 3640 1641 .

1995 1663 2344 1732 pervenirent
2368 1681 2380 1718 :
2418 1681 2541 1719 cum
2563 1665 2825 1722 solvenda
2847 1674 2964 1721 erat
2996 1667 3307 1733 collocutio,
3328 1675 3380 1723 et
3400 1667 3598 1740 quique

1997 1759 2245 1806 nostrum
2274 1752 2344 1807 ad
2367 1769 2466 1806 sua
2495 1753 2677 1808 redire
2719 1762 2995 1824 pararent,
3027 1763 3132 1809 tam
3156 1755 3386 1812 senioris
3427 1756 3602 1812 nostri

2004 1837 2215 1906 ﬁdeles,
2249 1855 2409 1911 quam
2441 1848 2493 1894 et
2541 1841 2926 1897 Carlomannus
2970 1850 3025 1900 et
3053 1843 3155 1913 sui,
3189 1842 3504 1914 profitentes
3530 1845 3602 1902 de

2001 1927 2341 1983 correctione
2387 1944 2502 1995 sua,
2547 1929 2982 1985 benedictionem
3023 1931 3127 1986 sibi
3156 1931 3273 1987 dari
3304 1948 3337 1988 a
3365 1949 3474 2002 me,
3506 1933 3608 1989 sed

2003 2023 2056 2071 et
2105 2016 2174 2070 ab
2223 2015 2342 2070 aliis
2391 2017 2482 2088 qui
2528 2016 2811 2073 adfuerunt
2859 2019 3153 2091 episcopis,
3205 2020 3490 2092 petierunt.
3535 2022 3607 2076 Et

2002 2105 2288 2175 praemissa
2320 2106 2581 2160 sententia
2616 2107 2852 2174 Domini,
2887 2124 2992 2180 qua
3019 2109 3276 2180 praecepit
3322 2109 3605 2180 discipulis

2006 2193 2138 2260 suis,
2154 2193 2341 2249 dicens
2358 2212 2370 2247 :
2387 2195 2451 2248 In
2466 2212 2856 2268 quamcunque
2879 2195 3105 2254 domum
3120 2197 3496 2268 intra-veritis,
3516 2197 3602 2254 di-

2003 2283 2113 2337 cite
2137 2301 2154 2336 :
2184 2284 2310 2337 Pax
2340 2281 2470 2337 huic
2509 2283 2809 2351 domui;et
2837 2287 2888 2340 si
2917 2285 2994 2340 ibi
3030 2287 3213 2357 fuerit
3236 2286 3391 2356 ﬁlius
3418 2288 3600 2358 pacis,

2002 2372 2314 2442 requiescet
2343 2387 2515 2442 super
2545 2387 2674 2426 eum
2700 2389 2821 2444 pax
2848 2377 3036 2428 vestra
3069 2390 3081 2428 :
3111 2376 3203 2431 sin
3233 2379 3448 2441 autem,
3475 2391 3598 2447 pax

2002 2462 2190 2513 vestra
2219 2458 2290 2513 ad
2313 2475 2402 2514 vos
2425 2463 2741 2516 revertetur
2770 2461 2921 2530 (Luc.
2944 2461 3008 2530 Χ)
3034 2480 3046 2527 ;
3081 2461 3307 2532 orando,
3332 2469 3390 2516 ut
3407 2462 3603 2518 conﬁr-

2001 2552 2176 2600 maret
2218 2546 2324 2601 hoc
2370 2547 2537 2613 Deus,
2583 2547 2729 2619 quod
2777 2557 3031 2619 operatus
3079 2558 3193 2605 erat
3236 2549 3293 2604 in
3337 2550 3516 2617 nobis,
3549 2558 3603 2606 et

2001 2651 2102 2704 per
2130 2649 2232 2689 nos
2261 2635 2315 2688 in
2343 2634 2449 2688 illis
2488 2653 2500 2688 :
2532 2635 2987 2703 benedictionem,
3022 2645 3078 2692 ut
3108 2636 3379 2704 fidelibus,
3414 2646 3466 2693 et
3495 2654 3598 2694 vo-

2003 2723 2261 2777 luntatem
2291 2738 2355 2778 ac
2385 2724 2728 2779 devotionem
2776 2724 3049 2779 fidelitatis
3080 2726 3282 2781 habere
3333 2725 3600 2797 profiten-

2002 2811 2164 2877 tibus,
2213 2811 2478 2866 dedimus.
2527 2813 2770 2868 Docente
2815 2821 3006 2868 sancto
3037 2813 3304 2886 Gregorio
3345 2831 3411 2870 ex
3438 2815 3603 2887 legali

2003 2898 2273 2955 sententia
2303 2900 2422 2970 (lib.
2455 2915 2556 2966 xu,
2582 2917 2667 2973 ep.
2701 2901 2810 2956 ult.
2835 2903 3108 2974 interrog.
3127 2903 3180 2972 9)
3202 2910 3259 2956 ut
3292 2925 3312 2950 α
3335 2919 3436 2974 per
3466 2903 3599 2958 alie-

2002 3003 2132 3042 nam
2175 3004 2413 3043 messem
2470 2989 2757 3056 transiens,
2803 3005 2968 3044 manu
3030 2990 3209 3060 spicas
3258 2999 3502 3046 conterat
3551 2999 3603 3047 et

2003 3076 2291 3132 manducet
2333 3095 2346 3143 ;
2395 3084 2452 3130 ut
2496 3077 2566 3132 de
2611 3085 2798 3148 segete
2845 3095 2964 3148 quae
3010 3078 3166 3133 alteri
3213 3078 3427 3135 videtur
3473 3095 3600 3136 esse

2000 3165 2263 3233 subjecta,
2287 3181 2385 3235 per
2406 3164 2652 3220 effectum
2667 3165 2795 3220 boni
2812 3165 3012 3236 operis,
3028 3165 3299 3222 frumenta
3313 3167 3600 3224 Dominica

2000 3252 2251 3307 vitiorum
2273 3268 2496 3321 suorum
2517 3252 2691 3323 paleis
2710 3252 3040 3323 exspolietur
3067 3252 3385 3328 [exspoliet]
3407 3257 3594 3326 (Deut.

1998 3342 2184 3411 xxxii),
2220 3347 2273 3396 et
2301 3340 2357 3394 in
2392 3341 2639 3396 ecclesias
2683 3356 2881 3413 corpus
2927 3343 3220 3409 monendo,
3263 3351 3315 3399 et
3362 3359 3599 3415 persua-

2001 3430 2198 3495 dendo,
2261 3428 2412 3500 quasi
2471 3429 2779 3484 mandendo
2837 3438 3132 3488 convertat.
3179 3453 3201 3483 ι
3239 3432 3310 3487 Et
3362 3448 3599 3489 canones

2001 3518 2142 3573 sacri
2173 3517 2358 3573 dicunt
2388 3516 2612 3588 (concil.
2647 3517 2930 3585 Antioch.,
2956 3535 3078 3574 can.
3111 3524 3214 3588 22;
3242 3521 3365 3576 vide
3394 3523 3596 3578 Anton.

2001 3608 2253 3679 August,
2289 3607 2381 3662 lib.
2416 3622 2472 3660 ιν
2492 3607 2614 3662 Jur.
2655 3607 2889 3678 pontiﬁ,
2927 3606 3005 3661 tit.
3058 3609 3170 3679 50),
3201 3616 3258 3662 ut
3301 3609 3592 3681 episcOpus

2002 3695 2238 3750 alienam
2277 3693 2549 3750 civitatem
2593 3711 2713 3766 qum
2762 3710 2871 3750 non
2921 3703 3004 3751 est
3051 3696 3128 3751 illi
3175 3697 3438 3766 subjecta,
3487 3715 3598 3754 non

2003 3784 2182 3849 adeat,
2215 3799 2318 3839 nec
2343 3784 2412 3838 ad
2461 3783 2868 3854 possessionem
2914 3785 3154 3854 accedat,
3197 3802 3318 3858 quae
3357 3787 3428 3841 ad
3474 3803 3599 3842 eum

2001 3889 2112 3928 non
2164 3873 2395 3944 pertinet
2443 3889 2608 3944 super
2654 3873 2993 3930 ordinatione
3039 3875 3406 3947 cujusquam;
3453 3876 3602 3946 quod

2003 3976 2106 4018 nec
2134 3978 2222 4018 me
2250 3962 2447 4018 fecisse
2494 3961 2775 4034 intelligo;
2808 3979 2933 4018 cum
2962 3963 3128 4019 iidem
3177 3965 3317 4020 sacri
3360 3980 3599 4020 canones

2005 4051 2230 4106 dicant:
2266 4052 2366 4105 Per
2413 4051 2656 4123 singulas
2705 4051 2961 4123 regiones
3011 4053 3299 4123 episc0pos
3345 4053 3600 4108 convenit

2005 4154 2188 4204 nosse,
2214 4138 2686 4209 metropolitanum
2722 4139 3038 4209 episcOpum
3070 4140 3489 4196 sollicitudinem
3511 4148 3599 4196 to-

2004 4228 2108 4281 tius
2137 4227 2428 4297 provinciaa
2466 4241 2678 4297 gerere.
2712 4227 2867 4283 Unde
2896 4227 2951 4280 in
2983 4244 3298 4299 quacunque
3343 4229 3602 4299 parochia

2007 4318 2168 4370 totius
2198 4315 2489 4385 provincia:
2537 4315 2714 4370 visum
2742 4315 2874 4370 mihi
2909 4315 3084 4382 fuerit,
3118 4316 3256 4372 sicut
3285 4323 3338 4372 et
3367 4317 3424 4371 in
3453 4317 3598 4372 Lau-

2006 4404 2235 4460 dunensi
2268 4403 2522 4474 parochia
2551 4420 2694 4476 saepe
2732 4405 2842 4472 jam
2874 4404 2980 4476 egi,
3033 4406 3332 4460 secundum
3364 4405 3596 4462 Chalce-

291 4506 550 4576 impetiar
568 4506 1010 4576 respondendum
1065 4512 1165 4573 est,
1186 4504 1286 4560 sed
1308 4505 1362 4558 in
1384 4505 1612 4575 synodo.
1639 4525 1660 4554 )
1687 4504 1808 4559 Non
1831 4503 1914 4558 vi-
1938 4491 1990 4551 D
2013 4494 2283 4548 donenses
2312 4508 2550 4548 canones
2581 4501 2631 4548 et
2660 4494 2879 4550 decreta
2909 4494 3054 4549 sedis
3099 4495 3354 4550 Romanae
3383 4493 3598 4566 pontifi-

293 4595 454 4661 dens,
487 4595 573 4649 vel
612 4595 792 4665 potius
840 4594 1150 4666 arrogantia
1193 4609 1370 4649 caecus
1412 4592 1598 4648 videre
1641 4608 1749 4648 non
1795 4607 1896 4648 va-

292 4684 437 4750 lens,
471 4682 593 4755 quia
622 4683 770 4738 aliud
799 4689 900 4751 est,
936 4682 982 4737 si
1013 4697 1046 4736 a
1078 4698 1351 4754 quoquam
1382 4681 1656 4753 impetitur
1685 4681 1772 4737 vel
1801 4697 1897 4736 ac-

293 4780 552 4839 cusatur;
584 4778 638 4828 et
679 4771 824 4826 aliud
870 4779 972 4838 est,
1015 4771 1061 4826 si
1092 4787 1192 4841 pro
1240 4771 1621 4827 reclamatione
1670 4770 1897 4839 alicujus

292 4877 364 4916 ex
395 4876 496 4915 sua
525 4860 789 4931 parochia
818 4875 851 4914 a
871 4859 1289 4929 metropolitano
1322 4867 1713 4926 commonetur,
1746 4866 1802 4912 ut
1834 4874 1900 4914 ea

293 4965 418 5021 quae
434 4965 668 5019 propere
686 4948 1004 5020 [legenduim
1023 4948 1243 5004 videtur
1257 4947 1510 5020 perpere]
1534 4948 1662 5019 egit,
1684 4946 1900 5018 provin-

291 5037 447 5093 cialis
477 5037 764 5108 episcOpus
811 5037 1101 5093 emendare
1145 5044 1417 5102 monetur,
1452 5044 1542 5091 aut
1585 5051 1686 5107 pro
1718 5035 1897 5091 causis

293 5126 629 5183 necessariis
688 5140 990 5181 consensus
1046 5124 1190 5180 illius
1252 5123 1562 5196 requiritur.
1611 5125 1750 5178 Nam
1797 5139 1897 5194 pro

291 5215 549 5272 omnibus
578 5214 819 5270 omnium
846 5213 1103 5287 negotiis,
1165 5213 1254 5284 qui
1283 5213 1521 5283 undique
1545 5213 1696 5281 juxta
1726 5227 1896 5267 cano-

291 5321 395 5360 nes
424 5304 495 5359 ad
523 5302 869 5375 metropolim
901 5319 1054 5357 suam
1101 5301 1447 5365 conveniunt,
1490 5301 1558 5355 ad
1589 5316 1712 5355 eum
1742 5316 1895 5356 com-

291 5393 631 5449 monendum
657 5407 766 5447 non
806 5392 988 5456 debet,
1015 5407 1117 5447 nec
1143 5390 1287 5448 valet
1330 5388 1769 5460 metropolitanus
1801 5405 1896 5459 sy-

293 5482 503 5538 nodum
534 5497 854 5537 convocare.

367 5569 740 5648 Repreliendit
770 5569 934 5627 etiam
971 5586 1078 5637 me,
1113 5567 1237 5645 quia
1265 5567 1647 5637 Carlomanno,
1682 5572 1733 5621 et
1762 5564 1893 5632 suis,

2007 4598 2150 4650 cum,
2183 4580 2351 4636 libere
2368 4597 2586 4652 possum
2613 4583 2880 4652 synodum
2901 4598 3224 4649 convocare,
3251 4591 3303 4638 et
3321 4583 3598 4654 corrigere

2000 4670 2231 4743 singula,
2289 4670 2333 4724 si
2388 4687 2509 4742 quze
2565 4670 2812 4726 fortassis
2881 4672 3221 4727 emerserint.
3280 4672 3401 4726 Non
3461 4687 3596 4744 ergo

2002 4759 2229 4815 alienam
2260 4758 2547 4828 civitatem,
2595 4775 2715 4831 qua
2744 4775 2851 4815 non
2883 4768 2964 4814 est
2993 4759 3123 4814 mihi
3169 4759 3401 4827 subdita,
3435 4759 3542 4814 adii
3577 4779 3590 4827 ;

1999 4862 2102 4905 nec
2130 4849 2196 4902 ad
2221 4849 2625 4918 possessionem
2660 4864 2780 4920 quas
2809 4849 2876 4903 ad
2909 4865 2997 4904 me
3024 4864 3131 4902 non
3162 4849 3398 4919 pertinet
3429 4866 3597 4920 super

2008 4935 2348 4993 ordinatione
2395 4938 2715 5007 cujusquam
2763 4936 2989 4992 accessi.
3049 4935 3183 5005 Quae
3229 4937 3332 4992 etsi
3374 4938 3593 4993 Laudul

2009 5024 2194 5079 nensis
2230 5025 2489 5096 parochia
2530 5024 2663 5079 mihi
2716 5025 2771 5078 in
2825 5023 3114 5097 privilegio
3172 5027 3595 5097 metropolitanae

2011 5113 2156 5168 sedis
2187 5129 2296 5167 non
2326 5121 2470 5168 esset
2500 5113 2736 5181 subjecta
2759 5132 2772 5179 ;
2792 5113 2860 5168 de
2890 5121 3078 5184 segete
3107 5131 3224 5186 quae
3254 5114 3408 5170 alteri
3437 5115 3594 5172 vide-

2004 5202 2160 5256 batur
2187 5217 2309 5256 esse
2336 5201 2646 5268 commissa,
2677 5217 2776 5272 per
2807 5200 3057 5257 effectum
3106 5202 3235 5258 boni
3265 5204 3448 5275 operis
3478 5203 3596 5259 fru-

2001 5299 2186 5345 menta
2215 5289 2484 5344 dominica
2527 5289 2780 5345 vitiorum
2809 5305 3031 5346 suorum
3061 5291 3234 5362 paleis
3255 5293 3590 5363 exspoliare,

2000 5386 2052 5434 et
2098 5378 2155 5432 in
2210 5377 2471 5432 Ecclesia:
2527 5393 2730 5449 corpus
2785 5380 3056 5436 monendo
3087 5389 3138 5435 et
3183 5381 3588 5452 persuadendo,

2001 5466 2152 5540 quasi
2182 5464 2508 5534 mandendo,
2540 5466 2712 5522 libere
2741 5484 2962 5538 possem
2989 5477 3327 5526 convertere.

2070 5563 2177 5618 Sed
2207 5571 2260 5619 et
2289 5563 2433 5638 quod
2473 5563 2787 5638 scripsimus
2816 5566 2870 5620 in
2914 5565 3146 5638 epistola
3174 5565 3243 5621 de
3272 5580 3593 5622 excommu-
