4174 6324
543 252 648 308 599

1497 245 1840 303 amarum
1869 239 2271 302 RHEMENSIS
2299 215 2850 298 ARCHIEPISCOPI.

3743 242 3853 296 600

544 373 816 432 nicatione
853 365 1179 446 complicum
1228 370 1591 440 Carlomanni,
1623 387 1724 444 per
1769 371 2016 428 diversos
2044 385 2138 425 ar-
2167 369 2224 432 Α
2243 374 2324 424 ter
2351 374 2404 424 et
2431 367 2614 438 ipsum
2641 367 2838 423 solum.
2878 367 3176 438 Utrumque
3213 363 3359 420 enim
3386 361 3695 421 faciendum
3737 373 3844 432 est,

547 463 928 534 chiepiscopos
985 461 1296 535 dirigenda,
1355 461 1648 518 dicentes:
1687 482 1710 512 ε
1756 461 1840 516 Ea
1892 457 2148 514 videlicet

549 551 882 617 conditione,
927 557 988 606 ut
1033 550 1334 606 secundum
1388 549 1620 606 formam
1676 547 1894 620 mystici
1939 545 2149 602 Nicaani

550 638 786 710 concilii,
809 645 864 694 et
877 637 1079 694 Africae
1097 637 1394 710 provinciae
1410 651 1704 703 canonum,
1722 637 1984 707 juxtaque
2013 648 2148 706 apo-

549 727 758 784 stolicte
785 727 934 784 sedis
974 727 1200 784 decreta
1235 725 1552 798 pontiﬁcum
1592 725 1792 792 Siricii,
1825 722 2146 788 Innocentii,

552 814 852 882 Coelestini,
902 815 1120 883 Leonis,
1165 814 1478 886 ubicunque
1521 813 1742 880 fuerint,
1791 811 1982 868 ultima
2026 827 2150 883 pce-

551 901 798 971 nitentia,
832 911 886 959 et
913 903 1210 961 necessarii
1258 901 1439 958 viatici
1484 901 1796 960 communio
1840 900 2150 972 petentibus

553 1007 666 1049 non
694 1001 942 1065 negetur.
970 1013 994 1043 ι
1031 991 1340 1048 Secundum
1379 1007 1532 1046 suam
1560 989 1895 1062 singularem
1929 989 2150 1060 sapien—

551 1079 684 1136 tiam
721 1080 964 1154 corrigit,
1014 1079 1262 1136 scribens
1290 1079 1348 1134 in
1376 1094 1477 1134 sua
1505 1079 1681 1135 rotula
1713 1096 1726 1133 :
1763 1099 1786 1130 ι
1825 1079 1906 1133 De
1952 1077 2150 1134 viatico

552 1175 734 1225 autem
761 1167 870 1225 illis
907 1167 1280 1235 concedendo,
1310 1183 1423 1223 non
1451 1167 1559 1223 nisi
1583 1183 1684 1238 per
1723 1165 2146 1238 professionem,

550 1256 764 1314 etiamsi
793 1255 850 1313 in
879 1256 1066 1312 ultimo
1111 1256 1219 1310 sint
1261 1255 1444 1327 positi,
1493 1254 1745 1312 videlicet
1782 1261 1840 1310 ut
1870 1255 1917 1310 si
1963 1261 2153 1325 postea

555 1343 914 1412 convaluerit,
945 1343 1196 1416 quisquis
1226 1359 1415 1400 eorum
1436 1343 1728 1402 vitiaticum
1758 1343 1814 1398 in
1842 1340 2150 1397 inﬁrmitate

551 1433 763 1506 positus
809 1432 1045 1504 petierit,
1095 1431 1416 1504 proﬁteatur
1471 1448 1580 1488 non
1635 1431 1866 1487 ulterius
1914 1447 1974 1486 se
2026 1429 2154 1486 talia

551 1529 817 1587 acturum,
851 1536 1029 1592 neque
1068 1520 1208 1576 talia
1251 1521 1541 1592 agentibus
1571 1535 1631 1576 se
1678 1519 2149 1592 participaturum.

555 1609 830 1678 Quoniam
855 1609 910 1665 in
940 1608 1055 1664 suis
1083 1608 1160 1664 ita
1187 1615 1406 1666 sanctus
1446 1623 1594 1682 papa
1623 1607 1876 1665 Gelasius
1923 1607 2156 1663 instituit

2248 456 2386 512 sicut
2427 456 2752 511 inﬁrmitatis
2809 453 3098 510 diversitas
3148 453 3402 510 admonet
3445 469 3653 522 eorum,
3707 469 3847 526 quos
3895 508 3902 512 .

2249 545 2436 617 utique
2463 561 2572 600 non
2604 545 2934 616 perdendos,
2958 543 3056 598 sed
3085 543 3443 616 corrigendos
3464 542 3848 614 curandosque

2250 634 2616 706 suscepimus.
2661 654 2684 683 »
2721 632 2857 702 Qua
2885 633 3055 690 verba
3087 631 3380 688 testimonii
3408 647 3442 685 a
3467 647 3526 686 se
3555 631 3610 686 in
3643 631 3848 703 scripto

2251 738 2352 778 suo
2380 722 2541 794 positi
2571 721 2617 776 si
2646 722 2970 791 attenderet,
3013 721 3164 775 illam
3205 719 3568 792 perniciosam
3617 735 3848 776 excom-

2249 810 2670 867 municationem
2697 811 2766 866 ad
2793 809 3156 882 perditionem
3195 809 3506 874 multorum,
3555 823 3694 881 quos
3737 824 3851 864 non

2249 900 2580 971 perdendos,
2628 898 2725 954 sed
2765 898 3122 970 corrigendos
3163 899 3541 970 curandosque
3585 897 3848 968 suscepit,

2251 988 2517 1044 intentare
2562 1003 2905 1061 nequaquam
2947 995 3320 1058 praesumeret.
3357 985 3476 1056 Quo
3524 993 3714 1042 contra
3744 987 3852 1042 Sa-

2251 1077 2438 1132 lomon
2467 1077 2625 1132 dicit:
2647 1077 2808 1134 Sicut
2836 1077 3005 1149 spina
3032 1079 3094 1132 in
3115 1093 3296 1132 manu
3325 1077 3666 1132 temulenti:
3689 1077 3773 1132 sic
3795 1080 3854 1131 et

2251 1167 2317 1222 in
2336 1181 2428 1222 ore
2447 1165 2618 1222 stulti
2629 1165 2896 1238 parabola
2927 1166 3108 1235 (Prov.
3133 1167 3236 1237 rx).
3272 1165 3340 1221 Ut
3361 1165 3502 1219 enim
3523 1164 3855 1220 temulentus

2253 1255 2468 1326 spinam
2497 1253 2552 1308 in
2591 1269 2757 1309 manu
2795 1269 2992 1327 gerens
3043 1253 3284 1324 seipsum
3321 1253 3570 1309 vulnerat
3600 1273 3614 1320 ;
3647 1253 3724 1309 ita
3759 1252 3858 1324 qui

2253 1342 2502 1398 incautus
2544 1350 2628 1398 est
2671 1341 2742 1397 ad
2770 1342 3124 1414 loquendum,
3170 1341 3436 1397 sententia
3482 1356 3582 1397 sua
3629 1357 3689 1397 se
3718 1357 3856 1412 per-

2253 1431 2402 1487 cutit.
2426 1431 2495 1486 Et
2513 1431 2645 1486 item
2662 1430 2717 1486 in
2739 1432 2934 1486 eodem
2963 1431 3272 1486 testimonio
3293 1430 3484 1487 beatus
3515 1429 3860 1504 Augustinus

2253 1519 2430 1575 dicit:
2467 1540 2491 1570 «
2535 1520 2613 1574 Ita
2663 1519 2828 1574 etiam
2871 1525 2954 1574 est
2999 1519 3134 1574 ratio
3179 1518 3574 1587 dissimulandi,
3623 1526 3676 1574 et
3719 1517 3858 1574 tole-

2255 1606 2407 1662 randi
2443 1607 2616 1663 malos
2654 1607 2711 1662 in
2749 1606 3031 1664 Ecclesia:
3067 1614 3120 1662 et
3150 1615 3233 1664 est
3269 1624 3459 1663 rursus
3501 1607 3642 1662 ratio
3679 1607 3854 1662 casti-

551 1697 859 1754 constitutis
896 1718 916 1766 ;
965 1697 1231 1753 sententia
1275 1695 1599 1770 praeﬁgitur,
1661 1698 1749 1753 vel
1795 1694 2018 1768 praeﬁxa
2075 1701 2155 1750 est
2182 1725 2236 1784 Β
2257 1695 2444 1768 gandi,
2469 1695 2800 1768 corrigendi,
2825 1711 2932 1750 non
2955 1695 3296 1761 admittendi,
3317 1695 3452 1751 vela
3473 1695 3859 1751 communione

555 1801 774 1858 semper
811 1785 1003 1842 errori.
1037 1785 1174 1854 Quae
1221 1785 1488 1841 sententia
1520 1785 1646 1841 huic
1673 1785 1848 1841 errori
1892 1783 2152 1856 praefixa,

557 1889 836 1946 nunquam
875 1875 1096 1930 omnino
1147 1873 1466 1930 resolvetur.
1503 1894 1526 1924 ι
1565 1873 1686 1942 Qua
1707 1873 1777 1928 de
1822 1889 1884 1928 re
1915 1872 2045 1945 quid
2075 1879 2159 1927 est

559 1963 720 2020 nobis
748 1963 1043 2034 agendum,
1077 1961 1202 2018 misi
1240 1961 1504 2017 intremus
1534 1962 1682 2033 apud
1709 1961 1858 2017 illum
1903 1961 1962 2015 in
1989 1961 2156 2016 scho-

560 2050 688 2119 lam,
721 2059 775 2108 et
801 2067 902 2106 nos
948 2049 1256 2124 magistrali
1299 2050 1471 2106 ferula
1515 2051 1730 2119 doceat,
1781 2049 1926 2122 quod
1973 2050 2158 2104 Patres

563 2140 656 2212 qui
682 2139 738 2194 in
771 2139 1050 2196 Nicmnum
1089 2138 1377 2196 concilium
1423 2145 1816 2206 convenerunt,
1842 2145 1895 2194 et
1923 2153 2158 2194 canones

562 2227 754 2300 spiritu
797 2226 900 2283 Dei
941 2227 1210 2297 conditos,
1260 2243 1661 2300 mansurasque
1705 2243 1881 2299 usque
1906 2225 1966 2282 in
1996 2225 2158 2282 ﬁnem

561 2315 750 2373 saculi
793 2313 950 2389 leges
985 2315 1329 2386 praeﬁxerunt
1358 2316 1387 2371 τ
1427 2315 1536 2371 Sed
1585 2322 1638 2370 et
1681 2315 1923 2386 episcopi
1965 2313 2160 2370 Africae

559 2398 878 2476 provinciae,
909 2403 1049 2460 inter
1097 2420 1236 2476 quos
1265 2412 1316 2460 et
1346 2403 1748 2459 famosissimus
1797 2402 2154 2476 Augustinus,

561 2507 673 2548 non
698 2506 870 2563 parva
897 2491 1094 2548 Christi
1119 2492 1314 2564 portio,
1348 2499 1401 2547 et
1421 2491 1684 2548 Ecclesia
1703 2491 1980 2548 catholica:
2001 2491 2160 2546 insti-

561 2579 719 2648 tutio,
751 2587 913 2652 atque
937 2579 1202 2650 defensio,
1251 2581 1471 2648 exstitit,
1514 2581 1841 2650 nescierunt,
1892 2579 1979 2636 vel
2009 2579 2161 2635 obliti

562 2666 827 2726 fuerunt?
857 2668 968 2724 Sed
995 2675 1050 2724 et
1091 2667 1339 2740 Siricius,
1388 2668 1756 2738 Innocentius,
1813 2667 2157 2732 leestinus,

547 2763 622 2814 “et
650 2757 760 2814 Leo
786 2756 1070 2828 percipere
1095 2773 1206 2812 non
1235 2758 1573 2829 potuerunt?
1601 2757 1987 2813 Verumtamen
2035 2757 2163 2828 quia

567 2844 729 2901 nobis
757 2843 828 2900 de
853 2845 958 2900 hac
987 2859 1157 2901 causa
1197 2845 1393 2901 sufﬁcit
1433 2853 1729 2914 tantorum,
1771 2860 1998 2917 quorum
2044 2843 2160 2900 for-

567 2949 714 2988 mam
757 2931 1140 3005 praemisimus,
1191 2933 1457 2990 catholica
1484 2941 1536 2989 et
1577 2933 1828 2988 salutaris
1867 2932 2114 2988 doctrina
2145 2951 2158 3000 ;

562 3020 652 3079 cui
679 3037 746 3076 ex
776 3021 1072 3094 superﬂuo,
1120 3020 1208 3078 vel
1237 3021 1417 3094 potius
1463 3037 1530 3076 ex
1581 3021 1834 3093 angustia
1879 3021 2158 3093 quiddam,

569 3109 725 3182 quasi
751 3109 1170 3181 dissimulando,
1203 3110 1574 3182 superaddere
1604 3110 1773 3166 voluit
1798 3126 1861 3166 ac
1890 3126 2162 3181 praesum-

565 3197 714 3270 psit;
746 3198 1002 3271 quoniam
1033 3214 1158 3254 eum
1196 3199 1548 3270 repercussit,
1581 3205 1766 3256 contra
1796 3215 1956 3270 quam
1983 3198 2038 3254 in
2068 3215 2164 3254 sua

568 3287 879 3359 perniciosa
907 3287 1462 3345 excommunicatione
1507 3303 1675 3360 agere
1703 3303 1812 3342 non
1841 3288 2115 3359 pertimuit
2148 3305 2162 3342 :

572 3381 627 3430 et
653 3375 778 3431 ideo
819 3375 905 3432 sui
949 3389 1252 3432 consensus
1297 3375 1504 3432 litteras
1531 3377 1589 3431 in
1613 3375 1946 3448 praescriptis
1993 3391 2164 3432 cano-

571 3477 704 3520 num
732 3471 786 3520 et
813 3463 1156 3521 decretorum
1199 3465 1512 3536 apostolicae
1537 3465 1683 3520 sedis
1709 3463 2026 3536 pontiﬁcum
2057 3463 2165 3518 dif-

574 3549 911 3610 ﬁnitionibus
937 3556 1152 3609 mittere
1197 3553 1332 3608 mihi
1359 3567 1522 3609 ausus
1563 3569 1673 3609 non
1703 3552 1819 3608 fuit.
1854 3554 1922 3608 Et
1970 3553 2168 3608 accidit

573 3639 710 3698 illud
739 3641 885 3714 quod
927 3641 1188 3714 scriptum
1233 3650 1352 3700 est:
1385 3641 1490 3711 Qui
1519 3642 1720 3715 fugerit
1765 3657 1918 3697 arma
1963 3641 2162 3710 ferrea,

573 3728 740 3786 irruet
767 3729 1039 3787 in-arcum
1065 3747 1292 3789 aereum.
1332 3732 1475 3788 Dum
1503 3730 1650 3786 enim
1681 3731 1850 3787 vitare
1877 3731 2066 3798 voluit,
2097 3746 2167 3786 ne

576 3825 766 3874 contra
795 3834 906 3875 suae
935 3818 1256 3890 perniciosae
1292 3819 1866 3876 excommunicationis
1893 3834 2165 3890 praesum-

575 3905 818 3978 ptionem
846 3907 903 3963 in
931 3923 1203 3966 consensu
1249 3908 1352 3964 sibi
1389 3908 1646 3964 mandato
1675 3923 1710 3964 a
1739 3923 1844 3973 me,
1881 3907 2164 3980 scriberet,

573 4002 629 4052 et
655 3995 724 4052 de
749 3995 870 4070 ipsa
896 3997 1323 4069 praesumptione
1344 3996 1544 4053 illicitae
1574 3995 2161 4063 excommunicationis,

575 4090 630 4141 et
671 4083 742 4142 de
785 4093 1096 4158 contempto
1135 4085 1426 4160 privilegio
1475 4102 1588 4142 suae
1628 4085 1964 4158 metropolis,
2007 4093 2059 4140 et
2097 4085 2166 4142 de

572 4173 945 4232 inobedientia
979 4182 1165 4232 contra
1202 4190 1360 4232 suam
1397 4175 1792 4248 professionem
1829 4183 1882 4232 et
1919 4173 2166 4231 subscri-

567 4263 828 4334 ptionem,
859 4263 917 4320 in
941 4264 1203 4334 judicium
1243 4281 1523 4322 sacrarum
1561 4265 1766 4339 legum,
1806 4272 1860 4321 et
1895 4279 2166 4322 canonum

572 4359 627 4408 et
655 4353 995 4409 decretorum
1017 4353 1328 4424 apostolicae
1369 4353 1515 4408 sedis
1544 4353 1861 4424 pontificum
1889 4353 2061 4408 irruit.
2097 4353 2166 4408 Et

2257 1783 2592 1840 removendi.
2651 1785 2848 1840 Errant
2893 1791 3076 1840 autem
3127 1783 3374 1840 homines
3422 1800 3532 1840 non
3576 1791 3858 1840 servantes

2255 1872 2518 1940 modum;
2551 1880 2604 1928 et
2634 1887 2757 1928 cum
2786 1873 2842 1927 in
2878 1887 3044 1928 unam
3073 1880 3283 1944 partem
3326 1873 3599 1944 proclives
3627 1872 3707 1928 ire
3738 1888 3858 1928 coe-

2255 1961 2455 2033 perint,
2486 1976 2596 2016 non
2619 1960 2922 2033 reSpiciunt
2963 1961 3162 2017 divina
3199 1961 3532 2018 auctoritatis
3561 1961 3669 2016 alia
3697 1961 3857 2018 testi-

2255 2049 2456 2115 monia,
2499 2049 2694 2121 quibus
2734 2057 2964 2120 possunt
3001 2049 3068 2104 ab
3110 2050 3204 2106 illa
3247 2049 3543 2105 intentione
3581 2049 3854 2121 revocari,

2258 2146 2310 2192 et
2339 2137 2396 2192 in
2425 2154 2487 2194 ea
2517 2155 2638 2210 quae
2659 2153 2726 2195 ex
2765 2137 3014 2210 utrisque
3052 2145 3348 2210 temperata
3387 2148 3488 2208 est,
3536 2139 3764 2194 veritate
3803 2145 3858 2194 et

2260 2227 2634 2282 moderatione
2679 2227 3048 2284 consistere.»
3082 2229 3152 2283 Et
3197 2227 3242 2282 si
3281 2229 3422 2284 hanc
3467 2227 3855 2284 discretionem

2259 2315 2593 2386 corripiendi
2625 2323 2677 2369 et
2705 2316 3231 2385 excommunicandi,
3265 2324 3356 2372 aut
3393 2315 3776 2371 dissimulandi
3804 2323 3857 2371 et

2258 2403 2528 2458 tolerandi
2555 2403 2729 2458 malos
2755 2404 2810 2458 in
2829 2404 3095 2471 Ecclesia,
3119 2420 3284 2477 quam
3313 2405 3502 2460 beatus
3523 2405 3858 2478 Augustinus

2261 2491 2410 2558 dixit,
2455 2499 2508 2546 et
2555 2507 2621 2546 ex
2677 2491 2862 2547 verbis
2919 2493 3059 2548 sacri
3115 2492 3316 2564 eloquii
3371 2492 3704 2548 ratissimam
3755 2493 3856 2548 de-

2261 2579 2602 2646 monstravit,
2633 2578 2802 2636 frater
2841 2580 3168 2636 Hincmarus
3201 2581 3489 2636 attendens
3516 2597 3548 2635 a
3575 2589 3856 2652 metropo-

2259 2667 2426 2723 litano
2455 2684 2558 2723 suo
2588 2669 2757 2724 semel
2787 2676 2842 2724 et
2873 2669 3110 2725 secundo
3149 2685 3216 2724 ex
3253 2669 3572 2742 evangelica
3609 2669 3856 2738 veritate,

2262 2765 2316 2811 et
2341 2756 2640 2827 apostolica
2683 2764 2842 2830 atque
2873 2758 3136 2814 canonica
3173 2758 3511 2830 auctoritate,
3542 2765 3598 2814 et
3625 2758 3860 2814 decretis

2263 2845 2574 2916 apostolica:
2611 2846 2758 2900 sedis
2801 2847 3177 2916 commonitus,
3209 2855 3267 2902 ut
3294 2848 3540 2904 eamdem
3581 2847 3860 2918 pernicio-

2263 2949 2380 2990 sam
2438 2935 3048 2991 excommunicationem
3103 2935 3424 3002 resolveret,
3483 2936 3540 2990 in
3595 2935 3863 3008 pertinaci

2264 3023 2606 3079 contumacia
2635 3039 2736 3079 sua
2763 3023 2818 3078 in
2847 3039 3002 3079 suum
3043 3024 3344 3095 periculum
3372 3040 3482 3080 non
3517 3025 3858 3096 persisteret.

2335 3112 2534 3166 Contra
2564 3113 2716 3181 cujus
2745 3112 3184 3183 inobedientiam,
3229 3113 3318 3185 qui
3345 3112 3497 3183 mihi,
3532 3129 3632 3168 suo
3662 3121 3866 3168 metro-

2263 3200 2524 3272 politano,
2558 3200 2764 3256 litteras
2803 3201 2887 3256 sui
2917 3218 2981 3257 ex
3007 3203 3112 3258 hac
3141 3217 3304 3258 causa
3342 3218 3644 3258 consensus
3673 3211 3864 3259 contu-

2264 3289 2493 3345 maciter
2512 3289 2726 3345 mittere
2759 3290 3046 3359 recusavit,
3069 3291 3196 3364 quid
3213 3307 3381 3347 sacrae
3407 3291 3561 3365 leges
3581 3299 3634 3348 et
3655 3291 3865 3364 regulae

2265 3379 2468 3446 dicant,
2517 3379 2838 3451 subjungam
2863 3395 2874 3434 :
2898 3379 3169 3436 Honorius
3207 3389 3260 3436 et
3296 3381 3633 3436 Theodosius
3675 3383 3860 3454 Augg.

2265 3467 2320 3524 in
2363 3467 2526 3538 legali
2575 3467 2719 3522 edito
2765 3484 2884 3535 suo,
2935 3469 3141 3524 directo
3185 3468 3400 3524 Aurelio
3442 3469 3865 3541 Carthaginensi

2267 3555 2698 3626 archiepisc0po,
2724 3557 3106 3623 decreverunt,
3165 3557 3446 3613 dicentes:
3483 3557 3740 3631 «Religio
3763 3559 3864 3612 ita-

2267 3660 2373 3717 que
2402 3651 2492 3698 tua
2519 3645 2948 3716 competentibus
2992 3645 3220 3716 scriptos
3258 3646 3541 3702 universos
3573 3647 3863 3718 episcopos

2266 3732 2429 3788 faciat
2445 3733 2756 3802 _admoneri,
2791 3733 3020 3789 scituros
3059 3732 3376 3790 diﬁinitione
3419 3735 3759 3791 sanctimonii
3788 3736 3867 3791 tui

2265 3822 2408 3876 hanc
2435 3821 2539 3876 sibi
2579 3821 2952 3878 diﬁinitionem
2997 3838 3121 3878 esse
3158 3823 3508 3894 procriptam,
3537 3831 3597 3878 ut
3625 3823 3864 3896 quicun-

2268 3926 2375 3982 que
2429 3910 2761 3966 damnationi
2807 3926 2972 3982 supra
3025 3920 3468 3979 memoratorum,
3529 3929 3636 3985 quo
3685 3921 3864 3984 pateat

2265 4015 2422 4054 mens
2451 4013 2602 4069 pura,
2635 3999 2973 4055 subscribere
3012 3999 3178 4071 impia
3206 4001 3566 4057 obstinatione
3595 4003 3862 4076 neglexe-

2266 4087 2392 4155 rint,
2455 4086 2797 4158 episcopatus
2839 4087 3134 4144 amissione
3179 4089 3406 4158 multati,
3471 4089 3760 4146 interdicta
3807 4090 3862 4146 in

2265 4183 2610 4246 perpetuum,
2643 4175 2855 4247 expulsi
2883 4176 3210 4246 civitatibus,
3233 4178 3614 4234 communione
3641 4180 3864 4250 priven-

2266 4271 2366 4320 tur.
2407 4287 2428 4312 η
2461 4265 2529 4318 Ει
2564 4264 2726 4336 paulo
2765 4273 2886 4335 post
2919 4282 2931 4319 :
2971 4286 2993 4315 ι(
3019 4266 3134 4320 Una
3174 4265 3320 4320 enim
3362 4267 3662 4339 eademque
3702 4268 3864 4339 culpa

2270 4360 2353 4410 est
2393 4368 2584 4409 eorum
2621 4353 2714 4425 qui
2762 4360 2853 4408 aut
2895 4353 3288 4410 dissimulando
3334 4355 3720 4424 cohibentiam,
3773 4364 3866 4412 aut

565 4447 625 4496 ut
653 4447 910 4498 statueret
951 4456 1102 4496 suam
1149 4441 1492 4510 sententiam,
1533 4441 1713 4513 posuit
1750 4441 1803 4496 in
1835 4442 2028 4497 eodem
2067 4456 2164 4497 suo
2192 4437 2377 4497 Dnon
2413 4441 2721 4496 damnando
2765 4441 3007 4498 favorem
3047 4443 3268 4498 noxium
3309 4445 3699 4515 praestiterunt.
3738 4467 3760 4496 ν
3795 4446 3864 4500 Et

567 4529 772 4602 scripto
817 4529 1186 4585 testimonium
1229 4537 1420 4586 contra
1450 4546 1510 4586 se
1558 4529 1702 4585 beati
1763 4529 2047 4602 Augustini
2099 4545 2166 4584 ex

569 4617 710 4675 libro
740 4617 810 4674 de
841 4616 950 4674 ﬁde
977 4611 1029 4674 Et
1057 4618 1330 4690 Operibus,
1354 4619 1426 4675 de
1455 4617 1781 4673 discretione
1807 4617 2167 4689 correptionis

569 4715 626 4764 et
681 4707 1250 4765 excommunicationis
1291 4726 1307 4774 ;
1353 4715 1407 4764 et
1460 4706 1618 4779 quasi
1674 4705 1888 4776 fugiens
1944 4721 1978 4762 a
2031 4704 2166 4762 facie

568 4793 765 4862 leonis,
811 4796 964 4852 irruit
1008 4812 1192 4850 ursum
1240 4815 1254 4864 ;
1295 4803 1348 4852 et
1385 4796 1440 4850 in
1483 4795 1646 4850 domo
1692 4793 1903 4848 inuisus
1948 4793 2162 4866 parieti,

570 4883 866 4939 momordit
893 4899 1020 4940 eum
1050 4883 1296 4940 coluber.
1331 4883 1391 4939 Id
1421 4891 1522 4950 est,
1570 4882 1934 4938 testimonium
1977 4891 2166 4940 contra

570 4987 630 5028 se
661 4987 694 5026 a
733 4987 792 5027 se
837 4971 958 5043 ipso
991 4973 1046 5027 in
1095 4973 1300 5043 scripto
1345 4986 1446 5028 suo
1489 4971 1727 5042 positum
1777 4987 1841 5027 ex
1884 4972 2164 5044 scripturis

567 5059 736 5128 illius,
768 5059 860 5132 qui
889 5060 1151 5116 exaltatus
1191 5069 1244 5116 et
1273 5061 1328 5114 in
1357 5075 1541 5128 cruce,
1595 5059 1736 5116 sicut
1769 5063 1983 5134 Moyses
2011 5063 2164 5116 exal-

567 5149 700 5206 tavit
737 5156 1047 5221 serpentem
1086 5149 1144 5204 in
1185 5149 1421 5204 deserto.
1462 5170 1484 5200 α
1527 5150 1648 5204 Non
1693 5158 1794 5217 est,
1837 5151 2011 5222 inquit
2047 5153 2163 5206 Au-

569 5237 822 5314 gustinus
851 5237 906 5292 in
948 5237 1258 5294 testimonio
1297 5238 1366 5294 ab
1405 5238 1691 5294 Hincmaro
1731 5239 1908 5310 posito
1951 5241 2069 5310 (lib.
2099 5239 2165 5295 de

568 5327 700 5384 Fide
721 5330 778 5384 et
805 5324 1104 5398 operibus).
1138 5327 1442 5382 contrarius
1463 5327 1740 5398 apostolus
1760 5328 2012 5398 Domino,
2037 5327 2165 5400 quia

565 5415 702 5471 dixit
733 5432 748 5470 :
781 5415 1078 5471 Peccantes
1109 5431 1294 5472 coram
1325 5416 1574 5472 omnibus
1603 5433 1792 5489 argue,
1817 5424 1874 5472 ut
1905 5425 1954 5472 et
1984 5415 2165 5472 caeteri

563 5514 815 5572 timorem
845 5514 1080 5572 habeant
1121 5532 1134 5571 :
1169 5528 1292 5570 cum
1331 5515 1420 5571 ille
1451 5514 1614 5583 dicat,
1648 5515 1864 5586 corripe
1907 5529 2032 5570 eum
2073 5513 2162 5568 in-

2263 4531 2390 4586 hinc
2408 4531 2463 4585 S.
2501 4530 2803 4602 Gregorius
2832 4531 2900 4586 ad
2933 4530 3168 4587 Felicem
3207 4532 3525 4604 episcopum
3558 4534 3613 4587 in
3634 4533 3861 4590 Serdica

2263 4617 2384 4689 (lib.
2417 4633 2493 4687 IV,
2526 4621 2690 4690 epist.
2714 4617 2770 4690 '7)
2795 4635 2808 4672 :
2837 4639 2860 4669 ι
2892 4618 3152 4688 Qualiter,
3187 4619 3379 4691 inquit,
3413 4621 3743 4690 obedientia,
3775 4620 3863 4677 vel

2263 4706 2334 4762 sit
2357 4707 2663 4762 reverentia
2690 4707 2994 4778 praepositis
3037 4708 3362 4778 exhibenda,
3397 4725 3462 4764 ex
3491 4711 3598 4764 tuis
3642 4725 3860 4782 quoque

2264 4796 2520 4864 subjectis
2549 4796 2666 4866 ipse
2685 4811 2793 4850 non
2822 4796 3074 4870 ambigis.
3109 4799 3168 4851 In
3185 4813 3288 4870 qua
3317 4814 3378 4853 re
3410 4798 3570 4854 valde
3597 4807 3681 4854 est
3709 4799 3858 4868 utile,

2263 4883 2311 4939 si
2338 4884 2395 4938 id
2423 4885 2566 4956 quod
2603 4883 2904 4954 disciplina}
2947 4886 3104 4957 vigor
3145 4886 3392 4958 imponit,
3435 4887 3582 4942 nullo
3629 4895 3864 4960 cogente

2261 4971 2536 5028 humilitas
2566 4971 2839 5028 laudanda
2874 4973 3191 5030 servaverit.
3227 4975 3478 5031 Pervenit
3505 4977 3576 5031 ad
3605 4992 3706 5032 nos
3752 4976 3858 5030 ita-

2262 5078 2367 5134 que
2400 5061 2543 5132 quod
2571 5061 2876 5116 fraternitas
2905 5071 2997 5118 tua
3015 5063 3209 5118 Joanni
3239 5062 3394 5119 fratri
3425 5073 3632 5130 nostro,
3667 5065 3862 5136 primae

2261 5149 2576 5206 Justinianae
2615 5151 2874 5222 episcopo
2917 5153 3213 5208 secundum
3256 5168 3468 5210 morem
3515 5154 3863 5214 constitutum

2264 5239 2361 5312 [aL
2396 5239 2550 5294 abest
2577 5241 2947 5314 constitutum]
2991 5257 3189 5312 parere
3227 5242 3510 5313 despiciat,
3545 5251 3598 5298 et
3625 5259 3730 5299 nec
3758 5244 3861 5298 de-

2263 5335 2414 5383 creto
2445 5329 2580 5398 ejus,
2612 5345 2714 5384 nec
2753 5328 3011 5384 relatione
3043 5330 3163 5402 [al.,
3189 5329 3435 5388 relationi
3465 5347 3624 5403 quam
3656 5332 3726 5388 ad
3758 5347 3861 5388 nos

2262 5415 2476 5489 direxit]
2502 5418 2652 5486 juxta
2688 5419 3157 5488 consuetudinem,
3199 5419 3458 5475 voluisset
3487 5420 3856 5476 subscribere.

2263 5513 2420 5584 Quod
2453 5515 2498 5570 si
2527 5515 2596 5570 ita
2627 5523 2727 5588 est,
2770 5515 3166 5585 contristamur,
3218 5517 3345 5590 quia
3394 5519 3664 5590 superbia
3705 5519 3774 5574 de
3805 5528 3857 5576 te
