4174 6308
359 268 456 322 601

1070 263 1316 322 OPUSC.
1373 264 1463 326 ET
1515 236 1732 322 EPIS'I'.
1793 265 1868 322 IN
1921 263 2150 322 CAUSA
2193 265 2535 326 HINCMARI
2582 269 2886 328 LAUDUN.

3526 271 3638 332 002

359 388 648 448 manifeste
677 388 893 462 praebes
937 387 1192 446 indicium
1227 407 1240 448 :
1274 391 1420 463 quod
1468 407 1632 464 quam
1679 390 1766 457 sit,
1813 407 1955 462 prae-
1981 390 2038 452 A
2057 391 2232 448 nectis
2261 391 2492 460 venerit,
2523 393 2666 450 habe
2693 394 2831 450 tales
2863 394 3114 452 homines
3158 403 3414 456 strenuos
3457 411 3524 456 ac
3549 413 3652 471 pe-

361 479 550 537 sertim
601 477 658 533 in
704 477 987 534 sacerdote
1013 523 1026 544 ,
1075 477 1373 550 culpabile,
1427 478 1624 535 divinae
1669 479 1956 536 clementia

360 565 674 624 monitionis
704 567 974 638 eloquitur
1004 567 1124 640 [al.,
1175 567 1371 624 divinae
1413 567 1796 624 admonitionis
1839 567 1955 625 cla-

359 662 510 712 mant
535 655 794 729 eloquia].
837 656 1130 726 Propterea
1172 657 1478 724 hortamur,
1525 664 1584 712 ut
1623 657 1822 712 mentis
1865 664 1955 712 tu-

360 759 512 800 more
542 743 809 816 deposito,
845 744 1118 801 antedicto
1148 743 1299 799 fratri
1330 751 1384 800 et
1409 745 1736 817 coepiscopo
1765 753 1955 800 nostro

360 832 621 888 humilem
650 840 703 888 te
732 831 1008 899 exhibeas,
1055 841 1109 888 et
1147 848 1345 904 parere
1376 847 1484 889 non
1517 833 1732 890 desinas
1765 851 1779 888 :
1814 848 1954 906 qua-

359 928 518 976 tenus
547 929 602 976 et
631 921 777 976 Deus
803 920 1040 994 gaudeat
1067 920 1124 975 in
1170 919 1525 978 fraternitatis
1571 910 1770 978 vestrm
1818 937 1954 978 con-

358 1009 565 1076 cordia,
625 1015 678 1065 et
723 1009 816 1064 alii
862 1009 932 1065 de
979 1017 1031 1065 te
1075 1016 1290 1066 sumant
1332 1009 1584 1066 bonitatis
1623 1010 1952 1082 exemplum.

358 1098 496 1154 Nam
527 1097 593 1164 si,
627 1097 773 1170 quod
803 1113 912 1153 non
943 1097 1238 1165 credimus,
1288 1105 1341 1153 te
1369 1099 1424 1154 in
1451 1099 1706 1171 superbia
1732 1115 1955 1171 perma-

359 1201 493 1242 nere
521 1185 832 1260 contigerit,
859 1185 1159 1242 districtam
1189 1187 1615 1258 canonicamque
1655 1187 1956 1258 disciplina:

361 1275 757 1332 correctionem
787 1275 1142 1331 contumaciae
1169 1283 1274 1330 tuae
1303 1275 1439 1332 scito
1485 1285 1675 1332 sacros
1717 1290 1956 1333 canones

361 1363 692 1421 ulciscenter
718 1363 1000 1435 imponere
1021 1363 1142 1437 [al.,
1166 1379 1268 1420 nos
1289 1364 1425 1421 scito
1441 1365 1769 1421 ulciscenter
1783 1365 1956 1436 impo-

360 1451 536 1525 nere].
567 1453 714 1508 Bene
743 1467 877 1525 ergo
905 1451 1041 1508 facis
1069 1452 1233 1508 talem
1261 1459 1314 1508 te
1347 1461 1539 1524 sponte
1571 1453 1773 1508 salubri
1817 1467 1954 1510 con-

359 1541 689 1597 sideratione
717 1540 985 1612 praebere,
1035 1541 1211 1612 qualis
1263 1557 1388 1598 esse
1431 1541 1691 1598 canonica
1739 1541 1954 1598 coerci-

359 1629 506 1686 tione
536 1628 656 1702 [al.,
689 1628 996 1686 coerctione
1021 1628 1295 1702 exigente]
1315 1628 1676 1701 compelleris.
1699 1631 1837 1686 Nam
1853 1646 1955 1686 nec

357 1717 456 1774 tibi
483 1718 663 1774 denuo
691 1724 817 1789 post
844 1718 987 1774 hanc
1014 1725 1254 1773 nostram
1298 1719 1723 1775 admonitionem
1769 1719 1954 1776 licebit

359 1807 431 1864 ad
461 1814 566 1862 tuae
593 1805 882 1863 voluntatis
917 1805 1215 1876 arbitrium,
1269 1814 1462 1863 contra
1503 1822 1734 1877 morem,
1781 1807 1953 1877 majo-

357 1895 508 1951 ribus
555 1895 662 1950 tuis
707 1894 1110 1950 inobedientem
1157 1895 1388 1952 existere
1439 1913 1453 1950 :
1502 1911 1606 1952 nec
1647 1911 1749 1951 nos
1794 1903 1954 1950 tantae

357 1983 842 2055 indisciplinationi
871 1983 1300 2040 ecclesiasticam
1343 1999 1646 2057 cognoscas
1693 1984 1954 2040 dissimu-

359 2073 478 2128 lare
502 2071 592 2128 vel
619 2069 842 2127 differre
869 2071 1180 2128 vindictam.
1223 2093 1246 2122 ι
1291 2073 1446 2129 Unde
1493 2072 1836 2129 attendentes
1860 2073 1954 2142 ju-

361 2161 489 2218 dicii
521 2159 994 2217 comminationem
1022 2161 1164 2216 beati
1213 2161 1486 2235 Gregorii,
1533 2169 1719 2218 contra
1767 2162 1958 2218 inobe-

361 2249 620 2307 dientiam
650 2249 1064 2320 archiepiscOpo
1086 2265 1204 2320 suo,
1235 2267 1340 2322 qua
1355 2250 1487 2306 dicit
1518 2269 1531 2304 :
1570 2271 1593 2301 α
1626 2251 1818 2306 Denuo
1832 2257 1958 2322 post

361 2340 504 2396 hanc
531 2345 777 2394 nostram
805 2337 1226 2394 admonitionem
1260 2354 1362 2394 nec
1391 2339 1488 2393 tibi
1515 2338 1698 2396 licebit
1745 2339 1814 2396 ad
1850 2347 1956 2396 tuae

357 2427 648 2484 voluntatis
677 2425 976 2492 arbitrium,
1009 2435 1198 2482 contra
1223 2442 1454 2494 morem,
1502 2427 1802 2496 majoribus
1849 2428 1955 2484 tuis

355 2515 762 2572 inobedientem
791 2514 1026 2570 existere
1061 2533 1074 2569 :
1107 2531 1209 2571 nec
1239 2531 1338 2572 nos
1366 2522 1530 2572 tantae
1573 2515 1954 2588 indisciplina-

357 2604 492 2660 tioni
520 2603 948 2660 ecclesiasticam
976 2619 1284 2678 cognoscas
1315 2605 1678 2673 dissimulare,
1726 2605 1812 2661 vel
1843 2605 1952 2661 dif-

357 2692 506 2749 ferre
532 2691 846 2749 vindictam.
883 2713 906 2744 ι
942 2692 1245 2749 Discernite
1277 2701 1453 2749 utrum
1499 2694 1644 2766 quod
1689 2693 1748 2748 in
1795 2693 1953 2749 terris

358 2777 685 2843 consistens,
718 2785 770 2832 et
797 2777 1214 2834 conversatione
1243 2777 1300 2832 in
1325 2777 1481 2834 caelis
1509 2777 1761 2833 habitans
1781 2777 1954 2834 inten-

357 2865 526 2933 tavit;
571 2872 624 2922 et
670 2865 849 2921 adhuc
892 2865 1178 2920 nobiscum
1219 2865 1275 2920 in
1324 2866 1436 2921 suis
1483 2867 1954 2922 constitutionibus

355 2955 568 3022 vivens,
618 2953 686 3009 de
735 2953 874 3010 coelo
921 2954 975 3008 in
1023 2953 1333 3023 hujusmodi
1381 2955 1621 3010 creditur
1665 2955 1948 3025 intentare,

353 3050 480 3114 post
525 3051 601 3098 tot
645 3042 1094 3098 commonitiones
1115 3083 1129 3112 ,
1173 3042 1469 3098 vindictam
1517 3049 1677 3100 tantae
1720 3044 1950 3101 indisci-

353 3130 636 3205 plinationi
663 3131 818 3186 istius
840 3131 1149 3202 regularum
1171 3131 1562 3203 contemptoris
1581 3132 1944 3198 dissimulare,

352 3220 440 3278 vel
469 3219 688 3276 differre
715 3219 918 3275 diutius
948 3221 1264 3288 debeamus,
1299 3236 1400 3276 nos
1429 3221 1522 3294 qui
1547 3236 1650 3292 per
1685 3221 1786 3276 Dei
1813 3236 1947 3294 gra-

353 3309 487 3366 tiam
515 3309 587 3364 ad
617 3309 859 3366 coelestia
888 3309 1244 3381 suspiramus.

919 3416 1146 3472 CAPUT
1182 3415 1385 3472 XXIII.

358 3506 510 3575 Quod
537 3507 840 3562 Hincmuro
862 3507 1041 3562 eidem
1064 3507 1363 3562 Rhemensi
1384 3504 1710 3562 traditionis
1729 3505 1948 3562 crimen

759 3593 864 3649 per
891 3578 1245 3633 calumniam
1275 3579 1536 3650 imponit.

425 3667 555 3721 Post
583 3673 759 3721 tantas
788 3664 1044 3737 denique,
1081 3673 1132 3720 et
1159 3665 1290 3720 alias
1323 3664 1530 3737 plures,
1563 3681 1700 3738 quas
1730 3664 1948 3722 vitando

353 3753 720 3827 prolixitatem
748 3761 1037 3825 praetereo,
1068 3754 1520 3810 commonitiones
1547 3762 1600 3810 et
1633 3768 1822 3812 sacras
1851 3770 1948 3811 au-

352 3843 633 3901 ctoritates
663 3858 696 3898 a
723 3859 810 3898 me
839 3843 916 3898 illi
953 3842 1226 3915 prolatas;
1259 3843 1396 3900 sicut
1435 3844 1697 3900 Dominus
1743 3844 1811 3900 de
1857 3859 1949 3900 re-

351 3932 590 3989 bellante
608 3932 896 3988 adversum
910 3947 968 3986 se
988 3933 1188 4003 populo
1210 3933 1482 4004 queritur:
1502 3934 1757 3990 Curavim
1767 3950 1834 3990 us
1852 3935 1949 3990 Ba-

354 4023 629 4096 bylonem,
649 4026 704 4078 et
717 4038 832 4079 non
848 4025 1170 4078 estsanata.
1185 4023 1250 4077 Et
1273 4039 1287 4076 :
1315 4024 1475 4079 Versa
1492 4027 1576 4078 est
1591 4023 1734 4079 mihi
1752 4023 1948 4079 domus

355 4111 532 4168 Israel
560 4113 624 4166 in
653 4111 894 4166 scortum
925 4110 1150 4182 (Jerem.
1185 4111 1292 4182 Li);
1328 4111 1526 4167 accidit
1573 4111 1705 4166 mihi
1733 4111 1802 4166 ab
1830 4110 1944 4180 illo,

355 4200 501 4272 quod
515 4199 771 4256 Salomon
783 4199 940 4256 dicit:
956 4200 1190 4256 Acetum
1205 4201 1266 4256 in
1278 4203 1432 4256 nitro
1447 4203 1500 4256 ei
1511 4203 1606 4272 qui
1617 4204 1816 4258 cantat
1831 4216 1950 4256 car-

354 4290 515 4346 mina
543 4289 705 4346 corde
721 4291 962 4362 pessimo
980 4289 1162 4361 (Prov.
1189 4292 1266 4360 v).
1295 4312 1316 4336 ‹‹
1344 4290 1590 4359 Acetum,
1622 4289 1798 4360 inquit
1815 4289 1948 4346 Gre-

353 4379 560 4452 gorius,
593 4379 641 4434 si
669 4378 913 4433 mittatur
940 4378 996 4432 in
1025 4377 1246 4448 nitrum,
1299 4377 1550 4434 fervescit
1585 4377 1784 4432 nitrum
1813 4391 1947 4449 pro-

1979 3103 2029 3167 C

2055 479 2210 546 ritos,
2245 480 2384 537 sicut
2411 497 2556 552 opus
2585 489 2668 538 est
2707 483 2776 538 ad
2819 483 2983 540 talem
3029 485 3263 541 bestiam
3309 486 3651 560 capiendam.

2052 569 2122 624 Et
2151 568 2222 624 ad
2253 567 2504 626 Odonem
2534 570 2858 643 complicem
2885 580 3150 642 vestrum,
3184 575 3288 642 sic,
3335 583 3394 632 ut
3435 577 3654 650 quando

2054 656 2124 711 ad
2183 657 2452 728 synodum
2498 659 2837 728 venerimus,
2887 661 3036 716 Deus
3075 663 3274 733 poterit
3314 663 3449 719 dare
3493 664 3654 720 nobis

2055 745 2186 818 quid
2214 745 2502 818 loquamur
2535 765 2548 802 :
2581 747 2890 821 usquedum
2920 749 2989 805 de
3019 748 3124 806 isto
3154 750 3472 807 indomabili
3527 753 3654 809 uni-

2054 833 2244 890 cornio
2273 843 2326 889 et
2355 834 2596 907 inquieto
2626 836 2848 892 animali
2878 853 2980 892 nos
3008 837 3284 894 liberabit.
3317 841 3446 897 Haec
3474 847 3654 897 autem

2053 921 2318 993 perficere
2347 922 2604 979 laborare
2635 939 2744 980 non
2773 925 3053 994 cessastis,
3087 943 3119 981 a
3143 933 3390 998 tempore
3419 944 3526 1001 quo
3557 946 3642 1001 sy-

2053 1010 2258 1066 nodum
2288 1011 2344 1066 in
2371 1011 2716 1069 Suessionica
2746 1013 2960 1070 civitate
3009 1031 3109 1087 pro
3151 1015 3494 1088 depositione
3539 1017 3654 1074 Ro-

2053 1098 2225 1153 thaldi
2253 1099 2520 1155 habuistis
2556 1119 2570 1155 :
2603 1117 2670 1157 eo
2701 1101 2847 1174 quod
2878 1102 3159 1159 renitebar
3187 1104 3436 1160 substitui
3463 1111 3656 1162 contra

2055 1202 2241 1243 sacras
2273 1188 2496 1261 regulas
2538 1189 2594 1244 in
2644 1189 2761 1260 ejus
2807 1191 2929 1246 loco
2973 1191 3313 1264 episcopum,
3363 1199 3655 1267 antequam

2053 1275 2378 1332 universalis
2404 1293 2547 1349 papa
2576 1294 2674 1349 pro
2713 1285 2866 1335 tanto
2909 1279 3311 1352 consuleretur,
3361 1270 3421 1338 ut
3459 1289 3650 1340 aucto-

2053 1363 2186 1420 ritas
2217 1381 2276 1420 se
2304 1365 2485 1435 habet,
2519 1366 2760 1438 negotio.
2795 1366 2952 1438 Quod
2979 1367 3110 1423 dum
3139 1376 3266 1424 ante
3297 1368 3510 1428 edicere
3543 1387 3655 1428 non

2052 1451 2319 1520 valuistis,
2352 1454 2481 1526 quia
2509 1455 2750 1510 nondum
2779 1464 2998 1512 venerat
3026 1457 3162 1512 hora
3189 1473 3332 1526 mea,
3361 1458 3419 1514 in
3440 1459 3656 1518 Silvaco

2052 1548 2304 1614 compote
2333 1542 2464 1598 estis
2492 1543 2646 1616 potiti
2675 1552 2820 1600 voto.
2852 1545 2922 1600 Et
2949 1546 3056 1601 hoc
3084 1561 3184 1603 vos
3230 1546 3413 1620 egisse
3458 1547 3654 1606 Rhemi

2053 1629 2184 1684 mihi
2209 1631 2489 1703 negastis;
2525 1632 2670 1705 quod
2699 1639 2877 1690 tamen
2907 1641 3036 1692 tunc
3061 1635 3216 1692 vobis
3243 1643 3430 1708 aperte
3468 1635 3655 1695 dicere

1979 1748 2034 1809 B
2051 1717 2220 1809 nolui.
2258 1740 2281 1769 ι

2125 1808 2206 1863 De
2233 1807 2430 1880 quibus
2461 1808 2660 1866 scribo.
2693 1809 2804 1866 Lex
2851 1810 3136 1868 Justiniani
3182 1812 3330 1881 dicit,
3381 1819 3441 1869 ut
3475 1831 3497 1866 ι
3529 1829 3652 1869 me-

2053 1895 2413 1968 trOpolitanus
2441 1897 2529 1954 vel
2557 1897 2760 1970 primas
2801 1899 3116 1972 provinciae,
3163 1901 3232 1958 de
3281 1900 3654 1960 ecclesiastico

2047 1983 2187 2054 jure,
2222 1984 2310 2042 vel
2339 1985 2408 2041 de
2437 1985 2558 2041 aliis
2587 1986 2822 2062 negotiis
2852 1987 2996 2044 inter
3023 1989 3405 2062 conquirentes
3427 1989 3650 2047 audiat:

2053 2081 2108 2129 et
2137 2073 2282 2146 quod
2312 2073 2699 2132 ecclesiasticis
2747 2077 3048 2133 canonibus
3096 2085 3150 2134 et
3192 2078 3408 2152 legibus
3454 2079 3655 2136 nostris

2053 2169 2478 2218 consentaneum
2509 2163 2597 2233 sit,
2629 2165 2736 2220 hoc
2763 2163 3006 2233 diﬂiniat,
3034 2172 3088 2222 et
3115 2166 3264 2222 nulla
3305 2182 3434 2238 pars
3479 2167 3656 2224 valeat

2055 2250 2268 2307 calculo
2288 2252 2406 2321 ejus
2425 2253 2867 2310 contradicere.»
2901 2253 2968 2310 Ει
2987 2253 3113 2310 hinc
3135 2255 3326 2310 beatus
3349 2255 3655 2330 Gregorius

2054 2355 2200 2411 saepe
2227 2355 2455 2396 numero
2483 2339 2539 2394 in
2568 2341 2680 2396 suis
2709 2357 2776 2397 ex
2813 2342 3053 2415 Regesto
3101 2342 3336 2399 decretis
3383 2343 3652 2416 praecipit,

2051 2435 2110 2482 ut
2145 2451 2165 2476 α
2203 2429 2506 2494 secundum
2533 2429 2686 2503 leges
2713 2437 2768 2485 et
2797 2445 3033 2486 canones
3062 2430 3434 2488 ecclesiastica
3447 2431 3654 2502 judicia

2053 2515 2428 2572 terminentur.
2467 2537 2490 2568 ν
2522 2519 2591 2572 Ει
2620 2533 2778 2574 sacra
2807 2517 2982 2590 leges,
3012 2535 3149 2592 quas
3177 2519 3429 2576 Ecclesia
3456 2521 3650 2577 catho-

2051 2605 2158 2660 lica
2185 2605 2397 2677 recipit,
2431 2605 2617 2662 dicunt
2651 2623 2665 2662 :
2702 2628 2725 2657 α
2761 2605 3029 2676 Quoniam
3057 2608 3306 2664 confiteri
3335 2609 3568 2682 quisque
3594 2609 3650 2665 in

2045 2693 2272 2764 judicio,
2324 2709 2434 2750 non
2477 2701 2685 2750 tantum
2735 2710 2836 2750 sua
2881 2709 3039 2762 voce,
3091 2695 3191 2752 sed
3232 2705 3285 2752 et
3331 2697 3546 2766 litteris,
3599 2705 3653 2754 et

2052 2797 2378 2854 quocunque
2403 2783 2569 2840 modo
2607 2791 2785 2855 potest
2821 2801 2834 2838 :
2867 2785 3119 2842 convinci
3165 2793 3346 2842 autem
3388 2802 3499 2842 non
3547 2786 3653 2843 nisi

2053 2871 2337 2944 Scriptura
2363 2879 2457 2927 aut
2487 2871 2716 2928 testibus
2761 2880 2961 2944 potest.
3001 2894 3023 2924 ι
3077 2875 3146 2929 Et
3191 2875 3260 2930 de
3309 2873 3544 2941 clericis,
3593 2875 3652 2932 in

2051 2960 2340 3032 posteriori
2370 2961 2495 3034 lege
2525 2961 2806 3030 Majoriani
2825 2963 3150 3036 abrogatum
3171 2963 3564 3032 demonstrant,
3593 2972 3654 3021 ut

2052 3050 2252 3106 clerici
2273 3066 2378 3123 per
2406 3052 2796 3122 compromissi
2824 3052 3120 3107 vinculum
3139 3068 3256 3108 non
3276 3052 3486 3108 adeant
3506 3054 3653 3127 epis-

2049 3139 2242 3212 copale
2266 3137 2548 3207 judicium.
2573 3138 2642 3192 Et
2663 3137 2792 3194 item
2807 3138 2960 3212 leges
2983 3155 3152 3196 sacrae
3177 3140 3380 3207 dicunt,
3398 3147 3455 3196 ut
3475 3141 3530 3197 in
3551 3141 3652 3198 cri-

2047 3225 2340 3281 minalibus
2371 3227 2552 3283 causis
2580 3243 2682 3282 nec
2731 3235 3031 3296 accusator,
3077 3243 3182 3284 nec
3226 3237 3517 3286 accusatus
3548 3245 3650 3302 per

2047 3322 2476 3386 procuratorem,
2511 3322 2603 3371 aut
2634 3315 2794 3371 aliam
2821 3331 3117 3388 personam
3139 3317 3430 3375 defensare
3452 3335 3510 3375 se
3529 3335 3652 3391 per-

2047 3404 2346 3475 mittantur,
2379 3403 2483 3460 nisi
2513 3405 2784 3477 ingratum
2814 3404 3072 3462 libertum
3103 3413 3362 3478 patronus
3406 3415 3646 3465 accuset.

2047 3493 2117 3548 Et
2145 3493 2202 3548 in
2231 3508 2395 3550 causa
2425 3493 2638 3564 capitali
2667 3509 2830 3549 nemo
2872 3494 3180 3561 damnatur,
3229 3512 3408 3568 neque
3447 3497 3650 3554 absens

2047 3597 2150 3653 per
2177 3581 2343 3637 alium
2373 3596 2634 3640 accusare
2665 3591 2758 3638 aut
2793 3584 3043 3640 accusari
3086 3591 3306 3656 potest;
3356 3584 3463 3640 nisi
3509 3584 3649 3644 forte

2049 3679 2334 3726 accusatus
2363 3671 2610 3744 legaliter
2637 3687 2703 3728 ac
2731 3671 3058 3745 regulariter
3087 3680 3348 3730 evocatus
3375 3673 3545 3747 (quia,
3591 3682 3652 3730 ut

2049 3760 2238 3816 scribit
2259 3759 2512 3816 Gelasius
2545 3779 2558 3816 :
2595 3783 2618 3810 «
2642 3761 2723 3816 Ita
2742 3769 2964 3818 vocatur
2977 3761 3044 3817 ad
3055 3761 3318 3832 judicium
3336 3771 3488 3820 certa
3509 3780 3650 3836 quae-

2050 3865 2263 3921 cunque
2293 3864 2548 3920 persona,
2581 3857 2638 3905 ut
2666 3857 2757 3905 aut
2786 3848 3023 3906 fateatur
3051 3851 3280 3921 objecta,
3313 3859 3405 3907 aut
3432 3853 3651 3910 convin-

2049 3946 2204 3994 catur
2225 3938 2452 4008 objectis
2473 3937 2523 4010 n)
2547 3938 2616 3994 ad
2633 3939 2979 4010 purgandum
3001 3953 3080 4008 se,
3107 3947 3294 3996 contra
3315 3941 3648 3998 evocationis

2049 4025 2300 4100 regulam
2330 4027 2520 4083 venire
2550 4027 2839 4093 distulerit,
2872 4034 2929 4082 ut
2959 4027 3261 4084 secundum
3289 4029 3463 4101 leges,
3487 4039 3541 4086 et
3560 4030 3651 4087 de-

2049 4123 2198 4172 creta
2228 4115 2500 4186 Gregorii,
2534 4114 2588 4168 in
2619 4131 2764 4185 eum,
2798 4115 2953 4188 quasi
2999 4115 3056 4170 in
3101 4122 3477 4174 contumacem
3521 4135 3648 4190 pro-

2047 4203 2254 4259 feratur
2283 4203 2570 4258 sententia.
2603 4203 2670 4258 Et
2694 4202 2996 4259 secundum
3023 4203 3180 4277 leges
3208 4213 3260 4261 et
3290 4221 3550 4278 canones,
3589 4215 3649 4263 ut

2048 4290 2178 4346 dicit
2207 4291 2374 4358 Felix,
2411 4313 2433 4339 α
2469 4291 2805 4363 respondere
2851 4290 3120 4360 diffidens,
3172 4293 3390 4363 objecta
3437 4293 3645 4352 conﬁr-

2049 4387 2161 4435 mat
2193 4397 2206 4434 :
2245 4403 2266 4428 »
2301 4387 2568 4452 quatenus
2598 4389 2656 4436 ut
2683 4379 2986 4438 Bonifacius
3007 4397 3152 4454 papa
3171 4381 3434 4452 decrevit,
3463 4406 3486 4432 ιι
3515 4384 3648 4440 dila-

351 4468 515 4534 tinus,
565 4474 621 4524 et
665 4466 855 4522 ebullit
899 4484 912 4520 :
963 4474 1016 4522 et
1062 4482 1320 4538 perversa
1364 4482 1521 4522 mens
1575 4467 1792 4538 quando
1847 4482 1948 4538 per
1974 4463 2253 4524 Dtionem
2283 4469 2566 4525 sententiae
2598 4470 2668 4526 de
2711 4470 2959 4527 absentia
3005 4487 3114 4527 non
3157 4471 3419 4530 lucretur.
3457 4493 3480 4524 ι
3533 4473 3647 4529 Cu-

292 4602 303 4610 .
351 4555 780 4628 increpationem
811 4555 1120 4626 corripitur,
1151 4571 1254 4612 nec
1281 4571 1380 4628 per
1405 4555 1802 4627 praedicationis
1827 4555 1948 4612 dul-

351 4645 602 4702 cedinem
627 4645 696 4700 ad
725 4645 868 4700 bona
899 4644 1174 4711 suadetur,
1207 4653 1260 4700 et
1293 4645 1638 4716 correptione
1685 4643 1744 4700 fit
1791 4645 1948 4702 dete-

352 4733 482 4802 rior,
517 4741 570 4790 et
599 4734 726 4790 inde
755 4734 809 4788 in
852 4733 1294 4790 murmurationis
1340 4733 1676 4807 iniquitatem
1714 4751 1948 4792 succen~

353 4823 522 4891 ditur,
551 4823 699 4879 unde
726 4823 914 4879 debuit
945 4822 1012 4877 ab
1059 4823 1342 4894 iniquitate
1382 4824 1677 4894 compesci.
1715 4844 1738 4874 »
1794 4825 1948 4880 Unde

353 4912 702 4985 subsequitur
727 4911 782 4966 in
811 4911 986 4966 rotula
1016 4927 1188 4983 nuper
1217 4927 1271 4968 tv
1300 4909 1422 4969 Kal.
1454 4913 1624 4969 Julias
1663 4913 1948 4985 praesentis

351 5002 664 5060 indictionis
695 5003 727 5058 4
753 5001 885 5056 mihi
915 5001 1144 5057 directa.

429 5114 452 5144 ‹
475 5091 658 5159 Nulla,
678 5091 950 5164 inquiens,
971 5091 1458 5163 consanguinitatis
1475 5093 1671 5162 pietate
1690 5093 1943 5162 restricti,
1973 5137 1976 5142 .

351 5181 448 5237 sed
476 5197 658 5254 neque
689 5180 870 5254 aliqua
917 5179 1494 5251 archiepiscOpalitatis
1541 5183 1948 5252 prastabilitate

347 5279 439 5326 aut
465 5271 752 5342 probitate,
783 5271 852 5324 ab
881 5269 1032 5342 orgis
1063 5270 1129 5340 (Γ.
1163 5270 1316 5351 ὀργῆ)
1359 5269 1618 5337 justitiam
1656 5287 1767 5327 non
1809 5287 1941 5344 ope-

349 5373 506 5422 rante
535 5365 752 5435 retenti,
793 5365 1104 5432 suadentes,
1158 5378 1224 5421 ac
1268 5363 1377 5420 imo
1425 5363 1814 5436 compellentes
1857 5383 1945 5422 me

345 5454 638 5520 tradendo,
669 5461 728 5508 ut
757 5470 787 5508 a
816 5453 970 5528 regia
999 5461 1264 5526 potestate
1293 5453 1636 5526 manciparer
1661 5455 1940 5524 custodiae,

349 5541 654 5600 scribentes
683 5543 877 5600 litteris
906 5542 1101 5600 vestris
1127 5543 1193 5598 ad
1223 5559 1349 5599 eum
1379 5541 1450 5600 ita
1485 5561 1500 5598 :
1527 5543 1596 5601 Et
1624 5559 1746 5602 cum
1776 5543 1947 5603 Silva-

2041 4559 2284 4628 jusmodi
2306 4557 2511 4628 judicio
2531 4566 2584 4614 et
2605 4567 2895 4616 accusator
2913 4560 3216 4617 secundum
3234 4560 3388 4634 leges
3407 4568 3461 4618 et
3480 4575 3646 4618 cano-

2047 4663 2146 4704 nes
2179 4647 2498 4718 subjacebit,
2541 4648 2588 4703 si
2631 4649 3036 4706 accusationem
3081 4663 3234 4704 suam
3275 4649 3532 4722 legalem,
3578 4665 3647 4708 ac

2048 4737 2359 4810 regularem
2387 4745 2710 4808 prosecutus
2739 4753 2848 4794 non
2874 4737 3068 4805 fuerit;
3099 4745 3158 4794 ut
3183 4745 3274 4794 aut
3322 4754 3443 4811 qua
3485 4740 3642 4810 obje-

2047 4827 2137 4892 cit,
2171 4826 2420 4900 legaliter
2447 4842 2512 4882 ac
2539 4827 2864 4900 regulariter
2891 4827 3230 4899 comprobet,
3262 4835 3351 4882 aut
3393 4827 3646 4887 falsitatis

2047 4931 2172 4970 reus
2201 4915 2402 4984 judicio
2431 4914 2594 4989 legali
2640 4930 2708 4972 ac
2757 4913 2992 4988 regulari
3040 4915 3341 4985 subjaceat.
3395 4917 3544 4976 Sicut
3588 4919 3645 4975 in

2047 5003 2188 5078 legis
2217 5003 2613 5060 Theodosianae
2639 5003 2734 5059 lib.
2768 5018 2850 5074 1x,
2883 5019 2932 5060 c.
2961 5007 3030 5062 26
3060 5012 3110 5060 et
3139 5007 3228 5073 27,
3261 5005 3316 5062 in
3351 5007 3644 5081 Carthagi-

2045 5093 2232 5150 nensis
2263 5092 2479 5150 concilii
2509 5109 2559 5149 c.
2595 5096 2682 5158 19,
2717 5099 2770 5148 et
2797 5091 3038 5148 Africani
3067 5094 3283 5152 concilii
3335 5113 3385 5153 c.
3417 5099 3507 5166 2’7,
3531 5097 3644 5155 evi-

2045 5182 2239 5238 denter
2268 5181 2588 5237 ostenditur.
2635 5179 2742 5236 Sed
2785 5188 2835 5236 et
2877 5181 3202 5254 conspirans
3251 5200 3375 5240 cum
3421 5184 3644 5258 propria

2045 5270 2226 5342 plebe,
2261 5278 2316 5326 et
2343 5284 2731 5341 nonnunquam
2759 5277 2987 5327 vocatus
3017 5271 3088 5327 ad
3123 5273 3410 5330 concilium
3457 5274 3642 5330 venire

2043 5359 2374 5430 detractans,
2407 5365 2602 5431 putans
2632 5358 2849 5414 sibimet
2875 5359 3090 5432 plebem
3121 5369 3277 5419 suam
3306 5379 3471 5436 posse
3500 5363 3644 5420 suffi-

2043 5464 2191 5516 cere,
2248 5447 2487 5504 fraterna
2542 5447 2832 5506 dilectione
2879 5458 3234 5524 contempta;
3276 5467 3388 5508 non
3427 5458 3637 5508 tantum

2041 5544 2322 5603 dimcesim
2353 5544 2624 5616 amittere,
2658 5561 2852 5604 verum
2880 5555 2934 5604 et
2962 5547 3282 5610 auctoritate
3318 5546 3538 5626 publica
3567 5547 3638 5606 ab
