4174 6312
534 299 638 354 603

1595 297 1938 355 HINCMARI
1972 294 2373 354 RHEMENSIS
2409 296 2960 358 ARCHIEPISCOPI.

3721 304 3830 360 60L

533 420 654 494 ipsa
681 419 964 494 principali
991 421 1248 478 cathedra
1276 421 1564 491 removeri,
1589 430 1643 478 et
1661 422 1895 495 propriis
1915 437 2124 488 carere,
2155 420 2214 483 A
2232 421 2558 494 appetitione
2585 423 2799 480 terreri.
2831 425 2972 481 Data
3002 439 3064 480 ιιι
3093 424 3216 481 Kal.
3247 425 3372 481 Jun.
3412 425 3742 482 Merobaude
3774 433 3830 482 et

533 517 593 566 ut
621 509 862 578 rebellis,
907 511 1262 584 praecipitur:
1294 512 1434 568 sicut
1479 511 1535 567 in
1581 512 1846 586 vigesimo
1892 511 2128 584 capitulo

534 597 778 654 Africani
804 599 1019 656 concilii
1049 600 1372 657 continetur.

605 688 892 756 (laterum,
927 688 1052 761 quia
1079 689 1403 763 gravissima
1431 705 1498 744 ex
1527 689 1631 746 hoc
1655 689 1881 745 crimine
1922 688 2128 758 judicia

533 783 588 832 et
614 776 670 832 in
697 777 913 849 legibus
943 779 1134 848 sacris,
1165 786 1220 834 et
1250 779 1306 833 in
1343 777 1727 834 ecclesiasticis
1775 777 1976 850 regulis
2023 777 2124 832 de-

532 871 922 933 monstrantur,
957 873 1066 920 tam
1097 865 1152 921 in
1190 874 1522 932 accusatum,
1571 881 1733 938 quam
1781 866 1836 920 in
1880 882 1981 937 per
2026 880 2124 922 ca-

535 952 796 1008 lumniam
824 963 1188 1021 accusantem,
1220 963 1273 1010 et
1300 970 1409 1011 non
1437 954 1791 1026 probantem;
1823 954 1937 1011 sive
1981 971 2126 1026 prae-

531 1056 660 1096 sens
688 1041 742 1096 in
765 1041 972 1111 judicio
1002 1042 1322 1098 Hincmarus
1354 1057 1388 1098 a
1415 1058 1475 1098 se
1495 1042 1710 1112 objecta
1730 1050 2122 1114 prosequatur;

532 1129 619 1184 vel
648 1129 874 1198 objectis
905 1130 1008 1185 sibi
1036 1130 1394 1202 respondeat;
1433 1131 1548 1186 sive
1577 1130 1778 1202 saepius
1803 1131 2126 1202 regulariter

531 1226 788 1274 evocatus
816 1219 1012 1276 adesse
1039 1218 1341 1292 neglexerit
1370 1236 1384 1274 :
1415 1233 1644 1276 necesse
1671 1219 1774 1274 erit
1794 1235 1861 1275 ex
1880 1219 2124 1291 utrisque

529 1307 776 1378 partibus
805 1307 1084 1362 veritatem
1111 1307 1328 1380 inquiri,
1377 1315 1431 1363 et
1476 1323 1599 1380 quae
1639 1307 1858 1364 inventa
1903 1307 2121 1375 fuerint,

527 1395 673 1465 juste
705 1403 758 1450 et
787 1394 1185 1452 rationabiliter
1213 1395 1451 1452 diﬁiniri.
1496 1395 1638 1453 Dicit
1683 1412 1920 1469 namque
1965 1413 2122 1453 suum

527 1499 615 1540 me
644 1483 976 1554 traditorem,
1008 1485 1064 1540 id
1093 1492 1176 1542 est
1199 1485 1555 1558 proditorem,
1601 1485 1854 1542 videlicet
1901 1485 2120 1558 episco-

527 1588 654 1643 pum
686 1571 928 1644 episcopi
958 1572 1278 1630 delatorem.
1329 1574 1396 1629 Et
1423 1573 1683 1641 historiae,
1739 1589 1806 1630 ac
1847 1575 2121 1631 chronicae

524 1660 908 1718 ecclesiasticae
935 1661 1538 1734 adstruunt,praecipue
1570 1662 1828 1720 chronica
1847 1663 2118 1734 Prosperi,

2231 511 2519 568 Saturnino
2549 513 2742 569 Conss.
2773 535 2795 562 ι»
2828 513 3001 570 Iidem
3027 514 3258 586 Augusti
3280 515 3574 571 Menandro
3603 514 3826 572 Vicario

2227 599 2374 656 Asiae
2406 617 2420 654 :
2457 623 2478 648 ιι
2514 601 2732 656 Nostris
2763 610 2815 658 et
2843 609 3125 674 parentum
3155 610 3462 659 nostrorum
3493 603 3828 660 constitutio—

2225 687 2385 743 nibus
2413 690 2867 760 comprehensum
2899 699 2999 757 est,
3036 707 3132 746 eos
3161 691 3253 764 qui
3273 691 3672 748 accusationem
3691 691 3829 749 alie-

2227 771 2313 826 nis
2343 771 2654 828 nominibus
2700 774 3199 845 praasumpsissent,
3249 775 3548 831 delatorum
3592 791 3828 832 numero

2227 874 2350 914 esse
2380 859 2679 916 ducendos.
2713 865 2888 934 Atque
2915 862 3042 918 ideo
3073 862 3620 918 calumniosissimum
3658 871 3826 935 caput

2227 955 2280 1002 et
2308 963 2606 1019 personam
2647 949 2833 1018 judico
2877 949 3039 1006 irritae
3079 951 3370 1008 delationis
3413 951 3672 1008 infamem
3719 952 3826 1007 de-

2224 1036 2456 1108 portatio
2485 1044 2743 1110 sequatur
2775 1055 2788 1092 :
2823 1055 2932 1110 quo
2963 1039 3189 1110 posthac
3226 1040 3428 1114 singuli
3471 1041 3826 1113 universique

2225 1133 2580 1196 cognoscant,
2612 1141 2722 1182 non
2751 1126 2917 1183 licere
2943 1127 2998 1182 in
3030 1143 3096 1184 eo
3115 1128 3418 1200 principum
3440 1129 3651 1185 animos
3672 1145 3826 1186 com-

2224 1213 2454 1284 moveri,
2488 1214 2634 1287 quod
2666 1231 2775 1270 non
2801 1215 2976 1287 possit
3005 1217 3238 1273 ostendi.
3281 1217 3422 1273 Data
3466 1218 3594 1273 Idus
3631 1217 3822 1288 Maias,

2222 1302 2462 1358 Arcadio
2501 1310 2554 1359 et
2585 1304 2823 1360 Bautone
2851 1304 3052 1360 Conss.
3098 1325 3121 1356 ao
3171 1306 3238 1360 Et
3285 1305 3412 1362 item
3455 1305 3722 1362 Arcadius
3772 1314 3830 1362 et

2223 1390 2499 1448 Honorius
2535 1393 2650 1448 AA.
2699 1392 2915 1448 Victuro
2947 1393 3264 1465 proconsuli
3309 1393 3505 1452 Africae
3539 1413 3553 1450 :
3592 1413 3614 1446 ι
3649 1396 3822 1451 Inno-

2223 1487 2409 1536 centes
2439 1479 2542 1535 sub
2571 1481 2755 1552 specie
2793 1479 2946 1538 falsae
2991 1482 3380 1538 criminationis
3426 1499 3538 1539 non
3581 1483 3826 1556 patimur

2223 1567 2546 1626 callidorum
2565 1569 2974 1643 impugnatione
2995 1570 3234 1627 subverti
3257 1588 3270 1626 :
3296 1571 3388 1644 qui
3405 1571 3451 1626 si
3471 1572 3822 1639 tentaverint,

2220 1655 2526 1730 intelligant
2554 1657 2770 1713 sibimet
2799 1658 3146 1714 severitatem
3174 1659 3359 1733 legum
3385 1674 3486 1731 pro
3512 1660 3824 1716 commissis

523 1747 812 1805 Caeciliano
839 1749 1104 1806 Ecclesiae
1135 1751 1584 1823 Carthaginensis
1613 1751 1870 1824 episcopo
1913 1751 2194 1838 objectaB
2223 1743 2556 1838 tEcinoribus
2583 1746 2918 1804 incumbere.
2930 1747 3084 1838 Pata
3106 1763 3170 1838 iv
3198 1747 3278 1803 Id.
3308 1749 3462 1838 Mart.
3493 1748 3819 1838 Mediolano.

522 1835 753 1893 crimina
782 1853 892 1893 non
919 1838 1150 1908 probata
1179 1838 1388 1908 fuisse;
1418 1839 1653 1896 maxime
1684 1840 1830 1912 quod
1856 1855 1887 1894 a
1905 1839 2122 1896 tradito-

520 1924 672 1981 ribus
701 1925 1008 1981 divinarum
1052 1927 1449 1999 Scripturarum
1491 1926 1652 1983 fuerit
1699 1927 2003 1984 ordinatus.
2053 1929 2124 1984 Et

519 2029 630 2071 non
659 2013 779 2071 leve
805 2015 1017 2072 crimen
1047 2023 1146 2083 est,
1181 2016 1228 2071 si
1257 2031 1364 2090 ego
1408 2015 1801 2090 qualiscunque
1847 2017 2122 2088 archiepi-

521 2117 724 2174 scopus
753 2119 851 2174 per
879 2119 966 2159 me
1003 2104 1236 2160 Domino
1265 2113 1644 2162 consecratum
1674 2105 1992 2178 episcopum
2013 2113 2122 2162 tra-

525 2191 659 2247 didi.
717 2191 873 2248 Unde
925 2199 978 2248 et
1035 2192 1191 2265 signa
1248 2192 1549 2250 litterarum
1601 2209 1867 2261 mearum,
1927 2194 2122 2267 quibus

520 2294 980 2353 recognoscerem
1007 2297 1098 2336 me
1127 2298 1286 2336 suum
1314 2282 1638 2338 traditorem
1665 2283 1799 2338 mihi
1817 2283 1992 2339 isdem
2021 2283 2123 2338 fra-

521 2375 604 2424 ter
631 2375 818 2424 noster
843 2369 914 2424 ad
942 2369 1442 2441 comprobationem
1471 2371 1774 2442 producere
1813 2370 1989 2444 [deest
2015 2372 2118 2428 de-

517 2456 651 2530 bet].
695 2457 844 2513 Sicut
891 2465 944 2513 et
982 2458 1052 2514 de
1093 2459 1351 2515 traditore
1393 2459 1600 2515 domini
1643 2459 1812 2516 nostri
1859 2461 2118 2532 scriptum

518 2553 604 2601 est
635 2561 648 2600 :
682 2546 808 2618 quia
839 2546 1064 2602 traditor
1102 2547 1202 2614 eis,
1247 2547 1444 2620 quibus
1487 2564 1614 2604 eum
1661 2549 1919 2616 tradebat,
1970 2549 2120 2605 dedit

518 2633 758 2706 signum,
815 2643 874 2690 ut
915 2651 1294 2708 quemcunque
1340 2637 1618 2692 osculatus
1677 2637 1888 2705 fuisset,
1939 2638 2118 2710 ipsum

516 2729 763 2779 tenerent
791 2723 1012 2788 (Matth.
1043 2725 1230 2796 xxvr).
1273 2726 1354 2780 De
1400 2741 1504 2797 quo
1547 2725 1693 2782 idem
1738 2725 2004 2782 Dominus
2047 2728 2118 2782 ad

511 2809 743 2866 Pilatum
761 2811 891 2868 dicit
923 2826 937 2868 :
976 2813 1079 2882 Qui
1099 2813 1336 2870 tradidit
1356 2830 1446 2870 me
1468 2814 1588 2880 tibi,
1609 2816 1797 2886 majus
1817 2819 2117 2888 peccatum

516 2899 682 2956 habet
704 2900 886 2970 (Joan.
908 2901 1054 2972 xrx).
1083 2901 1325 2956 Duarum
1352 2916 1569 2974 quoque
1598 2902 1954 2974 epistolarum
1972 2919 2117 2959 mea-

511 3003 630 3043 rum
661 2987 830 3044 verba
860 2989 1142 3056 mendose,
1179 3003 1245 3046 ac
1275 2989 1322 3044 si
1351 2989 1488 3046 duos
1519 2997 1688 3046 testes
1718 2991 2006 3047 adversum
2027 3009 2116 3048 me

513 3075 571 3131 in
601 3076 968 3133 testimonium
999 3078 1220 3150 protulit
1254 3096 1268 3134 :
1300 3086 1358 3134 ut
1381 3087 1434 3134 et
1457 3079 1512 3134 in
1545 3079 1884 3136 accusatione
1915 3081 2112 3136 summi

2223 1833 2461 1890 Honorio
2489 1835 2720 1908 August.
2754 1850 2816 1890 ιιι
2847 1841 2901 1890 et
2929 1835 3270 1907 Eutychiano
3299 1836 3492 1892 Conss.
3529 1857 3552 1887 ι
3594 1837 3664 1892 Et
3691 1837 3821 1893 item

2220 1921 2298 1978 ibi
2327 1930 2450 1993 post
2478 1922 2586 1978 alia
2621 1940 2634 1978 :
2671 1945 2693 1974 α
2729 1923 3156 1980 Calumniatores
3186 1924 3348 1980 etiam
3377 1933 3522 1995 sunt,
3563 1925 3654 1998 qui
3682 1925 3824 1982 falsa

2221 2009 2531 2066 deterentes
2588 2019 2775 2068 contra
2831 2013 3093 2084 cujusque
3141 2013 3445 2070 innocentis
3491 2029 3780 2086 personam
3804 2059 3819 2083 ,

2219 2100 2529 2172 principum
2556 2099 2766 2156 animos
2795 2101 2863 2156 ad
2894 2100 3232 2158 iracundiam
3280 2117 3625 2160 commovere
3669 2120 3820 2174 prte-

2221 2197 2476 2256 sumunt;
2510 2190 2603 2261 qui
2631 2205 2822 2246 omnes
2853 2189 3082 2246 infames
3113 2189 3311 2257 effecti,
3335 2191 3390 2246 in
3411 2191 3603 2248 exsilio
3632 2192 3820 2248 detru-

2219 2277 2433 2334 dentur.
2471 2297 2494 2328 ιι
2530 2279 2598 2333 Ει
2626 2277 2682 2333 in
2709 2277 2806 2333 lib.
2837 2294 2898 2348 ιι,
2931 2295 2982 2335 c.
3017 2282 3070 2345 5,
3103 2279 3172 2335 de
3197 2279 3524 2335 delatoribus
3567 2280 3656 2336 lex
3682 2296 3820 2352 pro-

2217 2366 2396 2433 mitur,
2450 2382 2611 2438 quam
2657 2367 2802 2422 idem
2850 2365 3020 2422 frater
3069 2367 3126 2423 in
3168 2368 3278 2423 suis
3325 2367 3630 2441 compilatis
3678 2386 3819 2442 qua-

2216 2455 2572 2512 terniunculis
2621 2456 2832 2527 synodo
2890 2456 3036 2528 apud
3090 2456 3418 2514 Attiniacum
3473 2459 3818 2528 praesentatis

2217 2543 2558 2615 subscripsit,
2593 2552 2646 2599 et
2674 2544 2942 2600 subscribi
2989 2561 3023 2600 a
3070 2545 3184 2600 suis
3233 2544 3446 2602 clericis
3491 2545 3638 2602 fecit.
3682 2545 3817 2616 Quae

2217 2632 2342 2704 quia
2371 2631 2752 2688 ecclesiasticis
2774 2632 2991 2702 judiciis
3042 2633 3111 2688 de
3139 2633 3399 2688 ministris
3429 2634 3814 2692 ecclesiasticis

2215 2737 2325 2776 non
2355 2721 2628 2789 convenit,
2661 2720 2748 2777 hic
2777 2737 2899 2777 eam
2930 2721 3144 2778 mittere
3173 2722 3479 2796 supersedi.

2780 2889 3006 2947 CAPUT
3041 2891 3242 2947 XXIV.

2301 2988 2410 3043 Illa
2438 2987 2735 3062 calumnia
2765 2987 2972 3062 tabulis
3005 2989 3343 3062 testibusque
3367 2989 3665 3062 productis
3690 3007 3726 3048 a

2664 3057 2965 3115 Rhemensi
2993 3057 3328 3132 dissipatur.

511 3165 703 3238 capitis
731 3166 905 3222 nostri
933 3133 1139 3222 factum
1161 3133 1351 3224 fuisse]
1375 3167 1628 3240 legimus.
1681 3192 1703 3218 α
1741 3169 1966 3238 Omnes,
2018 3169 2106 3225 in-
2139 3133 2188 3198 Ο
2280 3172 2416 3244 (Lib.
2448 3187 2539 3240 Lv,
2571 3189 2694 3246 cap.
2731 3172 2842 3242 40.)
2890 3174 2958 3229 Ει
2999 3173 3128 3246 quia
3171 3173 3321 3241 dixit,
3359 3195 3382 3226 α
3416 3175 3698 3244 suadente,
3749 3191 3812 3234 ac

511 3253 627 3326 quit
657 3253 974 3327 Gregorius,
1009 3254 1187 3326 electi,
1221 3256 1349 3328 quia
1386 3256 1582 3312 summi
1627 3257 1816 3329 capitis
1861 3259 2106 3316 membra

511 3350 657 3410 sunt,
690 3351 853 3414 caput
883 3359 1102 3416 quoque
1130 3360 1290 3399 suum
1318 3345 1374 3399 in
1399 3345 1659 3416 passione
1687 3354 2004 3418 sequuntur,
2047 3355 2106 3402 ut

508 3430 660 3502 ipsos
691 3431 1039 3488 adversarios
1066 3433 1122 3488 in
1153 3449 1252 3488 sua
1280 3441 1455 3489 morte
1485 3433 1738 3503 sentiant,
1773 3434 1843 3490 de
1873 3451 2104 3507 quorum

508 3520 616 3576 vita
642 3521 1045 3592 praesumebant
1069 3539 1084 3589 ;
1114 3529 1168 3576 et
1197 3529 1343 3577 tanto
1373 3521 1453 3578 eis
1485 3530 1698 3578 crescat
1725 3539 1936 3579 merces
1965 3539 2104 3594 ope—

508 3608 603 3678 ris,
637 3618 840 3682 quanto
869 3609 948 3664 eis
979 3609 1188 3666 virtutis
1217 3610 1427 3668 lucrum
1454 3611 1670 3683 proficit
1701 3619 1754 3667 et
1801 3629 1868 3667 ex
1913 3612 2104 3670 alienae

508 3697 707 3753 damno
735 3697 1032 3754 charitatis.
1070 3723 1092 3747 ι»

579 3785 810 3842 Sanctus
853 3795 1032 3842 autem
1075 3787 1320 3843 Zosimus
1353 3804 1492 3860 papa
1524 3788 1592 3843 ad
1623 3789 1920 3857 Aurelium,
1953 3798 2006 3846 et
2034 3791 2102 3846 ad

505 3873 792 3930 universos
819 3875 1105 3948 episcopos
1129 3893 1230 3948 per
1249 3876 1498 3932 diversas
1519 3877 1826 3948 provincias
1846 3879 2103 3934 constitu-

503 3971 589 4020 tos
619 3963 862 4020 scribens
891 3965 1078 4038 (epist.
1113 3965 1188 4038 6),
1221 3966 1459 4022 ostendit
1503 3974 1760 4044 quantum
1809 3967 1986 4024 scelus
2033 3969 2102 4025 sit

503 4051 828 4121 traditionis,
862 4053 1052 4110 dicens
1085 4071 1097 4110 :
1135 4076 1158 4106 α
1192 4055 1431 4111 Lazarus
1463 4055 1668 4110 dudum
1697 4055 1752 4112 in
1782 4057 2101 4113 Taurinensi

503 4141 732 4199 concilio
761 4143 1173 4215 praemissorum
1202 4143 1322 4217 [al.,
1361 4144 1830 4220 gravissimorum]
1879 4145 2098 4219 episco-

503 4245 697 4302 porum
725 4232 1006 4288 sententiis
1035 4248 1137 4304 pro
1179 4233 1566 4290 calumniatore
1614 4235 1923 4306 damnatus,
1976 4251 2100 4292 cum

503 4320 698 4376 Briccii
726 4319 848 4393 [αι.,
881 4321 1070 4394 Brissi]
1098 4321 1402 4378 innocentis
1445 4323 1687 4395 episcopi
1735 4325 1902 4380 vitam
1949 4323 2099 4381 falsis

503 4408 898 4480 objectionibus
953 4410 1269 4481 appetisset.
1331 4413 1459 4467 Post
1503 4428 1635 4468 vero
1682 4412 1921 4468 indebite
1973 4412 2096 4486 [al.,

501 4495 823 4570 indebitum]
853 4497 923 4552 ab
955 4498 1148 4553 eodem
1175 4499 1423 4568 Proculo,
1457 4499 1548 4571 qui
1584 4499 1727 4556 inter
1773 4509 2004 4557 caeteros
2050 4502 2106 4556 in
2133 4493 2186 4554 D
2209 4499 2379 4554 simus
2417 4499 2572 4573 regi,
2634 4507 2889 4572 tanquam
2927 4499 3278 4571 praecellenti,
3327 4523 3348 4548 υ

501 4586 712 4658 synodo
769 4586 1104 4642 damnationi
1158 4587 1274 4656 ejus
1329 4596 1645 4644 assenserat
1703 4587 1826 4660 [al.,
1893 4590 2104 4660 synodo

499 4673 866 4731 damnationis
896 4675 1014 4744 ejus
1045 4675 1399 4750 accesserat],
1433 4677 1799 4733 sacerdotium
1831 4693 2102 4734 consecu-

505 4769 588 4818 tus
616 4772 716 4830 est,
751 4781 785 4820 a
824 4779 933 4836 quo
981 4781 1040 4821 se
1079 4765 1199 4836 ipse
1247 4765 1372 4822 vita
1420 4782 1531 4821 suae
1579 4767 1916 4822 conscientia
1961 4768 2104 4824 datis

501 4851 696 4908 litteris
744 4852 800 4908 in
846 4853 1191 4910 abdicatione
1239 4855 1360 4928 [al.,
1413 4855 1828 4930 abdicationem]
1877 4857 1959 4912 sui
2007 4875 2105 4914 sua

505 4947 698 5012 sponte
729 4941 1020 4997 submovit.
1049 4965 1071 4993 ι
1099 4945 1167 4998 Ει
1192 4943 1245 4998 in
1276 4944 1371 4999 lib.
1397 4959 1497 4999 vm
1525 4943 1918 5002 Theodosianaa
1939 4946 2098 5021 legis,

503 5045 552 5086 c.
585 5033 674 5100 29,
708 5029 778 5085 de
823 5029 1304 5088 calumniatoribus
1351 5032 1616 5104 scriptum
1661 5041 1743 5088 est
1777 5052 1788 5088 :
1826 5059 1847 5083 «
1885 5035 2102 5091 Gratia-

502 5135 604 5174 nus
628 5161 642 5186 ,
703 5117 1148 5190 Valentinianus,
1209 5121 1547 5178 Theodosius
1611 5124 1771 5180 AAA.
1836 5125 2102 5182 Hellibico

503 5206 708 5275 comiti,
742 5216 794 5263 et
821 5207 1070 5264 ministro
1107 5210 1391 5282 utriusque
1419 5211 1640 5268 militiae.
1681 5214 1804 5270 Non
1852 5223 1934 5271 est
1966 5215 2102 5271 ratio

505 5311 612 5369 qua
665 5295 936 5352 manifesti
984 5297 1390 5355 calumniatoris
1433 5301 1756 5373 supplicium
1801 5302 2098 5360 differatur.

505 5386 628 5442 Non
660 5385 806 5441 enim
835 5385 1070 5458 patimur
1089 5386 1404 5461 frequenter
1431 5389 1634 5459 iterari,
1663 5409 1784 5464 qua:
1803 5393 2102 5450 consistere

505 5475 684 5549 prima
712 5475 1056 5534 accusatione
1085 5493 1195 5534 non
1227 5478 1528 5551 quiverint;
1562 5489 1724 5554 atque
1753 5482 1982 5538 alienam
2012 5480 2102 5538 in-

501 5573 814 5636 nocentiam
841 5574 1294 5650 securitatemque
1339 5577 1456 5634 sine
1503 5577 1752 5650 crimine,
1805 5579 2102 5636 damnabili

2207 3261 2317 3317 imo
2349 3261 2709 3332 compellente
2740 3278 2828 3317 me
2859 3262 3147 3332 tradendo,
3180 3270 3237 3318 ut
3273 3277 3306 3318 a
3347 3263 3502 3337 regia
3541 3272 3812 3337 potestate

2205 3349 2618 3421 manciparetur
2647 3350 2930 3418 custodiae,
2963 3375 2984 3400 »
3027 3352 3260 3407 domnus
3307 3368 3401 3408 rex
3447 3369 3712 3424 praesens,
3764 3354 3809 3409 si

2207 3439 2462 3512 dignatus
2493 3437 2674 3510 fuerit,
2708 3439 2991 3495 veritatem
3039 3455 3222 3496 coram
3269 3440 3423 3497 vobis
3468 3441 3595 3497 hinc
3624 3441 3810 3499 dicere

2204 3533 2402 3598 potest,
2437 3525 2564 3599 quia
2592 3526 2772 3582 nullus
2800 3543 2866 3582 eo
2897 3527 3093 3583 melius
3124 3527 3242 3595 scit,
3293 3529 3339 3584 si
3377 3528 3555 3600 ipsum
3582 3528 3809 3586 fratrem

2203 3622 2450 3670 nostrum
2481 3614 2700 3683 tradidi,
2751 3624 2803 3671 et
2831 3615 2882 3672 ei
2909 3616 3078 3684 suasi,
3111 3617 3200 3672 vel
3229 3617 3517 3673 consilium
3549 3617 3626 3672 illi
3656 3618 3804 3686 dedi,

2205 3699 2319 3755 sive
2351 3715 2681 3755 consensum
2710 3699 2942 3770 praebui,
2972 3708 3028 3755 ut
3055 3716 3178 3756 eum
3209 3701 3364 3774 regia
3384 3709 3625 3772 potestas
3647 3719 3808 3758 man-

2204 3788 2412 3860 ciparet
2439 3788 2719 3844 custodiae.
2737 3789 2876 3844 Nam
2901 3789 3118 3862 quando
3139 3789 3252 3845 suis
3269 3791 3607 3860 jussionibus
3627 3791 3808 3847 resul-

2202 3867 2372 3944 t’abat,
2401 3884 2454 3934 et
2483 3878 2748 3934 adversus
2777 3895 2900 3934 eum
2935 3879 3253 3946 rebellabat,
3289 3879 3490 3936 domno
3511 3880 3630 3954 regi
3659 3880 3807 3936 misit

2201 3965 2410 4022 litteras
2441 3982 2584 4036 suas,
2620 3981 2757 4038 quas
2785 3967 2915 4022 mihi
2942 3966 3240 4024 dominatio
3271 3983 3371 4023 sua
3401 3968 3611 4036 direxit,
3646 3985 3806 4024 man-

2201 4055 2338 4112 dans
2366 4063 2424 4110 ut
2452 4055 2593 4127 apud
2623 4055 2899 4112 Silvacum
2947 4057 3011 4111 ad
3057 4073 3183 4112 eum
3227 4057 3512 4124 venirem;
3545 4065 3599 4114 et
3645 4065 3802 4114 ante-

2203 4159 2364 4216 quam
2419 4143 2548 4200 illuc
2591 4143 2852 4214 venirem,
2910 4143 3224 4200 litterariam
3273 4145 3689 4217 responsionem
3736 4147 3805 4202 de

2199 4231 2396 4288 litteris
2451 4233 2729 4288 Hincmari
2778 4233 3176 4288 remandarem.
3240 4235 3307 4288 Et
3357 4233 3615 4306 quoniam
3672 4234 3803 4290 mihi

2201 4329 2391 4378 contra
2457 4320 2640 4390 ﬁdem,
2714 4329 2767 4377 et
2829 4321 3004 4377 bonos
3069 4337 3253 4378 mores
3316 4322 3449 4378 nihil
3503 4323 3800 4390 mandavit,

2201 4417 2254 4466 et
2293 4409 2592 4482 apostolica
2631 4409 2822 4482 regula
2871 4410 3029 4466 nobis
3073 4410 3354 4482 praecipit,
3396 4420 3455 4466 ut
3509 4435 3531 4459 «
3577 4412 3805 4482 subjecti

3405 4499 3507 4555 feci
3561 4500 3631 4556 de
3678 4500 3801 4570 jus-

2205 4587 2359 4644 sione
2397 4587 2539 4644 illius
2579 4596 2636 4644 ut
2671 4587 2859 4660 potui,
2919 4595 2972 4644 et
3021 4587 3328 4644 istiusmodi
3365 4587 3572 4644 litteras
3610 4587 3802 4645 exinde

2203 4677 2281 4732 illi
2313 4676 2506 4732 direxi.

2281 4787 2304 4816 ι
2338 4765 2570 4820 Domino
2597 4764 2859 4838 glorioso,
2892 4773 2996 4821 etc.
3031 4765 3366 4821 Charissima
3395 4773 3448 4822 et
3469 4765 3801 4822 reverentis-

2203 4853 2340 4908 sima
2370 4853 2662 4909 dominatio
2691 4862 2892 4922 vestra,
2931 4875 2952 4904 ιο
2989 4861 3093 4911 etc.
3118 4856 3274 4912 Hanc
3297 4856 3436 4912 item
3460 4855 3626 4912 habes
3649 4857 3802 4911 inter

2204 4943 2472 5016 epistolas
2501 4941 2797 5000 Hincmari
2823 4945 3028 5000 nostri.

2270 5041 2392 5114 Ego
2423 5041 2498 5096 ita
2527 5040 2663 5096 sicut
2691 5041 2781 5098 hic
2800 5040 2979 5114 posui,
3004 5058 3092 5097 me
3115 5040 3404 5112 scripsisse
3425 5057 3534 5098 non
3561 5041 3776 5116 denego

2202 5128 2323 5200 Quo
2353 5137 2538 5186 contra
2568 5130 2686 5202 ipse
2713 5127 2920 5200 scribit,
2973 5147 3060 5187 me
3105 5130 3390 5202 scripsisse
3438 5131 3638 5187 domno
3685 5128 3800 5204 regi

2203 5235 2324 5276 cum
2355 5218 2678 5276 Silvanectis
2704 5219 2934 5287 venerit,
2968 5219 3171 5275 habere
3203 5219 3340 5275 tales
3371 5219 3621 5276 homines
3659 5228 3798 5275 stre-

2201 5323 2338 5364 nuos
2369 5315 2420 5363 et
2450 5308 2678 5382 peritos,
2715 5308 2852 5364 sicut
2882 5325 3019 5380 opus
3047 5317 3130 5364 est
3156 5308 3228 5364 ad
3258 5307 3420 5364 talem
3452 5308 3684 5364 bestiam
3704 5323 3796 5364 ca-

2200 5397 2472 5469 piendam.
2507 5399 2574 5454 Et
2602 5397 2876 5472 quomodo
2903 5398 2972 5453 ad
3002 5397 3322 5452 tradendum
3355 5413 3480 5453 eum
3526 5397 3796 5469 Scriptura

2199 5501 2324 5542 mea
2353 5487 2660 5554 conveniat,
2694 5503 2816 5559 quae
2846 5487 3077 5542 salutem
3109 5485 3272 5552 illius,
3307 5493 3362 5541 et
3397 5501 3506 5541 non
3550 5485 3794 5542 traditio-

2199 5591 2323 5634 nem
2357 5575 2604 5649 qumsivit
2623 5577 2651 5632 ?
2681 5591 2778 5634 vos
2801 5575 3060 5647 judicate.
3085 5576 3152 5631 Et
3181 5574 3410 5631 alteram
3439 5574 3643 5630 domno
3677 5573 3795 5648 regi
