4174 6300
363 322 464 376 605
1108 318 1330 377 OPUSC
1343 359 1356 375 .
1419 319 1510 375 ET
1562 317 1760 375 EPIST
1772 359 1785 373 .

1853 317 1926 373 IN
1981 317 2206 374 CAUSA
2262 317 2605 374 HINCMARI
2660 319 2969 383 LAUDUN.

3560 323 3664 376 606

365 458 431 499 ex
461 456 526 499 eo
556 441 729 499 direxi
758 441 1022 514 prolixam
1053 443 1355 514 epistolam,
1389 444 1540 514 cujus
1563 442 1840 515 exemplar
1869 441 1958 499 hic
1985 443 2042 505 A
2061 441 2376 498 incendium
2421 442 2618 498 furoris
2667 443 2982 498 exstinxit.»
3033 445 3103 499 Et
3132 443 3337 500 utinam
3357 443 3447 500 hic
3474 443 3662 500 rhino-

366 532 575 597 habeo;
611 531 665 586 in
701 547 809 603 qua
839 533 1144 588 continetur
1170 533 1240 588 ad
1269 532 1450 606 locum
1483 549 1496 587 :

439 642 462 672 α
499 622 619 693 Ego
648 629 826 676 autem
875 622 954 677 sic
995 622 1112 678 haec
1169 638 1288 694 qua:
1335 629 1457 677 acta
1503 627 1646 688 sunt,
1702 619 1964 693 progredi

365 709 544 776 timeo,
579 717 634 765 et
661 709 739 766 sic
767 709 962 777 doleo;
995 709 1120 766 licet
1167 709 1343 765 isdem
1371 709 1692 766 Hincmarus
1726 709 1862 765 sicut
1895 708 1965 762 ad

364 814 451 853 me
481 813 580 868 pro
599 805 750 854 certo
778 813 876 869 per
903 813 999 854 eos
1027 798 1120 870 qui
1148 799 1214 852 ab
1243 798 1362 869 ipso
1406 798 1710 863 audierunt,
1746 805 1798 853 et
1846 797 1963 866 ejus

367 885 681 942 frendentes
717 894 896 942 motus
925 901 1046 942 cum
1092 887 1162 942 de
1192 903 1278 943 me
1307 887 1560 958 loquitur,
1593 886 1795 951 vident,
1830 901 1963 957 per-

367 984 590 1031 ventum
621 983 724 1043 est,
755 975 887 1030 mihi
922 977 1025 1030 hoc
1065 982 1232 1031 totum
1254 983 1488 1047 reputat,
1523 975 1668 1047 quod
1699 989 1798 1030 vos
1817 991 1848 1028 a
1876 990 1964 1030 me

366 1063 664 1135 provocati,
700 1064 961 1136 quidquid
990 1072 1178 1119 contra
1208 1080 1332 1119 eum
1362 1064 1554 1136 egistis
1589 1071 1641 1119 et
1666 1063 1848 1136 agitis,
1883 1062 1966 1118 di-

365 1169 496 1208 cens
555 1153 702 1224 quod
755 1154 871 1208 haec
917 1152 1098 1208 omnia
1140 1168 1265 1208 meo
1329 1152 1557 1208 consilio
1609 1161 1661 1208 et
1708 1152 1965 1208 instinctu

367 1241 560 1313 agatis.
597 1239 754 1309 Quod
783 1255 894 1295 non
927 1255 1050 1296 esse
1075 1257 1288 1308 verum,
1321 1240 1518 1295 melius
1568 1240 1671 1312 ipsi
1730 1239 1898 1296 scitis.
1937 1259 1959 1290 ι

364 1330 433 1384 Ει
467 1329 596 1384 item
626 1329 694 1384 ad
725 1328 902 1384 locum
944 1329 1001 1383 in
1034 1328 1224 1384 eadem
1273 1329 1501 1400 epistola
1535 1347 1547 1383 :
1583 1327 1741 1397 Quod
1785 1336 1964 1384 autem

357 1417 598 1487 jussistis
643 1425 702 1472 ut
756 1416 1045 1472 consilium
1074 1417 1303 1489 qualiter
1354 1424 1544 1473 contra
1572 1417 1962 1473 contumaciam

365 1504 643 1561 Hincmari
671 1505 828 1560 vobis
862 1506 1133 1576 agendum
1192 1505 1258 1560 sit
1303 1506 1626 1562 remandare
1655 1520 1960 1576 procurem,

367 1608 490 1650 cum
521 1593 682 1650 venia
703 1602 901 1650 vestrae
922 1593 1305 1649 dominationis
1334 1594 1664 1665 respondeo,
1697 1594 1804 1649 hoc
1831 1593 1965 1648 mihi

366 1697 476 1738 non
503 1683 667 1738 modo
695 1681 930 1749 difficile,
963 1698 1152 1738 verum
1183 1683 1348 1738 etiam
1369 1683 1499 1737 mihi
1520 1683 1733 1738 videtur
1755 1682 1964 1752 impos-

364 1771 540 1826 sibile.
578 1789 602 1820 ι
635 1771 704 1826 Et
742 1770 908 1841 paulo
963 1779 1085 1842 post
1119 1788 1131 1824 :
1169 1794 1191 1818 «
1230 1771 1380 1826 Sicut
1423 1771 1580 1826 vobis
1629 1770 1963 1826 sufﬁcienter

361 1867 444 1914 est
474 1859 772 1933 cognitum,
816 1875 1004 1916 sacros
1041 1859 1343 1931 precipere
1389 1874 1629 1915 canones
1669 1859 1737 1914 de
1793 1874 1959 1914 causa

363 1947 626 2019 episcopi,
655 1948 888 2005 maxime
918 1948 1063 2004 unde
1094 1949 1244 2020 regia
1271 1955 1456 2004 vestra
1500 1955 1740 2019 potestas
1769 1947 1957 2003 laesam

363 2052 422 2092 se
467 2037 746 2108 queritur:
781 2045 833 2092 et
863 2037 1175 2109 apostolicae
1217 2037 1365 2092 sedis
1394 2038 1686 2093 auctoritas
1726 2044 1956 2092 conten-

362 2125 518 2192 tiose,
577 2125 716 2182 sicut
770 2124 1180 2181 mihi'relatum
1231 2133 1332 2194 est,
1394 2125 1450 2181 in
1503 2126 1742 2181 medium
1787 2125 1957 2180 devo-

361 2222 536 2282 catur,
572 2213 690 2270 sine
721 2215 1168 2286 coepiscoporum
1197 2221 1427 2270 tractatu
1475 2222 1635 2286 atque
1685 2230 1955 2270 consensu

361 2302 644 2358 sententiae
699 2302 988 2358 consilium
1018 2303 1170 2370 dare,
1197 2303 1281 2359 vel
1311 2301 1566 2375 quiddam
1587 2301 1818 2358 diffinire
1846 2317 1957 2358 non

359 2392 538 2448 valeo.
577 2413 599 2441 »

435 2480 613 2536 Odoni
643 2487 822 2536 autem
853 2478 1141 2550 epistolam
1171 2495 1269 2551 pro
1299 2495 1384 2546 eo,
1418 2480 1562 2545 misi,
1598 2479 1956 2553 interroganti

359 2569 488 2641 quid
531 2568 744 2635 vellem,
792 2576 849 2622 ut
896 2569 1190 2624 Hincmaro
1239 2569 1393 2624 daret
1445 2568 1780 2624 consilium:
1812 2569 1956 2625 unde

357 2657 438 2712 illi
468 2657 705 2728 prolixas
761 2656 970 2712 litteras
1025 2657 1148 2712 misi
1203 2657 1342 2729 (non
1398 2661 1677 2728 exstant),
1724 2671 1956 2729 quarum

359 2745 637 2817 exemplar
654 2745 740 2801 hic
760 2746 936 2801 habeo
955 2745 1184 2800 alteram
1212 2753 1394 2800 autem
1411 2745 1587 2800 eidem
1604 2744 1756 2800 fratri
1777 2745 1956 2800 Odoni

355 2849 458 2906 pro
487 2834 783 2891 Hincmaro
813 2833 936 2890 misi
965 2833 1272 2904 epistolam,
1307 2834 1461 2902 cujus
1492 2833 1768 2904 exemplar
1788 2840 1840 2889 et
1868 2833 1958 2889 hic

354 2922 552 2993 habeo,
587 2923 642 2977 in
664 2939 770 2995 qua
800 2922 1104 2978 continetur
1136 2940 1150 2978 :
1179 2946 1200 2970 «
1237 2922 1506 2992 Quantum
1534 2930 1687 2994 potes
1717 2922 1956 2977 animum

355 3011 542 3066 domni
576 3011 726 3084 regis
771 3011 1043 3077 modifica,
1080 3031 1102 3060 υ
1153 3019 1258 3067 etc.
1300 3012 1532 3085 Reliqua
1592 3011 1756 3067 habes
1802 3013 1958 3068 inter

355 3101 583 3158 easdem
601 3102 889 3170 epistolas.

2066 547 2226 587 ceros
2255 539 2440 588 noster
2469 532 2684 605 signum
2716 532 2896 588 crucis
2927 532 3088 589 fronti
3117 541 3169 588 et
3206 533 3357 590 cordi
3385 533 3662 604 imprime-

2065 627 2165 687 ret,
2216 628 2270 675 et
2321 637 2350 676 e
2398 638 2512 676 sua“:
2571 620 2926 678 contumaciae
2986 620 3266 677 ferocitate
3311 621 3664 693 semetipsum

2066 709 2515 782 exstingueret,et
2536 725 2595 765 se
2623 710 2854 764 alterum
2884 709 3086 766 faceret
3118 727 3132 764 :
3164 719 3221 765 ut
3251 726 3376 766 cum
3403 709 3664 781 Apostolo

2065 797 2250 854 dicere
2275 798 2447 869 poesit
2472 817 2484 853 :
2515 799 2636 855 Vivo
2654 815 2768 870 ego,
2781 801 2912 870 jam
2932 815 3048 856 non
3071 815 3197 871 ego;
3224 799 3358 855 vivit
3387 802 3580 854 autem
3599 800 3664 854 in

2065 903 2154 942 me
2188 887 2442 942 Christus
2468 887 2679 957 (Galat.
2715 888 2798 956 ιι).
2832 887 2990 942 Unde
3013 887 3350 960 Gregorius:
3389 907 3410 937 ι
3445 886 3664 942 Exstin-

2066 981 2184 1030 ctus
2202 975 2401 1046 quippe
2431 974 2605 1030 fuerat
2635 991 2812 1030 saevus
2854 975 2947 1031 ille
3006 983 3346 1046 persecutor,
3398 982 3448 1029 et
3478 974 3664 1030 vivere

2065 1070 2307 1133 coeperat
2349 1063 2471 1134 pius
2510 1062 2855 1134 praedicator.
2896 1085 2918 1113 ι
2969 1061 3175 1118 Alferat
3221 1070 3397 1139 autem
3456 1063 3661 1118 litteras

2065 1166 2218 1206 meas
2245 1151 2315 1206 de
2346 1151 2541 1222 quibus
2586 1151 2671 1206 hic
2716 1150 2950 1222 scripsit,
3005 1160 3058 1207 et
3104 1151 3348 1222 proferat
3395 1167 3521 1206 eum
3570 1151 3661 1222 qui

2066 1253 2160 1294 eas
2197 1239 2275 1294 illi
2333 1240 2497 1306 dedit,
2551 1247 2604 1294 et
2664 1248 3024 1311 cognoscatur
3075 1240 3202 1295 inde
3247 1239 3470 1296 veritas.
3521 1240 3664 1294 Nam

2066 1327 2210 1399 quod
2238 1327 2384 1395 dicit,
2433 1328 2565 1385 mihi
2593 1327 2858 1384 restitisse
2881 1328 2950 1384 de
2979 1329 3265 1384 Rothado:
3301 1328 3662 1399 subscriptio-

2064 1432 2164 1471 nes
2202 1432 2396 1471 manus
2443 1433 2575 1484 suae,
2630 1433 2763 1489 quas
2809 1417 3005 1485 habeo,
3048 1417 3175 1472 inde
3223 1416 3492 1472 mendacii
3540 1432 3663 1472 eum

2062 1505 2415 1578 redarguunt,
2449 1505 2821 1574 ostendentes,
2856 1505 2980 1578 quia
3014 1505 3148 1561 nihil
3186 1506 3256 1560 de
3286 1504 3534 1562 Rothado
3555 1504 3659 1560 de-

2064 1592 2231 1661 crevi,
2265 1593 2452 1649 valde
2484 1594 2788 1650 ordinando
2830 1594 2995 1649 alium
3041 1594 3095 1649 in
3142 1594 3320 1650 locum
3369 1593 3488 1662 ejus
3534 1593 3662 1660 feci,

2066 1681 2212 1752 quod
2240 1698 2452 1738 mecum
2483 1682 2602 1754 ipse
2631 1699 2742 1738 non
2785 1681 2976 1739 fecerit
3026 1700 3040 1738 :
3091 1683 3229 1739 sicut
3277 1690 3331 1738 et
3376 1681 3663 1754 synodalia

1989 1799 2042 1859 B
2063 1778 2217 1841 gesta
2247 1771 2568 1842 apostolica:
2597 1771 2714 1826 sedi
2744 1771 2966 1838 directa,
3035 1771 3232 1843 quibus
3261 1771 3378 1845 ipse
3411 1771 3658 1827 subscri-

2059 1859 2185 1929 psit,
2220 1866 2464 1929 patenter
2492 1860 2804 1915 ostendunt.

2131 1947 2395 2002 Caeterum
2427 1948 2551 2003 veni
2581 1948 2650 2002 ad
2680 1948 2940 2003 domnum
2968 1963 3157 2019 regem
3185 1948 3254 2003 ad
3286 1947 3559 2004 Solarium
3599 1947 3655 2003 in

2059 2034 2286 2106 Cippido
2317 2036 2602 2109 (Suyppe),
2636 2044 2689 2091 et
2725 2037 2774 2092 ei
2810 2036 3110 2092 litterarum
3139 2037 3554 2109 responsionem
3591 2037 3661 2091 de

2059 2123 2171 2178 suis
2205 2131 2258 2178 et
2279 2123 2557 2180 Hincmari
2587 2124 2781 2180 litteris
2810 2125 2998 2180 detuli.
3032 2125 3207 2194 Quam
3248 2125 3664 2196 responsionem

2058 2227 2240 2268 coram
2261 2228 2370 2280 me,
2403 2220 2456 2268 et
2486 2212 2677 2269 Odone
2699 2214 2979 2285 episcOpo,
3012 2222 3064 2268 et
3098 2213 3325 2281 Ottulfo,
3359 2221 3520 2285 atque
3540 2213 3661 2268 Hil-

2057 2301 2293 2356 deboldo
2317 2309 2440 2357 tunc
2461 2303 2815 2373 presbyteris,
2841 2303 2937 2358 sed
2958 2310 3012 2357 et
3034 2318 3218 2358 coram
3236 2302 3415 2358 Eirico
3437 2302 3653 2368 comite,

2059 2397 2111 2445 et
2141 2405 2249 2445 non
2279 2389 2537 2446 recordor
2566 2391 2798 2446 aliorum
2827 2391 3047 2446 nomina
3085 2391 3178 2463 qui
3214 2391 3417 2446 ibidem
3462 2390 3652 2446 adfue-

2058 2485 2198 2545 runt,
2235 2478 2525 2534 Hincmaro
2547 2478 2715 2548 dedit,
2750 2487 2802 2534 et
2819 2479 3001 2535 locum
3023 2495 3186 2551 super
3215 2487 3431 2536 noctem
3469 2478 3534 2551 [Γ.
3558 2495 3657 2534 no-

2057 2574 2200 2622 ctem
2225 2581 2392 2638 super
2420 2566 2621 2640 locum]
2653 2568 2718 2622 ad
2733 2567 3026 2641 legendum
3043 2568 3333 2624 concessit.
3359 2567 3656 2623 Etincras-

2058 2655 2171 2710 tina
2218 2655 2286 2709 ad
2319 2672 2509 2727 regem
2547 2672 2822 2722 reversus,
2870 2657 2995 2728 quia
3024 2656 3081 2711 in
3118 2656 3278 2712 solita
3321 2656 3661 2713 contumacia

2055 2742 2407 2814 pertinaciter
2450 2744 2705 2814 perstitit,
2737 2752 2796 2798 ut
2825 2761 2928 2800 nec
2977 2761 3102 2818 ego,
3146 2760 3250 2800 nec
3298 2743 3469 2800 frater
3497 2744 3639 2811 Odo,

2056 2847 2158 2887 nec
2180 2831 2342 2886 etiam
2373 2832 2463 2904 qui
2484 2831 2772 2887 adfuerunt
2792 2832 2882 2887 alii
2912 2833 3170 2904 quiddam
3190 2832 3434 2899 rationis,
3453 2833 3539 2889 vel
3556 2834 3654 2887 hu-

2057 2919 2318 2987 militatis,
2353 2929 2441 2975 aut
2463 2921 2792 2992 episcopalis
2809 2921 3087 2993 gravitatis
3101 2921 3346 2977 obtinere
3369 2922 3516 2993 apud
3533 2938 3655 2978 eum

2056 3009 2332 3079 potuimus
2366 3028 2379 3064 :
2410 3009 2681 3065 licentiam
2704 3010 2847 3080 apud
2864 3010 3126 3066 domuum
3156 3027 3347 3081 regem
3393 3011 3523 3081 petii
3557 3029 3569 3066 :
3605 3019 3658 3066 et

2059 3097 2187 3168 quia
2219 3097 2350 3152 satis
2390 3096 2638 3153 infirmus
2669 3113 2839 3164 eram,
2884 3099 2955 3153 ad
2982 3098 3321 3154 mansionem
3344 3099 3570 3154 secessi.
3606 3099 3662 3154 Si

425 3157 665 3246 Tertiam
725 3204 939 3262 quoque
980 3189 1157 3244 eidem
1186 3189 1333 3244 fratri
1364 3203 1465 3260 pro
1496 3204 1562 3244 eo
1591 3187 1714 3243 misi
1745 3188 1951 3259 episto-
1986 3157 2035 3219 C‘
2057 3157 2238 3240 autem
2275 3186 2532 3256 quiddam
2562 3186 2630 3241 de
2663 3157 2950 3242 traditione
2979 3187 3143 3258 illius,
3185 3186 3273 3244 vel
3303 3187 3371 3242 de
3401 3187 3663 3244 custodia:

353 3278 484 3344 lam,
534 3279 688 3347 cujus
739 3278 1016 3348 exemplar
1073 3279 1162 3334 hic
1207 3279 1402 3347 habeo,
1458 3277 1513 3331 in
1538 3293 1646 3349 qua
1701 3276 1952 3332 contine-

354 3375 486 3421 tur:
525 3388 546 3417 α
582 3366 804 3422 Multum
858 3367 1024 3422 timeo
1062 3381 1125 3422 ac
1179 3365 1358 3434 doleo,
1398 3385 1420 3415 υ
1486 3373 1590 3420 etc.
1678 3365 1801 3422 Vide
1860 3367 1954 3422 ubi

354 3473 546 3528 supra.

424 3545 546 3618 Ego
587 3543 666 3600 sic
689 3543 904 3616 scripsi.
952 3545 1019 3598 Et
1047 3543 1368 3599 Hincmarus
1390 3543 1521 3600 dicit
1562 3558 1649 3598 me
1698 3543 1768 3598 ad
1798 3558 1952 3599 com-

351 3633 550 3705 pliccm
602 3649 783 3688 meum
814 3633 1065 3688 Odonem
1124 3633 1429 3704 scripsisse,
1459 3640 1517 3687 ut
1575 3653 1596 3683 ‹‹
1635 3632 1854 3704 quando
1885 3633 1954 3687 ad

354 3722 624 3794 synodum
666 3721 998 3791 venerimus,
1033 3723 1180 3777 Deus
1211 3722 1408 3793 poterit
1456 3721 1614 3776 nobis
1644 3722 1777 3776 dare
1825 3721 1954 3792 quid

350 3810 658 3883 loquamur,
690 3827 862 3882 usque
893 3811 1021 3866 dum
1055 3811 1122 3865 de
1151 3811 1256 3866 isto
1293 3811 1610 3866 indomabili
1644 3811 1949 3877 unicornio,

348 3909 401 3955 et
432 3899 692 3971 iniquieto
723 3899 947 3954 animali
977 3914 1077 3954 nos
1115 3899 1382 3955 liberabit.
1423 3920 1445 3950 ι
1482 3899 1618 3968 Quae
1661 3899 1955 3971 Scriptum

353 3996 611 4059 quantum
640 3988 782 4043 inter
804 4004 862 4043 se
885 3987 1212 4053 discordent,
1262 3988 1398 4044 ratio
1423 3987 1702 4043 manifesta
1731 3989 1956 4044 demon-

350 4083 506 4131 strat.
540 4077 678 4131 Nam
707 4077 809 4132 etsi
867 4077 958 4142 ita,
1010 4084 1067 4132 ut
1104 4076 1232 4131 dicit
1274 4077 1617 4143 Hincmarus,
1680 4077 1749 4131 ad
1798 4076 1954 4132 Odo-

349 4182 476 4220 nem
523 4165 868 4236 scripsissem
904 4182 918 4220 :
950 4180 1057 4221 non
1116 4173 1294 4220 tamen
1334 4165 1407 4219 ibi
1440 4165 1697 4237 colligere
1744 4173 1954 4236 poterat

351 4253 501 4309 illius
529 4254 852 4310 traditorem
873 4269 959 4308 me
989 4254 1107 4309 fore
1146 4271 1158 4307 :
1189 4269 1310 4310 cum
1344 4254 1503 4308 etiam
1535 4254 1590 4308 in
1618 4253 1809 4309 litteris
1841 4253 1954 4308 suis

350 4358 440 4397 me
470 4342 613 4398 dicat
634 4343 837 4397 dixisse
862 4360 875 4397 :
901 4365 922 4390 α
961 4341 1191 4411 Quando
1222 4344 1290 4398 ad
1323 4341 1593 4413 synodum
1620 4341 1948 4409 venerimus,

354 4433 502 4487 Deus
549 4431 744 4502 poterit
785 4432 944 4487 nobis
975 4433 1103 4487 dare
1136 4432 1266 4504 quid
1314 4431 1620 4504 loquamur.
1660 4453 1682 4482 ι
1716 4431 1952 4500 Quaesivi

2054 3274 2456 3344 mancipatione
2487 3289 2610 3330 cum
2640 3274 2841 3330 domno
2871 3291 3006 3348 rege
3060 3275 3265 3348 aliquid
3306 3276 3516 3331 locutus
3559 3275 3657 3344 fui,

2053 3379 2162 3417 non
2197 3363 2372 3418 solum
2406 3363 2637 3418 domnus
2669 3379 2761 3419 rex
2789 3365 2894 3420 hoc
2931 3365 3128 3420 melius
3165 3365 3305 3436 sapit
3339 3383 3353 3420 :
3385 3381 3578 3421 verum
3608 3373 3663 3420 et

2054 3451 2143 3505 isti
2167 3451 2408 3524 religiosi
2439 3452 2682 3524 episcopi
2713 3453 2853 3520 Odo,
2887 3461 2940 3509 et
2971 3453 3226 3520 Ottulfus,
3273 3461 3326 3509 et
3374 3453 3655 3509 Hildebol-

2055 3539 2177 3606 dus,
2214 3539 2498 3595 veritatem
2528 3541 2686 3595 nobis
2717 3557 2816 3612 pro
2839 3557 3030 3596 amore
3051 3542 3225 3612 ipsius
3247 3543 3493 3597 veritatis
3521 3556 3658 3614 pos-

2055 3636 2180 3682 sunt
2209 3628 2445 3698 edicere,
2496 3637 2545 3684 et
2593 3645 2680 3685 me
2727 3637 2817 3685 aut
2862 3631 3102 3697 noxium,
3141 3638 3232 3686 aut
3271 3631 3549 3686 innoxium
3592 3631 3662 3688 de

2053 3718 2158 3773 hac
2181 3717 2455 3773 calumnia
2502 3719 2876 3788 pronuntiare.
2927 3719 3202 3790 Scriptum
3241 3727 3324 3775 est
3351 3720 3498 3775 enim
3533 3736 3546 3776 :
3591 3721 3657 3776 In

2054 3822 2149 3862 ore
2179 3807 2420 3862 duorum
2449 3811 2551 3863 aut
2570 3809 2748 3863 trium
2766 3809 3000 3864 testium
3030 3809 3202 3864 stabit
3231 3825 3396 3864 omne
3431 3810 3659 3866 verbum

2056 3894 2277 3966 (Matth.
2311 3911 2447 3963 xvr;
2481 3897 2510 3951 Ι
2542 3899 2680 3953 Tim.
2715 3897 2795 3969 5).
2837 3898 2905 3952 Et
2929 3899 3221 3968 Apostolus
3249 3899 3652 3955 accusationem

2057 3983 2160 4039 sub
2191 3984 2422 4052 duobus,
2447 3985 2533 4040 vel
2554 3985 2725 4040 tribus
2748 3986 2974 4041 testibus
3005 3987 3267 4043 adversus
3283 3988 3655 4059 presbyteros,

2057 4073 2400 4145 recipiposse
2429 4074 2686 4129 ostendit.
2708 4075 2775 4128 Et
2796 4075 3075 4129 Nicaenum
3093 4075 3382 4130 concilium
3405 4076 3555 4147 (can.
3577 4076 3654 4148 2),

2055 4162 2400 4232 NeOphytum
2433 4162 2749 4232 episcopum
2771 4179 2800 4215 a
2830 4161 3044 4217 duobus
3076 4163 3162 4219 vel
3209 4163 3379 4219 tribus
3430 4165 3656 4220 testibus

2056 4250 2432 4322 redargutum,
2480 4249 2755 4305 abstinere
2787 4265 2820 4306 a
2859 4249 3008 4306 clero
3049 4251 3314 4322 pracipit,
3350 4251 3395 4306 si
3442 4253 3659 4324 aliquod

2056 4337 2313 4393 delictum
2361 4337 2557 4394 anima:-
2601 4337 2744 4394 circa
2774 4355 3069 4410 personam
3117 4339 3420 4412 reperiatur
3461 4341 3657 4410 hujus-

2055 4427 2222 4482 modi.
2257 4427 2365 4482 Sed
2395 4435 2448 4483 et
2479 4427 2623 4500 quia,
2659 4436 2717 4482 ut
2747 4443 2914 4500 supra
2933 4429 3112 4500 posui,
3147 4445 3319 4486 sacrm
3365 4429 3519 4503 leges
3567 4429 3654 4485 di-

353 4520 501 4574 enim
530 4520 670 4576 inter
699 4521 1036 4592 exemplaria
1066 4521 1364 4576 litterarum
1387 4519 1667 4592 exemplar
1707 4520 1948 4591 epistolas
1978 4516 2030 4576 D
2050 4522 2197 4582 eunt,
2247 4515 2374 4587 quia
2423 4516 2670 4572 convinci
2714 4533 2875 4573 nemo
2903 4526 3103 4589 potest,
3143 4517 3248 4574 nisi
3268 4519 3538 4590 scriptura
3569 4519 3657 4575 vel

350 4607 406 4663 in
439 4624 542 4679 qua
572 4609 688 4665 haec
717 4610 884 4664 verba
903 4614 1026 4680 'quae
1055 4609 1202 4675 dicit,
1236 4610 1630 4675 contineantur,
1665 4610 1761 4665 sed
1791 4609 1942 4665 inve-

351 4701 468 4752 nire
517 4711 626 4752 non
670 4698 838 4769 potui.
885 4699 953 4752 Et
981 4698 1106 4754 licet
1166 4715 1290 4754 eum
1345 4699 1681 4769 unicornem,
1742 4698 1951 4755 scilicet

350 4784 738 4842 indomabilem
776 4785 1007 4842 bestiam
1053 4787 1108 4842 in
1157 4789 1293 4843 meis
1353 4787 1546 4844 litteris
1595 4788 1947 4860 appellarem,

350 4889 462 4931 non
520 4875 872 4931 criminaliter
912 4884 1197 4947 peccatum
1241 4878 1655 4933 committerem.
1705 4879 1838 4932 Cum
1886 4878 1946 4932 B.

353 4964 653 5035 Gregorius
674 4979 952 5036 exponens
973 4965 1293 5021 sententiam
1323 4966 1538 5021 Domini
1553 4967 1620 5021 ad
1641 4969 1667 5020 J
1673 4967 1744 5022 ob
1765 4967 1951 5023 dicen-

350 5053 420 5109 tis
457 5071 470 5107 :
503 5054 768 5126 Nunquid
798 5055 1055 5126 alligabis
1102 5056 1514 5112 rhinocerotem
1563 5057 1636 5112 ad
1670 5056 1952 5112 arandum

357 5143 472 5199 loro
492 5146 624 5198 tuo?
643 5143 759 5211 (Job
782 5146 1013 5214 xxxix.)
1038 5144 1105 5198 de
1123 5159 1223 5199 suo
1237 5145 1563 5214 imperatore
1580 5145 1725 5200 dicat
1749 5165 1762 5201 :
1792 5167 1813 5197 α
1846 5147 1953 5202 Sa:-

353 5246 442 5301 pe,
467 5229 736 5302 inquiens,
787 5231 987 5287 vidisse
1004 5248 1090 5286 me
1112 5231 1334 5286 memini
1365 5233 1509 5304 quod
1541 5249 1663 5288 cum
1687 5251 1745 5289 se
1775 5234 1846 5290 ad
1867 5233 1951 5290 fe-

352 5319 602 5373 riendum
623 5319 862 5392 graviter
877 5321 963 5377 hic
990 5321 1308 5376 rhinoceros
1329 5321 1834 5394 accenderet,quasi
1848 5324 1956 5380 ele-

352 5414 481 5462 vato
511 5423 684 5463 cornu
710 5408 953 5464 bestiolis
985 5410 1220 5465 minimis
1251 5410 1440 5465 mortis
1474 5411 1682 5476 exsilia,
1719 5412 1951 5468 damna-

353 5495 666 5567 tionemque
696 5497 952 5567 subjectis
983 5498 1264 5555 immensis
1295 5499 1596 5554 terroribus
1641 5499 1949 5570 intentaret,

351 5591 576 5656 repente
620 5583 785 5642 fronti
837 5586 996 5660 signo
1039 5588 1218 5644 crucis
1266 5589 1554 5660 impresso,
1599 5605 1761 5647 omne
1804 5589 1856 5646 in
1891 5606 1950 5646 se

2052 4605 2291 4660 testibus
2323 4605 2584 4661 :audistis
2616 4607 2910 4678 scripturas
2954 4615 3006 4662 et
3055 4624 3201 4674 suas,
3254 4616 3306 4663 et
3360 4623 3536 4674 meas,
3588 4609 3656 4664 de

2051 4710 2279 4765 quarum
2337 4695 2659 4752 certitudine
2694 4711 2818 4752 cum
2873 4697 3058 4752 domni
3101 4697 3272 4769 regis,
3331 4704 3386 4752 et
3427 4696 3654 4753 istorum

2049 4783 2431 4855 episcoporum
2462 4785 2801 4840 attestatione
2827 4784 3084 4858 legaliter
3113 4801 3174 4840 ac
3207 4785 3532 4858 regulariter
3563 4803 3657 4858 po-

2051 4873 2200 4928 testis
2231 4873 2562 4941 discernere,
2595 4882 2756 4945 atque
2778 4874 3098 4942 decernere,
3133 4874 3179 4928 si
3195 4873 3422 4945 praefata
3447 4876 3654 4946 judicia

2047 4961 2249 5032 legum,
2285 4970 2336 5016 et
2366 4963 2584 5032 Zosimi,
2619 4962 2671 5017 in
2702 4978 2826 5017 eum
2856 4962 2943 5034 qui
2970 4979 3058 5019 me
3083 4961 3220 5019 falso
3242 4972 3325 5020 est
3357 4965 3654 5021 calumnia-

2050 5057 2153 5115 tus,
2189 5051 2435 5108 recidere
2465 5052 2736 5116 debeant;
2790 5067 2910 5123 quae
2963 5051 3017 5106 in
3045 5069 3133 5108 me
3171 5053 3554 5124 procederent,
3608 5055 3654 5109 si

2051 5155 2138 5194 me
2158 5156 2259 5211 per
2301 5139 2624 5196 calumniam
2680 5139 2984 5196 delatorem
3044 5159 3200 5198 suum
3258 5143 3499 5215 probare
3555 5159 3655 5200 va-

2058 5228 2214 5284 leret.

2127 5326 2280 5396 Quae,
2314 5334 2366 5381 et
2395 5326 2520 5394 alia,
2553 5327 2621 5382 de
2649 5327 2768 5383 aliis
2798 5329 2928 5384 mihi
2949 5330 3019 5385 ab
3052 5347 3118 5387 eo
3142 5330 3331 5399 illatis,
3352 5349 3462 5388 non
3492 5347 3652 5390 causa

2052 5431 2295 5471 mearum
2331 5415 2650 5484 injuriarum
2681 5417 2803 5474 dico
2846 5435 2858 5472 :
2893 5420 2990 5475 sed
3020 5420 3138 5477 zelo
3167 5421 3266 5476 Dei
3297 5429 3350 5476 et
3393 5422 3654 5478 ecclesia-

2056 5504 2308 5558 sticarum
2338 5505 2669 5577 regularum,
2694 5516 2856 5580 atque
2889 5509 3086 5566 divina:
3133 5510 3513 5581 ordinationis,
3555 5528 3650 5566 se-

2053 5592 2286 5648 cundum
2332 5601 2584 5665 paternas
2615 5597 3064 5657 constitutiones:
3105 5614 3173 5655 ne
3219 5615 3320 5670 pro
3378 5598 3482 5656 loci
3543 5599 3651 5660 mei
