4174 6338
470 293 577 348 607

1394 287 1738 346 HINCMARI
1794 286 2194 345 RHEMENSIS
2220 287 2779 346 ARCHIEPISCOPI.

3657 297 3767 350 608

467 414 648 471 ofﬁcio
694 414 941 470 damnari
969 430 1036 471 ex
1085 412 1425 486 negligentia
1470 413 1737 481 debeam;
1771 413 1888 483 sed,
1921 412 2060 468 sicut
2088 412 2143 473 A
2164 427 2512 469 consensum.
2544 438 2565 464 »
2598 415 2667 470 Et
2696 414 3031 471 Antiochena
3060 416 3302 487 synodus
3331 415 3480 487 (can.
3499 419 3613 488 20),
3645 434 3771 489 per-

465 505 524 559 B.
562 504 864 576 Gregorius
891 504 948 559 in
978 504 1168 577 regula
1196 503 1454 574 pastorali
1495 504 1854 571 demonstrat,
1905 518 2060 558 eum-

465 592 590 647 dem
621 592 795 648 zelum
826 593 1190 664 postmodum,
1221 592 1365 648 inter
1403 608 1490 649 me
1538 600 1591 648 et
1634 593 1805 660 illum,
1865 591 2064 646 fortem

463 681 822 737 munitionem
849 682 1101 749 habeam,
1134 696 1204 736 ne
1234 689 1363 737 tunc
1393 681 1465 736 ad
1491 680 1789 736 vindictam
1834 681 1937 734 sim
1966 680 2062 734 de—

464 769 702 837 stitutus,
750 770 798 825 si
825 785 969 827 nunc
1014 770 1071 825 in
1128 770 1499 827 correctiones
1541 769 1696 824 fuero
1743 769 2056 824 dissolutus.

462 858 579 914 Nec
599 874 710 914 non
738 865 797 913 ut
825 867 879 913 et
907 859 975 913 de
1004 876 1092 914 me
1122 859 1341 923 veritas,
1378 866 1429 913 et
1458 857 1760 912 litterarum
1789 857 1934 911 illius
1955 856 2061 910 fal-

466 946 620 1013 sitas,
644 946 853 1003 cunctis
882 947 997 1015 ejus
1028 947 1406 1003 accusationes
1426 954 1479 1001 et
1496 962 1650 1001 meas
1682 944 2061 1001 excusationes

463 1033 777 1107 legentibus
806 1035 1027 1106 liqueat.
1062 1037 1131 1090 Et
1160 1036 1204 1090 si
1244 1034 1494 1089 fortassis
1525 1035 1670 1089 idem
1700 1036 1869 1088 frater
1890 1034 2058 1089 Hinc-

459 1138 648 1177 marus
678 1123 803 1179 ideo
833 1123 1178 1194 subscripsit,
1211 1130 1263 1178 et
1284 1122 1555 1178 subscribi
1578 1123 1646 1178 ab
1665 1121 2059 1178 ecclesiasticis

459 1211 725 1267 Ecclesiae
746 1227 859 1268 suae
879 1211 1139 1267 ministris
1170 1210 1316 1282 fecit,
1352 1220 1409 1266 ut
1439 1211 1683 1277 delatori,
1712 1210 2062 1280 juxtaforen—

464 1316 555 1355 ses
573 1300 749 1372 leges,
774 1308 866 1355 aut
884 1300 1071 1374 lingua
1100 1300 1399 1372 capuletur,
1431 1307 1522 1354 aut
1550 1307 1710 1371 caput
1730 1307 2059 1370 amputetur,

462 1396 728 1461 quatenus
756 1389 811 1443 in
840 1405 949 1457 me,
981 1406 1142 1461 quem
1169 1405 1327 1444 suum
1356 1389 1657 1445 delatorem
1699 1396 1893 1460 postea
1926 1388 2059 1444 scri-

460 1477 587 1548 psit,
620 1477 738 1533 haec
778 1477 1016 1534 vindicta
1050 1478 1413 1549 procederet:
1447 1478 1559 1551 egit
1607 1493 1972 1549 praepropere,
2009 1484 2061 1532 et

464 1573 653 1621 contra
680 1565 1106 1622 ecclesiasticam
1135 1566 1495 1638 disciplinam,
1541 1574 1601 1621 ut
1655 1573 1944 1638 antequam
1971 1580 2061 1620 me

462 1652 793 1718 confessum,
826 1654 915 1710 vel
934 1655 1124 1711 ordine
1162 1655 1403 1727 regulari
1451 1654 1759 1712 convictum
1814 1655 2057 1712 videret:

2161 500 2363 557 fectum
2392 502 2525 558 illud
2554 519 2677 558 esse
2706 504 3015 575 concilium,
3046 505 3139 559 ubi
3167 504 3469 561 interfuerit
3494 514 3773 578 metropo-

2160 589 2362 645 litanus
2405 591 2650 647 antistes.
2698 594 2767 648 Et
2812 593 3058 649 Zosimus
3112 609 3251 666 papa
3308 594 3365 649 in
3419 595 3645 665 epistola
3693 596 3767 650 ad

2161 678 2445 735 universos
2495 680 2784 751 episcopos
2816 697 2915 753 per
2943 681 3190 737 diversas
3217 683 3525 753 provincias
3554 684 3767 739 consti-

2161 773 2325 836 tutos,
2382 768 2773 837 provincialem
2820 770 3228 826 Gallicanorum
3258 771 3637 842 episcoporum
3667 789 3767 843 sy-

2160 856 2364 911 nodum
2393 857 2678 928 approbat,
2713 858 2901 914 dicens
2935 877 2948 912 :
2987 880 3009 910 «
3045 860 3298 928 Lazarus,
3334 859 3523 932 inquit,
3556 861 3767 916 dudum

2159 943 2213 997 in
2246 945 2567 1001 Taurinensi
2608 946 2838 1002 concilio
2888 948 3338 1018 gravissimorum
3379 948 3768 1020 episc0porum

2160 1034 2441 1088 sententiis
2483 1050 2585 1105 pro
2632 1035 3020 1092 calumniatore
3067 1037 3370 1105 damnatus,
3411 1053 3535 1092 cum
3564 1038 3768 1095 Briccii

2159 1118 2462 1177 innocentis
2507 1123 2748 1194 episcopi
2778 1124 2945 1180 vitam
2974 1124 3124 1179 falsis
3164 1125 3561 1195 objectionibus
3588 1142 3767 1198 appe-

2159 1208 2332 1265 tisset.
2363 1231 2385 1261 ν
2418 1212 2487 1266 Et
2518 1211 2716 1267 Africae
2744 1213 3040 1283 provinciae
3069 1229 3308 1269 canones
3338 1214 3517 1285 (conc.
3551 1216 3674 1286 Afr.
3710 1231 3763 1271 c.

2161 1300 2249 1365 97,
2285 1299 2408 1355 Cod.
2439 1316 2566 1356 can.
2601 1303 2751 1356 Eccl.
2784 1302 2985 1372 Afric.,
3018 1318 3138 1358 can.
3175 1303 3301 1372 130)
3334 1319 3347 1358 :
3388 1326 3410 1350 ιι
3438 1303 3649 1373 Causae,
3682 1304 3768 1359 in-

2160 1386 2369 1457 quiunt,
2401 1405 2522 1459 quae
2550 1404 2868 1445 communes
2916 1405 3027 1444 non
3057 1398 3203 1456 sunt,
3236 1390 3294 1445 in
3323 1391 3436 1445 suis
3464 1391 3767 1461 provinciis

2154 1475 2483 1544 judicentur.
2522 1497 2545 1528 ι
2596 1478 2667 1532 Et
2703 1478 3015 1534 Africanum
3059 1479 3346 1535 concilium
3403 1479 3663 1547 decrevit,
3709 1488 3769 1535 ut

2165 1585 2188 1616 ε
2224 1565 2651 1637 quotiescunque
2690 1566 2921 1636 clericis,
2976 1582 3100 1623 cum
3159 1567 3354 1639 quibus
3411 1576 3465 1622 et
3521 1569 3768 1639 episcopi

2160 1661 2534 1721 numerantur,
2584 1655 2654 1709 ab
2700 1655 3111 1711 accusatoribus
3152 1656 3319 1711 multa
3364 1655 3591 1712 crimina
3619 1657 3766 1726 obji—

456 1742 703 1812 judiciali
732 1760 821 1799 me
851 1744 1136 1811 sententia,
1172 1751 1226 1800 et
1272 1744 1363 1799 illa
1405 1744 1661 1810 maxime,
1726 1760 1892 1816 quam
1947 1759 2057 1800 non
2086 1741 2399 1827 Bciuntur,
2461 1750 2514 1797 et
2569 1760 2735 1798 unum
2781 1759 2848 1798 ex
2893 1743 3046 1814 ipsis,
3099 1744 3167 1799 de
3213 1760 3321 1816 quo
3365 1745 3518 1816 prius
3564 1746 3763 1818 egerit,

459 1831 666 1904 recepit
696 1847 932 1889 censura
961 1832 1349 1904 ecclesiastica,
1380 1833 1791 1889 condemnaret.

1030 1940 1256 1995 CAPUT
1313 1940 1490 1996 XXV.

460 2026 651 2084 Aliam
667 2029 887 2100 nepotis
916 2029 1273 2100 calumniam
1294 2029 1360 2100 de
1392 2031 1726 2100 contemptu
1749 2028 2063 2099 ponti/Scite

635 2098 1245 2156 excommunicationis
1285 2099 1524 2171 dissipat
1555 2098 1891 2154 auunculus.

534 2185 709 2241 Aliam
740 2201 956 2259 quoque
985 2186 1215 2241 rotulam
1265 2186 1426 2241 nimis
1470 2185 1740 2257 prolixam
1785 2186 2063 2258 praeterito

465 2290 629 2342 anno,
662 2274 846 2329 Idibus
875 2275 1223 2344 Novembris,
1256 2278 1288 2330 4
1335 2275 1662 2342 indictionis,
1703 2291 1803 2346 per
1832 2275 2062 2332 Claren-

464 2349 596 2419 tium
625 2364 1002 2435 presbyterum
1034 2380 1191 2418 suum
1240 2364 1456 2430 direxit,
1507 2364 1564 2418 in
1617 2380 1722 2435 qua
1751 2372 1938 2420 contra
1974 2380 2063 2419 me

464 2452 722 2522 scriptum
777 2452 1028 2507 habetur.
1065 2473 1087 2505 ι
1120 2453 1242 2507 Non
1272 2452 1424 2522 mihi,
1483 2452 1658 2524 inquit
1714 2452 2058 2519 Hincmarus,

461 2541 675 2597 videtur
693 2539 919 2613 dignum
966 2541 1290 2597 excellentia
1322 2548 1500 2597 vestra
1530 2540 1719 2607 fuisse,
1752 2549 1810 2596 ut
1855 2542 2059 2597 dicere-

462 2629 530 2685 tis
548 2629 830 2685 Berthario
852 2629 996 2700 quod
1012 2630 1143 2683 mihi
1162 2629 1486 2685 renuntiavit
1509 2646 1608 2685 vos
1629 2630 1832 2685 dixisse
1854 2647 1866 2683 :
1888 2630 1944 2685 Si
1965 2646 2061 2685 eos

462 2718 827 2789 prmsignatos
871 2734 1025 2773 meos
1071 2718 1629 2774 excommunicassem
1674 2717 1943 2787 homines,
1971 2717 2062 2789 qui

460 2806 587 2861 talia
618 2812 867 2879 agerent,
894 2812 947 2860 et
976 2805 1153 2862 adhuc
1172 2815 1360 2879 agunt,
1396 2822 1505 2861 non
1551 2821 1646 2862 eos
1692 2806 2064 2862 excommuni-

458 2894 673 2951 catione
731 2893 924 2960 teneri,
972 2894 1221 2949 videlicet
1269 2895 1625 2949 anathematis
1680 2894 1896 2950 vinculo
1953 2910 2064 2949 non

461 2982 643 3056 ligari.
680 2983 789 3039 Sed
820 2998 930 3038 non
961 2990 1041 3038 est
1070 2983 1285 3050 mirum,
1318 2983 1365 3037 si
1386 2982 1665 3054 parvitatis
1691 2999 1812 3039 mea
1843 2998 2060 3038 excom-

463 3072 884 3129 municationem
911 3072 1317 3144 parvipenditis,
1352 3088 1417 3127 ac
1446 3071 1585 3128 forte
1631 3072 2059 3129 irrationabilem

456 3160 735 3231 judicatis,
756 3162 977 3234 quando
1006 3161 1316 3232 apostolicae
1359 3161 1507 3218 sedis
1544 3160 2060 3217 excommunicatio-

466 3265 594 3306 nem
624 3259 675 3306 et
690 3267 792 3322 pro
822 3250 989 3306 nihilo
1045 3250 1262 3317 ducitis,
1296 3258 1347 3305 et
1387 3266 1489 3321 pro
1526 3250 1695 3307 nihilo
1732 3251 2056 3321 ducendam,

462 3347 521 3394 ut
538 3347 666 3410 pote
694 3339 1003 3405 absurdam,
1030 3339 1304 3408 judicatis.
1349 3362 1370 3387 ››

536 3430 618 3483 De
649 3444 753 3499 qua
781 3427 1050 3483 calumnia
1080 3427 1213 3482 mihi
1256 3427 1420 3496 illata,
1465 3427 1593 3499 quia
1640 3428 1697 3482 S.
1758 3426 2060 3500 Gregorius

464 3516 521 3572 in
545 3517 687 3572 libro
717 3534 782 3572 ex
813 3517 1052 3590 Regesto
1089 3515 1525 3588 frequentissime
1574 3515 1725 3583 dicit,
1759 3516 2060 3571 secundum

463 3606 618 3679 leges
647 3613 698 3661 et
714 3621 971 3672 canones,
1002 3620 1197 3661 causas
1226 3604 1544 3678 investigari
1571 3605 1795 3670 debere,
1829 3611 1881 3660 et
1916 3604 2062 3673 judi-

465 3695 549 3752 cia
603 3694 896 3760 terminari,
943 3695 1196 3766 legantur
1232 3694 1389 3767 leges
1436 3701 1489 3748 et
1543 3709 1801 3749 canones.
1863 3693 2059 3748 Dicunt

466 3783 612 3839 enim
641 3783 984 3854 antiquorum
1002 3783 1225 3838 Patrum
1253 3789 1561 3837 nostrorum
1603 3782 1809 3854 regula:
1831 3782 2055 3851 (consil.

471 3873 642 3929 Tolet.
666 3887 746 3939 ιη,
788 3886 835 3927 c.
861 3875 912 3937 9,
956 3889 1010 3942 q.
1056 3872 1299 3943 Dignum
1321 3870 1467 3941 est):
1507 3891 1528 3921 α
1568 3870 1807 3941 Dignum
1847 3878 1949 3937 est,
2001 3878 2059 3926 ut

464 3960 576 4018 vita
601 3959 905 4016 innocentis
933 3959 1081 4015 nulla
1107 3960 1408 4016 maculetur
1434 3959 1675 4030 pernicie
1705 3958 2054 4015 accusatoris.

465 4050 594 4105 Ideo
624 4049 869 4121 quisquis
899 4065 933 4104 a
961 4048 1203 4120 quolibet
1231 4048 1570 4116 criminetur,
1606 4064 1715 4105 non
1743 4057 1869 4104 ante
1899 4064 2058 4105 accu-

465 4145 614 4195 satus
644 4138 910 4211 supplicio
940 4139 1116 4206 detur,
1150 4155 1309 4210 quam
1348 4146 1631 4194 accusator
1676 4146 2054 4210 prmsentetur,

465 4237 630 4301 atque
677 4229 859 4302 legum
913 4237 965 4284 et
1012 4244 1283 4285 canonum
1346 4228 1627 4284 sententiae
1684 4227 2053 4301 exquirantur.

468 4318 628 4387 Quod
657 4318 702 4372 si
723 4317 950 4391 indigna
977 4318 1047 4372 ad
1082 4317 1445 4374 accusandum
1486 4333 1723 4388 persona
1763 4316 2053 4382 invenitur,

2088 3125 2137 3189 C

2164 1831 2398 1901 probare
2429 1846 2539 1886 non
2566 1832 2855 1899 valuerint,
2889 1833 2959 1886 ad
2981 1840 3176 1889 caetera
3196 1849 3305 1888 non
3334 1833 3706 1888 admittantur.
3734 1852 3757 1883 ι

2162 1920 2234 1974 Et
2278 1934 2447 1975 sacrae
2485 1920 2638 1993 leges
2685 1920 2891 1988 dicunt,
2953 1920 3082 1992 quia
3135 1937 3297 1977 nemo
3355 1921 3604 1977 convinci
3658 1921 3767 1977 nisi

2165 2009 2428 2079 scriptura
2473 2017 2567 2065 aut
2611 2009 2839 2065 testibus
2885 2017 3082 2080 potest.
3115 2010 3186 2065 Et
3229 2010 3482 2066 Gelasius
3510 2011 3564 2065 in
3595 2011 3763 2066 Com-

2163 2097 2453 2153 monitorio
2496 2098 2694 2154 Fausto
2739 2097 3012 2171 legatione
3061 2098 3311 2171 iungenti
3354 2100 3501 2168 dato,
3544 2100 3614 2154 de
3642 2100 3764 2171 epi-

2164 2186 2345 2257 scopis
2373 2186 2886 2257 prmvaricatoribus
2918 2205 2932 2241 :
2969 2208 2991 2236 «
3027 2185 3168 2255 Quid
3198 2195 3377 2242 tamen
3422 2187 3689 2254 dicerent,
3720 2189 3768 2244 si

2161 2290 2271 2329 non
2302 2274 2504 2330 chartis
2533 2274 2645 2330 suis
2674 2274 2730 2329 in
2757 2275 3010 2330 omnibus
3040 2275 3428 2332 vincerentur?
3462 2297 3484 2325 ι
3517 2277 3587 2331 Et
3614 2275 3765 2331 Afri-

2162 2378 2357 2419 canum
2405 2364 2533 2424 dicit
2578 2363 2869 2419 concilium
2919 2365 3068 2434 (can.
3101 2364 3225 2436 131)
3257 2380 3269 2419 :
3306 2385 3327 2415 ι
3362 2366 3551 2419 Testes
3580 2364 3651 2419 ad
3680 2372 3766 2421 te-

2162 2452 2473 2507 stimonium
2494 2468 2603 2507 non
2626 2453 3013 2520 admittendos,
3041 2453 3130 2525 qui
3148 2469 3250 2509 nec
3270 2453 3339 2508 ad
3360 2454 3766 2509 accusationem

2163 2540 2375 2595 admitti
2404 2540 2661 2611 prmeepti
2677 2548 2830 2595 sunt:
2858 2541 2945 2596 vel
2979 2541 3143 2596 etiam
3171 2557 3308 2612 quos
3337 2541 3455 2612 ipse
3483 2549 3767 2597 accusator

2162 2629 2231 2685 de
2264 2630 2428 2685 domo
2458 2645 2556 2684 sua
2606 2628 2945 2700 produxerit.
2985 2650 3007 2680 »
3044 2631 3112 2684 Et
3142 2629 3267 2685 item
3300 2644 3473 2685 sacrae
3500 2630 3654 2701 leges
3677 2630 3766 2684 di-

2161 2726 2291 2774 cunt
2324 2736 2337 2772 :
2371 2718 2541 2773 Unius
2608 2716 2992 2783 testimonium,
3041 2718 3340 2789 quamlibet
3379 2717 3667 2789 splendida
3714 2725 3767 2773 et

2160 2807 2357 2862 idonea
2412 2806 2661 2862 videatur
2709 2822 2831 2861 esse
2876 2822 3135 2877 persona,
3182 2806 3488 2863 nullatenus
3530 2806 3764 2863 audien-

2161 2895 2312 2951 dum.

2232 2984 2389 3041 Unde
2431 2984 2559 3056 quia
2619 2985 2891 3056 scriptura
2931 3001 3091 3057 quam
3120 2984 3284 3039 frater
3314 2985 3635 3040 Hincmarus
3667 3001 3754 3041 ca-

2159 3066 2451 3127 lumniatus
2482 3081 2563 3128 est
2592 3072 3083 3145 impraesentiarum
3125 3074 3356 3128 habetur
3383 3091 3397 3128 :
3429 3081 3521 3128 aut
3550 3075 3766 3144 produ-

2165 3169 2353 3217 cantur
2375 3162 2442 3216 ab
2467 3170 2788 3218 accusatore
2809 3163 3099 3218 adversum
3130 3178 3217 3217 me
3247 3161 3452 3235 legales
3473 3170 3526 3217 et
3546 3163 3765 3235 regula-

2161 3266 2249 3307 res
2291 3258 2480 3318 testes,
2530 3251 2618 3307 vel
2663 3252 2948 3323 scriptura,
2982 3267 3088 3324 qua
3126 3267 3215 3306 me
3246 3252 3313 3306 de
3343 3252 3446 3307 hac
3475 3251 3767 3318 calumnia,

2162 3355 2271 3412 qua
2324 3340 2454 3395 dicit
2502 3339 3119 3396 excommunicationem
3168 3339 3483 3411 apostolica:
3520 3339 3668 3394 sedis
3714 3348 3772 3395 et

2160 3444 2261 3499 pro
2291 3428 2457 3483 nihilo
2506 3446 2594 3484 me
2638 3429 2862 3495 ducere,
2897 3437 2949 3484 et
2979 3444 3081 3500 pro
3112 3429 3281 3483 nihilo
3312 3428 3639 3495 ducendam,
3671 3435 3764 3483 ut-

2162 3525 2289 3588 pote
2319 3518 2633 3584 absurdam,
2663 3518 2985 3589 przedicare.
3017 3516 3176 3586 Quod
3207 3517 3254 3572 si
3282 3517 3370 3590 agi
3398 3517 3466 3572 ab
3497 3533 3584 3583 eo,
3620 3516 3707 3572 vel
3738 3533 3770 3571 a

2162 3622 2431 3678 quoquam
2459 3607 2759 3678 nequiverit
2782 3625 2795 3660 :
2819 3606 2974 3679 leges
2994 3613 3046 3661 et
3067 3605 3269 3678 regulae
3291 3606 3358 3661 de
3378 3605 3762 3661 calumniatore

2161 3694 2484 3750 sententiam
2538 3695 2834 3767 proferent.
2890 3696 2958 3750 Et
3004 3695 3184 3750 veniet
3230 3693 3399 3749 frater
3452 3693 3768 3749 Bertharius

2161 3783 2447 3851 diaconus,
2471 3783 2527 3838 in
2571 3784 2917 3855 praesentiam
2966 3792 3217 3852 vestram,
3271 3799 3434 3854 quem
3464 3782 3567 3837 sibi
3596 3783 3768 3839 Hinc-

2159 3888 2346 3928 marus
2402 3872 2747 3928 renuntiasse
2801 3872 2951 3940 dixit,
3011 3888 3099 3929 me
3146 3872 3222 3927 illi
3270 3872 3493 3938 dixisse,
3545 3872 3692 3943 quod
3718 3871 3767 3925 si

2159 3961 2519 4034 praesignatos
2577 3977 2705 4017 suos
2758 3961 3007 4017 homines
3064 3960 3609 4025 excommunicasset,
3673 3960 3769 4031 qui

2160 4050 2288 4105 talia
2316 4050 2545 4107 scillicet
2587 4058 2772 4107 contra
2801 4051 2956 4123 leges
2984 4049 3387 4106 ecclesiasticas
3431 4057 3679 4122 egerunt,
3714 4054 3770 4103 et

2160 4140 2341 4196 adhuc
2381 4147 2568 4211 agunt,
2600 4155 2710 4194 non
2739 4155 2835 4195 eos
2866 4138 3422 4195 excommunicatione
3458 4137 3648 4203 teneri,
3679 4136 3765 4191 vi-

2161 4229 2355 4284 delicet
2395 4227 2751 4284 anathematis
2799 4228 3015 4284 vinculo
3063 4214 3243 4300 ligari.
3275 4228 3344 4282 Et
3376 4227 3505 4298 quia
3533 4226 3765 4306 discreta

2162 4326 2243 4373 est
2274 4317 2378 4373 ista
2409 4317 2685 4373 Hincmari
2713 4317 2769 4372 in
2796 4317 3070 4387 scriptura
3099 4332 3196 4371 sua
3225 4316 3510 4381 sententia,
3544 4315 3669 4386 quia
3698 4314 3767 4369 de

466 4407 537 4463 ad
570 4406 686 4474 ejus
719 4406 1122 4461 accusationem
1166 4422 1276 4461 non
1307 4404 1638 4462 admittatur.
1689 4406 1778 4471 Et,
1836 4404 1983 4476 quod
2012 4404 2058 4458 si
2159 4422 2260 4462 sua
2288 4406 2849 4463 excommunicatione
2870 4422 2902 4460 a
2923 4422 3012 4460 me
3034 4405 3313 4460 annullata
3335 4405 3405 4459 ad
3425 4403 3767 4459 Bertharium

467 4495 757 4568 episcopus
778 4493 1014 4566 aliquem
1036 4494 1103 4549 de
1123 4493 1348 4549 crimine
1360 4501 1508 4564 putat
1528 4509 1649 4548 esse
1671 4493 2060 4563 damnandum,
2092 4486 2145 4545 D
2167 4511 2227 4550 se
2258 4496 2519 4552 reclamat
2547 4496 2667 4565 (tib.
2691 4511 2761 4550 Lv
2781 4512 2930 4567 cap.,
2954 4510 3003 4550 c.
3024 4494 3137 4566 29),
3166 4493 3329 4550 liceat
3360 4492 3491 4547 mihi
3518 4491 3772 4564 legaliter

467 4582 798 4641 accusatoris
828 4582 947 4639 vice
979 4582 1378 4638 discutiendum
1416 4598 1476 4637 se
1505 4581 1661 4637 sciat.
1684 4582 1786 4635 Fas
1818 4589 1900 4635 est
1920 4581 2062 4636 enim
2163 4600 2227 4640 ac
2275 4584 2600 4657 regulariter
2647 4584 2703 4638 in
2748 4583 3040 4655 praesentia
3082 4590 3263 4639 vestra
3309 4582 3606 4652 confligere
3644 4595 3766 4637 cum

466 4681 545 4740 ut,
570 4689 690 4744 quas
717 4672 809 4728 uni
830 4672 1149 4744 probantur,
1168 4671 1468 4743 probentur
1488 4677 1541 4725 et
1555 4670 1827 4725 omnibus.
1866 4690 1888 4720 »
1915 4668 2065 4738 Quos

467 4777 708 4817 canones
737 4763 804 4828 si,
838 4769 896 4818 ut
925 4761 1063 4817 solet
1094 4777 1158 4816 ea
1189 4777 1311 4833 quae
1341 4768 1526 4815 contra
1554 4758 1705 4813 illum
1721 4757 1942 4825 faciunt,
1977 4775 2063 4814 re-

466 4848 641 4905 futare
672 4850 922 4919 voluerit,
964 4849 1162 4920 audiat,
1198 4848 1326 4921 quid
1369 4848 1497 4903 hinc
1526 4848 1635 4902 Leo
1650 4862 1792 4918 papa
1821 4847 1892 4903 ad
1908 4848 2066 4903 Maxi-

467 4954 619 4994 mum
674 4938 1072 4994 Antiochenum
1128 4938 1443 5009 episcopum
1493 4935 1635 4991 dicat
1672 4936 1860 5008 (epist.
1923 4936 2059 5007 62):

472 5049 495 5081 α
531 5026 822 5098 Quidquid,
855 5027 1123 5099 inquiens,
1176 5034 1401 5098 propter
1433 5024 1555 5098 [al.,
1589 5025 1801 5099 praeter]
1859 5026 2066 5098 specia—

467 5117 550 5173 les
609 5131 804 5172 causas
860 5116 1199 5188 sydonalium
1283 5115 1634 5173 conciliorum
1693 5117 1760 5171 ad
1838 5132 2066 5172 examen

470 5206 777 5279 episcopale
832 5204 1091 5273 defertur,
1169 5212 1352 5277 potest
1412 5206 1650 5277 aliquam
1729 5205 2064 5275 dijudicandi

468 5295 675 5351 habere
706 5294 987 5361 rationem,
1022 5295 1067 5349 si
1096 5295 1229 5350 nihil
1257 5295 1323 5350 de
1353 5311 1418 5351 eo
1438 5304 1522 5351 est
1550 5295 1800 5351 asanctis
1817 5295 2064 5350 Patribus

470 5383 615 5456 apud
636 5385 872 5439 Nicaeam
890 5383 1194 5440 diffinitum.
1219 5385 1360 5439 Nam
1377 5385 1523 5456 quod
1539 5385 1605 5439 ab
1625 5384 1840 5440 illorum
1861 5384 2065 5456 regulis

470 5481 523 5529 et
553 5473 1022 5529 constitutionibus
1077 5474 1176 5547 (al.
1212 5474 1734 5546 constitutionisque]
1765 5473 2062 5539 discordat,

466 5563 781 5639 apostolicae
802 5563 948 5621 sedis
969 5580 1248 5638 nunquam
1271 5565 1468 5639 poterit
1488 5564 1735 5621 obtinere
1755 5562 2065 5638 [obtinebit]

2165 4674 2359 4730 eodem
2388 4672 2690 4730 Berthario.

2732 4798 2957 4854 CAPUT
2993 4797 3194 4853 XXVI.

2163 4889 2403 4956 Sensum
2432 4903 2599 4942 suum
2628 4888 2971 4943 catholicum
2999 4887 3064 4941 de
3098 4902 3321 4941 summa
3363 4884 3509 4940 sedis
3538 4887 3762 4956 aposto-

2239 4950 2361 5014 licae
2399 4960 2462 5014 in
2519 4959 2776 5031 solvendo
2836 4959 3164 5031 tigandoque
3206 4959 3485 5030 potestate
3542 4950 3770 5028 p'ubtice

2235 5030 2536 5102 proﬁtetur
2565 5030 2902 5085 Hincmarus
2915 5071 2929 5084 .

2236 5120 2316 5173 De
2339 5134 2406 5174 eo
2430 5126 2613 5174 autem
2661 5118 2807 5190 quod
2850 5117 2979 5173 dicit
3016 5117 3161 5172 idem
3191 5116 3514 5172 Hincmarus
3548 5132 3561 5170 :
3599 5136 3622 5165 ι
3661 5113 3766 5171 Sed

2165 5223 2275 5263 non
2290 5214 2373 5262 est
2393 5207 2610 5274 mirum,
2636 5207 2681 5262 si
2701 5206 2977 5278 parvitatis
2999 5222 3135 5261 meae
3157 5204 3766 5261 excommunicationem

2165 5296 2554 5369 parvipenditis
2579 5341 2591 5363 ,
2651 5312 2718 5352 ac
2789 5295 2930 5353 forte
3001 5294 3429 5351 irrationabilem
3474 5293 3730 5363 judicatis
3755 5332 3769 5361 ,

2167 5386 2386 5457 quando
2416 5385 2728 5457 apostolicae
2757 5386 2903 5441 sedis
2936 5383 3554 5441 excommunicationem
3584 5390 3636 5438 et
3663 5395 3764 5453 pro

2165 5475 2333 5531 nihilo
2377 5475 2702 5545 ducendam,
2754 5482 2937 5546 utpote
2983 5474 3295 5539 absurdam,
3356 5471 3705 5543 predicatis;
3743 5493 3764 5517 ν

2166 5581 2289 5623 cum
2319 5581 2384 5623 eo
2411 5565 2681 5639 legaliter,
2707 5580 2773 5621 ac
2801 5563 3128 5637 regulariter
3157 5571 3241 5619 est
3269 5561 3421 5629 mihi,
3456 5559 3686 5619 consilio
3713 5566 3771 5615 et
