4174 6298
345 224 447 277 609
1023 219 1264 278 OPUSC.
1328 223 1419 277 ET
1476 221 1693 277 EPIST.

1757 220 1830 274 IN
1885 218 2112 274 CAUSA
2170 219 2514 275 HINCMARI
2570 219 2878 276 LAUDUN.

3545 226 3649 278 610

350 344 549 401 auxilio
580 353 762 401 vestro
793 347 1089 418 agendum.
1123 347 1368 415 Qualiter
1399 355 1581 402 autem
1609 347 1678 402 de
1699 344 1949 417 apostoli—
1968 345 2023 405 A
2054 342 2268 410 iterum,
2301 359 2366 400 ac
2395 345 2574 411 tertio,
2606 345 2705 400 sed
2726 359 2835 399 non
2861 343 3157 415 poenitente
3185 345 3375 414 fratre,
3433 363 3643 418 prace-

348 450 426 490 ca
456 434 624 500 sedis,
661 451 783 506 qua
807 442 889 490 est
913 435 1155 490 omnium
1185 437 1563 492 Ecclesiarum
1589 436 1646 490 in
1677 443 1789 490 toto
1820 434 1951 488 orbe

344 531 617 578 terrarum
647 531 824 577 mater
851 531 902 577 et
932 525 1211 594 magistra,
1245 533 1297 580 et
1327 525 1478 594 cujus
1536 522 1796 594 pontifex,
1846 537 1950 592 pa-

349 611 582 666 triarcha
642 619 723 666 est
780 611 1233 682 patriarcharum,
1295 621 1347 667 et
1400 613 1606 683 primas
1662 612 1951 682 primatum

346 708 662 755 cunctarum
713 701 1133 770 provinciarum,
1171 701 1432 774 ligatione
1475 709 1638 772 atque
1682 699 1950 755 solutione

345 788 572 842 sentiam
603 797 762 860 atque
793 797 1024 854 teneam,
1062 798 1119 844 ut
1147 790 1328 845 sciatis
1343 789 1680 845 mendaciter
1702 789 1828 844 hinc
1861 804 1949 843 me

347 877 416 931 ab
476 877 764 932 Hincmaro
823 878 1244 945 calumniatum;
1313 894 1621 950 quanquam
1691 878 1951 932 decernat

347 965 657 1020 Africanum
717 966 1025 1031 concilium,
1063 989 1084 1014 ‹‹
1145 975 1202 1020 ut
1255 967 1680 1038 quotiescunque
1739 965 1949 1021 clericis

347 1055 417 1108 ab
447 1055 856 1110 accusatoribus
879 1054 1049 1110 multa
1069 1055 1292 1111 crimina
1323 1056 1667 1124 objiciuntur,
1703 1062 1757 1109 et
1785 1070 1948 1108 unum

351 1159 416 1196 ex
447 1142 601 1212 ipsis,
637 1142 705 1197 de
735 1159 844 1214 quo
874 1143 1028 1213 prius
1059 1144 1255 1215 egerit,
1286 1143 1517 1213 probare
1538 1159 1647 1198 non
1661 1142 1945 1208 valuerint,

350 1231 422 1286 ad
451 1239 651 1286 catera
675 1231 789 1299 jam
818 1247 926 1286 non
955 1231 1283 1285 admitantur
1314 1249 1326 1285 :
1366 1253 1387 1280 ν
1420 1247 1608 1287 coram
1655 1231 1812 1286 vobis
1857 1247 1949 1284 ex-

348 1334 512 1390 pono,
547 1320 682 1374 sicut
710 1319 874 1376 corde
895 1320 1061 1376 credo
1083 1319 1149 1374 ad
1166 1320 1446 1388 justitiam,
1464 1329 1516 1375 et
1545 1337 1638 1376 ore
1686 1317 1950 1375 confiteor

346 1407 415 1462 ad
447 1407 696 1464 salutem.

419 1498 486 1550 Et
514 1495 653 1550 sicut
679 1512 744 1551 ex
775 1496 1014 1552 doctrina
1044 1497 1188 1552 beati
1227 1497 1436 1563 Leonis,
1469 1497 1715 1566 ejusdem
1746 1503 1949 1551 sancta

346 1593 400 1640 et
427 1585 618 1656 prima
651 1585 798 1639 sedis
827 1585 1099 1656 pontiﬁcis
1129 1586 1310 1652 didici,
1348 1586 1438 1656 qui
1470 1586 1522 1639 in
1563 1601 1816 1640 sermone
1865 1584 1949 1641 sui

2052 432 2128 502 pit
2159 433 2348 488 dicens
2382 434 2468 489 :Si
2487 438 2681 490 autem
2704 433 3013 489 Ecclesium
3025 452 3139 490 non
3152 435 3420 502 audierit,
3452 439 3526 492 sit
3547 437 3650 492 tibi

2052 523 2201 576 sicut
2219 522 2501 590 ethnicus,
2537 527 2595 578 et
2614 522 2949 594 publicanus
2987 523 3208 592 (Matth.
3249 526 3433 594 xvm).
3474 527 3540 580 Et
3577 541 3648 580 ne

2052 608 2172 663 leve
2195 610 2428 680 quisque
2445 618 2660 680 putaret
2676 609 2940 664 Ecclesia
2960 626 3020 664 se
3033 612 3239 679 judicio
3267 613 3642 683 condemnari,

2051 713 2178 752 mox
2205 699 2520 754 terribiliter
2540 697 2785 768 adjunxit
2837 715 2850 750 :
2881 719 2904 748 ι
2938 701 3110 754 Amen
3129 700 3251 756 dico
3270 702 3423 757 vobis
3449 720 3462 756 :
3486 701 3650 771 Qua—

2051 802 2265 856 cunque
2294 787 2646 858 alligaveritis
2675 802 2839 856 super
2869 793 3089 854 terram,
3122 797 3277 843 erunt
3305 789 3473 860 ligata
3503 797 3556 844 et
3593 790 3649 844 in

2052 874 2192 928 coelo
2226 893 2239 927 :
2269 882 2321 928 et
2352 891 2688 947 quacunque
2745 873 3013 929 solveritis
3044 892 3210 947 super
3239 885 3454 948 terram,
3490 886 3650 932 erunt

2052 961 2225 1016 soluta
2255 970 2306 1017 et
2337 963 2390 1016 in
2419 964 2559 1019 coelo
2593 963 2814 1035 (Matth.
2849 968 3032 1037 xvm).
3073 985 3095 1015 ι
3131 965 3293 1022 Omni
3349 966 3514 1036 igitur
3542 966 3654 1021 ele-

2047 1058 2259 1104 ctorum
2289 1051 2570 1118 Ecclesia,
2598 1055 2750 1122 juxta
2779 1057 3003 1113 modum
3033 1055 3337 1126 culparum,
3363 1054 3450 1110 vel
3479 1053 3654 1126 pani-

2051 1138 2250 1206 tentia,
2296 1139 2504 1211 ligandi
2551 1157 2612 1196 ac
2656 1144 2902 1200 solvendi
2950 1146 3111 1199 datur
3155 1143 3465 1198 auctoritas.
3543 1143 3652 1198 Sed

2050 1227 2195 1281 idem
2224 1227 2418 1282 beatus
2449 1230 2659 1299 Petrus,
2696 1233 2788 1303 qui
2809 1233 3082 1288 Christum
3114 1248 3244 1286 vera
3274 1231 3382 1287 ﬁde
3430 1231 3652 1288 confes-

2053 1332 2162 1381 sus,
2221 1332 2353 1371 vero
2401 1325 2483 1371 est
2536 1335 2723 1376 amore
2790 1329 3022 1387 secutus,
3093 1320 3404 1391 specialiter
3466 1321 3651 1377 claves

2053 1404 2211 1474 regni
2243 1405 2526 1472 caelorum,
2589 1417 2642 1462 et
2694 1411 2987 1480 primatum
3023 1409 3322 1478 judiciaria
3343 1409 3649 1480 potestatis,

2051 1501 2104 1547 et
2133 1509 2317 1548 curam
2347 1496 2740 1564 pascendarum
2770 1499 2953 1554 ovium
2986 1498 3251 1554 Dominici
3280 1498 3439 1553 ovilis
3488 1514 3652 1555 acce-

2050 1580 2163 1650 pit;
2197 1582 2330 1636 etin
2359 1583 2592 1654 primatu
2614 1586 2757 1641 illius
2802 1603 3152 1643 successores
3200 1587 3369 1658 ipsius
3418 1587 3474 1641 in
3520 1587 3653 1642 sede

346 1673 541 1727 natalis
571 1673 763 1744 (servm.
797 1674 872 1743 3'),
907 1673 1046 1728 inter
1077 1682 1272 1729 caetera
1303 1674 1432 1728 dicit
1467 1692 1478 1727 :
1515 1696 1537 1724 α
1573 1673 1730 1742 Quod
1752 1673 1950 1728 dicitur
1978 1699 2030 1757 B
2051 1669 2168 1737 ejus
2196 1681 2528 1741 acceperunt
2558 1690 2571 1728 :
2602 1682 2658 1728 ut
2687 1691 2878 1731 omnes
2902 1693 3002 1747 per
3031 1677 3222 1732 orbem
3253 1675 3540 1731 credentes
3569 1676 3652 1730 in-

347 1762 665 1817 heatissimo
689 1763 877 1816 Petro:
912 1762 1029 1816 Tibi
1059 1763 1202 1817 dabo
1233 1763 1415 1818 claves
1447 1762 1602 1834 regni
1659 1762 1944 1829 caelorum,

351 1858 405 1905 et
436 1868 774 1922 quacunque
804 1850 1065 1923 ligaveris
1097 1868 1262 1922 super
1303 1860 1522 1917 terram,
1575 1844 1732 1905 erun't
1784 1851 1952 1921 ligata

349 1946 403 1993 et
430 1939 486 1992 in
515 1939 689 2005 coelis,
741 1947 796 1994 et
843 1955 1182 2011 quaecunque
1229 1940 1462 1994 solveris
1511 1955 1677 2009 super
1725 1946 1947 2007 terram,

348 2035 508 2082 erunt
537 2028 712 2082 soluta
741 2035 792 2082 et
822 2027 877 2082 in
909 2028 1096 2095 coelis;
1128 2028 1376 2082 transivit
1419 2028 1635 2098 quidem
1685 2028 1848 2082 etiam
1895 2027 1949 2082 in

346 2115 483 2171 alios
515 2116 789 2187 apostolos
813 2117 901 2185 jus
931 2116 1084 2170 istius
1115 2117 1422 2186 potestatis,
1457 2124 1510 2170 et
1535 2115 1591 2170 in
1621 2131 1812 2171 omnes
1851 2117 1953 2172 Ec-

347 2203 531 2260 clesia
556 2205 834 2275 principes
853 2205 1056 2260 decreti
1077 2206 1238 2273 hujus
1255 2204 1566 2260 constitutio
1585 2204 1912 2261 commeavit
1933 2221 1946 2257 :

350 2293 447 2348 sed
479 2309 585 2348 non
617 2292 812 2348 frustra
868 2293 962 2348 uni
1013 2295 1444 2359 commendatur,
1497 2294 1644 2364 quod
1697 2293 1949 2348 omnibus

345 2381 640 2438 intimetur.
663 2383 816 2436 Petro
840 2381 982 2436 enim
1013 2382 1136 2438 ideo
1166 2383 1269 2437 hoc
1309 2381 1658 2453 singulariter
1693 2382 1944 2451 creditur,

344 2468 474 2540 quia
500 2469 709 2525 cunctis
737 2469 1000 2525 Ecclesia
1030 2470 1334 2524 rectoribus
1373 2470 1515 2524 Petri
1546 2468 1725 2524 forma
1746 2485 1948 2540 propo—

347 2558 510 2612 nitur.
548 2579 570 2608 ι
619 2559 796 2613 Manet
853 2574 986 2630 ergo
1043 2559 1188 2614 Petri
1235 2558 1605 2630 privilegium,
1639 2558 1947 2631 ubicunque

350 2662 418 2703 ex
443 2647 614 2717 ipsius
643 2646 816 2702 fertur
844 2647 1097 2718 aquitate
1120 2647 1426 2716 judicium:
1479 2663 1582 2704 nec
1642 2647 1810 2702 nimia
1866 2655 1949 2703 est

347 2735 434 2791 vel
466 2735 731 2791 severitas
760 2736 846 2791 vel
885 2736 1160 2803 remissio,
1221 2737 1314 2791 ubi
1370 2735 1505 2791 nihil
1562 2743 1645 2791 est
1699 2735 1943 2807 ligatum,

350 2823 766 2891 nihil.solutum,
800 2825 904 2879 nisi
935 2826 1082 2896 quod
1119 2827 1178 2880 B.
1229 2826 1422 2880 Petrus
1467 2833 1560 2881 aut
1607 2824 1804 2896 ligarit,
1857 2833 1948 2880 aut

351 2913 576 2969 solverit
606 2931 620 2967 :
654 2914 746 2985 qui
776 2929 962 2984 regem
991 2914 1255 2969 calorum
1284 2922 1342 2969 ut
1369 2914 1703 2987 Augustinus
1743 2921 1798 2969 et
1842 2929 1946 2970 ca-

350 3003 450 3057 teri
469 3002 720 3058 doctores
741 3011 1034 3074 exponunt,
1056 3004 1260 3072 majore
1290 3021 1402 3074 pra
1431 3003 1641 3059 cateris
1657 3003 1946 3059 devotione

353 3090 638 3146 confessus
667 3099 783 3158 est;
814 3091 1008 3147 merito
1036 3108 1150 3163 pra
1180 3092 1391 3148 cateris
1420 3093 1537 3164 ipse
1583 3091 1792 3148 collatis
1840 3093 1956 3148 cla-

353 3179 512 3236 vibus
542 3181 697 3250 regni
728 3181 968 3236 caelestis
989 3198 1213 3236 munere
1243 3182 1472 3236 donatus
1502 3188 1584 3237 est
1616 3199 1630 3235 :
1662 3189 1722 3235 ut
1750 3188 1959 3238 consta-

351 3276 433 3323 ret
462 3268 734 3336 omnibus,
783 3269 905 3342 quia
953 3269 1158 3342 absque
1205 3287 1268 3326 ea
1324 3269 1670 3326 confessione
1718 3285 1783 3325 ac
1850 3270 1956 3324 ﬁde

350 3373 582 3428 regnum
608 3358 868 3413 calorum
896 3359 1078 3414 nullus
1109 3359 1283 3429 possit
1325 3359 1547 3414 intrare.
1602 3359 1796 3414 Claves
1851 3373 1956 3412 au-

349 3454 458 3503 tem
488 3447 646 3520 regni
687 3447 974 3513 caelorum,
1027 3448 1199 3519 ipsam
1250 3447 1603 3504 discernendi
1652 3447 1952 3514 scientiam,

350 3536 757 3608 potentiamque
781 3536 1084 3606 judiciaria
1111 3536 1396 3608 potestatis
1425 3537 1688 3604 nominat,
1723 3553 1828 3608 qua
1876 3537 1958 3592 di-

351 3639 492 3697 gnos
520 3625 765 3696 recipere
797 3625 850 3680 in
884 3641 1135 3698 regnum,
1169 3626 1424 3699 indignos
1444 3626 1729 3682 secludere
1746 3625 1957 3682 debeta

348 3729 545 3786 regno.
570 3715 722 3770 Unde
740 3715 1002 3770 Dominus
1023 3715 1310 3771 manifeste
1339 3716 1644 3785 subjunxit:
1684 3719 1755 3772 Et
1781 3715 1955 3788 quod-

352 3819 573 3876 cunque
596 3805 854 3876 ligaveris
872 3821 1042 3877 super
1060 3810 1294 3873 terram,
1348 3807 1460 3862 erit
1515 3807 1755 3878 ligatum
1803 3809 1858 3861 et
1891 3806 1955 3860 in

352 3893 508 3947 caelis
538 3892 760 3962 (Matth.
805 3893 948 3965 xw).

423 3980 556 4050 Qua
585 3981 833 4038 solvendi
861 3999 925 4038 ac
951 3982 1159 4055 ligandi
1213 3990 1475 4055 potestas,
1543 3983 1792 4056 quamvis
1851 3983 1955 4039 soli

354 4071 517 4126 Petro
543 4070 671 4126 data
696 4072 944 4128 videatur
971 4089 1000 4126 a
1031 4073 1299 4140 Domino;
1344 4075 1548 4144 absque
1607 4073 1719 4128 ulla
1775 4081 1956 4129 tamen

354 4158 632 4215 dubietate
661 4162 998 4216 noscendum
1026 4170 1126 4228 est,
1154 4163 1279 4233 quia
1310 4172 1362 4217 et
1421 4162 1633 4217 cateris
1692 4161 1954 4232 apostolis

353 4248 533 4318 datur,
557 4249 676 4320 ipso
697 4257 851 4319 teste,
879 4251 970 4321 qui
987 4259 1109 4321 post
1132 4250 1401 4322 passionis
1430 4249 1954 4321 resurrectionisque

355 4353 468 4393 sua
499 4338 829 4410 triumphum
851 4355 1122 4410 apparens
1154 4340 1234 4394 eis
1251 4341 1572 4411 insufﬂauit
1594 4344 1649 4394 et
1671 4339 1824 4394 dixit
1843 4354 1956 4394 om-

2052 1758 2311 1829 telligant,
2347 1761 2474 1831 quia
2506 1763 2813 1835 quicunque
2843 1765 2912 1819 ab
2942 1765 3142 1820 unitate
3172 1763 3318 1830 ﬁdei,
3352 1764 3440 1819 vel
3469 1764 3651 1820 socie-

2050 1847 2172 1901 tatis
2201 1847 2345 1902 illius
2375 1851 2616 1920 quolibet
2628 1854 2794 1910 modo
2823 1855 3145 1925 semetipsos
3171 1861 3487 1926 segregant,
3507 1853 3648 1909 tales

2049 1951 2152 1989 nec
2181 1936 2412 1992 vinculis
2440 1949 2794 2010 peccatorum
2850 1943 3084 2012 absolvi,
3144 1958 3247 1998 nec
3268 1943 3490 2012 januam
3523 1957 3652 2010 pos-

2051 2031 2176 2077 sunt
2204 2025 2361 2096 regni
2393 2027 2633 2084 caelestis
2663 2031 2902 2103 ingredi.
3327 2031 3332 2036 ’

2123 2109 2203 2162 De
2231 2125 2338 2179 qua
2368 2111 2702 2183 obligatione
2732 2116 2822 2170 vel
2848 2115 3116 2172 solutione
3149 2115 3467 2187 episcopali,
3504 2115 3651 2187 quod

2049 2195 2207 2251 nobis
2239 2200 2554 2268 apostolica
2586 2203 2734 2258 sedis
2762 2202 2888 2259 ﬁliis
2917 2220 2982 2260 ac
3011 2205 3312 2276 discipulis,
3358 2205 3489 2260 satis
3534 2212 3620 2260 tre

2048 2285 2327 2353 mendum,
2364 2297 2416 2343 et
2443 2291 2766 2356 cavendum,
2799 2299 2961 2363 atque
2991 2293 3394 2349 observandum
3441 2301 3544 2362 est,
3592 2293 3649 2350 S.

2050 2373 2352 2446 Gregorius
2381 2377 2437 2431 in
2466 2378 2690 2434 homilia
2719 2381 3007 2453 Evangelii
3066 2381 3238 2437 dicit:
3296 2404 3318 2432 α
3377 2383 3534 2452 Sape
3591 2382 3649 2436 in

2047 2461 2284 2532 ligandis
2313 2480 2376 2520 ac
2405 2467 2679 2523 solvendis
2713 2469 2943 2524 subditis
2972 2477 3159 2541 pastor
3203 2485 3316 2525 sua
3362 2471 3652 2527 voluntatis

2047 2559 2246 2621 motus,
2279 2569 2387 2608 non
2418 2563 2596 2611 autem
2625 2572 2918 2613 causarum
2948 2559 3140 2613 merita
3183 2559 3446 2630 sequitur.
3496 2559 3653 2615 Unde

2047 2637 2123 2704 ﬁt,
2157 2647 2215 2693 ut
2243 2640 2363 2711 ipsa
2391 2643 2495 2699 hac
2523 2643 2730 2716 ligandi
2759 2654 2814 2701 et
2842 2646 3089 2701 solvendi
3118 2653 3384 2717 potestate
3432 2663 3492 2702 se
3533 2647 3652 2717 pri-

2048 2736 2154 2792 vet,
2189 2730 2280 2799 qui
2309 2731 2447 2788 hanc
2474 2748 2576 2803 pro
2603 2735 2716 2790 suis
2743 2734 3134 2801 voluntatibus,
3167 2743 3221 2790 et
3251 2751 3360 2791 non
3390 2750 3492 2806 pro
3521 2736 3651 2790 sub-

2041 2815 2307 2884 jectorum
2336 2821 2580 2877 moribus
2610 2831 2845 2878 exercet.
2860 2823 3014 2880 Unde
3032 2831 3181 2880 recte
3197 2839 3298 2894 per
3325 2825 3646 2895 prophetam

2049 2904 2243 2960 dicitur
2267 2924 2280 2962 :
2301 2911 2712 2979 Morti/icabant
2729 2914 2973 2978 animus,
3000 2929 3122 2985 qua:
3142 2930 3257 2970 non
3279 2914 3609 2969 moriuntur
3633 2930 3646 2966 :

2047 2997 2106 3048 et
2123 2997 2733 3067 viviﬁcabuntanimas,
2754 3018 2874 3073 quae
2889 3019 3005 3058 non
3017 3003 3214 3056 vivunt
3225 3001 3600 3072 (Ezech.xm).
3613 3022 3636 3052 ι

1987 3061 2036 3125 C
2056 3080 2178 3137 Non
2209 3061 2530 3142 morientem
2562 3061 3096 3160 quippe‘mortificat,
3131 3061 3236 3160 qui
3247 3089 3454 3158 justum
3492 3061 3652 3144 dam-

2057 3182 2186 3240 nat;
2216 3182 2268 3230 et
2315 3191 2424 3230 non
2470 3176 2739 3232 victurum
2787 3176 3063 3234 viviﬁcare
3107 3178 3312 3244 nititur,
3364 3177 3457 3250 qui
3497 3194 3652 3233 reum

2059 3262 2325 3332 supplicio
2358 3263 2642 3321 absolvere
2671 3273 2898 3322 conatur
2925 3284 2939 3320 :
2971 3281 3038 3322 ac
3068 3282 3214 3337 sape
3243 3266 3441 3337 agitur,
3476 3274 3536 3321 ut
3564 3266 3651 3322 vel

2054 3350 2275 3407 damnet
2318 3353 2631 3421 immeritos,
2692 3355 2780 3410 vel
2836 3354 2972 3410 alios
3027 3355 3146 3427 ipse
3201 3355 3396 3426 ligatos
3454 3353 3648 3410 solvat.

2057 3439 2242 3496 Causa
2273 3458 2406 3515 ergo
2434 3444 2728 3514 pensanda
2759 3452 2902 3512 sunt,
2935 3452 2988 3500 et
3043 3452 3171 3500 tunc
3225 3444 3432 3516 ligandi
3486 3453 3646 3516 atque

2057 3531 2302 3586 solvendi
2328 3540 2566 3603 potestas
2599 3533 2922 3589 exercenda.

2127 3630 2394 3685 Caterum
2425 3630 2562 3686 sicut
2589 3632 2648 3686 B.
2708 3631 3064 3704 Augustinus,
3098 3639 3150 3686 et
3178 3631 3362 3688 cateri
3385 3631 3636 3688 catholici

2055 3719 2304 3775 doctores
2333 3719 2536 3788 dicunt,
2569 3736 2680 3774 non
2711 3727 2836 3774 sunt
2880 3720 3177 3792 ligamenta
3224 3721 3312 3776 vel
3353 3719 3652 3776 solutiones

2055 3816 2256 3864 sancta
2298 3808 2578 3875 Ecclesia,
2628 3826 2750 3881 qua
2788 3817 2980 3865 contra
3041 3817 3290 3865 sanctam
3348 3809 3654 3866 Ecclesiam

2057 3896 2189 3954 ﬁunt
2215 3917 2226 3964 ;
2259 3899 2346 3953 vel
2375 3899 2445 3953 ab
2472 3899 2556 3953 his
2587 3897 2739 3965 ﬁunt,
2773 3898 2864 3970 qui
2887 3905 3074 3954 contra
3093 3899 3354 3972 dogmata
3374 3899 3655 3955 catholica

2052 3987 2314 4043 Ecclesia
2345 3988 2657 4054 sentientes,
2692 3988 2959 4043 contraria
2990 3987 3094 4058 ipsi
3131 3987 3396 4043 Ecclesia
3461 3987 3652 4061 ligant,
3674 4032 3689 4047 .

2053 4076 2140 4131 vel
2173 4076 2404 4131 solvunt.
2439 4075 2630 4131 Sancta
2663 4076 2864 4146 quippe
2891 4075 3136 4130 Ecclesia
3163 4075 3296 4131 dicit
3330 4093 3343 4129 :
3380 4077 3500 4132 Non
3534 4077 3654 4132 sedi

2054 4182 2179 4220 cum
2195 4166 2435 4221 concilio
2456 4166 2650 4220 vanita
2659 4167 2749 4228 tis,
2777 4167 2978 4219 etcum
2996 4165 3194 4234 iniqua
3205 4165 3526 4234 gerentibus
3537 4179 3654 4221 non

2054 4255 2312 4310 introibo.
2341 4253 2498 4308 Ovidi
2518 4254 2827 4310 Ecclesium
2843 4253 3308 4324 malignantium,
3336 4257 3537 4309 etcum
3553 4255 3660 4309 im-

2051 4343 2159 4414 piis
2182 4359 2297 4398 non
2308 4342 2519 4398 sedebo.
2541 4343 2748 4397 Lavabo
2762 4342 2916 4397 inter
2930 4343 3262 4398 innocentes
3275 4358 3408 4396 man
3417 4359 3481 4397 us
3495 4358 3650 4397 meas

354 4427 512 4484 nibus
537 4445 551 4482 :
583 4428 832 4499 Accipite
848 4430 1125 4498 Spiritum
1141 4434 1407 4485 sanctum
1431 4445 1443 4483 :
1464 4445 1700 4501 quorum
1719 4428 1953 4483 remisc-
1984 4424 2037 4483 D
2059 4433 2233 4502 (Psal.
2255 4431 2419 4502 xxv).
2445 4432 2504 4485 In
2535 4431 2690 4501 cujus
2713 4430 2881 4486 solius
2900 4430 3182 4486 catholica
3207 4429 3470 4486 Ecclesia
3521 4430 3647 4484 uni-

354 4519 486 4572 ritis
498 4521 747 4586 peccata,
763 4519 1144 4574 remittuntur
1159 4519 1260 4585 eis;
1282 4522 1337 4574 ct
1353 4534 1587 4590 quorum
1600 4518 1958 4573 retinueritis

355 4610 583 4662 retenta
609 4611 750 4663 sunt
780 4607 962 4676 (Joan.
987 4607 1112 4678 xx).
1146 4609 1282 4662 Nam
1313 4607 1451 4663 sicut
1485 4607 1831 4680 interrogatis
1861 4624 1958 4679 ge-

350 4694 609 4749 neraliter
634 4695 906 4765 omnibus,
933 4697 1124 4751 Petrus
1154 4696 1433 4768 respondit
1472 4713 1611 4752 unus
1639 4711 1741 4768 pro
1782 4696 1958 4752 omni-

353 4783 488 4852 bus;
521 4784 597 4840 ita
627 4792 680 4838 et
709 4785 853 4857 quod
886 4786 1046 4840 Petro
1078 4786 1343 4841 Dominus
1373 4786 1674 4858 respondit,
1707 4785 1761 4840 in
1790 4786 1954 4841 Petro

350 4873 605 4928 omnibus
621 4873 929 4945 respondit:
949 4874 1177 4930 Necnon
1200 4877 1503 4931 etiamnunc
1533 4875 1586 4929 in
1604 4875 1878 4946 episc0pis
1891 4891 1954 4931 ac

349 4963 687 5034 presbyteris
708 4963 1130 5020 omniEcclesia
1149 4964 1387 5021 ofﬁcium
1409 4965 1554 5020 idem
1575 4964 1948 5032 committitur,

351 5060 410 5106 ut
441 5051 696 5108 videlicet
721 5053 921 5125 agnitis
950 5053 1294 5124 peccantium
1342 5053 1545 5118 causis,
1596 5069 1950 5126 quoscunque

350 5141 587 5195 humiles
608 5156 674 5197 ac
701 5157 832 5197 vere
876 5143 1202 5212 poenitentes
1241 5143 1563 5214 respexerit,
1619 5145 1720 5198 hos
1757 5144 1872 5213 jam
1920 5159 1951 5196 a

348 5230 545 5285 timore
571 5237 847 5301 perpetua
891 5232 1085 5286 mortis
1133 5230 1401 5286 miserans
1459 5231 1750 5287 absolvat:
1814 5247 1950 5303 quos

348 5333 484 5375 vero
513 5318 571 5373 in
597 5319 838 5390 peccatis
868 5337 990 5392 qua
1021 5327 1255 5394 egerunt
1284 5320 1582 5391 persistere
1609 5322 1946 5393 cognoverit,

347 5408 476 5464 illos
504 5423 604 5480 per
633 5407 812 5481 [deest
841 5409 982 5482 eam]
1011 5410 1264 5465 omnibus
1294 5410 1575 5481 suppliciis
1621 5410 1948 5481 obligandos

349 5505 609 5561 insinuet.
643 5507 801 5562 Unde
828 5506 960 5563 alias
989 5507 1274 5576 Dominus,
1308 5509 1377 5564 de
1406 5515 1660 5580 correpto
1693 5507 1862 5564 semel
1895 5517 1948 5565 et

2055 4528 2179 4586 tate,
2205 4537 2326 4592 qua
2345 4537 2446 4591 per
2467 4521 2706 4575 hareses
2725 4528 2777 4576 et
2801 4520 3096 4575 schismata
3136 4535 3246 4575 non
3279 4527 3362 4574 est
3383 4518 3573 4587 divisa,
3595 4527 3652 4572 ut

2055 4627 2184 4666 vera
2206 4618 2330 4664 sunt
2350 4618 2706 4675 sacramenta,
2745 4610 2817 4664 ita
2855 4625 2988 4666 vera
3023 4616 3146 4663 sunt
3174 4607 3466 4681 ligamenta
3488 4615 3651 4680 atque

2056 4699 2534 4772 solutiones;qua
2581 4697 2840 4754 adiﬁcata
2885 4706 2968 4754 est
3017 4713 3180 4768 super
3219 4705 3468 4768 petram:
3530 4711 3652 4769 qua

2054 4789 2212 4846 unica
2234 4789 2482 4844 columba
2504 4789 2837 4859 appellatur:
2863 4803 2983 4858 qua
3021 4802 3224 4856 sponsa
3257 4785 3482 4856 pulchra
3534 4787 3654 4842 sine

2053 4879 2264 4934 macula
2287 4887 2340 4933 et
2357 4895 2524 4950 ruga:
2550 4885 2599 4931 et
2639 4879 2830 4932 hortus
2866 4875 3174 4940 conclusus,
3220 4874 3342 4930 fons
3381 4876 3648 4948 signatus,

2051 4976 2244 5038 puteus
2265 4983 2420 5038 aqua
2436 4968 2588 5032 viva,
2615 4965 2899 5037 paradisus
2934 4980 3057 5019 cum
3098 4963 3274 5019 fructu
3327 4979 3639 5035 pomorum,

2051 5056 2205 5112 locus
2221 5073 2390 5128 penes
2412 5058 2584 5112 Deum
2603 5055 2658 5108 in
2680 5070 2787 5125 quo
2810 5053 2981 5108 solide
2995 5059 3186 5120 statur,
3203 5061 3255 5108 et
3279 5053 3432 5110 locus
3445 5070 3577 5110 auro
3597 5053 3653 5108 in

2049 5163 2156 5218 quo
2172 5147 2432 5202 conﬁetur
2455 5164 2469 5211 ;
2495 5153 2545 5199 et
2567 5144 2759 5199 domus
2780 5142 2879 5197 Dei
2899 5159 3020 5214 qua
3057 5142 3242 5200 claves
3280 5143 3440 5216 regni
3477 5143 3650 5200 calo-

2051 5253 2172 5291 rum
2187 5236 2413 5305 accepit,
2439 5249 2504 5288 ac
2519 5239 2839 5304 potestatem
2860 5231 3065 5302 ligandi
3088 5239 3142 5287 et
3182 5232 3452 5288 solvendi.
3501 5233 3651 5288 Hanc

2049 5325 2271 5380 domum
2293 5323 2337 5377 si
2358 5323 2480 5395 quis
2499 5321 2864 5394 corrigentem
2890 5321 3386 5394 corripientemque
3420 5329 3654 5377 contem-

2047 5413 2232 5484 pserit,
2257 5410 2570 5482 praecipitur
2597 5425 2628 5464 a
2658 5410 2890 5466 Domino
2919 5418 2975 5465 ut
2992 5412 3069 5467 sit
3111 5411 3260 5467 sicut
3303 5411 3564 5466 ethnicus
3595 5411 3652 5464 et

2046 5503 2382 5574 publicanus
2411 5501 2628 5570 (Matth.
2661 5500 2846 5572 xvm).
