4174 6310
476 225 577 278 611

1365 212 1709 276 HINCMARI
1744 214 2147 275 RHEMENSIS
2193 214 2745 275 ARCHIEPISCOPI.

3668 221 3776 276 612

539 348 622 403 Ita
665 306 753 402 de-
776 344 1039 419 ligatione
1086 351 1141 401 et
1182 342 1454 402 solutione
1522 351 1724 401 sanctae
1788 342 2072 401 catholicae
2091 343 2147 405 A
2171 343 2412 415 epistolre
2440 343 2519 398 illi
2546 342 2841 417 legendum
2867 341 3014 399 dedi.
3046 343 3109 398 In
3137 341 3377 398 indiculo
3405 349 3585 400 autem
3616 358 3650 399 a
3680 360 3775 401 me

468 434 749 502 Ecclesia,
783 442 838 490 et
866 432 1179 505 apostolica
1209 433 1357 489 sedis
1387 431 1678 504 pontificis,
1713 432 1812 490 sed
1850 439 1906 488 et
1947 432 2077 487 sub-

465 524 738 593 jectorum
765 522 870 578 sibi
916 522 1298 594 episcoporum
1350 538 1419 578 ex
1464 521 1709 591 ejusdem
1762 520 2078 593 apostolicae

471 612 619 669 sedis
648 611 896 669 doctrina
925 611 1280 679 credendum,
1314 617 1367 666 et
1419 610 1731 679 tenendum,
1777 618 1940 683 atque
1989 624 2076 664 se—

471 702 747 773 quendum
775 700 1005 771 accepi:
1039 707 1092 754 et
1152 699 1227 755 ita
1281 700 1469 765 credo,
1531 706 1708 765 teneo,
1773 706 1825 754 et
1855 713 2073 770 sequor.

468 791 540 847 Et
568 790 661 863 qui
690 790 849 846 aliter
876 790 945 845 de
972 804 1062 844 me
1091 788 1233 843 dixit
1262 796 1425 859 atque
1454 787 1667 854 dixerit,
1717 787 1971 843 ostendet
2015 801 2078 843 se

470 895 594 936 esse
623 878 962 944 malivolum,
993 884 1048 932 et
1071 892 1161 932 me
1189 876 1421 947 probare
1448 891 1556 931 non
1584 875 1784 947 poterit
1811 890 1923 931 non
1952 890 2077 930 esse

471 967 796 1024 catholicum
828 985 841 1021 :
874 982 934 1022 se
962 973 1147 1021 autem
1175 963 1555 1036 comprobabit
1588 963 1914 1020 mendacem
1961 963 2074 1020 cri-

472 1056 820 1122 minatorem,
851 1063 906 1111 et
932 1070 1043 1111 non
1072 1052 1314 1109 criminis
1343 1068 1466 1108 esse
1494 1068 1583 1108 me
1611 1069 1786 1107 reum.
1820 1050 1956 1120 Quae
1982 1068 2076 1107 au-

466 1153 581 1201 tem
607 1145 741 1200 mihi
768 1143 1027 1201 discenda
1056 1148 1199 1209 sunt,
1248 1149 1299 1198 et
1328 1141 1555 1197 libenter
1581 1149 1634 1197 et
1655 1141 1977 1197 obedienter
2005 1141 2076 1196 ab

466 1234 611 1290 illius
640 1249 866 1290 summa;
895 1230 1041 1287 sedis
1072 1229 1342 1287 catholica
1389 1229 1641 1285 doctrina
1685 1237 1907 1301 paratus
1954 1245 2076 1284 sum

470 1322 704 1392 discere,
737 1329 943 1387 tenere,
977 1327 1030 1375 et
1058 1317 1242 1391 loqui;
1295 1334 1417 1390 quae
1437 1318 1494 1374 in
1523 1318 1760 1389 primatu
1802 1318 1862 1373 B.
1908 1318 2072 1386 Petri,

469 1411 557 1469 cui
583 1410 849 1469 Dominus
877 1408 1024 1464 trina
1053 1406 1374 1479 repetitione
1418 1407 1728 1477 pascendas
1774 1423 1901 1462 suas
1943 1422 2075 1463 oves

467 1499 739 1558 commisit
763 1500 945 1571 (Joan.
979 1496 1125 1567 xxi),
1160 1504 1214 1551 et
1244 1503 1302 1550 ut
1332 1493 1691 1552 confirmaret
1720 1494 1923 1551 fratres
1942 1510 2074 1551 suos

468 1588 725 1662 praecepit
752 1588 909 1658 (Luc.
942 1586 1110 1656 xxxi),
1144 1584 1490 1657 privilegium
1518 1584 1785 1656 primatus
1830 1584 2075 1641 omnium

473 1677 848 1736 Ecclesiarum
876 1675 933 1731 in
960 1682 1073 1731 toto
1101 1673 1234 1729 orbe
1264 1681 1537 1729 terrarum
1565 1674 1797 1747 accepit.

1001 1781 1227 1837 CAPUT
1302 1780 1531 1835 XXVII.

474 1875 625 1946 Quod
640 1874 810 1948 plura
827 1872 976 1945 falso
996 1873 1202 1926 narrat
1221 1869 1288 1925 de
1308 1869 1863 1948 litterisapostolici:
1884 1883 2075 1925 secum

971 1958 1090 1998 non
1117 1941 1576 1998 communicatis.

541 2035 722 2092 Isdem
752 2030 914 2089 etiam
935 2029 1099 2086 frater
1126 2036 1312 2085 noster
1333 2028 1681 2096 Hincmarus,
1713 2028 1848 2083 mihi
1884 2027 2075 2084 litteris

474 2124 595 2182 suis
624 2121 855 2195 impegit
878 2133 1079 2175 noxam
1108 2133 1219 2174 non
1263 2117 1442 2174 levem
1476 2134 1492 2172 :
1534 2116 1581 2172 si
1626 2132 1818 2173 verum
1847 2116 2070 2183 diceret,

471 2230 563 2271 me
589 2209 932 2269 commisisse
963 2214 1151 2264 contra
1180 2206 1427 2262 eamdem
1459 2213 1701 2262 sanctam
1730 2213 1784 2261 et
1811 2204 2074 2277 apostoli-

473 2318 595 2361 cam
622 2300 832 2367 sedem,
865 2296 1054 2353 dicens
1087 2313 1101 2349 :
1140 2315 1163 2347 ι
1196 2293 1447 2350 Vocastis
1509 2310 1598 2350 me
1640 2293 1830 2350 litteris
1878 2301 2075 2351 vestrae

471 2387 804 2448 auctoritatis
821 2384 1142 2443 Attiniacum
1158 2383 1227 2438 ad
1246 2382 1535 2455 synodum,
1578 2382 1890 2438 intimantes
1946 2382 2077 2454 quia

471 2480 667 2536 litterae
715 2475 903 2532 domni
932 2470 1221 2545 apostolici
1246 2471 1450 2527 domno
1470 2470 1590 2544 regi
1607 2470 1822 2539 Carolo,
1843 2478 1897 2527 et
1916 2469 2075 2543 regni

469 2567 643 2642 ipsius
662 2563 934 2638 episcopis
951 2562 1172 2618 directae
1191 2559 1431 2628 fuerunt,
1467 2559 1537 2615 de
1566 2559 1767 2631 quibus
1801 2559 1920 2615 sine
1978 2575 2075 2632 sy-

470 2655 653 2714 nodali
676 2652 929 2712 consultu
948 2648 1270 2722 responderi
1306 2662 1416 2704 non
1436 2655 1672 2720 poterat.
1699 2646 1959 2716 Quamvis
1977 2648 2076 2702 has

469 2745 680 2802 litteras
708 2743 766 2798 in
785 2738 1042 2798 Gundulﬁ
1070 2737 1200 2795 villa
1229 2737 1640 2808 (Houdilcourt)
1672 2736 2072 2809 suscepissetis,

474 2834 570 2892 ubi
597 2840 652 2891 et
680 2845 923 2903 praesens
951 2827 1100 2884 adfui
1128 2845 1142 2882 :
1172 2841 1313 2899 quas
1339 2825 1472 2881 mihi
1520 2825 1725 2882 ibidem
1770 2824 2077 2881 nullatenus

2178 432 2426 503 collecto,
2461 440 2515 488 et
2559 433 2803 507 regibus,
2855 440 2909 487 et
2955 431 3228 504 episcopis
3268 431 3478 488 relecto
3520 439 3573 487 et
3618 432 3771 501 dato,

2175 529 2434 593 quantum
2461 521 2531 578 de
2558 521 2680 593 ipsa
2707 521 2957 592 epistola,
2990 520 3088 576 sed
3118 528 3171 577 et
3200 519 3269 575 de
3298 519 3393 576 illa
3418 536 3585 592 quam
3614 521 3778 577 dom-

2175 627 2277 666 nus
2298 609 2631 682 apostolicus
2647 609 2793 667 misit
2812 610 2984 681 (nihil
2999 611 3242 667 istorum
3261 610 3497 681 exstat),
3520 624 3781 666 necessa-

2176 698 2314 754 rium
2360 698 2749 755 admittendum
2792 698 2923 768 vidi,
2970 698 3116 768 misi,
3167 705 3221 753 et
3266 698 3555 769 exemplar
3602 698 3779 769 ipsius

2174 787 2397 843 indiculi
2425 787 2626 843 domno
2653 787 2954 859 apostolico
2982 803 3050 842 ex
3080 786 3310 858 epistola
3338 802 3463 843 mea
3493 786 3685 842 direxi.
3709 788 3784 842 Et

2175 876 2348 948 ipsam
2377 876 2660 947 epistolam
2687 876 2873 931 domni
2900 875 3204 948 apostolici,
3239 875 3338 931 sed
3387 884 3441 931 et
3490 891 3777 932 memora-

2176 973 2288 1020 tum
2313 965 2630 1033 indiculum,
2678 964 2777 1020 sed
2816 972 2869 1020 et
2910 964 3111 1036 scripta
3149 963 3321 1036 ipsius
3374 963 3557 1020 fratris
3601 965 3778 1021 Hinc-

2175 1054 2333 1121 mari,
2367 1054 2456 1110 hic
2482 1054 2657 1110 habeo
2690 1069 2705 1110 :
2735 1054 2929 1126 quibus
2955 1052 3175 1125 probari
3202 1060 3382 1125 potest
3436 1069 3526 1110 me
3582 1069 3776 1110 verum

2176 1143 2379 1212 dicere,
2415 1151 2469 1198 et
2496 1142 2648 1197 illum
2675 1158 2708 1197 a
2735 1158 2868 1199 vero
2897 1141 3135 1199 deviare.

2709 1249 2933 1305 CAPUT
2986 1249 3239 1305 XXVIII.

2183 1338 2332 1409 Quod
2361 1354 2505 1395 vane
2553 1340 2852 1411 gloriatur,
2923 1339 3573 1411 excommunicationem
3624 1355 3659 1395 a
3715 1353 3775 1395 se

2356 1410 2574 1481 factum
2601 1427 2636 1466 α
2655 1410 2781 1465 sede
2811 1410 3121 1481 apostolica
3145 1411 3439 1481 probatum
3472 1412 3567 1465 iri.

2248 1496 2449 1554 Scribit
2477 1497 2642 1553 etiam
2670 1497 2727 1553 in
2758 1497 2933 1553 rotula
2962 1512 3126 1569 quam
3153 1513 3252 1569 per
3280 1498 3609 1553 Clarentium
3649 1513 3777 1569 pre-

2176 1587 2458 1658 sbyterum
2489 1602 2650 1642 suum
2678 1586 2811 1641 mihi
2839 1585 3135 1641 transmisit
3179 1587 3284 1643 hoc
3324 1586 3489 1642 modo
3521 1604 3535 1641 :
3570 1608 3593 1638 κ
3644 1586 3776 1641 Tam

2101 1700 2156 1760 B
2176 1675 2489 1731 intentative
2518 1676 2575 1730 in
2604 1675 2870 1731 Attiniaco
2899 1675 2968 1731 de
2998 1674 3560 1732 excommunicatione
3608 1690 3642 1730 a
3685 1691 3776 1731 me

2176 1764 2232 1819 in
2257 1763 2521 1835 parochia
2555 1780 2680 1821 mea
2728 1763 2873 1820 facta
2918 1763 3283 1835 interrogatus
3326 1780 3464 1820 sum.
3516 1765 3777 1819 Tantum-

2176 1853 2340 1909 modo
2367 1852 2471 1910 hoc
2504 1853 2713 1908 interea
2760 1851 2963 1925 pando,
3011 1867 3076 1908 eo
3126 1852 3270 1924 quod
3317 1868 3416 1908 vos
3475 1852 3775 1909 inauditam

2176 1942 2347 2011 illam,
2380 1957 2445 1998 ac
2473 1949 2664 1998 contra
2691 1940 3042 2014 apostolicam
3100 1941 3421 2009 doctrinam,
3478 1950 3531 1998 et
3588 1949 3776 1998 contra

2177 2030 2605 2087 ecclesiasticam
2659 2030 2945 2087 veritatem
2997 2029 3169 2086 fuisse
3233 2031 3489 2086 asseratis
3552 2029 3769 2087 factam.

2174 2120 2298 2175 Non
2323 2120 2489 2175 aliam
2517 2120 2667 2175 illam
2695 2118 2819 2186 feci,
2852 2135 3013 2190 quam
3040 2135 3071 2174 a
3098 2126 3283 2176 vestra
3311 2119 3450 2176 vivas
3477 2119 3629 2176 vocis
3675 2119 3773 2175 do-

2175 2209 2352 2264 ctrina
2380 2208 2681 2264 faciendam
2710 2207 2896 2276 didici,
2925 2215 2978 2263 et
3003 2223 3101 2265 vos
3132 2223 3194 2263 ea
3222 2224 3345 2279 quas
3387 2208 3512 2277 jure
3554 2208 3773 2263 destru-

2175 2296 2347 2365 xistis,
2380 2298 2452 2352 ab
2479 2312 2541 2353 re
2568 2295 2839 2353 mdiﬁcare
2866 2313 2977 2352 non
3005 2296 3233 2352 debetis.
3270 2297 3385 2351 Imo
3415 2303 3468 2352 et
3508 2313 3669 2369 quam
3717 2296 3774 2350 in

2175 2387 2416 2442 Romana
2445 2385 2576 2441 sede
2603 2385 2901 2457 apostolica
2931 2384 3250 2441 auctoritate
3279 2385 3513 2458 cognovi
3570 2385 3776 2456 prasin-

2175 2474 2360 2542 ditam,
2392 2481 2446 2530 et
2473 2474 2543 2530 de
2575 2489 2680 2547 qua
2709 2474 2959 2530 eamdem
2986 2473 3118 2529 mihi
3147 2473 3335 2530 sedem
3363 2473 3614 2531 declamo
3659 2472 3776 2529 fore

2176 2562 2473 2620 auctricem
2507 2581 2521 2618 :
2553 2562 2709 2632 cujus
2763 2562 2993 2619 interest
3032 2570 3087 2618 et
3139 2562 3207 2618 de
3264 2562 3354 2617 illa
3402 2577 3436 2618 a
3489 2577 3578 2617 me
3632 2561 3775 2617 facta

2175 2651 2735 2709 excommunicatione
2758 2651 3027 2721 judicare,
3061 2658 3114 2707 et
3144 2651 3213 2707 de
3243 2661 3424 2708 vestra
3439 2650 3774 2707 resolutione

2176 2742 2494 2798 decernere.
2531 2761 2555 2793 ι

2246 2831 2331 2887 Ad
2360 2848 2481 2904 quae
2508 2829 3017 2899 rescribo.Majores
3036 2830 3105 2885 ad
3124 2829 3379 2887 doctores
3402 2829 3577 2886 nostri
3610 2829 3769 2886 dixe-

476 2920 810 2981 ostendistis.
835 2919 972 2975 Cum
1025 2922 1209 2974 autem
1260 2914 1592 2972 Attiniacum
1645 2914 1790 2981 veni,
1849 2914 2078 2970 dedistis
2175 2920 2581 2992 runt,quaadam
2613 2935 2736 2975 esse
2767 2919 3004 2988 nomina,
3044 2934 3164 2990 quae
3204 2918 3257 2973 in
3279 2918 3598 2975 femininum
3628 2919 3773 2975 ﬂecti

474 3011 609 3071 mihi
635 3009 791 3084 quasi
816 3006 1091 3079 exemplar
1119 3004 1458 3072 earumdem,
1506 3004 1696 3077 legere
1738 3020 1828 3059 me
1872 3019 2075 3075 rogan-
2109 3058 2155 3084 η
2176 3025 2286 3065 non
2314 3016 2560 3081 possunt,
2592 3016 2651 3064 ut
2679 3015 2887 3077 auctor,
2921 3023 3133 3064 cursor.
3167 3005 3235 3063 Et
3292 3007 3393 3063 iste
3449 3024 3625 3065 novus
3673 3008 3773 3064 do-

473 3108 574 3172 tes,
607 3106 662 3157 et
690 3098 770 3155 sic
796 3096 976 3152 statim
1004 3094 1131 3150 inde
1157 3110 1248 3149 me
1297 3093 1653 3166 respondere,
1703 3099 1756 3148 et
1799 3100 1858 3147 ut
1898 3092 2080 3165 perle-

474 3206 613 3266 gens
654 3187 893 3260 1dipsum
936 3183 1215 3256 exemplar
1261 3182 1418 3240 vobis
1464 3182 1714 3255 protinus
1759 3182 2072 3251 redderem,

477 3277 829 3353 pracepistis.
882 3274 1031 3331 Sicut
1073 3279 1253 3329 autem
1304 3278 1497 3344 postea
1542 3288 1640 3343 per
1684 3270 1831 3327 aliud
1894 3270 2077 3329 dedici

481 3367 781 3439 exemplar,
821 3364 976 3436 plura
1022 3360 1262 3418 indiculo
1309 3368 1494 3418 vestro
1538 3360 1671 3416 mihi
1707 3369 1926 3416 ostenso
1972 3360 2075 3416 de-

473 3458 714 3515 fuerunt.
752 3474 774 3509 ι

544 3546 678 3617 Quae
718 3543 862 3600 dicta
906 3539 1052 3597 illius
1099 3554 1208 3595 non
1259 3545 1386 3594 sunt
1429 3554 1583 3596 vera.
1632 3538 1775 3595 Nam
1823 3537 1941 3610 ipsa
1985 3536 2075 3595 die

473 3634 688 3710 quando
715 3630 872 3688 missi
915 3628 1100 3686 domni
1155 3626 1461 3700 apostolici,
1520 3627 1577 3682 in
1634 3625 1892 3684 Gundulﬁ
1946 3627 2075 3684 villa

473 3726 590 3795 ejus
618 3719 880 3794 epistolas
907 3718 962 3773 in
993 3717 1280 3789 praesentia
1311 3716 1462 3789 regis
1492 3722 1546 3771 et
1575 3716 1976 3787 episcoporum,
2020 3723 2075 3772 et

473 3821 794 3871 cancrorum
821 3806 1062 3864 fidelium
1092 3807 1186 3879 qui
1215 3805 1292 3861 ibi
1318 3805 1557 3871 aderant,
1590 3804 1723 3859 mihi
1752 3805 2018 3861 dederunt
2055 3821 2069 3860 :

473 3903 615 3959 sicut
644 3907 697 3955 et
726 3898 959 3954 domnus
986 3912 1084 3951 rex
1112 3895 1233 3964 scit,
1286 3901 1338 3949 et
1380 3892 1642 3964 episcopi,
1690 3908 1755 3949 ac
1797 3893 1980 3949 caeteri
2016 3892 2076 3948 in

474 4003 707 4064 quorum
734 3985 1027 4059 praesentia
1067 3981 1327 4055 epistolas
1365 3981 1487 4037 illas
1528 3981 1735 4053 accepi,
1785 3989 2073 4055 antequam

472 4080 544 4136 de
570 4078 691 4150 ipsa
719 4076 881 4132 domo
911 4073 1138 4143 exirem,
1174 4070 1427 4127 audiente
1457 4086 1609 4144 rege,
1643 4078 1695 4127 et
1726 4070 2072 4128 audientibus

474 4164 767 4241 episcopis,
800 4171 854 4222 et
884 4161 1095 4221 caeteris
1116 4159 1208 4233 qui
1226 4159 1427 4216 ibidem
1455 4159 1695 4229 fuerunt,
1728 4176 1823 4217 eas
1874 4160 2066 4235 relegi.

471 4256 541 4314 Et
571 4256 619 4312 si
647 4255 973 4311 Hincmarus
1001 4251 1076 4306 ibi
1098 4250 1215 4317 fuit,
1247 4257 1299 4306 et
1326 4249 1517 4307 audire
1563 4266 1660 4306 eas
1708 4250 1897 4316 voluit,
1931 4249 2071 4307 sicut

470 4355 521 4404 et
552 4344 738 4404 ceteri
769 4359 865 4400 eas
892 4340 1202 4407 audierunt,
1238 4339 1428 4397 audire
1464 4339 1642 4395 modis
1672 4339 1924 4396 omnibus
1960 4355 2066 4411 po-

2108 3058 2158 3122 C

2177 3107 2314 3167 ctor,
2347 3099 2440 3171 qui
2475 3097 2684 3155 noviter
2734 3097 3009 3155 adinvenit
3064 3096 3211 3169 quod
3270 3097 3476 3153 diceret
3525 3097 3596 3154 de
3651 3096 3772 3168 ipsa

2174 3186 2749 3253 excommunicatione,
2782 3186 3142 3259 apostolicam
3171 3186 3358 3242 sedem
3397 3202 3457 3242 se
3503 3186 3770 3243 reclamat

2174 3277 2294 3334 fore
2322 3279 2652 3335 auctricem.
2687 3276 2796 3332 Sed
2823 3292 2912 3332 me
2939 3283 3221 3333 auctorem
3235 3291 3347 3331 non
3359 3275 3600 3342 habebit,
3625 3291 3685 3330 se
3705 3290 3773 3331 eo

2176 3366 2323 3440 quod
2353 3383 2520 3439 super
2545 3382 2635 3421 me
2661 3365 2808 3431 dicit,
2846 3386 2868 3416 ι
2895 3365 3021 3437 quia
3048 3380 3158 3421 non
3186 3364 3344 3419 aliam
3373 3363 3522 3420 illam
3551 3379 3772 3421 excom-

2172 3455 2593 3512 municationem
2620 3454 2879 3527 parochia
2907 3469 3006 3510 sua
3033 3452 3180 3520 fecit,
3216 3468 3382 3526 quam
3409 3468 3443 3509 a
3467 3468 3591 3509 mea
3631 3453 3772 3510 vivae

2172 3545 2324 3602 vocis
2373 3544 2620 3601 doctrina
2678 3543 2987 3601 faciendam
3034 3542 3240 3599 didicit.
3278 3563 3301 3594 ι
3325 3544 3395 3597 Et
3435 3542 3581 3615 quod
3644 3557 3770 3597 mox

2172 3633 2519 3706 subsequitur
2550 3651 2564 3689 :
2602 3654 2625 3685 ‹
2659 3631 2924 3702 Quoniam
2953 3647 3019 3689 ea
3047 3648 3169 3705 quas
3192 3633 3316 3702 jure
3333 3630 3600 3697 dextruxi,
3624 3631 3693 3685 ab
3709 3647 3770 3686 re

2171 3722 2447 3779 aediﬁcare
2473 3738 2585 3778 non
2613 3722 2811 3791 debeo,
2848 3744 2869 3772 υ
2901 3737 3092 3779 verum
3117 3737 3242 3777 esse
3298 3719 3580 3777 conﬁrmo.
3627 3720 3771 3775 Nam

2172 3828 2273 3885 per
2301 3811 2678 3885 evangelicam
2706 3811 3011 3880 veritatem,
3035 3819 3089 3867 et
3109 3810 3462 3882 apostolicam
3492 3817 3651 3882 atque
3682 3823 3774 3866 ca-

2172 3900 2429 3958 nonicam
2463 3900 2875 3967 auctoritatem;
2907 3915 3123 3957 necnon
3154 3907 3207 3955 et
3235 3915 3337 3972 per
3351 3898 3665 3971 apostolicae
3685 3914 3773 3954 se-

2173 3990 2261 4047 dis
2305 3989 2609 4047 doctrinam
2666 3997 2827 4063 atque
2873 3989 3117 4057 decreta,
3188 4003 3345 4044 suam
3406 3987 3769 4060 perniciosam

2171 4078 2790 4136 excommunicationem
2819 4078 3063 4135 destruxi
3095 4093 3108 4133 :
3141 4093 3302 4150 quam
3327 4078 3398 4133 ab
3418 4093 3478 4134 re
3496 4075 3765 4133 aedificare

2170 4184 2281 4225 non
2309 4167 2506 4235 debeo,
2537 4182 2641 4224 nec
2669 4166 2813 4233 volo,
2850 4182 2953 4223 nec
2990 4166 3164 4225 valeo.

2240 4259 2302 4313 In
2329 4272 2396 4313 eo
2424 4272 2558 4313 vero
2586 4256 2732 4328 quod
2750 4256 2897 4325 dicit,
2922 4256 3049 4329 quia
3067 4271 3180 4312 non
3198 4255 3362 4311 aliam
3376 4255 3527 4311 illam
3549 4269 3765 4311 excom-

2168 4345 2591 4404 municationem
2619 4344 2764 4414 fecit,
2798 4366 2821 4397 ι
2856 4360 3022 4417 quam
3051 4346 3107 4399 in
3144 4346 3389 4401 Romana
3445 4344 3575 4400 sede
3629 4336 3767 4414 apo-

468 4436 589 4493 tuit.
618 4433 777 4504 Quod
804 4432 950 4498 dicit,
1002 4430 1261 4502 quoniam
1311 4428 1470 4501 quasi
1524 4428 1804 4499 exemplar
1858 4424 2136 4485 earum-D
2167 4435 2360 4493 stolica
2413 4434 2729 4492 auctoritate
2783 4434 3038 4506 cognovit
3089 4433 3452 4506 prminditam,
3490 4453 3514 4483 ι)
3573 4431 3631 4487 id
3686 4438 3768 4486 est

468 4525 616 4593 dem,
649 4521 865 4596 quando
902 4518 1232 4576 Attiniacum
1273 4517 1441 4586 venit,
1487 4516 1566 4571 illi
1605 4516 1752 4586 dedi,
1800 4524 1855 4575 et
1882 4516 2069 4590 legere

468 4613 679 4688 rogavi,
710 4620 765 4668 et
792 4610 873 4667 sic
903 4607 1085 4665 statim
1113 4606 1472 4679 respondere,
1526 4620 1636 4662 non
1681 4605 1812 4663 dicit
1854 4621 2063 4661 verum.

469 4700 763 4773 Exemplar
788 4697 1088 4756 secundum
1118 4705 1360 4753 tenorem
1406 4694 1777 4751 authenticum
1826 4693 2070 4765 epistolae

470 4790 549 4847 illi
578 4790 649 4846 ad
675 4789 970 4861 legendum
998 4786 1145 4856 dedi,
1194 4784 1331 4841 sicut
1364 4792 1416 4840 et
1444 4782 1653 4839 Erardo
1702 4782 2064 4857 [Turonensi],

469 4888 523 4937 et
551 4878 831 4937 Waniloni
861 4872 1354 4951 [Rothomagensi],
1386 4881 1440 4928 et
1468 4870 1702 4927 Vulfado
1749 4871 2068 4944 [Bituricen-

470 4969 559 5043 si],
590 4975 644 5025 et
671 4966 885 5025 caeteris
913 4962 1338 5035 archiepiscopis
1367 4960 1552 5017 domni
1569 4960 1745 5016 Caroli
1764 4977 1830 5018 ex
1850 4961 2066 5036 integro

466 5058 611 5126 misi,
643 5062 698 5112 et
729 5055 979 5111 eamdem
1004 5051 1290 5124 epistolam
1319 5050 1375 5105 in
1404 5049 1613 5122 synodo
1643 5050 1787 5122 apud
1828 5050 2065 5108 Attinia-

470 5164 595 5206 cum
622 5144 813 5217 relegi.
838 5143 997 5214 Quod
1025 5142 1174 5210 dicit,
1206 5156 1295 5197 me
1328 5140 1559 5209 jussisse
1599 5139 1752 5197 illum
1788 5148 1847 5197 ut
1886 5141 2067 5197 statim

471 5234 829 5309 responderet
861 5250 875 5291 :
906 5248 1014 5290 non
1057 5232 1136 5288 sic
1185 5230 1338 5286 dixi:
1401 5228 1498 5287 sed
1553 5236 1612 5285 ut
1667 5229 1879 5303 legeret
1932 5229 2067 5286 illud

470 5324 767 5398 exemplar,
797 5331 852 5381 et
879 5321 1089 5380 videret
1115 5319 1247 5393 quid
1295 5319 1423 5376 inde
1471 5319 1849 5393 responderet.
1906 5318 2067 5388 Quod

470 5415 621 5484 dicit,
655 5413 780 5488 quia
806 5428 907 5485 per
934 5410 1080 5468 aliud
1107 5409 1382 5481 exemplar
1409 5408 1597 5466 didicit
1624 5408 1780 5481 plura
1824 5408 1880 5464 in
1926 5408 2068 5464 indi-

472 5512 597 5572 culo
625 5527 749 5570 meo
781 5510 887 5568 sibi
918 5517 1136 5567 ostensa
1180 5506 1421 5565 defuisse
1449 5506 1764 5580 :integrum
1792 5506 2070 5578 exemplar

2166 4534 2289 4581 ante
2344 4524 2625 4591 insertam,
2685 4530 2809 4579 ante
2864 4522 3191 4594 impositam,
3250 4530 3373 4577 ante
3427 4520 3764 4577 immissum:

2167 4614 2328 4669 nimis
2356 4614 2616 4670 audacter
2642 4612 2824 4684 posuit
2851 4612 2908 4667 in
2935 4612 3136 4668 coelum
3181 4628 3245 4667 os
3290 4627 3467 4668 suum.
3525 4611 3595 4665 Et
3640 4608 3765 4663 ideo

2166 4718 2278 4760 non
2305 4711 2391 4759 est
2417 4702 2617 4758 mirum
2646 4702 2693 4757 si
2721 4702 2908 4774 lingua
2936 4702 3056 4772 ejus
3084 4700 3331 4757 transivit
3351 4701 3407 4754 in
3427 4708 3651 4765 terram,
3705 4704 3764 4752 ut

2167 4792 2236 4849 de
2263 4808 2351 4848 me
2376 4800 2667 4863 peccatore
2696 4791 2903 4847 diceret
2937 4808 2950 4847 :
2988 4815 3010 4840 ‹‹
3054 4790 3179 4847 Non
3228 4789 3391 4845 aliam
3444 4788 3595 4844 illam
3641 4785 3765 4856 feci,

2167 4897 2330 4955 quam
2357 4896 2389 4937 a
2407 4888 2588 4937 vestra
2618 4880 2756 4936 vivae
2785 4881 2935 4937 vocis
2979 4879 3230 4936 doctrina
3273 4877 3575 4935 faciendam
3620 4876 3768 4931 didi-

2167 4971 2237 5028 ci.
2275 4991 2298 5021 ι
2329 4970 2438 5027 Sed
2467 4969 2605 5026 sicut
2631 4969 2933 5041 apostolica
2963 4969 3125 5025 sedes
3155 4985 3186 5023 a
3219 4965 3641 5023 nobis'accusari
3661 4980 3769 5021 non

2165 5060 2345 5127 debet,
2366 5074 2469 5115 nec
2487 5058 2631 5116 valet
2656 5075 2669 5112 :
2699 5058 2771 5113 ita
2818 5058 3165 5115 excusatione
3207 5064 3409 5113 nostrae
3450 5053 3768 5110 humilitatis

2164 5165 2275 5206 non
2296 5147 2523 5221 indiget.
2555 5148 2947 5204 Verumtamen
2976 5147 3122 5221 quod
3150 5162 3260 5202 non
3280 5147 3348 5201 ab
3374 5144 3595 5201 incertis
3625 5142 3779 5199 rela-

2164 5237 2372 5293 toribus
2398 5236 2525 5293 inde
2553 5236 2877 5306 audivimus,
2908 5253 3033 5293 cum
3056 5235 3216 5293 venia
3240 5234 3409 5306 ipsius
3430 5233 3577 5289 sedis
3598 5232 3766 5286 libere

2165 5326 2350 5383 dicere
2392 5341 2703 5397 possumus.
2744 5325 3066 5383 Audivimus
3106 5340 3362 5396 namque,
3398 5322 3521 5396 quia
3566 5327 3768 5377 sanctae

2165 5415 2445 5473 memoriae
2470 5417 2730 5474 Nicolaus
2758 5431 2920 5488 papa,
2947 5422 3134 5472 sancta
3163 5415 3409 5471 Romana
3438 5410 3689 5468 Ecclesia
3710 5408 3766 5464 in

2167 5504 2456 5563 afﬂictione
2492 5505 2690 5578 posita,
2727 5506 3046 5563 auctoritate
3099 5503 3312 5561 Veteris
3333 5511 3386 5559 et
3418 5501 3561 5559 Novi
3585 5502 3769 5557 Testa-
