4174 6310
332 233 434 292 613

1045 233 1290 294 OPUSC.
1329 228 1419 292 ET
1474 230 1692 292 EPIST.
1743 235 1818 289 IN
1872 231 2098 289 CAUSA
2151 230 2493 287 HINCMARI
2530 221 2836 288 LAUDUN.

3527 222 3632 290 ait

336 361 526 429 menti,
558 359 614 415 in
637 360 863 430 jejunio,
893 367 947 417 et
974 361 1123 429 ﬂetu,
1175 377 1239 417 ac
1271 361 1506 432 planctu,
1541 361 1594 416 in
1639 360 1822 416 cinere
1883 357 2004 418 etA
2033 355 2371 428 baptizandis
2390 355 2605 422 infudit,
2639 356 2779 412 sicut
2833 356 2890 410 in
2935 371 3089 413 sacra
3116 356 3342 413 historia
3399 356 3624 431 legitur.

341 448 518 505 cilicio
560 449 771 503 litanias
827 449 1101 505 indixerit.
1165 450 1272 505 Sed
1327 467 1356 504 a
1406 449 1556 505 nullo
1603 448 1932 516 audivimus,

339 537 463 608 quia
493 553 658 593 causa
690 554 910 593 suarum
934 539 1255 607 injuriarum
1282 547 1334 594 et
1379 539 1549 609 ipsius
1591 537 1738 593 sedis
1796 552 1935 607 apo-

337 625 560 696 stolicae,
594 627 849 697 parvulos
881 628 936 681 in
968 627 1277 683 discrimine
1309 627 1501 682 mortis
1523 627 1729 697 positos
1762 625 1938 696 bapti-

339 715 468 783 zari,
503 723 555 770 et
585 715 911 770 obeuntibus
933 724 1095 786 atque
1125 716 1431 787 petentibus
1465 716 1712 770 ultimam
1761 714 1936 786 pomi-

337 803 581 869 tentiam,
616 812 668 858 et
697 804 881 859 viatici
911 806 1154 860 muneris
1188 805 1644 868 communionem,
1678 812 1729 859 et
1781 819 1934 858 mor-

340 892 442 946 tuis
486 892 820 962 sepulturam
867 893 1063 966 negari
1107 893 1456 964 prmceperit.
1515 894 1584 947 Et
1641 893 1790 964 quod
1846 892 1936 946 illa

337 981 892 1036 excommunicatione
925 981 1231 1052 perniciosa
1264 998 1424 1053 quam
1477 981 1625 1048 fecit,
1689 981 1935 1036 eamdem

335 1069 439 1123 sibi
468 1069 658 1124 sedem
685 1072 829 1141 fore,
864 1085 1117 1124 sermone
1147 1070 1363 1135 vitioso,
1398 1078 1560 1141 atque
1590 1069 1930 1124 calumnioso

336 1157 467 1212 dicit
494 1159 823 1223 auctricem,
862 1174 972 1212 non
1003 1159 1297 1214 credimus.
1333 1158 1487 1213 Absit
1519 1157 1663 1212 enim
1694 1165 1770 1226 ut,
1798 1157 1936 1213 sicut

337 1245 424 1300 hic
454 1241 621 1300 frater
669 1246 1063 1301 Hincmarusin
1091 1246 1400 1317 pernicioso
1433 1246 1635 1316 scripto
1684 1261 1784 1302 suo
1827 1245 1934 1299 im-

333 1333 552 1404 proprie
575 1334 760 1389 dicens
792 1335 1082 1401 declamat,
1118 1351 1229 1389 suae
1259 1335 1700 1407 colligationibus
1742 1333 1937 1405 impie-

337 1423 458 1478 tatis
486 1423 781 1493 apostolica
812 1423 972 1479 sedes
1002 1423 1299 1478 consentiat
1330 1423 1583 1490 ;minime
1612 1431 1791 1477 autem
1839 1440 1936 1478 au-

338 1513 495 1567 ctrix
526 1511 738 1565 existat.
771 1510 905 1580 Quae
920 1528 1017 1582 per
1045 1513 1104 1566 B.
1126 1511 1473 1567 Caelestinum
1496 1512 1751 1567 universo
1779 1528 1935 1566 mun-

333 1595 405 1650 do
434 1595 730 1666 apostolice
764 1596 968 1650 intonat
995 1613 1006 1650 :
1039 1619 1059 1643 «
1124 1595 1596 1666 Obsecrationum,
1657 1596 1931 1666 inquiens,

2037 445 2296 502 Similiter
2324 452 2375 500 et
2403 446 2473 500 de
2500 444 2585 498 his
2606 444 2697 516 qui
2727 443 2966 499 ultimam
2997 445 3388 517 paenitentiam,
3435 455 3489 502 et
3516 448 3625 504 via-

2035 535 2126 590 tici
2156 533 2397 588 muneris
2420 534 2858 589 communionem
2885 534 3175 605 petierunt,
3228 543 3280 590 et
3335 535 3624 607 impetrare

2035 640 2132 694 pro
2153 640 2249 677 sua
2291 623 2671 678 interdictione
2729 638 2840 677 non
2885 631 3194 693 potuerunt,
3251 625 3426 695 gratia
3482 626 3626 695 ejus,

2035 712 2120 767 cui
2142 713 2208 766 ab
2230 712 2377 767 omni
2391 710 2536 766 fideli
2557 711 2755 766 dicitur
2777 728 2789 765 :
2820 712 3069 767 Gemit-us
3087 728 3242 768 meus
3273 731 3307 767 a
3342 717 3392 768 te
3409 730 3524 770 non
3539 718 3633 769 est

2037 803 2396 857 absconditus
2418 800 2595 870 (Psal.
2620 800 2852 871 xxxvn)
2874 818 2886 854 :
2908 808 2959 856 et
2974 801 3171 872 quibus
3185 801 3416 873 singulis
3435 802 3626 858 Domi-

2035 906 2137 944 nus
2166 889 2296 944 dicit
2330 907 2342 942 :
2378 890 2501 944 Mox
2532 897 2589 942 ut
2620 888 2975 959 ingemueris,
3001 889 3183 944 salvus
3215 890 3342 958 eris,
3375 890 3443 945 ad
3476 891 3628 945 salu-

2037 986 2144 1033 tem
2175 978 2436 1048 prodesse
2457 977 2700 1033 valuerit.
2736 979 2858 1048 Ipse
2890 985 3072 1033 tamen
3102 978 3169 1033 de
3201 993 3388 1033 eorum
3437 979 3627 1048 perdi-

2037 1066 2182 1121 tione
2205 1083 2431 1121 securus
2462 1082 2585 1121 esse
2606 1082 2715 1120 non
2746 1074 2943 1137 potest,
2977 1067 3023 1120 si
3052 1067 3218 1138 aliqui
3244 1067 3362 1121 sine
3421 1067 3628 1123 eisdem

2037 1155 2395 1210 sacramentis
2423 1171 2520 1226 per
2551 1171 2704 1210 suam
2724 1155 3026 1223 jussionem
3083 1155 3356 1222 abierunt,
3408 1163 3465 1210 ut
3517 1172 3629 1212 non

2035 1243 2272 1299 districte
2301 1243 2426 1298 inde
2451 1244 2742 1312 judicetur.

2106 1333 2176 1386 Et
2207 1332 2252 1387 si
2283 1331 2395 1387 vult
2422 1332 2606 1388 dicere
2623 1334 2692 1388 de
2723 1331 3274 1388 excommunicatione
3329 1333 3627 1390 Nortman-

2035 1420 2110 1486 ni,
2143 1437 2301 1492 quam
2329 1422 2666 1476 mendaciter
2695 1438 2794 1493 per
2825 1421 3228 1492 subreptionem
3257 1438 3288 1476 a
3325 1422 3455 1479 sede
3494 1438 3627 1495 apo-

2036 1509 2224 1564 stolica
2255 1509 2453 1575 elicuit,
2479 1527 2782 1582 suggerens
2803 1511 3194 1565 Nortmannum
3225 1526 3314 1565 res
3376 1527 3489 1567 sua:
3545 1527 3630 1568 ec-

2035 1597 2216 1652 clesize
2243 1598 2532 1665 invasisse,
2567 1615 2702 1670 quas
2731 1599 2847 1669 ipse
2875 1607 2968 1653 aut
2997 1599 3136 1670 regi,
3170 1607 3260 1653 aut
3286 1599 3626 1656 Nortmanno

338 1683 756 1738 sacerdotalium
786 1692 1124 1740 sacramenta
1144 1684 1521 1755 respiciamus,
1557 1701 1676 1755 quae
1707 1685 1774 1738 ab
1807 1699 1934 1755 apo—
1960 1715 2012 1775 B
2035 1684 2436 1742 beneficiandas
2466 1687 2754 1755 concessit,
2782 1695 2873 1742 aut
2903 1685 3013 1742 filio
3041 1687 3364 1743 Nortmanni
3421 1687 3627 1744 beneﬁ-

336 1772 490 1826 stolis
522 1772 733 1838 tradita,
768 1781 820 1827 et
848 1772 901 1826 in
933 1780 1046 1828 toto
1076 1773 1297 1841 mundo,
1345 1781 1509 1844 atque
1538 1773 1593 1826 in
1637 1773 1784 1827 omni
1842 1788 1932 1828 ca-

333 1860 531 1915 tholica
560 1860 805 1916 Ecclesia
837 1860 1178 1916 uniformiter
1206 1861 1549 1917 celebrantur
1582 1879 1594 1915 :
1641 1869 1696 1915 ut
1752 1861 1931 1932 legem

334 1948 610 2014 credendi,
644 1948 728 2004 lex
763 1957 960 2004 statuat
978 1949 1341 2020 supplicandi.
1365 1950 1496 2004 Cum
1529 1949 1674 2004 enim
1712 1958 1930 2004 sancta-

333 2053 452 2090 rum
481 2036 721 2107 plebium
761 2038 1019 2107 praesules
1075 2039 1328 2092 mandata
1383 2038 1598 2092 sibimet
1653 2037 1929 2110 legatione

329 2123 651 2197 funguntur,
685 2126 827 2196 apud
859 2125 1094 2181 divinam
1141 2127 1482 2181 clementiam
1513 2127 1732 2181 humani
1753 2143 1928 2198 gene-

329 2213 407 2268 ris
435 2222 602 2284 agunt
633 2230 853 2270 causam
885 2233 900 2281 ;
933 2223 1110 2270 ettota
1141 2231 1326 2271 secum
1358 2215 1608 2271 Ecclesia
1638 2216 1928 2288 congemi—

331 2311 518 2358 scentc
549 2303 823 2373 postulant
856 2311 908 2358 et
939 2312 1250 2374 precantur,
1275 2312 1332 2359 ut
1361 2303 1670 2359 infidelibus
1695 2306 1930 2360 donetur

335 2389 492 2446 fides.
517 2412 539 2441 α
558 2392 627 2446 Et
649 2391 727 2447 sic
747 2408 849 2462 pro
868 2392 1118 2447 omnibus
1151 2409 1378 2447 exorare
1414 2393 1704 2449 Dominum
1735 2395 1928 2448 catho-

325 2478 489 2534 licam
517 2480 823 2535 Ecclesiam
877 2481 1082 2536 debere
1111 2481 1472 2550 demonstrat,
1507 2489 1564 2536 ut
1617 2490 1797 2537 erutos
1858 2482 1927 2537 de

327 2575 594 2638 potestate
619 2569 964 2624 tenebrarum
995 2569 1282 2625 transferat
1312 2570 1368 2624 in
1396 2587 1622 2640 regnum
1654 2569 1750 2624 ﬁlii
1801 2571 1928 2625 cha-

330 2657 503 2712 ritatis
533 2674 646 2714 suae
676 2659 822 2729 (Col.
863 2661 902 2729 ι)
930 2677 940 2712 :
977 2667 1029 2714 et
1059 2676 1124 2713 ex
1155 2659 1301 2713 vasis
1322 2659 1437 2726 iraa,
1482 2659 1645 2714 faciat
1661 2675 1789 2714 vasa
1819 2659 1926 2714 mi-

330 2746 639 2803 sericordiae
661 2747 838 2816 (Rom.
864 2749 947 2818 rx)
981 2765 994 2801 :
1028 2747 1119 2819 qui
1140 2763 1247 2803 non
1278 2748 1392 2802 vult
1420 2755 1648 2803 mortem
1667 2756 1925 2818 peccato-

329 2835 423 2901 ris,
449 2835 544 2889 sed
577 2843 633 2890 ut
660 2843 1008 2891 convertatur
1039 2844 1091 2891 et
1122 2836 1267 2892 vivat
1296 2837 1516 2908 (Επειδὴ.
1578 2839 1790 2907 xxxiii)
1826 2855 1838 2890 :
1874 2845 1927 2892 et

333 2923 427 2994 qui
457 2923 571 2978 vult
598 2939 788 2979 omnes
805 2925 1052 2980 homines
1081 2924 1260 2980 salvos
1283 2924 1554 2995 fieri,etin
1591 2925 1924 2998 agnitionem

327 3011 572 3068 veritatis
603 3013 788 3068 venire
823 3033 835 3081 ;
871 3022 919 3069 et
933 3013 1210 3069 neminem
1228 3014 1340 3070 vult
1369 3013 1549 3085 perire
1569 3015 1643 3085 (II
1676 3017 1812 3071 Tim.
1834 3015 1918 3085 It).

327 3099 504 3170 Absit,
547 3101 789 3173 inquam,
814 3111 872 3157 ut
901 3111 1088 3159 auctor
1117 3103 1185 3157 sit
1216 3111 1401 3158 sancta
1432 3102 1593 3158 sedes
1624 3103 1926 3175 apostolica

321 3188 481 3244 istius
532 3191 833 3261 pertinacis
893 3191 1227 3246 crudelitatis
1284 3199 1561 3247 tantorum
1617 3192 1919 3261 hominum,

327 3278 422 3352 qui
451 3296 554 3350 per
583 3280 931 3351 baptismum,
967 3281 1052 3337 vel
1083 3297 1181 3352 per
1227 3281 1582 3337 sacerdotalis
1638 3280 1926 3336 ministerii

322 3368 826 3424 reconciliationem
888 3370 1104 3440 salvari,
1168 3377 1220 3425 et
1269 3387 1368 3440 per
1425 3370 1604 3426 viatici
1675 3370 1922 3426 muneris

322 3457 766 3513 communionem
795 3459 866 3513 ab
896 3466 1101 3514 aeterno
1132 3467 1384 3530 poterant
1412 3458 1640 3514 liberari
1699 3459 1924 3515 interitu

322 3546 584 3602 mortibus
612 3563 704 3603 reo
737 3547 976 3620 (aliquid
1007 3549 1182 3620 deest)
1216 3567 1230 3616 ;
1265 3548 1394 3620 quia
1424 3565 1534 3603 non
1562 3555 1777 3620 poterat
1806 3548 1924 3605 fieri

324 3639 385 3685 ut
406 3631 462 3685 in
489 3639 598 3686 tam
619 3632 801 3703 ampla
819 3632 1099 3704 parochia,
1133 3633 1272 3688 sicut
1302 3633 1392 3687 illa
1413 3641 1513 3702 est,
1549 3650 1668 3704 quae
1703 3634 1922 3705 specia-

321 3718 447 3775 liter
476 3721 716 3789 subjacet
746 3721 991 3776 Lauduni
1019 3721 1338 3793 municipio,
1372 3739 1473 3794 per
1525 3723 1764 3794 quinque
1816 3723 1922 3778 cir-

324 3808 462 3864 citer
493 3809 630 3877 dies,
666 3811 864 3882 quibus
914 3827 978 3866 eo
1009 3812 1192 3878 modo,
1247 3811 1384 3867 sicut
1437 3812 1696 3883 praemisi,
1745 3812 1924 3868 fuerat

325 3898 602 3970 colligata,
620 3899 748 3971 quia
775 3917 894 3956 eam
921 3908 1082 3955 antea
1098 3900 1516 3971 metropolitana
1534 3901 1919 3969 sollicitudine,

323 3987 661 4060 evangelica,
696 3997 748 4043 et
778 3989 1097 4060 apostolica,
1132 3997 1290 4062 atque
1327 3991 1609 4057 canonica,
1627 3998 1680 4046 et
1709 3999 1921 4062 aposto-

322 4075 442 4132 licae
463 4077 611 4132 sedis
650 4077 970 4134 auctoritate
1000 4079 1286 4134 absolvere
1315 4095 1426 4134 non
1456 4079 1691 4147 cucurri,
1736 4080 1921 4150 plures

323 4165 442 4222 sine
472 4166 762 4237 baptismo,
797 4175 848 4222 et
877 4168 1084 4239 absque
1109 4168 1508 4224 communionis
1566 4168 1758 4240 gratia,
1810 4185 1922 4224 non

322 4254 557 4310 obierint
590 4273 602 4310 :
637 4256 706 4311 de
737 4257 931 4328 quibus
961 4257 1268 4329 quicunque
1299 4256 1496 4312 salvati
1525 4264 1666 4324 sunt,
1709 4257 1922 4314 salvan-

320 4343 387 4398 tis
417 4351 506 4399 est
531 4344 772 4413 donum;
805 4345 895 4416 qui
936 4353 1114 4400 autem
1153 4345 1457 4418 perierunt,
1518 4345 1816 4417 perditoris
1866 4353 1918 4400 et

320 4433 666 4504 pereuntium
695 4433 793 4489 fuit
809 4434 1084 4490 meritum.

391 4533 648 4586 Attamen
675 4530 819 4601 licet,
854 4531 1000 4588 velut
1039 4539 1262 4589 sanctus
1317 4532 1640 4588 Ambrosius
1692 4531 1751 4586 in
1792 4530 1918 4588 fidei

320 4619 614 4676 devotione
672 4620 1036 4677 Valentiniani
1069 4624 1188 4692 (lib.
1217 4623 1282 4678 de
1312 4623 1465 4680 obitu
1509 4622 1835 4694 Valent-im),
1869 4629 1922 4677 et

320 4707 517 4764 beatus
547 4709 884 4780 Augustinus
913 4710 1242 4782 disputando
1273 4711 1630 4778 demonstrat,
1666 4719 1724 4766 ut
1782 4711 1920 4767 sicut

319 4797 376 4853 in
398 4798 490 4854 illo
520 4797 733 4854 latrone
763 4815 884 4855 cum
915 4800 1148 4856 Domino
1179 4799 1435 4857 crucifixo
1457 4808 1510 4856 et
1558 4801 1834 4868 credente,
1869 4808 1921 4855 et

321 4886 632 4957 confitente,
662 4887 806 4960 quod
823 4888 873 4944 ei
905 4905 970 4944 ex
996 4889 1252 4960 baptismi
1283 4897 1627 4946 sacramento
1648 4889 1916 4957 defuerat,

319 4976 1005 5049 complevitomnipotentis
1027 4978 1336 5051 benignitas
1358 4979 1461 5033 :ita
1496 4977 1634 5035 forte
1681 4977 1920 5050 parvulis

320 5066 521 5138 quibus
574 5065 904 5137 baptismum
959 5066 1225 5138 denegari
1257 5065 1436 5138 jussit,
1488 5075 1776 5138 parentum
1831 5067 1918 5122 vel

316 5163 673 5225 patronorum
705 5155 871 5211 corde
930 5155 1287 5224 credentium,
1351 5163 1404 5209 et
1461 5155 1622 5211 etiam
1679 5155 1917 5227 parvulis

319 5243 469 5299 fideli
497 5243 858 5300 confessionis
885 5245 1054 5300 verbo
1080 5245 1350 5315 baptisma
1379 5245 1763 5316 expetentium,
1818 5245 1918 5302 sed

315 5349 428 5389 non
451 5333 855 5406 impetrantium
873 5332 1029 5402 fides,
1047 5341 1100 5389 et
1128 5332 1309 5389 fidelis
1325 5333 1618 5405 postulatio
1649 5334 1916 5405 prodesse

314 5423 555 5494 potuerit
586 5441 600 5478 :
633 5423 868 5480 donante
898 5439 985 5492 eo,
1020 5423 1172 5493 cujus
1203 5421 1445 5494 spiritus,
1479 5437 1587 5494 quo
1616 5438 1914 5495 regenera-

315 5512 392 5568 tio
427 5510 503 5586 fit,
533 5511 626 5570 ubi
651 5513 766 5572 vult
784 5512 948 5585 Spirat
972 5531 986 5580 ;
1014 5520 1067 5570 et
1096 5512 1261 5570 etiam
1289 5519 1414 5568 ante
1467 5511 1798 5584 baptismum
1853 5529 1913 5569 se

2034 1775 2211 1840 ciavit,
2247 1775 2385 1830 sicut
2414 1775 2619 1846 scripta
2649 1792 2748 1830 sua
2778 1776 3154 1831 demonstrant
3212 1794 3225 1829 :
3285 1777 3625 1847 responden-

2033 1863 2163 1918 dum
2199 1863 2267 1917 ab
2298 1865 2493 1919 eadem
2522 1873 2707 1919 sancta
2738 1872 2792 1919 et
2822 1864 3215 1920 discretissima
3259 1865 3390 1921 sede
3447 1866 3627 1921 credi-

2032 1969 2188 2006 mus:
2224 1954 2350 2008 Fiat
2380 1954 2480 2008 tibi
2510 1955 2823 2009 secundum
2854 1953 3019 2022 ﬁdem
3055 1957 3217 2009 tuam
3249 1955 3468 2021 (Matth.
3518 1956 3623 2026 ιχ).

2030 2042 2098 2095 Et
2131 2059 2144 2095 :
2172 2043 2260 2096 Ea:
2289 2042 2467 2097 verbis
2498 2043 2612 2097 tuis
2643 2041 3108 2099 condemnaberis
3140 2042 3362 2110 (Matth.
3395 2044 3520 2113 xu).
3556 2045 3626 2098 Et

2031 2131 2178 2199 quod
2208 2131 2267 2184 B.
2298 2130 2635 2202 Augustinus
2663 2130 2720 2184 in
2764 2147 2929 2184 serm.
2987 2132 3020 2183 7
3076 2130 3360 2201 Evangelii
3404 2131 3626 2186 Joannis

2029 2217 2170 2272 dicit
2204 2234 2216 2272 :
2254 2239 2276 2268 α
2311 2218 2478 2285 Juris,
2512 2218 2783 2290 inquiens,
2817 2218 3052 2274 forensis
3083 2226 3184 2285 est,
3218 2218 3380 2290 utqui
3411 2219 3466 2274 in
3493 2236 3626 2291 pre-

2029 2305 2182 2360 cibus
2237 2306 2494 2361 mentitus
2521 2306 2701 2372 fuerit,
2736 2321 2845 2362 non
2875 2307 2951 2361 illi
2980 2307 3151 2378 prosit
3180 2308 3324 2378 quod
3373 2308 3629 2379 impetra-

2029 2393 2122 2449 vit.
2156 2394 2350 2449 Dixisti
2371 2395 2517 2450 enim
2547 2396 2692 2467 quod
2711 2395 2927 2451 voluisti
2960 2412 2971 2450 :
3006 2404 3058 2450 et
3088 2395 3172 2450 cui
3201 2395 3402 2465 dixisti,
3435 2397 3622 2452 nesci-

2027 2482 2102 2536 vit
2134 2499 2204 2537 an
2237 2499 2429 2538 verum
2463 2484 2548 2538 sit.
2581 2483 2798 2538 Dimisit
2817 2491 2867 2539 te
2896 2484 3207 2539 adversario
3250 2491 3343 2539 tuo
3392 2485 3622 2541 convin-

2026 2571 2277 2640 cendum,
2315 2579 2371 2626 ut
2416 2572 2462 2626 si
2518 2579 2640 2626 ante
2693 2572 2934 2641 judicem
2983 2573 3269 2628 convictus
3324 2571 3491 2628 fueris
3549 2575 3620 2630 de

2024 2659 2327 2729 mendacio,
2349 2661 2476 2732 quia
2492 2677 2600 2716 non
2621 2661 2791 2732 potuit
2811 2661 2902 2716 ille
2925 2660 3030 2715 nisi
3057 2669 3336 2732 praestare,
3369 2661 3622 2719 nesciens

2027 2763 2096 2802 an
2124 2747 2290 2803 fueris
2334 2749 2608 2813 mentitus,
2659 2749 2734 2804 ibi
2793 2765 2978 2805 careas
3033 2749 3296 2805 beneficio
3348 2751 3619 2822 rescripti,

2026 2852 2132 2907 quo
2149 2837 2450 2907 perduxisti
2481 2837 2825 2908 rescriptum.
2863 2863 2884 2886 υ
2919 2839 2987 2893 Et
3015 2838 3120 2894 hoc
3143 2839 3233 2907 jus
3279 2837 3335 2894 in
3389 2854 3622 2911 corpore

2023 2924 2146 2979 libri
2177 2926 2570 2981 Theodosianze
2598 2926 2738 2998 legis
2767 2927 2957 2981 haberi
3014 2926 3266 2997 legimus.
3329 2927 3618 2996 Caeterum,

2026 3013 2166 3068 sicut
2181 3015 2249 3069 de
2270 3015 2386 3070 Deo
2399 3015 2790 3085 omnipotente,
2817 3031 2941 3070 cum
2971 3015 3154 3069 omnia
3191 3015 3382 3086 possit,
3415 3016 3625 3072 scilicet

2027 3119 2149 3173 quae
2180 3103 2585 3174 omnipotentiae
2605 3104 2748 3158 illius
2778 3105 3126 3168 conveniunt,
3145 3112 3287 3159 recte
3317 3104 3448 3159 dicit
3475 3106 3622 3176 Apo-

2029 3192 2200 3246 stolus
2235 3210 2247 3247 :
2277 3195 2536 3265 Seipsum
2565 3209 2770 3265 negare
2791 3209 2906 3248 non
2925 3196 3109 3264 potest
3128 3192 3209 3263 (II
3237 3195 3374 3248 Tim.
3405 3192 3467 3265 ιι)
3505 3211 3517 3247 :
3546 3193 3621 3250 ita

2028 3287 2078 3334 et
2109 3295 2209 3335 nos
2229 3280 2298 3335 de
2325 3280 2416 3335 illa
2445 3289 2634 3337 sancta
2665 3281 2796 3336 sede
2835 3280 3086 3347 dicimus,
3142 3281 3271 3352 quia
3327 3281 3433 3336 sibi
3489 3281 3615 3353 ipsi,

2025 3369 2330 3440 praesertim
2359 3370 2415 3425 in
2446 3378 2553 3425 tam
2580 3369 3039 3425 manifestissimis
3067 3377 3119 3424 et
3133 3369 3386 3425 maximis
3415 3370 3616 3442 causis,

2027 3464 2080 3512 et
2108 3457 2360 3514 humanae
2389 3457 2778 3530 redemptionis
2808 3466 2968 3531 atque
3000 3457 3189 3513 salutis
3251 3458 3619 3531 singularibus

2025 3546 2317 3617 praesidiis,
2349 3548 2620 3603 contraria
2647 3547 2794 3602 nullo
2822 3548 2985 3603 modo
3003 3563 3126 3602 esse
3152 3555 3332 3618 potest
3361 3565 3375 3602 :
3410 3555 3463 3602 et
3492 3565 3616 3618 quae

2027 3635 2326 3690 secundum
2363 3636 2733 3708 evangelicam
2787 3636 3088 3705 veritatem,
3151 3643 3204 3691 et
3260 3635 3618 3707 apostolicam

2024 3724 2385 3794 traditionem,
2418 3734 2577 3797 atque
2598 3725 2917 3782 canonicam
2946 3724 3341 3796 auctoritatem,
3374 3741 3474 3797 per
3527 3725 3617 3782 Si-

2024 3812 2238 3882 ricium,
2272 3815 2662 3886 Innocentium,
2688 3815 3060 3886 leestinum,
3109 3816 3348 3870 Leonem
3378 3813 3611 3870 irrefra-

2026 3903 2280 3974 gabiliter
2327 3905 2620 3973 constituit,
2671 3904 2934 3977 refragari
2982 3921 3014 3959 a
3063 3920 3336 3976 quoquam
3394 3903 3614 3974 impune

2023 3993 2169 4047 nulla
2199 3994 2405 4049 ratione
2435 3994 2679 4049 dimittet.
2735 3994 2900 4063 Cujus
2942 3993 3185 4062 interest,
3246 3992 3383 4048 sicut
3437 3992 3613 4047 isdem

2023 4080 2188 4136 frater
2217 4082 2538 4138 Hincmarus
2559 4082 2764 4148 scribit,
2798 4105 2818 4129 ‹‹
2853 4081 2924 4136 de
2953 4080 3045 4135 illa
3073 4097 3105 4135 a
3137 4097 3196 4136 se
3226 4081 3364 4136 facta
3385 4096 3617 4137 excom-

2022 4171 2388 4226 municatione
2411 4171 2677 4240 judicare,
2711 4178 2764 4226 et
2791 4170 2860 4225 de
2889 4185 3010 4224 mea
3038 4169 3371 4225 resolutione
3421 4169 3618 4226 decer-

2022 4275 2176 4315 nere.
2217 4283 2237 4308 η

2091 4357 2494 4424 Verumtamen,
2559 4353 2698 4413 sicut
2740 4373 2806 4413 ex
2849 4355 3066 4413 concilii
3123 4355 3462 4412 Sardicensis
3522 4339 3620 4412 ca:

1937 4434 1991 4496 D
2023 4446 2256 4502 nonibus
2286 4447 2384 4505 SS.
2418 4446 2783 4514 Innocentius,
2843 4445 3170 4512 Bonifacius,
3231 4453 3283 4502 et
3327 4446 3437 4503 Leo
3491 4461 3618 4516 pro-

2020 4537 2415 4608 mulgaverunt,
2447 4536 2599 4607 prius
2649 4536 2883 4606 majores
2937 4551 3150 4605 causas,
3210 4551 3329 4607 quae
3373 4534 3441 4589 ad
3497 4541 3614 4589 sta-

2020 4633 2130 4680 tum
2161 4625 2552 4692 Ecclesiarum,
2578 4634 2629 4681 et
2657 4626 2726 4681 ad
2755 4625 3106 4682 concordiam
3126 4624 3394 4695 pertinent
3426 4638 3613 4678 sacer-

2021 4715 2229 4786 dotum,
2260 4715 2405 4787 apud
2434 4731 2554 4782 nos,
2584 4715 2685 4770 sub
2716 4715 2908 4770 timore
2929 4713 3166 4778 Domini,
3200 4711 3452 4768 convenit
3473 4727 3611 4768 ven-

2017 4804 2159 4859 tilari
2191 4823 2204 4872 ;
2238 4812 2290 4859 et
2318 4804 2386 4858 de
2405 4804 2818 4875 componendis,
2840 4819 2960 4874 quae
2980 4801 3115 4858 forte
3138 4809 3326 4856 nostro
3348 4799 3613 4872 nequive-

2020 4893 2124 4948 rint
2152 4892 2317 4964 SOpiri
2341 4893 2545 4962 judicio
2579 4911 2593 4960 ;
2627 4893 2772 4947 etde
2814 4889 3017 4961 judicio
3059 4897 3246 4945 nostro‘
3299 4889 3616 4962 compositis

2018 4990 2142 5054 post
2161 4982 2426 5052 judicium
2453 4989 2665 5053 oportet
2694 4981 2761 5036 ad
2791 4980 2980 5036 sedem
3004 4978 3356 5051 apostolicam
3393 4979 3616 5050 plenam

2021 5071 2287 5127 rationem
2310 5070 2596 5126 transmitti
2630 5086 2640 5125 :
2674 5077 2734 5124 ut
2762 5085 2828 5126 ea
2857 5085 2979 5140 quae
3000 5069 3148 5139 juxta
3180 5068 3616 5126 ecclesiasticum

2018 5177 2230 5216 morem
2254 5162 2399 5230 juste
2419 5168 2472 5215 et
2499 5157 2894 5214 rationabiliter
2931 5158 3074 5229 apud
3098 5174 3198 5214 nos
3229 5157 3425 5214 fuerint
3482 5157 3619 5215 ditii-

2015 5250 2149 5321 nita,
2183 5249 2354 5321 ipsius
2383 5247 2696 5320 apostolicae
2752 5247 2900 5304 sedis
2931 5248 3196 5304 sententia
3251 5248 3602 5304 roborentur.

2019 5339 2109 5395 Sic
2140 5339 2284 5394 enim
2315 5346 2366 5394 et
2393 5346 2613 5393 sanctus
2632 5337 2949 5393 Ambrosius
2979 5337 3227 5394 scribens
3245 5337 3315 5392 ad
3345 5334 3618 5409 Theophi-

2017 5427 2131 5482 lum
2160 5426 2591 5482 Alexandrinum
2621 5427 2963 5499 episcopum,
2997 5442 3184 5483 sacras
3199 5425 3376 5499 leges,
3407 5433 3462 5481 et
3517 5439 3615 5480 ca-

2015 5532 2209 5588 nones,
2240 5523 2298 5572 ut
2325 5523 2450 5588 post
2463 5515 2731 5587 judicium
2746 5517 2814 5574 ad
2831 5516 3020 5575 sedem
3039 5515 3397 5589 apostolicam
3425 5512 3615 5570 relatio
