4174 6330
501 251 605 307 615

1505 248 1848 305 HINCMARI
1875 245 2276 304 RHEMENSIS
2304 246 2859 303 ARCHIEPISCOPI.

3688 247 3798 300 616

500 373 791 440 referatur,
824 380 878 428 et
897 373 988 445 qui
1017 372 1267 446 legaliter
1306 380 1581 440 evocatus,
1634 372 1841 442 judicio
1900 372 2096 428 adesse
2115 373 2172 434 Α
2195 372 2328 427 mihi
2358 373 2504 444 quod
2534 371 2678 428 male
2706 371 2784 426 illi
2803 371 2873 427 de
2900 371 3003 427 hac
3033 369 3589 426 excommunicatione
3624 384 3793 441 quam

500 461 817 535 neglexerit,
842 460 1157 518 dilationem
1206 462 1488 518 sententiae
1538 460 1898 533 proferendae,
1959 461 2097 517 sicut

505 549 560 605 in
590 557 991 618 contumacem,
1014 550 1084 607 de
1114 550 1360 606 absentia
1386 565 1498 605 non
1518 548 1781 616 lucretur,
1816 565 1875 604 se
1930 548 2095 604 intel-

499 638 699 695 lexisse
729 638 1090 709 demonstrat,
1131 637 1322 695 dicens
1356 656 1370 692 :
1405 660 1428 687 α
1459 639 1595 693 Cum
1625 645 1809 693 sancta
1855 637 2096 708 synodus

502 726 829 799 cognitionis
881 728 972 796 jus
1040 726 1380 783 unanimitati
1446 734 1572 794 tuae,
1641 724 1962 797 caeterisque
2030 741 2097 781 ex

499 817 732 889 Egypto
760 816 1244 873 consacerdotibus
1277 815 1474 871 nostris
1513 814 1864 881 commiserit,
1898 814 2097 869 iterum

500 914 715 977 oportet
744 904 970 961 fratrem
998 913 1246 960 nostrum
1267 903 1579 959 Flavianum
1607 903 1922 969 convenias,
1963 910 2022 957 ut
2051 901 2097 957 si

499 993 556 1049 in
585 1010 653 1051 eo
679 993 1131 1066 perseveraverit,
1155 1008 1260 1065 quo
1290 991 1620 1048 veniendum
1639 1008 1748 1047 non
1779 998 1949 1063 putet,
1987 990 2099 1046 sal-

500 1082 584 1139 vis
611 1083 829 1140 concilii
855 1083 1082 1152 Nicaeni,
1117 1082 1279 1137 etiam
1305 1080 1500 1152 synodi
1529 1080 1832 1151 Capuensis
1856 1080 2088 1151 statutis,

498 1172 707 1227 illibata
732 1188 867 1244 pace
896 1171 1276 1227 universorum
1291 1169 1366 1225 ita
1387 1169 1661 1237 consulas,
1687 1178 1743 1224 ut
1766 1186 1876 1225 non
1898 1169 2091 1225 videa-

500 1277 623 1316 mur
652 1261 929 1317 destruere
962 1259 1107 1331 quod
1134 1258 1459 1313 aediﬁcatum
1490 1265 1591 1313 est.
1652 1257 1708 1314 Si
1764 1258 1910 1313 enim
1949 1256 2097 1329 quod

504 1348 772 1405 aediﬁcavi
789 1346 1517 1418 destruo,praevaricatorem
1537 1362 1625 1401 me
1653 1346 1770 1418 ipse
1792 1347 2092 1414 constituo;

501 1452 568 1495 ac
597 1437 644 1493 si
692 1453 812 1509 quae
833 1435 1097 1503 destruxi,
1119 1435 1315 1492 iterum
1358 1434 1643 1491 aediﬁcem.
1688 1435 1944 1492 Servatur
1963 1451 2096 1507 ergo

500 1524 784 1598 impertita;
812 1524 964 1597 pacis
994 1524 1165 1598 gratia
1200 1524 1342 1580 inter
1383 1524 1687 1590 universos,
1736 1532 1788 1579 et
1817 1523 2095 1579 nihilOmi-

497 1630 603 1668 nus
629 1613 919 1670 declinatio
949 1612 1123 1685 partis
1136 1612 1358 1668 alterius
1373 1611 1674 1668 frustrandi
1704 1610 1957 1668 effectum
2006 1613 2095 1666 ha-

499 1702 627 1758 bere
657 1718 770 1758 non
811 1702 1001 1774 possit.
1057 1702 1201 1758 Sane
1249 1701 1601 1758 referendum
1654 1701 1977 1756 arbitramur
2026 1701 2095 1756 ad

501 1798 747 1848 sanctum
772 1791 1000 1847 fratrem
1030 1798 1273 1846 nostrum
1306 1791 1567 1847 Romanae
1595 1790 1940 1848 sacerdotem
1995 1791 2100 1846 Ec-

500 1879 684 1937 clesiae
716 1899 730 1949 ;
760 1879 1019 1952 quoniam
1044 1879 1426 1951 praesumimus
1486 1895 1549 1934 ea
1604 1886 1657 1933 te
1707 1879 2096 1948 judicaturum,

502 1985 625 2041 quae
653 1969 817 2024 etiam
845 1968 924 2025 illi
952 1967 1245 2039 displicere
1273 1984 1385 2023 non
1431 1975 1651 2039 queant.
1676 1967 1757 2023 Ita
1796 1967 1940 2023 enim
1968 1967 2101 2023 utile

502 2053 608 2108 erit
635 2053 949 2110 consultum
980 2052 1282 2120 sententiae,
1316 2052 1391 2106 ita
1426 2051 1579 2123 pacis
1610 2059 1662 2107 et
1691 2051 1886 2124 quietis
1943 2067 2101 2108 secu-

500 2142 649 2209 ritas,
685 2141 732 2198 si
760 2142 816 2198 id
845 2150 1031 2198 vestro
1062 2149 1329 2198 statuatur
1361 2140 1610 2208 consilio,
1659 2140 1806 2212 quod
1859 2156 2100 2196 commu-

500 2229 652 2286 nioni
683 2237 880 2286 nostra:
911 2230 1310 2286 dissensionem
1335 2245 1445 2286 non
1475 2228 1660 2285 afferat
1693 2248 1707 2296 ;
1741 2236 1800 2285 ut
1827 2244 1927 2285 nos
1957 2245 2098 2301 quo-

503 2335 610 2391 que
639 2327 862 2390 accepta
890 2327 1198 2375 vestrorum
1231 2318 1373 2374 serie
1404 2326 1748 2385 statutorum,
1781 2334 1905 2374 cum
1929 2318 1985 2372 id
2001 2335 2099 2391 ge-

502 2416 644 2463 stum
663 2424 785 2465 esse
806 2408 1248 2481 cognoverimus,
1269 2408 1417 2481 quod
1433 2407 1682 2464 Ecclesia
1692 2408 1936 2462 Romana
1956 2407 2098 2462 haud

500 2495 663 2553 dubie
689 2496 1144 2569 comprobaverit,
1176 2496 1285 2552 leti
1313 2494 1551 2552 fructum
1593 2495 1908 2566 hujusmodi
1965 2512 2097 2552 exa-

499 2584 663 2642 minis
685 2584 1070 2658 adipiscamur.
1103 2610 1124 2634 η

1061 2702 1288 2759 CAPUT
1315 2701 1524 2758 XXIX.

501 2790 652 2858 Quod
706 2792 957 2847 similem
994 2792 1648 2848 excommunicationem
1687 2791 1754 2846 ab
1792 2792 1911 2862 ipso
1954 2790 2099 2848 Rhe-

714 2864 903 2919 mensi
933 2864 1153 2933 factam
1182 2878 1300 2918 esse
1329 2863 1477 2934 falso
1507 2863 1877 2918 criminatur.

569 2969 651 3025 De
679 2969 784 3026 hac
812 2968 978 3025 etiam
993 2968 1549 3025 excommunicatione
1578 2968 1711 3023 mihi
1740 2968 1796 3022 in
1832 2965 2093 3024 Gundulﬁ

497 3057 627 3158 villa
656 3073 754 3129 per
782 3058 1157 3158 venerabilem
1175 3058 1451 3158 quondam
1467 3057 1940 3158 archiepiscopum
1961 3058 2097 3113 We—
2122 3095 2172 3158 Ο

497 3146 738 3202 nilonem
756 3146 889 3201 mihi
909 3147 1184 3203 mandavit
1204 3146 1343 3202 sicut
1372 3147 1606 3202 domnus
1657 3145 1976 3214 Adventius,
2038 3154 2093 3201 et

499 3235 684 3292 caeteri
705 3235 797 3308 qui
826 3234 1112 3291 adfuerunt
1141 3233 1403 3306 episcopi,
1437 3235 1631 3302 sciunt,
1666 3234 1794 3307 quia
1822 3235 1968 3307 quod
2023 3233 2092 3289 de

496 3324 592 3380 illa
620 3323 1182 3380 excommunicatione
1212 3323 1358 3391 fecit,
1392 3340 1497 3396 ego
1547 3323 1625 3378 illi
1670 3323 1964 3390 insinuavi,
2012 3322 2095 3379 di-

497 3428 629 3469 cens
658 3428 719 3468 se
748 3413 952 3468 habere
981 3411 1277 3485 quamdam
1294 3412 1551 3467 villamin
1580 3428 1704 3468 mea
1731 3412 2012 3484 parocbia,
2042 3419 2096 3467 et

498 3500 627 3573 quia
653 3500 902 3557 homines
930 3500 1176 3571 ejusdem
1191 3501 1334 3558 villae
1360 3500 1595 3573 rogavit,
1620 3501 1690 3556 ad
1718 3500 1870 3556 illam
1919 3500 2096 3557 eccle-

499 3590 639 3646 siam
666 3590 793 3646 dare
820 3589 1041 3645 illorum
1071 3590 1359 3657 decimam,
1385 3590 1456 3645 ad
1477 3606 1641 3662 quam
1670 3606 1788 3645 eam
1818 3590 1950 3646 dare
1999 3590 2095 3645 de~

499 3678 721 3746 bebant,
754 3678 1339 3737 excommunicaverim
1369 3679 1493 3734 illos
1527 3697 1539 3733 :
1574 3678 1875 3734 ethabebat
1895 3678 2095 3734 imbre-

500 3767 694 3834 viatos,
728 3774 861 3838 quot
888 3766 1121 3823 infantes
1148 3768 1270 3823 sine
1297 3768 1641 3838 baptismate,
1684 3775 1737 3822 et
1762 3775 1893 3839 quot
1922 3767 2096 3823 homi-

500 3871 602 3911 nes
622 3854 740 3911 sine
773 3857 1154 3913 communione
1201 3856 1330 3912 inde
1376 3855 1654 3912 obierint:
1701 3873 1822 3928 quae
1879 3856 2013 3911 mihi
2040 3856 2098 3912 in

499 3943 779 4016 publicum
797 3945 1033 4015 objicere
1064 3945 1252 4012 nollet,
1286 3951 1339 4000 et
1386 3951 1577 4016 postea
1620 3944 1698 4000 illi
1753 3944 2098 4017 impropera-

498 4049 633 4089 rem.
666 4032 824 4102 Quod
852 4034 898 4089 si
928 4034 1035 4089 alia
1056 4033 1196 4089 mala
1210 4034 1279 4090 de
1307 4049 1396 4089 me
1418 4033 1601 4104 sciret,
1634 4033 1727 4089 illa
1757 4035 1920 4090 etiam
1948 4035 2097 4091 dice-

499 4129 603 4178 ret.
623 4122 777 4178 Unde
807 4123 884 4178 illi
913 4122 1097 4179 statim
1141 4138 1242 4195 per
1290 4122 1544 4179 eumdem
1604 4123 1955 4180 Wenilonem
2009 4140 2099 4180 re-

501 4211 774 4279 mandavi,
809 4211 937 4283 quia
965 4220 1019 4267 et
1045 4212 1194 4279 inde,
1225 4219 1278 4267 et
1324 4212 1394 4269 de
1442 4212 1852 4285 quibuscunque
1910 4211 2093 4281 vellet,

501 4316 623 4373 quae
650 4300 728 4355 illi
757 4300 1094 4368 viderentur,
1119 4300 1400 4371 objiceret.
1435 4301 1545 4357 Sed
1574 4301 1643 4357 de
1673 4303 1774 4357 hac
1803 4318 1969 4358 causa
1996 4319 2097 4359 ve-

498 4406 619 4444 rum
638 4405 750 4445 non
778 4389 1004 4457 diceret,
1038 4398 1092 4447 et
1123 4398 1313 4446 contra
1343 4404 1583 4446 canones
1629 4406 1689 4445 se
1737 4389 2099 4446 conﬁtebatur

2197 460 2548 533 perpetravit,
2580 459 2981 527 insinuaverim,
3042 475 3197 515 reum
3243 475 3302 515 se
3356 458 3642 514 confessus
3683 465 3792 525 est,

2197 548 2320 621 quia
2351 550 2585 606 scienter
2603 550 2747 604 male
2777 548 2924 605 fecit.
2958 550 3038 605 Ac
3065 565 3165 619 per
3182 549 3305 615 hoc,
3331 548 3636 604 secundum
3696 546 3800 602 de-

2197 646 2346 694 creta
2374 637 2542 693 Hilari
2570 653 2748 709 papae,
2782 653 2940 694 suum
2960 645 3151 693 contra
3180 636 3396 709 regulas
3452 635 3651 692 factum
3690 635 3800 690 de-

2197 728 2349 782 beret
2375 726 2494 797 ipse
2523 726 2849 782 dissolvere.
2886 725 3045 794 Quod
3075 726 3122 780 si
3149 725 3336 792 nollet,
3366 741 3467 797 per
3497 724 3800 780 sententias

2197 830 2483 884 canonum,
2530 823 2585 869 et
2630 814 2946 886 apostolicae
2980 813 3126 870 sedis
3181 814 3416 881 decreta,
3470 830 3592 885 quae
3646 812 3800 867 nulla

2195 910 2423 975 possunt
2469 902 2679 958 ratione
2726 903 2979 973 convelli,
3031 902 3327 958 auctoritas
3373 901 3796 972 metrOpolitana

2196 991 2330 1045 illud
2360 991 2583 1048 deberet
2630 991 2951 1048 annihilare.
3011 990 3269 1060 Tertium,
3332 989 3457 1062 quia
3499 998 3557 1044 ut
3604 1005 3800 1046 secum

2197 1096 2284 1135 me
2310 1087 2500 1152 posset
2528 1080 2846 1152 illaqueare,
2880 1080 2927 1134 si
2964 1078 3121 1149 forte,
3155 1088 3213 1135 ut
3234 1078 3435 1135 assolet
3482 1078 3799 1151 improvisae

2197 1168 2365 1225 menti
2387 1168 2658 1237 accidere,
2696 1169 2771 1223 illi
2811 1169 2995 1225 statim
3032 1169 3149 1225 haec
3205 1167 3342 1224 falsa
3397 1168 3467 1224 de
3510 1184 3600 1223 me
3655 1167 3795 1237 reji-

2197 1256 2391 1314 ciendo
2420 1258 2718 1329 imparatus
2740 1266 2792 1313 et
2820 1257 2901 1312 ira
2912 1265 3214 1313 commotus
3236 1272 3346 1313 non
3374 1256 3795 1328 responderem,

2198 1354 2251 1401 et
2282 1362 2342 1402 se
2365 1347 2575 1416 jactare
2591 1346 2817 1415 valeret,
2849 1363 2937 1401 me
2966 1346 3023 1401 in
3073 1345 3258 1418 aliquo
3316 1345 3443 1402 inde
3500 1345 3798 1402 concredi-

2198 1435 2346 1490 disse
2380 1454 2393 1502 ;
2425 1435 2728 1491 voluntarie
2759 1434 2861 1489 sibi
2891 1435 2960 1491 de
2988 1435 3081 1489 tali
3126 1434 3471 1491 confessione
3530 1434 3798 1506 laqueum

2198 1523 2401 1579 studuit
2430 1523 2674 1592 injicere.
2694 1525 2762 1578 Et
2783 1539 2885 1594 pro
2912 1523 3070 1578 bonis
3101 1524 3249 1578 mala
3295 1523 3619 1590 retribuens,
3684 1538 3798 1577 non

2198 1620 2257 1666 ut
2285 1612 2561 1684 quondam
2591 1612 2932 1683 proditorum
2964 1611 3310 1683 primicerius
3339 1611 3643 1667 simulando
3692 1627 3796 1682 pa—

2120 1728 2173 1788 B
2204 1717 2325 1756 cem
2351 1701 2561 1768 osculo,
2616 1717 2781 1772 quam
2839 1716 2950 1755 non
3005 1701 3238 1757 habebat
3280 1701 3337 1755 in
3390 1707 3635 1772 pectore,
3696 1699 3798 1754 sed

2205 1797 2388 1846 exerto
2418 1789 2617 1860 linguae
2634 1789 2814 1860 gladio
2845 1805 2934 1844 me
2956 1797 3159 1860 aperte,
3202 1805 3265 1845 ac
3312 1789 3656 1860 impudenter
3697 1788 3796 1843 de-

2200 1878 2370 1934 crevit
2395 1878 2655 1949 impetere
2688 1894 2699 1933 :
2735 1886 2788 1934 et
2816 1878 2970 1950 quasi
3000 1894 3086 1933 me
3135 1878 3491 1950 qualicunque
3541 1885 3791 1948 patrono,

2201 1983 2267 2023 ac
2295 1966 2661 2037 benefactore,
2694 1975 2855 2039 atque
2885 1967 3200 2023 ordinatore
3254 1983 3350 2023 suo
3399 1966 3617 2033 tradito,
3664 1965 3786 2020 talis

2200 2055 2562 2113 confessionis
2592 2056 2659 2112 de
2690 2056 2852 2111 tantis
2880 2056 3241 2127 impietatibus
3260 2055 3454 2127 laqueo
3484 2072 3545 2110 se
3562 2070 3794 2126 suspen-

2200 2145 2353 2201 dere.
2384 2146 2493 2201 Sed
2520 2145 2840 2201 benedictus
2863 2145 3146 2212 Dominus,
3189 2143 3282 2217 qui
3313 2145 3613 2201 secundum
3658 2159 3795 2215 pro-

2198 2234 2516 2290 missionem
2547 2250 2722 2301 suam,
2756 2248 2864 2307 qua
2891 2234 3021 2289 dixit
3058 2252 3072 2288 ε
3105 2235 3146 2290 Α
3178 2235 3400 2306 ﬂagello
3424 2234 3636 2306 linguae
3664 2234 3792 2289 abs-

2198 2323 2458 2380 condaris
2489 2322 2605 2395 (Job
2637 2323 2717 2394 v),
2739 2323 3022 2378 liberando
3052 2322 3283 2377 animam
3312 2339 3492 2378 meam
3541 2338 3574 2377 a
3628 2320 3787 2376 labiis

2196 2411 2417 2485 iniquis,
2442 2419 2494 2467 et
2523 2427 2556 2467 a
2582 2411 2766 2485 lingua
2795 2411 3007 2479 dolosa,
3040 2411 3245 2481 adjuvit
3265 2428 3369 2480 me,
3408 2419 3462 2467 et
3477 2411 3791 2468 consolatus

2198 2508 2280 2558 est
2308 2516 2429 2556 me:
2462 2516 2588 2556 mox
2616 2501 2783 2558 telum
2803 2500 3067 2572 falsitatis,
3101 2508 3254 2558 scuto
3283 2500 3544 2569 veritatis,
3566 2516 3795 2572 respon-

2196 2589 2378 2646 dendo
2398 2589 2583 2659 rejeci.

2268 2686 2403 2757 Quae
2428 2686 2594 2743 animi
2624 2686 2813 2744 dolore
2834 2695 3216 2760 compunctus,
3240 2703 3350 2744 non
3405 2686 3570 2743 animi
3617 2686 3792 2744 livore

2197 2776 2520 2847 stimulatus,
2553 2775 2684 2847 dixi,
2733 2777 2911 2833 sciens
2966 2777 3127 2849 capiti
3175 2793 3239 2834 ac
3295 2775 3563 2833 Salvatori
3609 2784 3791 2833 nostro

2195 2866 2531 2922 mendaciter
2557 2866 2728 2921 multa
2756 2866 2926 2922 fuisse
2958 2866 3171 2936 objecta
3210 2885 3223 2921 :
3264 2866 3362 2922 sed
3391 2874 3443 2922 et
3490 2866 3791 2938 productos

2196 2954 2459 3011 adversus
2490 2972 2613 3010 eum
2642 2954 2808 3010 falsos
2841 2963 3007 3011 testes
3037 2954 3225 3011 fuisse.
3256 2956 3398 3011 Nam
3431 2963 3485 3010 et
3526 2956 3788 3011 Romanae

2196 3043 2341 3099 sedis
2367 3042 2715 3115 pontiﬁcibus
2745 3043 3001 3111 Damaso,
3020 3044 3169 3100 Sixto
3202 3051 3254 3099 et
3284 3044 3449 3099 Leoni
3468 3043 3563 3111 III,
3598 3058 3792 3100 verum

2194 3139 2248 3189 et
2275 3131 2503 3188 aliarum
2533 3131 2830 3205 insignium
2845 3132 3215 3188 Ecclesiarum
3232 3130 3600 3204 pontiﬁcibus,
3630 3132 3795 3187 Atha-

2194 3221 2348 3277 nasio
2370 3221 2576 3277 scilicet
2606 3221 2996 3290 Alexandrino,
3049 3221 3244 3277 Joanni
3290 3219 3792 3292 ConstantinOpoli-

2195 3318 2343 3379 tano,
2377 3309 2667 3366 Caeciliano
2721 3309 3155 3382 Carthaginensi,
3217 3308 3498 3366 sanctitate
3553 3307 3681 3364 ﬁdei
3740 3316 3794 3364 et

2194 3397 2519 3471 operationis
2547 3406 2709 3471 atque
2736 3398 2976 3454 scientiae
3004 3399 3267 3456 doctrinae
3311 3397 3585 3470 prmolaris
3617 3414 3632 3452 :
3665 3413 3795 3453 nec-

2196 3503 2307 3543 non
2336 3495 2389 3543 et
2417 3487 2826 3560 quamplurimis
2855 3487 2976 3543 aliis
3016 3487 3341 3543 venerandis
3375 3486 3667 3559 episcopis,
3719 3487 3790 3541 ab

2195 3576 2506 3633 hominibus
2536 3576 2751 3646 invidis,
2769 3584 2822 3632 et
2849 3593 3040 3632 eorum
3066 3576 3265 3644 locum,
3297 3593 3362 3634 ac
3389 3577 3546 3633 bonae
3579 3575 3791 3647 Opinio—

2195 3665 2280 3720 nis
2305 3664 2520 3722 famam
2576 3665 2825 3722 obtinere
2879 3665 3186 3722 volentibus
3219 3684 3234 3733 ;
3267 3666 3365 3722 sed
3418 3682 3528 3722 non
3580 3665 3792 3720 habere

2194 3754 2450 3810 meritum
2490 3754 2707 3810 illorum
2752 3754 3114 3821 studentibus,
3161 3754 3415 3811 mortalia
3466 3762 3522 3810 et
3577 3752 3793 3809 nefaria

2196 3843 2427 3899 crimina
2450 3842 2587 3899 falso
2613 3843 2861 3916 impacta,
2894 3851 2948 3899 et
2977 3860 3151 3916 usque
3177 3843 3248 3899 ad
3276 3842 3649 3900 ecclesiastica
3694 3843 3792 3912 ju-

2196 3932 2356 4003 dicia,
2381 3940 2433 3987 et
2463 3931 2828 4005 cognitionem
2857 3930 3131 4003 publicam
3150 3931 3319 3988 fuisse
3347 3932 3610 4003 perducta
3644 3930 3794 4007 legi-

2196 4038 2337 4077 mus.
2370 4021 2506 4077 Sunt
2535 4020 2678 4077 enim
2706 4021 3016 4091 hujusmodi
3045 4021 3283 4092 vipereae
3311 4020 3566 4092 nequitiae
3609 4019 3793 4076 homi-

2197 4126 2315 4178 nes,
2349 4109 2441 4183 qui
2470 4110 2596 4165 licet
2624 4111 2777 4181 prius
2797 4127 2986 4166 eorum
3014 4117 3225 4165 mentes
3254 4108 3483 4181 propria
3511 4109 3666 4165 rodat
3698 4108 3790 4163 in—

2197 4198 2360 4269 vidia,
2385 4199 2443 4254 in
2469 4198 2574 4255 hoc
2602 4206 2783 4255 tamen
2813 4215 2942 4255 suas
2958 4207 3146 4272 tegere
3160 4214 3325 4271 posse
3346 4197 3660 4270 iniquitates
3688 4213 3796 4268 pu-

2197 4295 2331 4356 tant,
2366 4287 2413 4344 si
2442 4288 2579 4344 alios
2608 4287 2829 4344 infamia
2855 4288 3019 4343 modo
3051 4287 3295 4360 quolibet
3323 4287 3594 4343 maculare
3635 4303 3794 4343 cura-

2197 4378 2377 4433 verint
2409 4393 2421 4432 :
2457 4394 2687 4449 quorum
2716 4376 3120 4433 criminationes
3150 4377 3314 4432 iidem
3345 4376 3444 4433 viri
3472 4375 3646 4432 sancti
3702 4390 3796 4447 pa-

498 4478 701 4551 egisse,
725 4478 820 4551 qui
848 4495 937 4534 me
966 4479 1269 4550 postposito
1299 4478 1698 4535 ordinationem
1754 4478 1982 4535 decima;
2039 4479 2098 4535 in
2123 4462 2522 4522 Dtientissime
2570 4466 2960 4534 toleraverunt,
3008 4474 3061 4521 et
3111 4465 3571 4531 constantissime,
3630 4463 3791 4533 adju—

498 4583 624 4624 mea
642 4567 908 4640 parochia
923 4567 1221 4643 usurpavit.

595 4657 666 4712 Et
694 4665 887 4728 postea
916 4656 1043 4713 inde
1072 4655 1148 4712 illi
1177 4655 1382 4727 scripto
1410 4655 1688 4727 respondi,
1738 4657 1892 4726 cujus
1919 4672 2102 4712 exem-

498 4745 617 4816 plar
644 4745 733 4801 hic
764 4746 941 4802 habeo
966 4763 979 4800 :
1005 4746 1061 4801 in
1092 4762 1200 4817 quo
1230 4744 1555 4811 continetur,
1587 4744 1689 4799 tria
1717 4761 1807 4801 me
1845 4744 2097 4802 conside-

499 4849 655 4889 rasse
675 4834 731 4888 in
750 4835 854 4890 hoc
884 4835 1029 4907 quod
1057 4834 1209 4902 dixit,
1242 4850 1331 4889 me
1362 4833 1440 4889 illi
1477 4833 1783 4889 insinuasse
1834 4834 1981 4906 quod
2027 4834 2096 4890 de

496 4922 587 4978 illa
616 4923 1170 4980 excommunicatione
1199 4922 1346 4978 fecit.
1373 4922 1615 4978 Primum
1678 4922 1917 4995 quidem,
1956 4940 2094 4996 quo-

498 5012 648 5068 niam
676 5011 723 5067 si
753 5011 890 5068 ratio
935 5013 1076 5068 inter
1130 5011 1284 5067 illum
1341 5020 1394 5068 et
1452 5011 1685 5068 clericos
1719 5012 2096 5070 Laudunensis

498 5100 763 5158 Ecclesiae
791 5100 1050 5173 agitanda
1073 5100 1235 5169 foret,
1260 5100 1331 5156 de
1364 5101 1626 5173 petitione
1657 5117 1723 5157 ex
1737 5102 1921 5158 causis
1941 5101 1999 5157 in
2029 5117 2094 5158 eo

497 5189 898 5247 continentibus
928 5190 997 5245 ab
1028 5189 1237 5246 eisdem
1266 5190 1400 5246 mihi
1417 5198 1689 5264 porrecta,
1720 5199 1902 5248 utrum
1950 5199 2096 5247 esset

498 5294 569 5335 an
598 5294 711 5335 non
737 5277 962 5335 veritate
994 5278 1242 5349 subnixa,
1276 5278 1480 5335 nullam
1494 5279 1850 5352 quaestionem
1869 5280 2096 5336 deberet

498 5366 765 5439 recipere,
820 5375 1113 5440 pOStquam
1165 5383 1280 5424 suae
1334 5369 1694 5425 confessionis
1751 5369 2095 5425 attestatione

497 5455 764 5514 ﬁrmatur.
798 5456 959 5514 Aliud
989 5473 1140 5530 vero,
1176 5457 1305 5529 quia
1333 5458 1548 5517 silentio
1579 5459 1889 5531 suppressis
1936 5457 2094 5513 bonis

499 5562 620 5619 qua
647 5545 726 5602 illi
755 5545 1046 5613 insinuavi,
1077 5553 1238 5619 atque
1281 5546 1543 5603 insinuari
1587 5546 1713 5618 feci,
1775 5546 2094 5619 imputando

2195 4562 2354 4611 vante
2375 4554 2627 4625 Domino,
2661 4554 2986 4612 revicerunt.
3020 4555 3087 4610 Et
3118 4556 3328 4625 borum,
3363 4554 3501 4611 sicut
3531 4552 3794 4624 scriptum

2196 4651 2295 4711 est,
2335 4643 2551 4699 intuens
2595 4644 2814 4711 exitum,
2865 4644 3298 4701 conversationis
3326 4642 3491 4699 ﬁdem
3533 4641 3665 4698 mihi
3696 4657 3794 4696 ne—

2197 4748 2351 4789 cesse
2381 4741 2463 4788 est
2490 4732 2687 4789 imitari
2721 4751 2733 4787 :
2760 4741 2813 4789 et
2840 4732 2917 4788 ita
2945 4741 3277 4804 compertus,
3313 4740 3366 4789 et
3395 4732 3464 4787 de
3492 4731 3589 4788 illo
3617 4730 3673 4786 in
3703 4745 3793 4786 me

2194 4838 2420 4894 prorsus
2454 4830 2729 4893 expertus,
2765 4821 2890 4894 quia
2906 4821 3254 4894 phreneticus
3288 4837 3433 4892 saepe
3463 4820 3597 4875 nulli
3627 4819 3795 4889 majo-

2195 4928 2314 4967 rem
2342 4911 2555 4982 alapam
2585 4911 2713 4966 dare
2762 4910 2917 4979 solet,
2952 4926 3115 4983 quam
3146 4910 3250 4982 ipsi
3279 4909 3510 4977 medico,
3545 4908 3639 4981 qui
3668 4924 3793 4964 eum

2196 5015 2387 5057 curare
2429 4999 2594 5055 volet.
2630 5000 2739 5055 Sed
2797 5006 2849 5056 et
2894 5001 3121 5055 multum
3150 5015 3238 5054 me
3287 4998 3540 5055 miratum
3596 4997 3794 5069 scripsi

2194 5088 2398 5159 illi,ubi
2430 5105 2651 5145 sensum
2682 5106 2840 5145 suum
2880 5088 3087 5156 habuit,
3122 5087 3338 5161 quando
3367 5089 3437 5144 de
3483 5102 3592 5155 me,
3627 5094 3789 5142 tantae

2196 5177 2553 5248 auctoritatis,
2587 5186 2639 5234 et
2668 5178 2968 5250 sapientiae,
3000 5186 3163 5250 atque
3179 5177 3461 5250 religionis
3490 5177 3626 5246 viro,
3652 5176 3792 5233 sicut

2195 5268 2429 5323 domnus
2460 5276 2575 5324 erat
2600 5268 2841 5335 Wenilo,
2875 5267 3026 5336 dixit,
3051 5274 3103 5322 et
3150 5267 3219 5322 ad
3275 5264 3630 5338 plurimorum
3679 5264 3793 5336 epi-

2197 5371 2488 5428 scoporum
2503 5357 2751 5413 notitiam
2761 5356 3047 5430 pervenire
3063 5356 3208 5425 fecit,
3242 5356 3398 5427 quod
3419 5356 3464 5410 si
3496 5355 3551 5411 in
3585 5354 3790 5424 judicio

2196 5446 2436 5518 regulari
2467 5446 2711 5514 dixisset,
2745 5447 2983 5518 probare
2996 5453 3302 5517 nonposset
3339 5463 3352 5499 :
3384 5444 3695 5516 praesertim
3732 5458 3791 5498 se

2198 5561 2353 5601 reum
2383 5545 2450 5600 de
2479 5545 2585 5602 hoc
2609 5545 2731 5617 ipso
2756 5543 3059 5613 confessus,
3096 5552 3147 5599 et
3186 5541 3496 5600 conﬁtendo
3548 5558 3607 5597 se
3662 5537 3792 5596 talia
