4174 6306
280 291 383 344 617

1029 296 1280 355 opusc.
1315 265 1408 356 nr
1436 303 1652 360 EPIST.
1687 305 1759 360 IN
1788 306 2012 364 CAUSA
2042 312 2384 375 HINCMARI
2412 322 2717 381 LAUDUN.

3467 339 3568 391 618

281 411 483 484 egisse,
516 431 639 485 qua
669 416 770 472 etsi
799 419 1296 530 non.conﬁtere‘tur
1349 435 1718 530 perpetrasse,
1775 445 1872 486 ne-
1899 433 1956 494 A
1978 438 2069 508 qui
2097 440 2154 494 in
2184 443 2262 497 eis
2291 448 2678 514 praenuntiatus
2707 459 2756 504 et
2785 459 3037 509 ostensus
3066 463 3166 526 est,
3209 465 3262 513 et
3298 474 3397 529 per
3443 477 3566 530 qua

281 515 416 570 gare
445 517 556 557 non
591 513 797 575 posset,
857 507 1097 577 seipsum
1155 511 1480 582 illaqueasse
1530 515 1718 572 videre
1764 533 1874 573 non

286 589 478 658 potuit.
517 592 586 644 Et
615 592 738 662 quia
765 595 1110 651 mendacium
1142 606 1258 652 erat
1286 601 1430 671 quod
1459 602 1610 667 dixit,
1660 620 1748 659 me
1781 621 1874 660 ex-

284 678 722 734 communicasse
750 681 998 737 homines
1021 684 1164 739 villa
1189 686 1258 740 de
1287 687 1404 757 ipsa
1423 690 1700 746 rusticana
1719 708 1875 762 paro-

281 764 422 831 chia,
453 772 508 820 et
531 765 764 823 infantes
790 769 909 826 sine
967 771 1321 842 baptismate,‘
1352 783 1406 830 et
1462 777 1711 834 homines
1757 781 1874 836 sine

283 855 664 911 communione
692 855 746 910 in
777 872 845 912 ea
890 861 1446 919 excommunicatione
1476 865 1601 920 inde
1631 867 1869 933 obiisse;

285 956 411 996 mox
438 942 516 996 illi
543 945 876 1014 remandavi,
909 947 1166 1018 quoniam
1195 950 1325 1004 nulli
1356 968 1596 1022 unquam
1638 954 1695 1009 in
1752 971 1876 1011 mea

280 1030 558 1100 parochia,
589 1039 880 1104 postquam
909 1034 984 1090 fui
1011 1037 1291 1092 ordinatus
1331 1039 1641 1112 episcOpus,
1699 1043 1876 1114 bapti-

282 1133 478 1185 smum,
512 1118 600 1175 vel
618 1120 801 1176 viatici
844 1124 1085 1178 muneris
1131 1127 1459 1194 communio,
1509 1144 1543 1184 a
1587 1146 1693 1196 me,
1727 1131 1876 1187 vela

281 1221 560 1278 quoquam
589 1209 962 1266 comministro
988 1227 1112 1267 meo
1141 1212 1411 1284 denegata
1460 1215 1613 1272 fuere
1671 1235 1684 1271 :
1734 1218 1875 1274 sicut

287 1308 483 1350 omnes
510 1295 566 1349 in
612 1297 875 1368 parochia
899 1314 1026 1355 mea
1054 1307 1165 1356 tam
1191 1301 1544 1359 ecclesiastici
1597 1321 1760 1376 quam
1818 1315 1873 1363 et

287 1382 598 1451 saculares,
625 1392 734 1440 tam
755 1385 858 1441 viri
887 1403 1050 1459 quam
1077 1396 1130 1444 et
1156 1388 1373 1446 femina
1391 1391 1585 1448 sciunt.

865 1527 1091 1586 CAPUT
1118 1529 1300 1586 XXX.

292 1613 442 1681 Quod
455 1615 767 1696 postulauit
785 1619 867 1696 _ut
896 1619 1212 1696 avunoutas
1230 1635 1336 1674 sua
1364 1618 1636 1696 adversus
1684 1624 1872 1694 ipsum

353 1687 568 1763 scripta
592 1687 715 1756 igni
743 1687 1078 1763 absumeret.
1111 1690 1325 1763 Iter-am
1354 1687 1734 1763 dasuperior}:
1771 1711 1871 1749 ca-

1977 526 2251 584 Christum
2299 534 2674 603 cognovimus,
2730 539 2928 609 quique
2982 542 3075 597 illa
3103 526 3318 600 locutus
3345 526 3565 617 est,_me

1973 631 2157 683 nosse,
2192 625 2246 674 et
2273 619 2329 674 in
2360 637 2485 676 eum
2516 624 2760 692 credere,
2793 643 2857 683 ac
2885 645 2981 698 per
3007 629 3111 686 hoc
3157 648 3243 687 me
3299 633 3561 690 Christia-

1975 718 2101 758 num
2134 721 2415 777 negarem.
2448 711 2517 764 Et
2546 711 2592 765 si
2622 729 2808 768 sacros
2838 730 3095 783 canones,
3129 725 3182 773 et
3205 720 3420 777 decreta
3463 738 3562 778 ca-

1972 791 2187 848 tholica
2243 796 2503 853 Ecclesiae
2547 800 2900 858 incenderem
2954 812 3008 859 et
3056 805 3369 863 abdicarem
3419 827 3431 864 :
3476 826 3564 866 me

1973 881 2161 948 procul
2181 882 2346 938 dubio
2374 885 2440 939 ab
2462 886 2772 958 episcopatu
2787 905 2898 945 non
2914 891 3091 947 solum
3111 893 3228 963 ipse
3244 894 3561 965 dejicerem,

1972 984 2163 1023 verum
2191 978 2245 1025 et
2273 972 2344 1026 ab
2372 974 2618 1029 Ecclesia
2646 977 2914 1034 catholica
2943 980 3196 1049 divisum,
3231 991 3283 1038 et
3304 983 3561 1053 alienum,

1971 1054 2027 1109 id
2056 1063 2138 1110 est
2167 1059 2567 1116 schismaticum
2597 1070 2650 1118 et
2678 1065 3205 1139 anathematizatum,
3255 1071 3485 1141 publicis
3514 1080 3568 1129 et
3619 1116 3621 1118 -

1973 1143 2356 1202 ecclesiasticis
2385 1147 2598 1219 legibus
2629 1150 2925 1208 efﬁcerem.
2994 1155 3144 1212 Sicut
3201 1166 3423 1216 sanctus
3451 1160 3562 1216 Leo

1971 1246 2116 1302 papa
2164 1235 2410 1291 scribens
2454 1238 2523 1292 ad
2570 1239 2807 1295 Leonem
2836 1244 3144 1314 Augustum
3171 1246 3330 1301 etiam
3377 1246 3447 1304 de
3502 1265 3564 1305 se

1971 1318 2101 1374 dicit
2122 1321 2313 1393 (epist.
2347 1326 2437 1393 '78)
2472 1342 2487 1380 :
2523 1346 2546 1376 α
2585 1326 2642 1382 Si
2671 1330 2967 1384 secundum
3000 1333 3339 1402 Apostolum,
3359 1335 3553 1407 inquit,

1972 1423 2091 1477 qua
2119 1408 2380 1477 destruxi,
2404 1413 2522 1469 hac
2548 1414 2783 1485 adifico,
2813 1419 3286 1488 pravaricatorem
3316 1439 3403 1478 me
3419 1440 3556 1479 con-

1971 1495 2154 1565 stituo,
2209 1504 2262 1552 et
2324 1498 2404 1554 eis
2459 1517 2547 1555 me
2594 1503 2963 1560 conditionum
3016 1507 3311 1564 ultionibus
3357 1511 3552 1580 subdo,

1971 1593 2105 1653 quas
2134 1601 2243 1641 non
2272 1586 2450 1642 solum
2478 1591 2771 1646 auctoritas
2791 1593 2965 1650 beata
2983 1596 3264 1652 memoria
3294 1598 3558 1670 principis

1969 1671 2246 1740 Marciani,
2281 1674 2379 1730 sed
2409 1676 2572 1732 etiam
2602 1694 2708 1751 ego
2736 1695 2860 1735 mea
2888 1684 3248 1740 consensione
3265 1684 3496 1743 ﬁrmavi.
3529 1707 3552 1739 ι

358 1755 594 1846 laniata,
611 1755 1028 1830 propterquam
1046 1776 1162 1815 mm
1181 1760 1338 1816 debet
1365 1760 1440 1816 ad
1453 1755 1870 1821 ac'cusationem
1899 1779 1952 1838 Β
2043 1759 2389 1833 Quapropter
2417 1763 2519 1819 etsi
2537 1781 2625 1822 me
2672 1765 2944 1824 inﬁrmum
2971 1786 3033 1826 ac
3081 1771 3353 1844 fragilem,
3394 1782 3558 1846 atque

353 1826 601 1880 admitti.

353 1911 490 1982 (Lib.
513 1929 584 1967 LV
612 1931 733 1987 cap.
755 1959 772 1984 ,
795 1931 845 1973 c.
871 1917 950 1988 4.)
977 1919 1250 1976 Mandavit
1285 1921 1447 1976 etiam
1465 1921 1599 1977 mihi
1613 1937 1712 1994 per
1730 1939 1871 1994 pra-

275 1999 448 2056 fatum
478 2003 845 2060 venerabilem
870 2007 1142 2077 quondam
1171 2009 1639 2082 archiepiscopum
1679 2012 1873 2068 Weni-

276 2087 485 2157 lonem,
514 2100 574 2146 ut
601 2091 648 2146 si
677 2093 880 2164 scripta
910 2111 1030 2164 qua
1056 2095 1136 2150 illi
1164 2104 1218 2152 et
1250 2097 1498 2154 ecclesia
1555 2099 1661 2154 sibi
1715 2115 1869 2156 com-

273 2177 480 2244 missa,
541 2180 610 2235 de
675 2183 1232 2240 excommunicatione
1285 2202 1393 2257 qua
1448 2187 1627 2259 agitur
1679 2189 1748 2242 ab
1805 2205 1870 2244 eo

274 2265 540 2322 intentata
567 2284 680 2324 sua
705 2271 998 2340 parochia,
1040 2273 1333 2339 transmisi,
1382 2291 1610 2346 quaeque
1650 2275 1727 2330 ibi
1783 2293 1870 2332 se-

273 2370 400 2410 cum
425 2355 678 2423 habebat,
710 2372 894 2414 coram
923 2358 1042 2414 aliis
1070 2359 1441 2430 incenderem,
1477 2363 1870 2420 etannullanda

274 2441 539 2510 dicerem,
571 2461 769 2516 meque
818 2455 1010 2502 contra
1061 2449 1331 2504 rationem
1387 2458 1440 2504 et
1495 2451 1869 2508 auctoritatem

271 2528 473 2586 fecisse
501 2531 806 2602 proﬁterer,
827 2549 1043 2591 mecum
1063 2552 1258 2606 pacem
1277 2537 1478 2593 habere
1508 2538 1689 2594 vellet.
1715 2540 1868 2598 Unde

268 2618 351 2673 illi
378 2635 478 2690 pro
508 2628 774 2692 tempore,
807 2637 931 2677 cum
965 2623 1086 2679 aliis
1127 2642 1247 2696 qua
1298 2625 1432 2680 mihi
1486 2635 1864 2694 occurrerunt,

271 2723 375 2778 per
403 2709 655 2765 eumdem
686 2710 1234 2782 archiepiscopum,et
1288 2713 1611 2770 Adventium
1658 2715 1866 2788 glorio-

272 2813 399 2851 sum
429 2797 744 2868 episcopum
774 2801 1106 2856 remandavi.
1159 2803 1227 2856 Et
1253 2810 1444 2872 postea
1472 2803 1562 2858 illa
1616 2803 1754 2876 ipsa,
1815 2812 1868 2860 et

267 2884 398 2951 alia,
429 2886 662 2957 scriptis,
696 2903 928 2959 quorum
960 2888 1050 2945 hic
1077 2889 1256 2945 habeo
1283 2891 1635 2962 exemplaria,
1685 2892 1867 2949 incul-

270 2972 414 3042 cavi,
451 2974 709 3045 quoniam
738 2976 795 3031 in
839 2992 1168 3050 quocunque
1227 2987 1497 3035 conventu
1542 2996 1632 3036 me
1690 2981 1862 3048 adire,

269 3061 515 3134 mihique
538 3063 689 3134 pacis
721 3065 988 3132 osculum,
1049 3065 1187 3122 sicut
1239 3075 1292 3122 et
1348 3068 1580 3124 domnus
1637 3085 1755 3137 rex,
1815 3076 1868 3125 et

271 3126 523 3222 episcopi
549 3165 615 3206 ac
643 3152 826 3208 cateri
853 3152 1113 3220 illustres,
1148 3170 1209 3209 ac
1238 3155 1550 3212 mediocres
1582 3156 1672 3228 qui
1727 3171 1865 3212 con-
1889 3126 1936 3188 Ο

268 3237 582 3306 veniebant,
615 3239 750 3295 dare
786 3241 1028 3306 nolebat,
1068 3258 1172 3298 nec
1199 3242 1360 3298 etiam
1406 3244 1516 3299 ullo
1565 3245 1735 3300 verbo
1782 3261 1868 3301 me

272 3325 486 3399 alloqui
513 3326 861 3399 dignabatur,
917 3331 988 3386 de
1017 3330 1211 3402 quibus
1241 3331 1330 3387 hic
1384 3333 1632 3403 quaedam
1689 3332 1870 3387 studui

274 3414 568 3485 replicare.
604 3416 815 3488 Scripsi
835 3433 1035 3488 nempe
1068 3418 1209 3474 inter
1238 3427 1436 3474 caetera
1464 3419 1562 3486 illi,
1597 3421 1869 3491 quomodo

265 3503 319 3558 ei
350 3503 411 3558 in
438 3519 660 3564 sensum
691 3521 846 3560 suum
878 3507 1066 3562 venire
1124 3508 1381 3578 potuerit,
1436 3515 1498 3570 ut
1555 3508 1683 3563 talia
1738 3510 1870 3565 mihi

265 3591 599 3648 mandaret?
629 3595 909 3666 (Epistola
925 3595 1040 3651 hac
1063 3612 1178 3652 non
1201 3597 1438 3667 exstat.)
1453 3597 1594 3652 Nam
1622 3597 1870 3653 diabolus

265 3679 506 3752 loquens
533 3681 604 3735 ad
633 3681 840 3752 primos
869 3689 1126 3752 parentes
1163 3692 1398 3750 nostros,
1432 3685 1532 3739 sed
1560 3692 1614 3740 et
1641 3685 1710 3739 ad
1758 3687 1869 3742 Re-

273 3769 624 3839 demptorem
655 3785 720 3826 ac
742 3769 1076 3826 Salvatorem
1124 3780 1392 3839 nostrum,
1444 3788 1553 3828 non
1602 3789 1668 3828 ex
1715 3773 1870 3842 deje-

264 3857 471 3924 ctione,
505 3857 604 3913 sed
632 3874 699 3914 ex
726 3866 1008 3930 provectu,
1047 3868 1099 3914 et
1127 3877 1193 3914 ex
1250 3860 1591 3916 sublimitatis
1644 3862 1870 3918 avaritia

265 3961 368 4001 eos
398 3945 643 4002 tentavit.
679 3947 858 4002 Isdem
889 3953 1069 4003 autem
1098 3963 1508 4020 supergressus,
1543 3949 1623 4006 sic
1652 3950 1759 4007 dici
1787 3949 1872 4006 fas

266 4041 375 4105 est,
439 4033 646 4091 diaboli
699 4035 1110 4106 malignitatem,
1170 4036 1370 4093 oblitus
1417 4037 1678 4110 scriptum
1725 4055 1869 4110 esse,

265 4123 418 4195 quod
433 4124 818 4195 Malignitates
859 4127 1404 4182 exterminabunt-ur
1425 4127 1600 4197 (Psal.
1639 4129 1868 4199 xxxvi),

264 4228 360 4268 me
382 4211 701 4268 stultissime
723 4229 788 4268 ex
809 4213 1110 4282 dejectione
1129 4215 1347 4270 tentavit
1371 4232 1384 4270 :
1404 4215 1584 4270 sciens
1606 4214 1732 4286 quia
1751 4231 1873 4286 qua

259 4299 364 4367 illi,
399 4309 453 4356 et
485 4300 735 4358 ecclesia
765 4301 874 4356 sibi
904 4302 1212 4358 commissa
1242 4301 1299 4357 in
1328 4302 1535 4357 eisdem
1551 4303 1768 4373 scriptis
1788 4302 1872 4358 di-

267 4389 410 4456 rexi,
445 4389 515 4445 de
543 4389 865 4462 evangelica
893 4391 1138 4457 veritate,
1172 4397 1226 4446 et
1261 4390 1559 4461 apostolica
1573 4401 1734 4462 atque
1751 4407 1874 4463 pro-

1971 1846 2322 1917 imbecillem,
2355 1859 2622 1909 utrevera
2651 1871 2790 1922 sum,
2824 1857 2963 1912 adeo
2980 1857 3282 1928 astimavit,
3307 1870 3366 1916 ut
3393 1861 3554 1918 minis

1967 1935 2056 1992 vel
2084 1937 2507 2007 promissionum
2539 1941 2813 1998 blanditiis
2847 1944 2919 2000 ad
2949 1946 3066 2002 hac
3113 1948 3330 2020 agenda
3391 1949 3554 2018 trahi,

1970 2023 2059 2080 vel
2086 2025 2297 2082 invitari
2327 2027 2568 2085 valerem
2597 2045 2707 2087 non
2734 2039 2917 2088 tamen
2963 2034 3253 2106 episcopus
3309 2036 3558 2094 dubitare

1971 2111 2232 2169 debuerat
2251 2131 2443 2170 verum
2469 2133 2611 2184 esse,
2651 2119 2798 2190 quod
2840 2120 2908 2175 ab
2965 2137 3031 2177 eo
3089 2123 3181 2195 qui
3235 2123 3443 2194 perﬁcit
3499 2124 3558 2181 in

1968 2200 2282 2258 inﬁrmitate
2338 2204 2612 2275 virtutem,
2669 2222 2767 2262 ore
2836 2209 3080 2266 veridico
3152 2212 3481 2282 promittitur
3538 2229 3552 2268 :

1968 2290 2257 2357 Dominus,
2267 2291 2616 2362 inquit,dabit
2631 2297 2782 2351 virtu
2789 2299 2899 2352 tem
2917 2299 3160 2354 multam
3171 2302 3563 2372 euangelizan-

1972 2379 2118 2434 tibus
2132 2380 2550 2452 verbum(Psal.
2584 2385 2752 2453 van)
2786 2401 2800 2438 :
2834 2391 2886 2440 et
2914 2385 3200 2457 episcopus
3229 2387 3362 2443 mihi
3382 2387 3552 2460 quali-

1970 2480 2182 2538 cunque
2212 2468 2469 2539 episcopo
2503 2469 2842 2526 mortiferum
2870 2473 2940 2528 ad
2969 2473 3268 2529 bibendum
3303 2491 3415 2531 non
3451 2476 3554 2532 de-

1967 2552 2154 2609 buerat
2179 2555 2499 2626 pr0pinare;
2532 2557 2761 2625 scilicet,
2804 2567 2863 2614 ut
2909 2560 3122 2632 eloquia
3151 2577 3328 2630 sacra,
3379 2563 3556 2635 gratia

1969 2641 2052 2696 sui
2081 2641 2450 2723 incenderem.
2499 2647 2567 2700 Et
2593 2645 2720 2702 licet
2765 2647 2890 2704 hinc
2924 2665 3011 2704 me
3053 2650 3202 2706 Deus
3229 2651 3409 2723 gratia
3455 2667 3557 2708 sua

1969 2717 2285 2798 servaverit,
2320 2731 2412 2803 qui
2440 2731 2497 2787 in
2524 2749 2584 2789 se
2601 2735 2950 2791 credentibus
2966 2738 3298 2808 repromisit,
3318 2739 3507 2796 dicens
3540 2754 3554 2796 :

1969 2820 2039 2874 Et
2056 2821 2108 2874 si
2127 2820 2492 2890 morti/erum
2503 2821 2635 2893 quid
2650 2822 2907 2890 biberint,
2927 2841 3042 2880 non
3059 2826 3140 2881 eis
3152 2824 3312 2882 noce!
3324 2827 3374 2882 it
3384 2827 3554 2896 (Marc

1967 2907 2102 2968 xvr).
2140 2927 2163 2958 ι
2194 2908 2336 2962 Dum
2364 2907 2671 2978 pestiferas,
2703 2909 2877 2982 inquit
2901 2911 2962 2967 B.
2996 2912 3296 2984 Gregorius
3336 2913 3557 2987 (homil.

1965 2997 2034 3050 29
2083 2997 2145 3050 in
2159 2995 2416 3068 Evang.),
2450 2997 2732 3053 suasiones
2761 2999 3004 3066 audiunt,
3039 3008 3092 3055 et
3119 3009 3298 3057 tamen
3327 3003 3396 3058 ad
3427 3019 3560 3074 opc-

1968 3083 2234 3139 rationem
2257 3100 2479 3154 pravam
2524 3085 2747 3141 minime
2787 3088 3188 3158 pertrahuntur,
3222 3090 3560 3147 mortiferum

1968 3169 2186 3242 quidem
2219 3179 2300 3226 est
2330 3172 2477 3243 quod
2519 3173 2859 3241 bibunt;sed
2879 3190 2986 3230 non
3020 3175 3098 3231 eis
3119 3167 3351 3233 nocebit.
3391 3201 3414 3227 ι»
3434 3179 3558 3249 Ipse

1967 3265 2149 3313 tamen
2179 3259 2282 3313 nisi
2300 3259 2609 3329 paenituerit
2626 3277 2690 3316 ex
2710 3262 2812 3317 hac
2832 3262 3293 3333 perniciosissima
3305 3265 3558 3324 suasione

1969 3346 2132 3401 studii
2157 3346 2242 3402 sui
2272 3347 2384 3403 luet
2403 3348 2690 3418 judicium.
2728 3372 2751 3398 α
2777 3349 3027 3423 Tardius,
3050 3351 3224 3424 inquit
3249 3354 3308 3409 B.
3343 3353 3564 3428 Grego-

1967 3434 2121 3506 rius(
2150 3438 2370 3492 Pastor.
2405 3435 2546 3503 Lm,
2580 3437 2801 3504 admon,
2839 3439 2950 3511 33),
3000 3449 3282 3511 peccatum
3313 3442 3560 3511 solvitur,

1969 3522 2114 3594 quod
2144 3531 2197 3578 et
2237 3541 2336 3594 per
2381 3525 2667 3580 consilium
2702 3526 2983 3582 solidatur.
3037 3528 3156 3583 Nisi
3209 3527 3353 3584 enim
3407 3546 3563 3587 mens

1967 3611 2279 3667 omnimodo
2299 3613 2834 3685 atemadespiceret,
2861 3614 2917 3669 in
2945 3614 3104 3688 culpa
3133 3631 3199 3672 ex
3220 3616 3426 3686 judicio
3453 3632 3564 3675 non

1970 3699 2195 3770 periret.
2235 3723 2258 3749 υ

2040 3788 2109 3843 Et
2126 3787 2252 3859 quia
2268 3788 2395 3844 dicit
2413 3789 2703 3860 Apostolus
2723 3807 2737 3845 :
2757 3792 3030 3862 Avaritia,
3049 3809 3171 3865 qua
3185 3797 3270 3850 est
3284 3793 3565 3853 idolorum

1970 3878 2212 3933 servitus
2232 3878 2369 3947 (Col.
2395 3879 2475 3948 ιιι)
2510 3895 2525 3933 :
2559 3886 2613 3934 et
2640 3879 2699 3934 B.
2721 3879 3042 3951 Gregorius,
3075 3896 3140 3936 ex
3156 3889 3418 3953 provectu
3436 3899 3565 3941 ava-

1971 3963 2108 4021 ritia
2136 3965 2344 4036 primos
2373 3973 2622 4035 parentes
2650 3974 2864 4023 nostros
2905 3975 3140 4024 tentatos
3197 3974 3250 4026 et
3279 3977 3563 4042 superatos

1970 4051 2330 4123 demonstrat,
2363 4053 2656 4109 ostendens
2703 4053 3003 4124 avaritiam,
3036 4072 3146 4111 non
3173 4057 3349 4112 solum
3393 4075 3564 4130 pecu-

1970 4139 2095 4208 nia,
2130 4140 2228 4196 sed
2245 4140 2406 4196 etiam
2427 4139 2723 4196 altitudinis
2753 4158 2876 4197 esse
2899 4161 2912 4209 ;
2947 4151 3000 4198 et
3020 4143 3145 4214 quia
3164 4152 3316 4201 recte
3338 4147 3564 4204 avaritia

1972 4227 2187 4294 dicitur,
2249 4243 2374 4284 cum
2423 4243 2590 4298 super
2631 4228 2854 4284 modum
2910 4229 3214 4286 sublimitas
3259 4233 3492 4289 ambitur
3549 4250 3564 4290 :

1973 4315 2168 4386 scripsi
2197 4316 2246 4372 ei
2278 4333 2344 4372 ex
2373 4315 2554 4372 verbis
2583 4316 2727 4372 beati
2756 4317 3043 4389 Augustini
3072 4319 3140 4374 de
3158 4318 3452 4392 Scriptura
3479 4337 3564 4378 sa-

1971 4419 2082 4461 cra
2109 4405 2426 4461 auctoritate
2457 4404 2710 4474 dicentis,
2745 4413 2938 4462 contra
2957 4406 3264 4463 Donatistas
3295 4408 3564 4466 schisma-

263 4478 507 4550 phetica.
565 4493 778 4534 necnon
826 4486 878 4534 ei
903 4479 1163 4535 canonica
1217 4479 1549 4547 auctoritate,
1585 4480 1683 4534 86d
1713 4488 1766 4535 et
1794 4480 1861 4536 de
1880 4480 1934 4542 D
1962 4496 2117 4561 ticos,
2152 4493 2244 4565 qui
2273 4509 2331 4548 se
2361 4493 2478 4549 sine
2508 4509 2668 4550 causa
2688 4509 2721 4549 a
2751 4509 3014 4568 compage
3043 4495 3262 4552 unitatis
3292 4496 3570 4556 catholica

263 4564 591 4638 apostolica
621 4565 774 4623 sedis
795 4567 1199 4634 constitutione,
1226 4567 1366 4624 sicut
1386 4576 1671 4640 acceperat
1687 4569 1880 4625 eadem
1979 4564 2386 4654 separaverunt,
2411 4582 2656 4639 dicentes
2686 4583 2832 4655 quod
2857 4564 3089 4654 probare
3121 4599 3230 4641 non
3258 4593 3562 4658 potuerunt,

266 4663 463 4712 sancta
493 4656 673 4727 sedes,
708 4656 1145 4719 beatissimorum
1178 4657 1547 4728 apostolorum
1586 4657 1877 4714 traditione

1978 4670 2324 4727 Cacilianum
2355 4687 2389 4726 a
2432 4670 2784 4728 traditoribus
2831 4687 3109 4729 sacrarum
3166 4673 3559 4744 Scripturarum

267 4751 553 4800 constaret
583 4761 706 4799 esse
737 4745 1064 4816 conscripta.
1097 4745 1169 4800 Et
1198 4752 1505 4801 sanctarum
1564 4746 1874 4817 Scriptura-
1974 4757 2142 4815 fuisse
2169 4759 2504 4828 ordinatum;
2537 4768 2595 4815 ut
2625 4767 2985 4832 cognosceret
3031 4776 3195 4832 quam
3225 4779 3391 4835 grave
3421 4779 3558 4835 pec-

262 4849 388 4888 rum
420 4833 708 4889 traditores
730 4841 782 4888 et
799 4833 1118 4889 incensores
1146 4834 1288 4889 inter
1317 4834 1614 4905 sacrilegos
1642 4835 1874 4907 legimus
1973 4854 2149 4902 catum
2199 4845 2267 4902 sit,
2325 4846 2648 4917 idololatria,
2703 4847 2848 4920 quod
2891 4862 2956 4903 ex
3003 4849 3207 4904 ambitu
3232 4833 3562 4909 altitudinis

268 4928 635 4994 computatos.
699 4921 756 4978 Si
785 4938 917 4994 ergo
948 4921 1044 4978 illa
1071 4939 1191 4994 qua
1222 4921 1290 4976 de
1319 4923 1638 4996 Evangelia,
1670 4933 1723 4979 et
1743 4940 1875 4996 apo-

267 5010 448 5079 stolis,
480 5017 646 5083 atque
671 5011 975 5082 prophetis,
1007 5027 1224 5068 necnon
1255 5019 1308 5066 et
1365 5011 1432 5068 de
1461 5013 1635 5068 sacris
1664 5013 1871 5085 regulis

266 5098 460 5171 spiritu
487 5098 588 5154 Dei
617 5099 868 5168 conditis,
901 5099 1020 5155 sine
1063 5098 1386 5156 admistione
1433 5099 1658 5170 alicujus
1695 5102 1871 5158 hare-

264 5204 416 5258 seos,
447 5187 535 5244 vel
560 5189 890 5255 schismatis,
923 5187 1249 5259 conscripsi,
1280 5187 1534 5244 videlicet
1556 5206 1867 5246 mensuram

265 5276 430 5332 tritici
444 5293 476 5332 a
498 5277 882 5333 comburendis
901 5277 1075 5348 paleis
1091 5283 1145 5332 et
1169 5274 1372 5331 zizania
1389 5276 1533 5348 puri,
1585 5294 1778 5334 revera
1798 5279 1865 5334 de

264 5363 469 5421 horreo
499 5365 784 5422 Dominico
814 5365 868 5420 in
928 5373 1171 5436 tempore
1217 5364 1294 5420 illi
1349 5380 1414 5420 ac
1469 5365 1716 5422 ecclesia
1761 5367 1866 5422 sibi

267 5451 598 5520 commissa,
651 5461 705 5509 et
761 5452 1126 5510 sollicitudine
1153 5468 1292 5510 mea
1346 5453 1602 5522 subjecta
1656 5455 1862 5525 prolata

266 5541 646 5608 incenderem,
692 5549 745 5596 et
764 5556 894 5598 vera
923 5558 1181 5613 negarem
1215 5559 1229 5596 :
1262 5542 1378 5598 sine
1411 5542 1572 5598 dubio
1593 5542 1860 5598 Christum

553 5659 795 5714 PA'ra0L.
826 5658 1068 5714 CXXVI.

1972 4935 2259 4990 admisisse
2288 4935 2519 5003 videtur,
2552 4935 2682 4991 dum
2711 4931 2845 4990 nulli
2900 4933 3170 5006 subjectus
3229 4953 3352 4995 esse
3407 4941 3556 5013 velit,

1971 5023 2061 5094 qui
2091 5023 2300 5080 cunctis
2331 5038 2568 5095 praesse
2599 5040 2708 5079 non
2737 5023 2900 5079 valet.
2950 5023 3019 5079 Et
3073 5025 3196 5097 quia
3225 5026 3447 5100 gravius
3477 5037 3561 5086 est

1967 5119 2251 5182 peccatum
2281 5109 2525 5168 incensio
2565 5111 2869 5168 divinorum
2890 5108 3251 5186 eloquiorum,
3311 5115 3381 5172 ad
3413 5117 3560 5190 quod

1965 5216 2053 5256 me
2082 5199 2370 5256 traducere
2416 5198 2584 5255 voluit
2619 5216 2630 5255 :
2671 5206 2724 5255 et
2753 5200 3008 5273 quoniam
3055 5204 3442 5275 gravissimum
3489 5207 3559 5262 sit

1963 5296 2246 5358 peccatum
2276 5287 2533 5353 schisma,
2567 5303 2674 5359 quo
2703 5303 2762 5343 se
2794 5303 2828 5344 a
2858 5288 3095 5345 fraterna
3147 5301 3330 5349 nostra
3357 5295 3556 5352 unani-

1962 5375 2148 5431 mitate
2177 5391 2275 5446 per
2301 5391 2452 5429 suam
2499 5375 2862 5445 perniciosam
2911 5378 3361 5451 subscriptionem
3390 5398 3554 5454 sepa-

1963 5463 2141 5518 ravit:
2175 5462 2313 5518 sicut
2370 5462 2573 5534 scripto
2621 5464 2834 5520 ostendi
2889 5467 2945 5520 in
2998 5465 3183 5524 libello
3239 5486 3338 5526 suo
3393 5487 3552 5527 mon-

1961 5557 2180 5607 struoso
2198 5565 2230 5605 a
2261 5566 2342 5617 se,
2377 5558 2430 5606 et
2452 5567 2484 5605 a
2513 5551 2728 5608 clericis
2759 5553 3034 5624 parochia
3064 5571 3177 5612 sua
3198 5556 3500 5630 subscripto
3533 5575 3547 5614 :

3267 5673 3337 5728 20
