4174 6310
618 240 721 297 619
807 299 815 306 _

1532 232 1873 297 HlNCMARI
1913 238 2311 297 RHEMENSIS
2349 234 2900 295 ARCHIEPISCOPI.

3801 239 3912 294 620

617 366 712 421 ubi
738 365 1063 436 quibusdam
1090 364 1411 436 subscriptis
1447 381 1568 435 qua
1610 365 1940 437 evangelicae
1969 364 2205 429 veritati,
2236 363 2291 423 A
2312 362 2517 416 admitti
2545 378 2656 417 non
2686 361 2850 417 debet
2904 361 2981 416 rei
3028 361 3293 417 adversus
3348 376 3728 433 quemcunque
3768 376 3911 431 pro-

619 459 672 507 et
701 452 1012 523 apostolicae
1031 452 1353 518 auctoritati,
1377 461 1430 507 et
1457 452 1694 508 decretis
1725 460 2032 507 sanctorum
2065 467 2202 506 con—

618 539 885 607 ciliorum,
911 558 1031 612 quae
1076 541 1397 596 universalis
1435 540 1695 596 Ecclesia:
1726 539 1974 610 probavit
2005 555 2202 593 assen-

616 644 727 695 sus,
762 636 817 683 et
841 628 1150 699 apostolica:
1179 629 1328 684 sedis
1356 627 1698 684 conﬁrmavit
1714 626 2027 692 auctoritas,
2052 627 2205 680 inve-

615 717 836 770 niuntur
848 716 1093 771 adversa.
1114 716 1201 771 Ait
1214 716 1357 770 enim
1376 717 1566 771 beatus
1587 715 1924 787 Augustinus
1972 714 2202 784 loquens

614 804 685 858 ad
732 804 1137 875 Donatistas_de
1166 804 1251 858 his
1281 804 1451 859 tribus
1481 803 1729 873 capitulis
1761 803 2012 874 (August.
2031 842 2045 869 ,
2083 802 2123 855 Ι.
2164 816 2205 855 ιι

616 892 681 947 de
725 892 917 963 Bapt.,
966 907 1014 946 c.
1064 894 1162 961 6):
1195 891 1319 946 Non
1363 889 1672 954 efferamus,
1710 890 1898 961 inquit,
1948 897 2205 944 stateram

615 978 883 1045 dolosam,
916 979 1009 1033 ubi
1032 979 1405 1050 appendamus
1454 978 1599 1049 quod
1644 978 1914 1044 volumus,
1965 985 2019 1032 et
2062 992 2204 1048 quo-

613 1067 777 1121 modo
823 1067 1090 1133 volumus,
1140 1082 1241 1137 pro
1298 1066 1525 1121 arbitrio
1572 1073 1760 1120 nostro
1786 1064 2049 1133 dicentes,
2100 1065 2206 1121 hoc

615 1169 803 1226 grave,
835 1156 940 1210 hoc
969 1154 1088 1210 leve
1118 1161 1237 1220 est;
1270 1154 1367 1209 sed
1386 1152 1675 1209 aﬂ'eramus
1696 1153 1934 1209 divinam
1952 1161 2207 1209 stateram

610 1242 679 1297 de
710 1242 997 1313 Scripturis
1027 1242 1250 1311 sanctis,
1284 1249 1538 1313 tanquam
1565 1242 1634 1297 de
1664 1242 1937 1297 thesauris
1984 1241 2204 1309 divinis,

608 1336 662 1384 et
687 1329 743 1383 in
770 1328 863 1383 illa
911 1328 1038 1400 quid
1082 1329 1153 1383 sit
1198 1329 1439 1400 gravius,
1499 1330 1869 1400 appendamus
1913 1328 2068 1384 :imo
2097 1344 2207 1383 non

606 1417 992 1488 appendamus,
1034 1417 1133 1472 sed
1160 1432 1191 1471 a
1222 1417 1455 1473 Domino
1485 1418 1827 1487 appendente
1844 1432 2208 1488 recognosca-

618 1520 758 1559 mus.
790 1505 1061 1575 Tempore
1094 1504 1207 1572 illo,
1243 1521 1351 1576 quo
1383 1505 1645 1560 Dominus
1674 1506 1856 1576 priora
1884 1505 2084 1561 delicta
2125 1521 2209 1559 re-

609 1592 855 1648 centibus
883 1608 1167 1663 pmnarum
1192 1593 1458 1664 exemplis
1489 1594 1737 1649 cavenda
1777 1593 2119 1662 monstravit,
2153 1599 2207 1647 et

2305 450 2489 505 fessio.
2538 471 2559 499 »
2595 452 2661 504 Et
2709 449 2854 505 sacri
2904 464 3143 504 canones
3194 448 3382 504 dicunt
3438 450 3620 518 (conc.
3678 450 3861 519 Afric.

2304 554 2427 608 cap.
2465 537 2610 609 130),
2644 545 2700 591 ut
2735 558 2757 588 α
2793 538 2863 592 ad
2913 537 3316 592 accusationem
3371 552 3480 591 non
3529 536 3913 601 admittantur,

2306 642 2444 696 quos
2476 625 2547 679 ad
2577 626 2889 681 accusanda
2942 624 3157 695 publica
3203 624 3435 679 crimina
3481 625 3636 695 leges
3676 623 3918 695 publicae

2304 730 2414 768 non
2442 713 2756 767 admittunt.
2799 733 2820 763 ι
2853 714 2922 768 Et
2954 713 3385 784 quotiescunque
3415 712 3632 768 clericis
3654 713 3723 766 ab
3740 727 3917 768 accu-

2304 802 2579 857 satoribus
2632 800 2800 856 multa
2857 800 3082 856 crimina
3140 794 3491 869 objiciuntur,
3542 809 3595 857 et
3641 816 3810 855 unum
3843 816 3916 855 ex

2301 890 2439 960 ipsis
2467 890 2534 944 de
2566 905 2675 961 quo
2706 889 2854 959 prius
2886 889 3117 959 egerint,
3163 889 3399 960 probare
3447 904 3556 943 non
3613 888 3910 956 valuerint,

2305 979 2372 1033 ad
2405 985 2605 1033 caetera
2650 993 2760 1032 non
2815 977 3186 1032 admittantur.
3244 978 3315 1033 Et
3355 977 3484 1032 item
3538 992 3703 1032 sacrm
3752 976 3913 1050 leges

2305 1065 2700 1121 Theodosianae
2721 1064 2906 1120 dicunt
2935 1064 3010 1136 (2,
3037 1081 3091 1135 q.
3124 1066 3175 1132 '7,
3209 1081 3256 1120 c.
3307 1065 3366 1121 Si
3394 1067 3517 1138 quis
3534 1065 3854 1138 episcopus)
3890 1082 3927 1135 ε⁴

2311 1175 2334 1205 ι
2366 1154 2423 1208 Si
2452 1153 2760 1224 episcopus,
2793 1153 2881 1209 vel
2909 1154 3219 1224 presbyter,
3260 1152 3549 1220 diaconus,
3583 1162 3637 1209 et
3667 1154 3910 1226 quicun-

2308 1258 2414 1313 que
2443 1240 2713 1296 inferioris
2753 1241 2859 1296 loci
2888 1241 3208 1297 Christiana:
3246 1240 3394 1314 legis
3444 1241 3698 1312 ministri,
3759 1242 3910 1314 apud

2307 1330 2614 1401 episc0pos,
2647 1328 2918 1400 siquidem
2947 1329 3073 1384 alibi
3124 1313 3512 1401 non'oportet,
3572 1346 3605 1385 a
3662 1330 3911 1402 qualibet

2306 1433 2541 1489 persona
2613 1416 2811 1473 fuerint
2871 1418 3137 1487 accusati,
3212 1418 3327 1473 sive
3382 1418 3475 1473 ille
3524 1418 3773 1473 sublimis
3826 1419 3911 1474 vir

2307 1505 2554 1572 honoris,
2588 1505 2703 1561 sive
2733 1505 2896 1560 ullius
2926 1505 3150 1561 alterius
3178 1505 3457 1579 dignitatis
3474 1507 3565 1578 qui
3593 1507 3700 1563 hoc
3730 1524 3910 1578 genus

2309 1593 2638 1649 illaudabilis
2666 1593 2980 1649 intentionis
3029 1594 3333 1665 arripuerit,
3393 1595 3604 1651 noverit
3656 1595 3909 1651 docenda

606 1680 812 1736 idolum
845 1679 1187 1747 fabricatum,
1220 1689 1383 1752 atque
1436 1681 1716 1737 adoratum
1749 1691 1850 1749 est,
1885 1692 1937 1736 et
1963 1683 2207 1753 praphe-
2234 1711 2288 1770 B
2311 1682 2651 1738 documentis
2682 1698 2741 1736 se
2771 1682 2975 1738 debere
3004 1681 3226 1739 inferre.
3277 1682 3334 1737 Si
3371 1684 3492 1755 quis
3522 1699 3658 1756 ergo
3712 1692 3908 1739 contra

604 1767 741 1824 ticus
770 1768 909 1824 liber
958 1768 1037 1823 ira
1089 1767 1241 1842 regis
1297 1770 1687 1842 contemptoris
1742 1771 1998 1826 incensus
2057 1772 2190 1842 (Jer.

604 1860 826 1929 xxxv't),
861 1864 915 1911 et
970 1856 1205 1912 schisma
1258 1865 1600 1923 attentatum,
1658 1858 1962 1914 idololatria
2009 1859 2194 1932 gladio

604 1944 788 2015 punita
827 1952 942 2011 est;
975 1945 1184 2001 exustio
1212 1944 1357 2012 libri,
1390 1946 1585 2002 bellica
1615 1947 1764 2002 caede
1796 1954 1850 2002 et
1902 1947 2196 2020 peregrina

609 2032 953 2103 captivitate;
995 2033 1251 2103 schisma,
1301 2034 1451 2089 hiatu
1470 2042 1626 2090 terra:
1644 2035 1870 2105 sepultis
1886 2036 2196 2091 auctoribus

606 2119 766 2187 vivis,
798 2127 851 2175 et
879 2120 1087 2176 ueteris
1116 2121 1325 2177 caelesti
1370 2122 1499 2194 igne
1528 2123 1863 2194 consumptis
1895 2139 1907 2177 :
1942 2124 2061 2195 quis
2082 2124 2196 2192 jam

610 2206 938 2264 dubitaverit
966 2209 1073 2264 hoc
1100 2224 1223 2265 esse
1270 2210 1591 2266 sceleratius
1648 2211 2018 2278 commissum,
2052 2211 2197 2283 quod

611 2303 694 2350 est
721 2296 938 2368 gravius
965 2297 1337 2352 vindicatum?
1368 2319 1391 2348 ι

681 2393 790 2448 Sed
828 2394 956 2466 quia
995 2394 1073 2450 illi
1113 2410 1221 2455 non
1243 2394 1455 2451 suffecit
1509 2411 1598 2450 me
1655 2396 1993 2463 calumniari,
2054 2396 2199 2469 quod

606 2488 719 2536 tam
771 2481 1035 2537 nefariam
1086 2491 1140 2538 et
1194 2482 1522 2538 exitiabilem
1590 2483 2200 2541 excommunicationem

615 2568 694 2623 illi
726 2570 997 2641 agendam
1027 2570 1275 2642 exemplo
1330 2572 1628 2636 docuerim,
1688 2572 1794 2628 nisi
1837 2573 2000 2629 etiam
2057 2588 2202 2629 nunc

615 2672 704 2711 me
735 2657 937 2728 scripto
991 2658 1429 2727 calumniaretur,
1472 2677 1583 2715 non
1612 2660 1774 2715 aliam
1801 2660 1946 2716 illam
1975 2677 2200 2717 excom-

613 2743 1034 2800 municationem
1089 2762 1147 2801 se
1200 2746 1418 2819 fecisse,
1483 2764 1646 2819 quam
1676 2764 1706 2803 a
1732 2764 1857 2804 mea
1914 2748 2050 2805 vivae
2106 2764 2203 2805 vo-

615 2831 695 2888 cis
749 2832 995 2888 doctrina
1049 2833 1351 2891 faciendam
1410 2835 1658 2891 didicerit
1700 2853 1715 2891 :
1760 2837 2203 2908 respondendum

607 2918 741 2974 mihi
795 2914 985 2977 contra
1038 2922 1358 2979 mendacem
1403 2923 1550 2979 illius
1615 2924 2083 2981 calumniationem
2137 2942 2204 2982 ex

611 3008 782 3065 sacris
811 3010 1222 3065 auctoritatibus
1277 3017 1655 3068 necessarium
1702 3013 1901 3081 video;
1932 3029 2001 3071 ne
2050 3014 2204 3086 quasi

611 3095 839 3154 tacendo
867 3100 1230 3169 consentiens,
1263 3116 1391 3156 reus
1417 3101 1622 3172 pariter
1650 3115 1774 3158 cum
1802 3101 1893 3158 illo
1915 3102 2198 3172 dijudicer.

612 3185 762 3242 Sicut
789 3186 845 3240 in
872 3186 1152 3257 petitione,
1186 3204 1347 3260 quam
1378 3188 1562 3245 clerici
1591 3190 1965 3247 Laudunensis
2004 3192 2202 3248 Eccle-

609 3272 704 3328 siae
734 3273 868 3329 mihi
909 3275 1192 3342 dederunt,
1242 3276 1563 3345 continetur,
1595 3285 1648 3334 et
1696 3280 1836 3336 sicut
1890 3279 1947 3335 in
1992 3279 2201 3352 synodo

607 3377 795 3417 coram
834 3358 927 3417 illo
984 3364 1130 3435 apud
1186 3364 1510 3423 Attiniacum
1566 3366 1750 3422 habita
1806 3367 2197 3437 demonstravi,

615 3465 807 3507 omnes
836 3452 1156 3508 sacerdotes
1186 3452 1344 3508 totius
1373 3454 1651 3525 parochias
1678 3470 1792 3512 sum
1820 3456 2115 3527 colligavit,
2145 3464 2205 3512 ut

607 3554 768 3594 nemo
830 3556 1022 3595 eorum
1070 3540 1127 3595 in
1180 3557 1243 3597 ea
1293 3542 1617 3599 sacerdotali
1659 3542 1961 3599 ministerio
2018 3545 2201 3600 tandiu

609 3633 867 3697 uteretur,
898 3629 1205 3701 usquedum
1233 3629 1325 3687 ille
1352 3630 1469 3702 ipse
1510 3631 1709 3687 iterum
1765 3648 1890 3689 cum
1944 3632 2024 3689 eis
2078 3632 2203 3690 viva

609 3730 744 3770 voce
771 3715 1101 3786 loqueretur,
1132 3726 1224 3772 aut
1248 3718 1443 3775 litterae
1471 3735 1505 3775 a
1533 3720 1664 3776 sede
1692 3722 1752 3776 B.
1785 3721 1929 3777 Petri
1968 3722 2202 3793 apostoli

609 3802 690 3858 eis
718 3802 1064 3859 mitterentur
1091 3822 1105 3859 :
1137 3812 1191 3860 et
1218 3822 1288 3861 ne
1313 3806 1651 3878 baptizarent
1677 3824 1898 3880 pueros,
1958 3826 2029 3865 ne
2068 3810 2201 3866 visi-

608 3898 782 3947 tarent
810 3889 1075 3962 inﬁrmos,
1107 3909 1179 3948 ne
1206 3894 1627 3952 reconciliarent
1665 3913 1790 3953 cum
1843 3897 2040 3954 viatico
2065 3914 2192 3955 mu-

607 3994 738 4035 nere
765 3980 1133 4051 poenitentiam
1159 3988 1424 4053 petentes,
1473 4000 1543 4041 ne
1600 3985 1897 4057 sepelirent
1934 3995 2195 4058 mortuos,

604 4063 821 4135 penitus
849 4064 917 4120 ab
944 4065 1030 4121 his
1050 4082 1241 4123 omnes
1279 4083 1375 4124 eos
1404 4069 1695 4141 prohibuit.
1726 4071 1797 4127 Et
1821 4071 1877 4126 in
1908 4086 2009 4127 sua
2023 4072 2200 4129 rotula

606 4151 741 4208 mihi
771 4153 1007 4225 scripsit,
1037 4171 1146 4212 non
1181 4156 1342 4213 aliam
1373 4157 1524 4214 illam
1551 4157 1771 4232 fecisse,
1803 4176 1969 4234 quam
2007 4176 2042 4217 a
2070 4176 2196 4218 mea

604 4241 741 4298 viva:
785 4242 936 4299 vocis
964 4244 1208 4301 doctrina
1236 4245 1540 4303 faciendam
1564 4248 1770 4324 didicit.
1830 4248 1992 4319 Quod
2037 4266 2198 4306 men-

604 4329 819 4386 dacium
848 4347 973 4389 esse
1002 4332 1286 4403 proﬁteor.
1316 4335 1388 4390 Et
1417 4335 1546 4407 quia
1572 4336 1904 4393 manifestun
1936 4346 2039 4406 est,
2076 4356 2197 4395 eum

601 4416 726 4473 illas
776 4419 1147 4491 colligationes
1196 4422 1486 4493 impietatis
1549 4424 1841 4481 admisisse
1892 4441 1904 4481 :

602 4506 833 4562 crimina
863 4524 987 4563 esse
1011 4518 1256 4579 possunt,
1290 4510 1429 4566 sicut
1458 4511 1515 4566 S.
1545 4512 1848 4583 Gregorius
1867 4530 1989 4570 esse
2010 4522 2185 4571 osten-

599 4595 696 4664 dit,
752 4595 1102 4652 criminaliter
1138 4598 1260 4652 illas
1290 4598 1506 4653 admisit
1539 4618 1552 4654 :
1585 4601 1981 4657 ostendendum
2039 4611 2092 4659 et
2121 4621 2187 4661 ex

597 4684 766 4739 sacris
795 4685 1200 4740 auctoritatibus
1231 4686 1277 4740 si
1307 4687 1633 4742 criminosus
1677 4689 1840 4745 alium
1887 4691 2182 4761 criminari,

2232 3064 2282 3128 C

2314 1770 2622 1839 hujusmodi
2649 1785 2910 1842 personas
2939 1786 3050 1826 non
3093 1771 3375 1842 probanda
3404 1771 3677 1851 detulerit,
3711 1780 3908 1828 aucto-

2310 1857 2467 1913 ritate
2497 1857 2652 1926 hujus
2700 1857 2997 1913 sanctionis
3039 1858 3307 1930 intelligat
3362 1875 3422 1914 se
3462 1859 3692 1929 jacturaa
3747 1859 3906 1916 fama:

2304 1944 2538 2016 propriae
2588 1944 2868 2013 subjacere
2912 1962 2927 2000 :
2972 1952 3031 1999 ut
3077 1946 3274 2001 damno
3321 1947 3560 2017 pudoris,
3620 1947 3905 2003 existima-

2298 2032 2575 2105 tionisque
2621 2032 2907 2104 dispendio
2955 2033 3129 2089 discat
3181 2034 3285 2089 sibi
3314 2034 3504 2091 alienae
3559 2036 3904 2094 verecundia

2296 2120 2517 2192 impune
2561 2120 2823 2188 insidiari,
2916 2122 3109 2177 saltem
3159 2123 3341 2178 dicere
3383 2140 3494 2179 non
3531 2124 3721 2181 licere.
3754 2145 3777 2175 ι
3839 2126 3908 2180 Et

2297 2208 2613 2264 Africanum
2668 2209 2799 2265 dicit
2827 2210 3118 2266 concilium
3156 2212 3337 2282 (conc.
3391 2213 3538 2284 Afr.,
3564 2227 3684 2284 cap.
3729 2214 3855 2284 129)
3889 2230 3903 2269 :

2308 2296 2549 2352 «Omnes
2578 2296 2812 2353 infamiae
2838 2298 3068 2354 maculis
3098 2315 3357 2371 aspersos
3389 2301 3459 2356 ad
3498 2302 3904 2358 accusationem

2300 2401 2412 2441 non
2443 2385 2668 2451 admitti,
2703 2386 2808 2440 nisi
2828 2386 2884 2441 in
2913 2387 3093 2443 causis
3121 2388 3376 2459 propriis.
3405 2410 3428 2440 ι
3461 2391 3529 2445 Et
3547 2390 3617 2446 de
3647 2391 3903 2463 episcopo

2301 2473 2394 2546 qui
2441 2473 2738 2529 Donatistis
2786 2491 2846 2529 se
2889 2476 3324 2533 communicasse
3388 2478 3648 2534 mentitus
3701 2478 3898 2548 fuerat,

2299 2562 2443 2619 idem
2464 2561 2702 2619 decrevit
2720 2562 3006 2619 concilium
3026 2564 3181 2635 (ibid.
3206 2608 3219 2632 ,
3245 2581 3293 2621 c.
3319 2566 3477 2638 124):
3504 2573 3562 2621 ut
3582 2589 3605 2615 α
3628 2565 3677 2622 si
3696 2567 3899 2639 proba-

2299 2656 2412 2704 tum
2428 2648 2585 2706 fuerit
2617 2667 2740 2705 eum
2770 2652 2839 2707 de
2869 2652 3248 2709 communione
3279 2652 3498 2709 illorum
3514 2653 3685 2711 fuisse
3704 2656 3901 2712 menti-

2300 2745 2433 2807 tum,
2456 2738 2693 2796 dicendo
2722 2739 2801 2794 eis
2849 2757 2909 2797 se
2936 2741 3388 2809 communicasse,
3437 2760 3577 2815 quos
3596 2760 3664 2801 eo
3693 2745 3898 2802 sciente

2300 2841 2409 2882 non
2440 2828 2870 2885 communicasse
2924 2830 3246 2900 constiterit,
3303 2830 3465 2888 etiam
3522 2833 3894 2907 episcopatum

2304 2914 2532 2971 amittat.
2572 2938 2596 2965 »ι

2374 3012 2531 3068 Unde
2559 3020 2741 3069 vestra
2769 3012 3079 3071 fraternitas
3108 3015 3252 3073 inter
3277 3033 3367 3074 me
3396 3025 3449 3074 et
3474 3016 3629 3075 illum
3685 3018 3895 3078 discer—

2304 3107 2417 3171 nat,
2452 3109 2615 3173 atque
2668 3102 2944 3171 decernat,
3007 3111 3066 3159 ut
3111 3104 3159 3160 si
3207 3122 3332 3180 ego,
3390 3106 3518 3164 licet
3565 3110 3896 3167 mendaciter

2299 3204 2387 3244 me
2418 3189 2549 3245 talia
2577 3190 2732 3246 illum
2760 3191 3014 3248 docuisse
3041 3192 3129 3249 vel
3170 3194 3446 3251 hortatum
3503 3195 3695 3266 fuisse,
3758 3198 3895 3256 sicut

2299 3275 2417 3348 ipse
2448 3277 2597 3345 dicit,
2624 3277 2933 3348 conﬁterer,
2965 3297 3093 3337 reus
3121 3282 3367 3339 criminis
3392 3284 3769 3357 episcopatum
3797 3288 3895 3343 de-

2300 3365 2490 3422 berem
2521 3366 2766 3425 amittere
2799 3386 2814 3424 :
2848 3370 2979 3442 quid
3008 3369 3099 3426 ille
3128 3380 3404 3429 mereatur
3432 3374 3525 3446 qui
3560 3376 3897 3433 mendaciter

2299 3469 2388 3510 me
2415 3454 2796 3525 calumniatur,
2828 3473 2939 3514 non
2984 3458 3161 3515 solum
3214 3460 3558 3534 participem,
3608 3479 3805 3520 verum
3846 3471 3896 3520 et

2300 3550 2579 3600 auctorem
2623 3544 2680 3600 in
2735 3546 2820 3601 his
2885 3546 2997 3602 suis
3051 3548 3231 3620 impiis
3303 3551 3895 3610 excomunicationibus

2300 3647 2442 3687 esse.
2502 3632 2656 3689 Unde
2712 3634 2875 3690 etiam
2948 3637 3292 3710 antiquorum
3365 3640 3584 3696 Patrum
3655 3657 3893 3701 canones

2299 3728 2612 3790 sanxerunt,
2642 3722 2946 3780 scribentes
2973 3724 3043 3780 ad
3091 3726 3380 3799 episcopos
3427 3744 3526 3800 per
3580 3729 3791 3787 Gallias
3844 3739 3897 3788 et

2300 3824 2654 3881 quascunque
2673 3812 2984 3882 provincias
3004 3815 3344 3885 constitutos,
3365 3816 3470 3872 hoc
3485 3818 3654 3874 modo
3683 3836 3697 3874 :
3726 3842 3750 3869 α
3780 3819 3897 3878 Nec

2297 3894 2447 3965 illud,
2481 3896 2702 3970 fratres,
2727 3901 2965 3957 scribere
2994 3902 3233 3960 alienum
3262 3905 3333 3960 ab
3358 3905 3621 3963 Ecclesiae
3665 3908 3897 3965 utilitate

2299 3985 2630 4054 censuimus,
2662 3995 2720 4042 ut
2765 3988 3017 4058 sciretis,
3048 3991 3357 4065 quicunque
3404 3994 3506 4049 sub
3552 3995 3895 4054 ordinatione

2297 4072 2385 4128 vel
2440 4074 2758 4133 diaconatus
2777 4121 2790 4143 ,
2852 4077 2940 4134 vel
2997 4080 3354 4153 presbyterii,
3404 4083 3494 4139 vel
3549 4084 3894 4157 episcopatus

2296 4161 2512 4219 mortali
2541 4163 2764 4221 crimine
2795 4165 3027 4223 dixerint
3066 4185 3127 4224 se
3164 4186 3287 4226 esse
3315 4171 3570 4244 pollutos,
3611 4190 3646 4228 a
3689 4190 3891 4247 supra-

2297 4250 2457 4307 dictis
2476 4252 2902 4312 ordinationibus
2940 4256 3348 4316 submovendos
3382 4277 3543 4317 :reos
3572 4262 3784 4320 scilicet
3803 4263 3891 4321 vel

2297 4339 2415 4395 veri
2472 4341 2836 4412 confessione,
2890 4344 2980 4401 vel
3023 4346 3312 4404 mendacio
3364 4347 3633 4406 falsitatis.
3696 4352 3890 4425 Neque

1965 4443 2085 4499 quae
2139 4425 2185 4483 si
2214 4422 2267 4483 D
2291 4428 2437 4483 enim
2462 4429 2675 4487 obsolvi
2728 4440 2926 4503 potest,
2988 4434 3079 4506 qui
3109 4435 3164 4491 in
3214 4436 3395 4509 seipso
3448 4438 3647 4496 dixerit
3695 4422 3890 4498 mortis

2293 4532 2535 4585 causam,
2568 4536 2690 4590 quat
2718 4520 2864 4576 dicta
2890 4521 2946 4577 in
2974 4523 3141 4579 alium
3168 4526 3453 4597 puniretur
3483 4546 3498 4594 ;
3530 4544 3660 4585 cum
3707 4531 3887 4587 omnis

2291 4605 2381 4676 qui
2410 4605 2513 4660 sibi
2541 4605 2701 4662 fuerit
2730 4609 2921 4664 mortis
2964 4627 3151 4680 causa,
3197 4614 3370 4683 major
3412 4617 3688 4673 homicida
3717 4619 3813 4674 sit.
3857 4643 3880 4669 ι

2287 4690 2445 4758 Quod
2475 4694 2620 4749 enim
2648 4696 2704 4750 in
2731 4697 2834 4753 hac
2862 4700 3132 4755 sententia
3146 4716 3417 4759 canonum
3434 4704 3634 4761 dicitur
3668 4724 3682 4762 :
3710 4729 3732 4759 α
3761 4706 3888 4777 Qui-

598 4779 651 4868 et
725 4788 874 4826 reum
948 4773 1187 4828 criminis
1246 4774 1423 4829 facere
1492 4776 1686 4845 possit.
1752 4778 1931 4834 Sacra:
1986 4781 2211 4853 quippe
2286 4794 2500 4851 cunque
2531 4783 2634 4837 sub
2663 4784 3002 4844 ordinatione
3033 4788 3119 4844 vel
3148 4790 3486 4863 diaconatus,
3516 4794 3606 4850 vel
3643 4773 3884 4868 presbyc

594 4858 767 4931 leges,
792 4877 923 4931 quas
953 4862 1197 4917 Ecclesia
1225 4862 1495 4918 catholica
1525 4864 1735 4934 recipit,
1788 4866 1991 4938 dicunt,
2055 4871 2183 4942 quia
2284 4868 2424 4933 terii,
2460 4870 2547 4925 vel
2607 4872 2969 4946 episcopatus,
3019 4879 3233 4933 mortali
3285 4858 3513 4937 crimine
3542 4858 3887 4941 dixemntse

585 4948 707 5016 jure
736 4956 787 5002 et
815 4948 1026 5020 legibus
1055 4951 1399 5005 constitutum
1431 4959 1515 5006 est
1542 4952 1668 5024 (Jul.
1689 4956 1851 5024 epist.
1886 4972 1945 5024 ιι,
1979 4974 2027 5012 c.
2063 4959 2174 5029 28),

589 5043 649 5089 ut
679 5045 1022 5106 «spontanee
1052 5038 1389 5108 professione
1432 5057 1578 5109 reus,
1630 5058 1782 5097 reum
1828 5061 1935 5099 non
1993 5046 2173 5115 faciat,

2282 4971 2405 5011 esse
2432 4958 2665 5029 pollutos
2687 4976 2720 5015 a
2739 4964 3069 5034 supradictis
3105 4967 3535 5026 ordinationibus
3553 4973 3887 5029 submoven-

2280 5043 2399 5111 dos,
2439 5066 2461 5095 lt
2490 5064 2653 5103 nemo
2683 5066 2873 5106 sanum
2900 5053 3117 5124 sapiens
3137 5056 3256 5111 haec
3285 5057 3356 5113 de
3385 5058 3504 5113 sola
3561 5060 3798 5131 luxuria,
3830 5070 3885 5118 et

593 5140 769 5195 neque
812 5124 887 5224 illi
933 5126 1000 5180 de
1038 5125 1207 5182 altero
1246 5128 1518 5224 credatur,
1572 5130 1662 5201 qui
1711 5148 1770 5186 se
1825 5133 2176 5189 criminosum
2277 5130 2638 5203 immunditia,
2673 5138 2760 5193 vel
2789 5140 3086 5210 pollutione
3130 5144 3313 5199 carnis
3358 5147 3565 5203 dictum
3606 5124 3881 5224 intelligit,

588 5228 709 5267 esse
739 5212 1019 5268 confessus
1049 5222 1147 5268 est.
1187 5238 1208 5263 η
1240 5217 1306 5269 Et
1336 5216 1463 5272 item
1500 5236 1511 5272 :
1542 5240 1563 5268 α
1588 5219 1708 5274 Non
1732 5221 2065 5277 credendum
2093 5232 2176 5278 est
2277 5235 2400 5274 cum
2429 5223 2687 5295 scriptum
2720 5227 2788 5281 sit
2820 5245 2833 5282 :
2868 5230 3146 5303 Dispersit
3175 5235 3435 5305 superbos
3459 5242 3654 5294 mente
3698 5212 3883 5297 σον·Ἇῦ

583 5308 769 5408 contra
798 5300 940 5400 alios.
962 5303 1502 5408 eorumIconfessioni
1536 5308 1610 5379 (3,
1647 5325 1701 5379 q.
1757 5312 1809 5407 5,
1925 5311 2171 5408 Accusa-
2271 5318 2537 5408 suii(Luc.
2574 5322 2634 5393 ι).
2670 5325 2813 5380 Deus
2843 5327 2939 5398 qui
2955 5300 3208 5399 superbis
3230 5300 3448 5388 resistit
3467 5335 3866 5408 (IPetr.v).Et

587 5390 774 5498 toreLs),
808 5389 897 5488 qui
927 5389 1325 5488 incriminibus
1360 5404 1705 5462 accusantur,
1759 5397 1863 5451 nisi
1921 5414 1981 5453 se
2018 5399 2170 5469 prius
2270 5403 2325 5457 in
2342 5389 2641 5481 Evangelio
2658 5411 2805 5467 dicit:
2975 5389 3040 5472 de
3055 5417 3219 5474 corde
3236 5389 3599 5491 exeuntium
3616 5389 3875 5498 coinlqui-

580 5477 927 5548 probaverint
984 5478 1296 5535 innocentes
1349 5497 1360 5536 :

1420 5484 1545 5554 quia
1587 5484 1896 5555 periculosa
1952 5494 2052 5557 est,
2116 5496 2168 5543 et
2261 5499 2414 5550 want
2461 5497 2747 5556 hominem
2780 5502 3001 5579 (Matth.
3037 5506 3157 5577 xv).
3204 5507 3273 5562 Et
3301 5507 3359 5565 S.
3385 5484 3691 5583 Gregorius
3720 5484 3870 5583 dicit,
