4174 6332
276 271 372 326 621

1023 256 1268 318 OPUSC.
1326 258 1418 315 ET
1467 252 1683 314 EPIST.
1747 248 1820 310 IN
1867 250 2092 309 CAUSA
2151 248 2496 316 HINCMARI
2553 257 2857 320 LAUDUN.

3463 255 3568 316 622

278 391 403 463 quia
434 414 456 438 α
493 405 596 460 per
637 385 950 443 humilitatis
999 385 1304 441 custodiam
1347 385 1614 440 servanda
1660 379 1962 458 semper};
1981 386 2156 452 velle,
2184 395 2242 440 ut
2283 387 2576 442 auctoritas
2626 389 3043 460 metropolitana
3067 430 3081 457 ,
3132 392 3431 448 secundum
3473 409 3571 449 re-

280 488 361 534 est
391 477 658 532 munditia
711 473 994 540 castitatis,
1024 497 1046 522 »
1090 474 1159 528 Et
1186 474 1316 529 item
1374 473 1522 538 dicit,
1557 471 1685 542 quia
1720 493 1741 522 «
1778 470 1883 525 ali-

281 567 500 640 quando
532 565 710 619 minus
740 571 822 618 est
866 563 922 617 in
951 561 1198 633 corporis
1250 561 1655 631 corruptionem
1688 561 1886 615 cadere

279 671 440 729 quam
493 655 548 708 in
596 651 924 725 cogitatione
982 649 1142 706 tacita
1191 667 1257 704 ex
1305 650 1604 704 deliberata
1656 648 1886 702 elatione

282 759 541 816 peccare.
608 743 799 812 Neque
847 739 991 794 enim
1045 754 1138 794 rex
1182 737 1488 808 Babylonize
1519 746 1630 791 tum
1660 753 1787 791 rcus
1819 738 1887 792 de

279 833 511 888 elatione
571 829 790 894 exstitit,
843 844 969 884 cum
1012 827 1080 881 ad
1125 826 1372 881 elationis
1421 825 1588 881 verba
1616 825 1884 896 pervenit.

287 920 500 990 Quippe
529 919 619 990 qui
640 933 736 972 ore
765 915 1086 988 prophetico
1117 924 1168 970 et
1217 922 1362 979 ante,
1405 930 1526 968 cum
1555 914 1623 967 ab
1655 913 1888 968 elatione

287 1009 469 1076 tacuit,
547 1005 874 1062 sententiam
953 1002 1360 1074 exprobationis
1450 1001 1675 1057 audivit.
1753 1003 1888 1055 Nam

286 1095 566 1151 districtus
616 1093 782 1162 judex
827 1091 977 1162 prius
997 1090 1342 1146 invisibiliter
1396 1089 1546 1154 vidit,
1595 1089 1741 1160 quod
1769 1096 1893 1159 post

287 1184 506 1256 publice
554 1181 820 1247 feriendo,
861 1179 1228 1250 reprehendit.
1273 1178 1428 1233 Unde
1455 1177 1583 1232 etin
1611 1177 1892 1232 irrationa-

295 1274 408 1329 bile
434 1274 579 1326 hunc
608 1269 808 1324 animal
837 1268 1018 1334 vertit,
1058 1268 1128 1322 ab
1169 1268 1405 1321 humana
1435 1266 1695 1321 societate
1727 1282 1890 1336 sepa-

289 1362 453 1428 ravit,
477 1360 600 1433 agri
631 1358 818 1414 bestiis
844 1364 1048 1412 mutata
1093 1364 1273 1410 mente
1303 1354 1578 1423 conjunxit
1607 1356 1769 1424 (Dan.
1791 1356 1890 1424 iv),

289 1459 350 1506 ut
380 1449 625 1505 districto
661 1446 932 1512 videlicet,
959 1446 1215 1515 justoque
1250 1444 1452 1512 judicio
1481 1444 1643 1498 homo
1676 1459 1893 1514 quoque

299 1555 423 1595 esse
455 1537 734 1609 perderet,
764 1535 856 1606 qui
884 1549 1144 1606 magnum
1180 1549 1238 1587 se
1277 1531 1420 1586 ultra
1467 1531 1714 1585 homines
1743 1531 1893 1586 aesti-

296 1634 522 1683 masset.
555 1649 576 1674 n
626 1626 695 1678 Et
724 1624 852 1678 item
883 1621 1164 1692 Scriptura
1211 1620 1340 1676 dicit
1374 1636 1385 1674 :
1418 1620 1659 1675 Initium
1710 1621 1893 1675 omnis

1983 476 2171 548 gulas,
2206 491 2462 530 excessus
2490 475 2631 530 illius
2677 477 2988 550 corrigendi
3026 479 3190 534 ullam
3232 481 3431 536 habeat
3467 497 3572 553 po-

1983 573 2234 620 testatem
2284 581 2296 618 :
2341 572 2393 618 et
2460 580 2621 635 quem
2678 565 2994 621 violatorem
3043 568 3352 638 apostolicae
3425 569 3571 626 sedis

1985 655 2238 719 decreta,
2273 660 2326 707 et
2367 652 2772 723 delinquentem
2812 663 2998 709 contra
3040 671 3228 712 omnes
3286 657 3437 730 leges
3465 667 3575 713 tam

1986 743 2196 798 divinas
2225 758 2388 814 quam
2413 743 2675 796 humanas
2707 741 2994 814 significet,
3028 744 3119 814 qui
3139 744 3389 815 legit,vel
3405 747 3574 817 audit,

1985 831 2250 903 intelligat
2281 848 2293 884 :
2328 838 2379 886 et
2408 831 2493 886 cui
2523 847 2603 885 vae
2647 830 3022 900 prepheticum
3051 831 3334 888 imminere
3380 850 3446 889 ea
3475 836 3578 890 do-

1987 920 2149 986 centi,
2174 935 2275 990 per
2293 935 2414 990 qua:
2429 920 2546 974 haec
2567 917 2686 972 ﬁeri
2709 919 3094 990 quoquomodo
3115 936 3148 974 a
3169 920 3580 994 quibuscunque

1988 1015 2390 1079 praisumantur
2421 1025 2434 1061 :
2468 1014 2520 1061 et
2557 1022 2718 1076 quem
2744 1006 2798 1060 in
2843 1006 2963 1077 ipso
3011 1017 3415 1064 sacrosanctam
3445 1011 3582 1067 reli-

1989 1097 2205 1167 gionem
2236 1095 2644 1166 praevaricatum
2674 1093 2842 1149 fuisse
2871 1096 3177 1151 convictum
3205 1097 3364 1162 dicat,
3399 1106 3586 1169 aperte

1989 1186 2046 1239 in
2092 1183 2360 1255 superiori
2407 1183 2578 1254 capite
2621 1183 3050 1250 demonstravit,
3083 1185 3138 1239 in
3167 1201 3276 1256 quo
3305 1201 3393 1243 me
3423 1203 3583 1242 suum

1989 1273 2306 1355 traditoreni
2361 1271 2594 1327 vocavit.
2663 1271 2846 1326 Verba
2893 1287 3107 1344 quoque
3169 1274 3224 1328 S.
3288 1274 3582 1330 Alexandri

1992 1368 2244 1432 corrupte
2299 1360 2684 1430 interpretatus
2733 1367 2833 1414 est.
2882 1359 2986 1415 Ubi
3017 1360 3162 1416 enim
3191 1361 3337 1416 idem
3365 1371 3584 1419 sanctus

1993 1450 2148 1505 dicit.
2195 1470 2218 1500 tt
2267 1450 2389 1503 Non
2429 1455 2636 1502 tantum
2689 1448 3012 1503 attendenda
3067 1457 3188 1504 sunt
3235 1467 3356 1521 qua
3410 1451 3581 1520 ﬁunt,

1994 1545 2251 1608 quantum
2282 1552 2388 1608 quo
2418 1536 2598 1591 animo
2629 1535 2774 1590 ﬁant.
2811 1557 2834 1586 n
2879 1537 3045 1591 Paulo
3065 1545 3188 1608 post
3217 1538 3579 1609 subsequitur,

1993 1625 2240 1697 inquiens
2291 1641 2303 1680 :
2343 1647 2364 1674 α
2419 1625 2574 1680 Unde
2605 1631 2658 1679 et
2691 1624 2823 1678 illud
2870 1631 2970 1690 est,
3023 1626 3169 1696 quod
3210 1626 3472 1681 Dominus
3519 1629 3586 1682 ad

290 1716 502 1790 peccati
531 1712 784 1785 superbia
834 1712 1030 1783 (Eccli.
1062 1713 1161 1780 x);
1196 1726 1315 1780 qua}
1359 1716 1534 1762 mater
1579 1715 1661 1762 est
1702 1707 1892 1763 inobe—
1915 1728 1970 1788 Β
1993 1730 2214 1768 munera
2244 1713 2378 1768 Abel
2399 1712 2658 1783 respexit,
2692 1719 2744 1767 et
2771 1729 2882 1768 non
2928 1712 2999 1768 ad
3055 1713 3218 1780 Cain;
3257 1714 3381 1785 quia
3405 1715 3584 1788 magis

193 1810 202 1817 '
294 1804 530 1870 dientiae,
591 1809 643 1856 et
715 1800 909 1870 regina
991 1797 1232 1853 omnium
1311 1796 1562 1852 vitiorum
1609 1813 1758 1866 ,qua
1822 1796 1891 1851 de

292 1894 434 1950 caelo
489 1889 684 1948 cecidit
731 1887 1115 1960 archangelus,
1153 1893 1205 1941 et
1259 1884 1436 1941 factus
1480 1892 1563 1939 est
1619 1884 1889 1954 diabolus,

293 1983 392 2054 qui
420 1985 508 2037 est
525 1997 632 2035 rex
658 1994 826 2050 super
856 1978 1144 2031 universos
1171 1975 1318 2043 ﬁlios
1334 1974 1606 2045 superbire
1623 1972 1738 2043 (Job
1757 1973 1886 2043 xLl).

291 2070 519 2127 Mortale
568 2068 732 2141 igitur
758 2073 1040 2136 peccatum
1070 2079 1191 2117 esse
1232 2061 1562 2133 superbiam,
1609 2077 1771 2115 nemo
1803 2060 1894 2132 qui

291 2158 520 2215 nesciat.
556 2156 664 2212 Sed
693 2163 746 2210 et
792 2152 1215 2209 inobedientiam
1239 2193 1252 2216 ,
1286 2159 1510 2221 propter
1538 2165 1700 2220 quam
1731 2149 1893 2204 homo

292 2255 378 2304 est
408 2247 611 2316 ejectus
641 2244 710 2299 de
754 2242 1026 2314 paradiso,
1061 2249 1113 2296 et
1142 2240 1209 2294 de
1239 2256 1346 2310 qua
1373 2239 1460 2294 hic
1507 2238 1674 2293 frater
1703 2237 1893 2309 argui-

294 2346 400 2405 tur,
461 2349 651 2390 omnes
700 2331 928 2387 mortale
988 2337 1273 2401 peccatum
1324 2328 1593 2383 novimus.
1651 2328 1730 2381 De
1788 2342 1896 2397 qua

289 2425 457 2482 etiam
487 2423 759 2493 Scriptura
796 2420 925 2475 dicit
967 2436 979 2472 :
1037 2419 1205 2487 Quasi
1245 2421 1544 2490 peccat-um
1577 2415 1897 2472 hariolandi

292 2519 383 2572 est
409 2527 759 2586 repugnare;
793 2513 848 2565 et
865 2509 1024 2580 quasi
1043 2508 1226 2562 scelus
1260 2506 1616 2572 idololatriae,
1631 2506 1786 2560 nolle
1805 2521 1896 2560 ac-

288 2605 573 2677 quiescere
604 2602 756 2671 (Reg.
785 2604 906 2666 xv).
932 2597 1088 2652 Unde
1123 2596 1178 2651 S.
1200 2593 1502 2666 Gregorius
1533 2611 1546 2647 :
1585 2613 1608 2643 tt
1642 2592 1765 2647 Sola
1795 2599 1895 2658 est,

291 2691 492 2764 inquit,
528 2704 636 2760 qua
663 2686 788 2741 fidei
833 2685 1086 2740 meritum
1135 2683 1379 2754 possidet
1419 2681 1746 2746 obedientia,
1782 2681 1898 2735 sine

294 2796 410 2853 qua
431 2779 660 2850 quisque
679 2774 913 2832 infidelis
945 2772 1297 2839 convincitur,
1331 2771 1432 2826 etsi
1461 2769 1636 2826 fidelis
1675 2785 1799 2825 esse
1827 2769 1901 2826 vi-

291 2870 510 2926 deatur.
531 2887 554 2918 at

905 2960 1131 3015 CAPUT
1164 2959 1372 3013 XXXI.

300 3069 458 3140 Quod
523 3064 1172 3125 excommunicationem
1221 3079 1255 3147 a
1309 3077 1364 3115 se
1413 3062 1629 3130 [actam
1683 3061 1903 3130 frustra
1927 3084 1976 3147 Ο

324 3137 338 3209 ί
765 3150 1042 3192 excusare
1074 3137 1335 3189 conatur.

372 3231 444 3286 Et
475 3228 641 3284 frater
670 3226 1012 3291 Hincmarus,
1042 3218 1678 3287 excommunicationem,
1705 3218 1772 3273 de
1803 3233 1910 3288 qua

293 3320 502 3394 agitur,
548 3334 606 3372 se
650 3315 829 3387 egisse
878 3313 939 3367 in
988 3311 1099 3366 suis
1137 3309 1328 3365 rotulis
1366 3306 1672 3363 confitetur.
1732 3306 1911 3374 Quam

294 3393 593 3464 mortalem
628 3403 816 3467 fuisse,
851 3410 903 3456 et
932 3400 988 3454 in
1029 3398 1388 3470 plurimorum
1441 3395 1824 3467 perditionem,
1857 3393 1912 3448 in

295 3497 505 3553 nullius
534 3501 714 3549 autem
771 3489 1131 3546 salvationem
1172 3503 1205 3541 a
1236 3503 1293 3541 se
1323 3486 1532 3556 absque
1563 3484 1674 3538 ulla
1704 3483 1914 3538 discre-

292 3587 451 3642 tione
481 3585 804 3638 intentatam
825 3581 1101 3650 denegare
1135 3592 1244 3631 non
1273 3582 1472 3646 potest.
1507 3574 1588 3628 De
1645 3588 1752 3644 qua
1783 3571 1914 3626 satis

295 3676 438 3749 egit,
472 3680 530 3727 ut
547 3689 606 3727 se
633 3671 839 3726 valeret
869 3676 1166 3739 contegere
1196 3673 1302 3718 tam
1331 3664 1399 3719 de
1430 3661 1744 3733 apostolicae
1767 3660 1915 3715 sedis

297 3761 597 3828 calumnia,
640 3758 871 3814 dicendo
901 3757 967 3810 ab
1022 3753 1212 3809 eadem
1244 3760 1431 3808 sancta
1472 3751 1603 3806 sede
1633 3750 1783 3804 illam
1815 3766 1916 3803 ex-

294 3847 850 3909 communicationem
878 3843 1306 3916 przeinditam,et
1327 3841 1429 3895 sibi
1446 3839 1564 3895 fore
1583 3839 1876 3894 auctricem
1901 3855 1914 3890 :

295 3957 476 4014 quam
509 3946 561 3994 et
601 3936 836 3992 dicendo
899 3949 1064 4004 super
1093 3949 1181 3986 me
1241 3931 1372 3984 falsa
1405 3947 1416 3982 :
1452 3928 1606 4000 quasi
1635 3945 1737 3999 ego
1770 3927 1846 3980 illi
1866 3933 1918 3981 et

298 4027 563 4099 exemplo
612 4025 918 4080 faciendam
959 4020 1312 4086 ostenderim,
1349 4026 1401 4073 et
1448 4018 1617 4072 verbo
1646 4015 1918 4088 agendam

302 4115 629 4180 docuerim;
678 4120 942 4184 quatenus
1003 4107 1351 4163 exitiabiliter
1400 4106 1635 4176 egissea
1681 4120 1767 4158 me
1809 4120 1918 4157 non

296 4213 500 4279 posset
529 4201 810 4273 redargui.
847 4199 953 4254 Sed
983 4213 1091 4270 quo
1120 4196 1316 4260 fructu,
1377 4211 1440 4248 ac
1471 4194 1623 4262 cujus
1649 4191 1919 4246 mercedis

293 4277 507 4350 intuitu
538 4292 684 4346 illam
711 4289 920 4356 fecerit,
957 4288 1012 4341 in
1066 4285 1242 4341 rotula
1273 4300 1373 4354 per
1431 4281 1759 4336 Clarentium
1788 4277 1920 4333 mihi

297 4384 516 4439 directa
556 4378 842 4435 manifeste
887 4375 1144 4440 denudat,
1206 4373 1420 4439 dicens,
1457 4371 1527 4425 ad
1576 4368 1918 4424 excusandas

297 4469 692 4528 excusationes
747 4467 804 4521 in
851 4464 1123 4536 peccatis,
1156 4469 1214 4516 ut
1270 4460 1490 4531 impleat
1544 4465 1768 4528 peccata
1824 4472 1917 4510 sua

297 4576 554 4631 semper.
590 4579 612 4607 α
665 4558 836 4612 Docet
884 4554 1102 4625 quidem
1152 4567 1293 4622 papa
1342 4547 1648 4604 Alexander
1709 4545 1764 4598 in
1811 4544 1916 4599 fine

297 4666 428 4706 suae
487 4645 767 4718 epistolae,
801 4643 946 4715 quod
1003 4657 1112 4696 non
1150 4647 1354 4694 tantum
1415 4635 1741 4692 attendenda
1797 4641 1916 4688 sunt

295 4735 436 4810 quas
459 4736 624 4802 fiunt,
655 4741 914 4806 quantum
966 4747 1074 4803 quo
1115 4729 1295 4784 animo
1343 4726 1496 4780 fiunt.
1556 4725 1765 4794 Nempe
1795 4739 1917 4778 cum

295 4830 417 4884 hoc
451 4823 778 4880 examussim
825 4829 934 4875 tam
991 4819 1048 4873 in
1103 4818 1276 4882 vobis,
1311 4832 1474 4888 quam
1531 4814 1586 4867 in
1641 4829 1728 4866 me
1760 4810 1920 4865 fuerit

295 4921 716 4988 perscrutatum
738 4953 752 4978 ,
785 4909 992 4981 patebit
1035 4907 1176 4962 illico
1207 4906 1332 4960 inde
1388 4902 1656 4974 aequitatis
1705 4900 1917 4955 emolu-

295 5010 580 5060 mentum.
613 5021 630 5052 ο
684 5001 753 5054 Et
796 5015 917 5071 quae
961 5004 1258 5068 sequuntur
1286 5008 1457 5064 usque
1505 4992 1573 5046 ad
1604 4992 1744 5045 hanc
1787 5005 1918 5043 sen-

295 5092 538 5150 tentiam
573 5109 586 5144 :
625 5111 647 5140 α
691 5087 849 5157 Quod
878 5103 986 5142 non
1030 5102 1138 5150 me,
1180 5099 1282 5155 pro
1324 5098 1411 5135 me
1460 5081 1639 5135 dicere
1669 5076 1915 5145 reamini,

294 5180 472 5255 quasi
510 5178 727 5250 propria
788 5175 1108 5248 instigatum
1156 5171 1372 5239 injuria.
1431 5168 1586 5236 Quia,
1617 5169 1733 5222 Deo
1763 5173 1916 5231 teste,

296 5287 416 5343 pro
450 5267 693 5324 cavendo
722 5265 900 5336 potius
932 5259 1284 5319 ecclesiastici
1313 5257 1535 5322 ordinis,
1569 5256 1916 5319 detrimento,

300 5359 476 5416 vobis
512 5355 694 5412 scribo
720 5399 732 5421 ,
764 5353 839 5408 uti
888 5352 1151 5423 scriptum
1181 5355 1262 5403 est
1295 5365 1308 5402 :
1344 5347 1526 5403 Nolite
1577 5347 1761 5400 locum
1784 5344 1919 5398 dare

302 5448 543 5506 diabolo
573 5445 795 5516 (Ephes.
829 5443 929 5514 ιν).
974 5463 995 5490 ι»

387 5535 610 5604 Quibus
649 5530 834 5587 verbis
874 5538 1062 5601 aperte
1106 5525 1359 5594 ostendit,
1393 5540 1452 5578 se
1501 5521 1768 5577 sustinere
1812 5536 1920 5575 non

1991 1802 2219 1857 intendit
2276 1802 2347 1857 ad
2403 1799 2676 1857 offerentis
2729 1801 2987 1867 animum,
3021 1817 3183 1872 quam
3238 1803 3307 1857 ad
3351 1819 3416 1858 ea
3463 1820 3586 1875 quas

1991 1891 2310 1947 offeruntur.
2349 1913 2370 1939 »
2405 1890 2543 1945 Hinc
2570 1890 2635 1944 B.
2677 1889 2974 1962 Gregorius
3006 1907 3019 1944 :
3057 1911 3079 1940 tt
3115 1891 3197 1945 Ab
3224 1891 3590 1962 omnipotente

1993 1981 2109 2035 Deo
2143 1994 2340 2034 munus
2394 1994 2504 2033 non
2560 1978 2841 2048 accipitur,
2877 1978 3020 2049 quod
3059 1979 3228 2034 corde
3269 1979 3505 2051 obligato
3534 1981 3592 2035 in

1993 2068 2200 2124 malitia
2246 2067 2509 2123 offertur:
2563 2066 2686 2138 quia
2741 2082 2900 2122 omne
2931 2067 3077 2138 quod
3123 2068 3239 2123 Deo
3295 2068 3468 2134 datur,
3521 2085 3588 2126 ex

1995 2157 2173 2212 dantis
2229 2163 2409 2211 mente
2464 2163 2741 2225 pensatur,
2786 2154 2909 2226 quia
2937 2154 2993 2208 in
3023 2155 3106 2209 his
3154 2171 3370 2227 quoquo
3407 2157 3589 2212 animo

1995 2253 2278 2318 gerantur,
2319 2243 2601 2317 ignoratur
2647 2259 2678 2297 a
2703 2243 2986 2314 proximis.
3045 2244 3204 2314 Apud
3232 2244 3404 2299 Deum
3425 2245 3590 2317 igitur

1996 2334 2139 2389 bona
2168 2348 2296 2388 vera
2343 2331 2684 2387 commendat
2712 2330 2938 2386 intentio
2983 2347 3119 2402 pura
3150 2349 3165 2386 :
3197 2331 3450 2404 quoniam
3481 2349 3591 2390 non

1998 2430 2079 2478 est
2106 2422 2271 2476 arbor
2302 2420 2447 2475 mala
2475 2420 2678 2475 faciens
2708 2419 2935 2474 fructum
2981 2419 3201 2474 bonum.
3235 2421 3414 2476 Arbor
3431 2437 3590 2476 nam-

1999 2526 2104 2582 que
2158 2511 2348 2573 homo,
2380 2507 2584 2563 fructus
2641 2515 2821 2562 autem
2878 2523 3044 2578 Opera
3075 2515 3198 2562 sunt
3243 2508 3488 2578 ipsius.»
3530 2510 3590 2565 In

2000 2598 2206 2670 apertis
2263 2604 2442 2652 autem
2491 2596 2646 2650 malis
2703 2611 2812 2650 non
2843 2603 2927 2650 est
2981 2612 3208 2652 necesse
3236 2595 3592 2653 intentionem

2000 2687 2281 2758 requirere
2339 2684 2522 2741 cordis
2556 2700 2568 2739 :
2604 2684 2728 2754 quia
2783 2699 2892 2738 non
2949 2691 3032 2739 est
3085 2684 3251 2739 arbor
3277 2685 3438 2752 bona,
3473 2703 3592 2757 quas

2000 2775 2128 2831 facit
2154 2774 2357 2830 fructus
2379 2773 2572 2828 malos.
2600 2772 2741 2828 Dicit
2769 2771 2912 2827 enim
2928 2771 3218 2842 Apostolus
3251 2775 3597 2845 :'Manifesta

2001 2868 2196 2921 autem
2251 2868 2389 2918 sunt
2445 2878 2613 2935 opera
2669 2863 2861 2916 carnis
2893 2861 3039 2932 (Gal.
3071 2863 3316 2932 v);post
3369 2878 3595 2934 quorum

2002 2953 2460 3009 enumerationem
2529 2949 2711 3005 subdit
2766 2949 2989 3020 spiritus
3043 2949 3266 3006 fructus.
3330 2950 3598 3008 Inconve—

2002 3043 2242 3098 nientem
2269 3057 2422 3113 ,ergo
2469 3037 2966 3110 interpretationem
2995 3037 3252 3108 praecepti
3281 3039 3498 3094 Domini
3527 3040 3600 3095 ad

2009 3131 2216 3202 primos
2243 3136 2499 3200 parentes
2537 3135 2771 3192 nostros,
2804 3142 2913 3182 non
2961 3126 3308 3182 humilitatem
3355 3143 3600 3199 quacun-

2009 3237 2114 3292 que
2168 3218 2487 3273 similatione
2543 3216 2869 3283 collectam;
2900 3215 2998 3270 sed
3051 3215 3252 3272 nudam
3293 3217 3603 3286 superbiam

2010 3314 2178 3372 frater
2223 3317 2545 3371 Hincmarus
2592 3331 2651 3370 se
2700 3313 3011 3370 excusando
3058 3313 3126 3368 de
3171 3330 3270 3368 sua
3295 3313 3606 3385 perniciosa

2013 3403 2568 3462 excommunicatione
2621 3403 2904 3458 ostendit:
2963 3402 3105 3474 quia,
3151 3410 3208 3457 ut
3261 3401 3449 3458 beatus
3479 3401 3611 3460 dicit

2015 3493 2316 3566 Gregorius
2339 3494 2422 3563 (in
2428 3494 2574 3565 psal.
2592 3495 2811 3565 pauit,
2837 3507 2921 3562 ps.
2946 3491 3060 3561 m):
3090 3491 3279 3547 «Vera-3
3293 3491 3610 3547 humilitatis

2015 3583 2324 3638 testimonia
2384 3589 2555 3650 sunt,
2589 3588 2641 3635 et
2713 3580 3050 3652 iniquitatem
3135 3595 3288 3634 suam
3341 3583 3611 3652 quemque

2015 3686 2384 3743 cognoscere,
2419 3678 2472 3724 et
2513 3669 2788 3742 cognitam
2842 3685 2976 3724 voce
3005 3666 3362 3724 confessionis
3404 3668 3612 3740 aperire

2015 3760 2138 3832 [al.,
2171 3768 2221 3815 et
2251 3759 2558 3814 nunciatam
2615 3757 2977 3813 satisfactione
3007 3756 3337 3828 ptenitentiae
3383 3753 3610 3830 delere].

2016 3852 2084 3904 At
2128 3855 2353 3913 contra,
2383 3847 2638 3902 usitatum
2668 3845 2890 3900 humani
2944 3846 3163 3919 generis
3194 3845 3381 3901 vitium
3417 3854 3531 3912 est,
3564 3854 3618 3903 et

2017 3933 2249 3988 labendo
2295 3939 2576 4003 peccatum
2605 3931 2945 3987 committere
2976 3970 2990 3998 ,
3024 3938 3076 3986 et
3133 3929 3482 3985 commissum
3513 3945 3616 3985 ne-

2018 4022 2199 4095 gando
2256 4020 2567 4084 defendere,
2601 4027 2653 4074 et
2700 4019 3005 4075 convictum
3049 4018 3393 4074 defendendo
3428 4017 3615 4074 multi-

2016 4111 2223 4180 plicare
2253 4109 2350 4180 [aL
2385 4116 2437 4163 et
2465 4108 2744 4178 vulgatum
2774 4107 2993 4161 defend.
3025 4105 3352 4178 multiplic.].
3375 4130 3396 4155 η

2090 4223 2346 4278 Similiter
2401 4231 2454 4277 ct
2508 4220 2753 4292 Apostoli
2809 4219 3129 4276 sententiam
3186 4220 3256 4274 ad
3301 4237 3458 4276 suum
3478 4234 3610 4277 sen-

2020 4329 2136 4367 sum
2165 4311 2429 4367 violenter
2472 4310 2774 4375 inﬂectens,
2818 4308 2947 4365 dicit
2979 4327 2991 4362 :
3023 4311 3142 4364 Lex
3168 4313 3401 4382 propter
3421 4314 3615 4368 trans-

2019 4417 2294 4472 gressores
2348 4401 2533 4472 posita
2565 4402 2668 4454 est.
2703 4397 2836 4465 Quae
2872 4397 3024 4466 juxta
3052 4396 3222 4468 ipsius
3278 4411 3498 4454 sensum
3545 4397 3614 4454 ad

2019 4506 2181 4560 quem
2209 4488 2356 4543 illam
2385 4487 2623 4554 retorsit,
2656 4487 2727 4541 ita
2756 4486 2954 4557 exponi
2981 4495 3178 4558 potest,
3212 4501 3276 4542 ac
3304 4485 3350 4541 si
3372 4485 3574 4542 diceret
3598 4503 3612 4541 :

2016 4579 2387 4650 Trangressus
2419 4577 2535 4632 sine
2576 4575 2771 4631 timore
2811 4576 2990 4647 legem
3039 4584 3230 4632 contra
3285 4575 3486 4647 legem,
3519 4591 3612 4632 ex-

2019 4665 2526 4723 communicationis
2573 4665 2729 4736 posui
2779 4665 2977 4737 legem,
3033 4679 3196 4736 quam
3233 4680 3328 4718 rex
3374 4663 3608 4732 timeret,

2019 4765 2070 4812 et
2098 4773 2186 4812 me
2234 4755 2549 4825 contingere
2597 4771 2704 4808 non
2753 4754 3021 4808 auderet:
3068 4761 3120 4808 et
3162 4751 3464 4823 praedicans
3503 4768 3612 4810 non

2018 4844 2323 4910 furandum,
2377 4843 2546 4898 furari
2593 4858 2701 4897 non
2749 4841 2932 4908 timui;
2967 4849 3019 4894 et
3063 4840 3384 4896 abominans
3441 4841 3609 4911 idola,

2021 4933 2368 5004 sacrilegium
2429 4931 2552 4986 feci.
2598 4929 2806 4986 Deinde
2860 4945 3070 5000 ponens
3135 4929 3384 5003 Gregorii
3442 4931 3612 4987 verba

2019 5029 2248 5085 dicentis
2269 5029 2384 5100 (lib.
2411 5043 2508 5098 vn,
2529 5028 2690 5100 epist.
2715 5029 2801 5094 6):
2832 5047 2852 5076 tt
2876 5025 2977 5093 Qui
2999 5042 3107 5082 non
3129 5026 3349 5098 corrigit
3370 5043 3618 5085 resecan-

2020 5129 2118 5194 da,
2153 5127 2209 5180 in
2254 5127 2451 5183 multos
2499 5123 3017 5180 excommunicando
3078 5125 3354 5196 commisi,
3403 5135 3460 5182 ut
3510 5127 3614 5184 hoc

2020 5225 2161 5281 facto
2210 5241 2371 5280 nemo
2412 5223 2467 5277 in
2533 5239 2619 5277 me
2667 5222 2967 5277 resecanda
3019 5222 3246 5278 auderet
3309 5224 3610 5297 corrigere.

2021 5325 2252 5378 Demum
2296 5319 2644 5392 subsequitur
2674 5339 2686 5374 :
2720 5321 2835 5378 Deo
2893 5328 3048 5387 teste,
3082 5338 3183 5391 pro
3227 5322 3471 5378 cavendo
3505 5338 3610 5393 po-

2022 5422 2126 5475 tius
2171 5418 2522 5475 ecclesiastici
2577 5418 2784 5473 ordinis
2828 5419 3148 5475 detrimento
3176 5420 3330 5475 vobis
3359 5421 3553 5475 scribo.
3586 5443 3608 5468 »

2022 5518 2229 5587 Quibus
2289 5516 2471 5570 verbis
2536 5517 2818 5571 evidenter
2863 5517 3133 5582 ostendit,
3172 5533 3276 5589 qua
3319 5516 3620 5572 intentione
