4174 6310
578 252 683 307 623

579 372 729 427 illam
783 369 1391 428 excommunicationem
1440 367 1633 424 fecerit
1691 385 1706 422 :

584 458 1071 515 irrationabilitatis
1099 457 1532 530 castigationem,
1570 472 1774 512 vocans
1823 453 2174 510 ecclesiastici

594 546 805 602 ordinis
849 545 1270 612 detrimentum,
1319 552 1378 600 ut
1397 561 1491 601 rex
1536 544 1683 599 illam
1736 541 2173 598 excommunica-

583 635 788 690 tionem
820 634 1247 705 pertimesceret,
1281 641 1334 688 et
1350 633 1497 688 illum
1525 632 1877 687 rebellantem
1895 638 2084 684 contra
2116 644 2175 682 se

588 722 908 794 contingere
963 737 1073 778 non
1129 721 1354 777 auderet
1387 737 1401 776 :
1435 728 1488 776 et
1516 720 1652 791 ipse,
1687 719 1781 789 qui
1824 733 1921 788 pro
1970 716 2071 770 Dei
2101 716 2173 769 ti-

583 826 738 865 more
782 827 842 865 se
877 825 986 865 non
1028 810 1331 876 cohibebat,
1382 824 1484 864 nec
1524 806 1778 879 distringi
1825 822 1858 860 a
1903 820 2172 875 quoquam

587 898 866 953 hominum
888 906 1252 966 revereretur,
1285 904 1338 952 et
1365 895 1599 968 propriae
1614 893 1900 949 voluntatis
1920 901 2098 948 motus
2118 900 2178 947 ut

583 984 836 1056 libenter,
869 986 942 1042 ita
973 986 1133 1041 etiam
1179 984 1401 1056 exsequi
1446 991 1632 1054 posset
1659 982 1904 1038 licenter.
1937 981 2176 1036 Tandem

586 1073 794 1129 addidit
827 1092 841 1129 :
869 1095 891 1125 ι
926 1075 1030 1129 Pro
1061 1073 1305 1129 cavendo
1349 1070 1707 1128 ecclesiastici
1762 1070 1966 1126 ordinis
2000 1069 2174 1124 detri-

587 1168 772 1218 mento
801 1161 954 1217 vobis
999 1160 1197 1227 scribo,
1230 1168 1288 1215 ut
1314 1160 1572 1230 scriptum
1617 1166 1701 1214 est
1730 1175 1745 1213 :
1777 1159 1959 1214 Nolite
1992 1159 2176 1214 locum

586 1249 721 1306 dare
776 1249 1006 1305 diabolo.
1045 1272 1067 1297 n
1102 1248 1258 1317 Quod
1306 1247 1554 1319 Apostoli
1602 1246 1990 1315 testimonium,
2043 1246 2175 1300 dum

584 1352 695 1392 non
723 1336 1041 1408 apostolico,
1076 1336 1174 1391 sed
1205 1336 1501 1407 apostatico
1531 1352 1696 1390 sensu
1723 1335 1780 1389 in
1808 1334 1973 1389 alium
2013 1334 2175 1403 jacu-

584 1424 699 1480 lare
726 1424 913 1490 voluit,
943 1423 997 1478 in
1019 1424 1258 1495 seipsum
1279 1424 1520 1479 retorsit.
1554 1424 1704 1479 Sicut
1734 1423 1852 1493 ipse
1881 1421 2176 1493 Apostolus

583 1512 654 1567 ad
681 1512 949 1582 Ephesios
978 1520 1166 1583 aperte
1195 1513 1554 1579 demonstrat,
1591 1512 1779 1567 dicens
1815 1528 1828 1564 :
1853 1510 2178 1566 Irascimini

583 1604 639 1655 et
666 1600 845 1657 nolite
873 1616 1105 1670 peccare
1133 1602 1308 1672 (Psal.
1346 1604 1448 1671 ιν).
1486 1601 1579 1657 Sol
1607 1616 1724 1655 non
1754 1598 1973 1655 occidat
2005 1614 2177 1669 super

1606 242 1945 299 HINCMARI
1982 240 2380 297 RHEMENSIS
2416 236 2966 295 ARCHIEPISCOPI.

1763 362 2015 422 videlicet
2060 381 2173 420 suae
2201 368 2256 426 A
2278 371 2331 418 et
2390 360 2863 431 archiepiscopos,
2911 367 2964 415 et
3020 358 3308 429 episcopos
3350 356 3625 413 veridicos
3680 362 3871 409 testes.

3764 232 3870 289 624

2346 458 2504 527 Quod
2534 458 2662 513 dicit
2708 464 2916 528 postea,
2950 456 3101 511 illam
3129 470 3162 510 a
3190 470 3277 509 me
3328 454 3497 509 fuisse
3528 453 3597 507 ab
3627 466 3694 507 eo
3722 450 3877 506 frau-

2274 547 2529 601 dulenter
2583 553 2866 615 extortam,
2898 560 3006 599 non
3036 551 3120 599 est
3166 559 3378 599 verum.
3409 542 3547 597 Nam
3578 539 3752 595 soluta
3780 556 3879 610 sy-

2273 636 2419 689 nodo
2448 635 2543 688 illa
2577 634 2682 699 die,
2718 633 2774 687 in
2821 632 3119 688 crastinum
3167 629 3556 696 convenienda,
3588 636 3880 700 postquam

2274 724 2506 778 domnus
2557 737 2651 777 rex
2697 721 2763 774 ab
2822 737 2885 775 ea
2927 721 3090 775 domo
3145 719 3490 784 abcesserat,
3544 724 3598 772 et
3656 716 3883 788 quidam

2274 810 2517 882 episcopi
2542 810 2600 864 in
2629 809 2820 865 eadem
2849 809 3031 875 domo,
3066 808 3206 863 sicut
3236 807 3428 879 cuique
3458 804 3730 871 convenit,
3756 818 3886 860 cum

2275 915 2374 954 suo
2404 898 2570 953 fratre
2598 898 2924 969 loquebatur
2956 915 2969 951 :
3003 903 3055 951 et
3086 912 3190 969 ego
3214 897 3368 965 juxta
3398 894 3696 967 quamdam
3726 891 3885 947 fene-

2274 995 2444 1042 stram
2501 995 2651 1043 stans
2711 1002 2838 1042 cum
2866 985 3031 1040 fratre
3088 984 3282 1040 Odone
3313 983 3592 1055 loquebar,
3627 982 3779 1037 venit
3811 981 3885 1036 ad

2274 1092 2362 1131 me
2390 1075 2666 1131 Frotarius
2715 1073 3181 1145 archiepiscopus,
3243 1080 3298 1127 et
3324 1073 3518 1127 Eneas
3564 1070 3881 1141 episcopus,

2275 1172 2328 1219 et
2355 1163 2607 1219 dixerunt
2634 1162 2771 1217 mihi
2823 1177 3010 1217 coram
3062 1160 3255 1216 Odone
3279 1203 3294 1227 ,
3327 1160 3452 1231 quia
3493 1158 3663 1214 frater
3706 1159 3884 1213 Hinc-

2275 1267 2458 1306 marus
2486 1250 2651 1306 vellet
2685 1249 3043 1322 professionis
3089 1248 3276 1304 libello
3332 1247 3699 1315 subscribere,
3732 1254 3788 1301 et
3812 1249 3884 1301 de

2273 1340 2460 1395 domni
2486 1339 2637 1412 regis
2667 1338 2973 1394 obedientia
3006 1355 3019 1392 :
3055 1345 3109 1393 et
3137 1353 3384 1393 essemus
3412 1337 3555 1390 inter
3597 1350 3701 1390 nos
3728 1334 3883 1405 paci-

2272 1427 2359 1483 ﬁci
2405 1429 2542 1483 sicut
2583 1435 2741 1498 pater
2784 1435 2839 1481 et
2884 1426 3059 1495 filius,
3092 1440 3159 1481 ac
3200 1423 3641 1495 archiepiscopus
3672 1431 3727 1477 et
3758 1422 3882 1493 epi-

2273 1531 2473 1587 scopus
2502 1532 2626 1571 esse
2656 1515 2881 1570 debent.
2930 1512 3091 1582 Quod
3119 1529 3224 1585 ego
3272 1520 3549 1586 gratanter
3574 1511 3796 1582 recepi;
3830 1518 3885 1566 et

2274 1605 2344 1659 ab
2374 1604 2479 1659 alia
2510 1603 2767 1683 fenestra,
2796 1604 2951 1672 juxta
2973 1618 3136 1673 quam
3182 1602 3357 1656 stabat
3402 1601 3726 1656 Hincmarus
3758 1615 3885 1655 cum

584 1687 943 1776 iracundiam
996 1692 1265 1744 vestram.
1327 1689 1508 1743 Nolite
1552 1689 1735 1745 locum
1774 1687 1920 1776 dare
1961 1686 2175 1742 diabolo
2199 1718 2253 1776 Β
2281 1692 2399 1746 aliis
2457 1692 2748 1763 episcopis,
2808 1691 3148 1745 adduxerunt
3194 1706 3319 1745 eum
3376 1690 3443 1743 ad
3477 1704 3564 1743 me
3599 1705 3613 1741 :
3673 1695 3727 1743 et
3765 1687 3885 1758 ipse

574 1775 806 1847 (Ephes.
839 1776 939 1847 tv).
973 1797 996 1826 α
1030 1776 1135 1831 Per
1164 1776 1325 1844 iram,
1358 1775 1531 1847 inquit
1558 1774 1876 1848 Gregorius,
1910 1773 2000 1829 lux
2028 1773 2179 1829 veri-

580 1862 708 1917 tatis
736 1863 1015 1931 amittitur,
1049 1864 1177 1935 quia
1196 1880 1320 1920 cum
1351 1863 1519 1920 menti
1533 1863 1812 1919 iracundia
1845 1861 2179 1918 confusionis

589 1950 847 2007 tenebras
879 1951 1088 2020 incutit,
1112 1952 1238 2008 huic
1284 1953 1431 2007 Deus
1463 1952 1675 2007 radium
1707 1968 1819 2006 suae
1849 1950 2177 2023 cognitionis

586 2046 895 2116 abscondit,
934 2069 957 2099 ι
990 2049 1114 2120 Ipse
1151 2064 1284 2121 ergo
1313 2049 1370 2103 in
1397 2065 1457 2104 se
1484 2048 1663 2104 locum
1694 2048 1911 2104 diabolo
1940 2046 2176 2119 principi

582 2136 954 2203 tenebrarum,
1013 2137 1223 2193 scilicet
1267 2137 1627 2208 iniquitatum,
1682 2136 1921 2202 donavit,
1955 2135 2048 2207 qui
2079 2150 2175 2191 ra-

583 2222 734 2278 dium
763 2223 1087 2295 cognitionis
1135 2224 1254 2292 Dei,
1317 2225 1409 2297 qui
1456 2224 1549 2279 lux
1578 2233 1680 2292 est,
1715 2241 1813 2295 per
1843 2223 2177 2280 iracundiam

574 2311 760 2379 _menti
786 2327 898 2367 suae
949 2311 1284 2368 confusionis
1326 2312 1581 2368 tenebras
1617 2311 1862 2383 incussit,
1903 2319 1962 2366 ut
1990 2310 2178 2368 videre

583 2414 696 2454 non
727 2407 931 2471 posset,
966 2416 1127 2472 quam
1154 2416 1418 2474 magnum
1447 2400 1647 2456 malum
1679 2400 1736 2454 in
1756 2416 1858 2456 sua
1871 2399 2177 2471 perniciosa

583 2487 1165 2555 excommunicatione,
1211 2488 1279 2544 de
1334 2504 1442 2561 qua
1487 2505 1549 2544 se
1579 2489 1890 2544 excusando
1934 2496 2175 2556 accusat,

584 2583 903 2647 perpetrare
945 2592 1054 2632 non
1110 2577 1301 2632 metuit
1331 2593 1345 2634 :
1377 2577 1470 2634 ille
1507 2577 1925 2648 ecclesiasticas,
1955 2577 2067 2632 imo
2095 2576 2179 2632 di-

585 2662 740 2719 vinas
768 2664 923 2737 leges
952 2672 1326 2738 transgressus
1351 2673 1453 2732 est,
1485 2674 1539 2737 et
1566 2665 1747 2723 locum
1763 2665 1980 2721 diabolo
2008 2665 2175 2732 dedit,

582 2758 641 2806 ut
670 2751 790 2808 sine
817 2753 1089 2824 baptismo
1114 2761 1166 2809 et
1196 2754 1576 2810 communione
1633 2763 1878 2810 mortuos
1927 2754 2179 2809 homines

582 2846 840 2910 raperet;
870 2856 940 2895 ne
978 2841 1159 2897 locum
1209 2841 1560 2913 contingendi
1601 2859 1724 2899 eum
1779 2850 1967 2898 contra
2022 2857 2178 2898 suam

587 2925 921 2984 voluntatem
971 2928 1094 3001 quis
1137 2930 1338 2985 habere
1379 2931 1624 2987 auderet.
1663 2931 2054 2987 Verumtamen
2085 2947 2178 2986 se-

586 3015 823 3071 cundum
904 3032 1059 3072 suam
1124 3018 1556 3089 intelligentiam,
1629 3019 1881 3075 eamdem
1931 3019 2177 3090 Apostoli

584 3104 908 3160 sententiam
963 3105 1268 3163 adulterino
1318 3123 1483 3163 sensu
1553 3108 1644 3165 hic
1688 3108 1915 3179 posuit:
1947 3123 2057 3180 qua
2112 3109 2180 3164 de

584 3207 753 3249 causa
779 3193 836 3248 in
866 3195 1089 3266 synodis
1106 3194 1290 3267 plures
1315 3195 1485 3252 fuisse
1512 3196 1753 3253 damnati
1778 3198 2052 3271 leguntur.

1130 3300 1358 3358 CAPUT
1376 3303 1611 3359 XXXII.

589 3391 854 3463 Refertur
894 3405 1121 3463 magna
1131 3406 1268 3463 pars
1324 3392 1572 3463 epistolw
1607 3392 1902 3448 Hincmari
1948 3391 2178 3463 Lauda-

658 3460 856 3535 nensis
878 3531 886 3535 Α
912 3460 978 3535 de
996 3460 1005 3461 “
1025 3460 1440 3535 subscriptione
1486 3479 1656 3534 quam
1697 3464 1837 3535 fecit
1877 3464 1942 3518 in
1976 3462 2179 3534 synodo

659 3532 809 3603 apud
850 3531 1223 3587 Attiniaeum.

659 3614 729 3670 Et
757 3614 812 3669 in
839 3613 1016 3670 rotula
1044 3630 1207 3686 quam
1237 3614 1367 3670 mihi
1399 3631 1493 3670 xvr
1521 3615 1749 3672 Kalend.
1802 3616 1968 3672 Julias
2009 3616 2175 3684 misit,

589 3702 665 3757 ita
695 3701 882 3758 scribit
906 3721 920 3757 :
957 3723 979 3753 ι
1013 3701 1153 3771 Quia
1183 3719 1271 3758 me
1305 3719 1451 3775 saepe
1480 3704 1550 3760 de
1570 3705 1965 3777 subscriptione
1994 3706 2178 3761 redar-

591 3789 776 3863 guitis,
797 3811 819 3838 ι»
840 3793 897 3845 et
908 3793 1112 3846 cetera
1123 3806 1243 3862 qua:
1260 3791 1423 3847 habes
1439 3793 1501 3846 in
1509 3797 1593 3848 ter
1604 3794 1869 3865 epistolas
1886 3795 2180 3851 Hincmari

592 3877 1002 3944 Laudunensis,
1027 3880 1174 3934 temo
1206 3878 1451 3950 CXXIV,
1483 3897 1657 3953 usque
1672 3880 1743 3937 ad
1775 3902 1798 3932 ι
1831 3882 1947 3938 Deo
1989 3882 2177 3954 propi-

592 3965 757 4021 tiante
793 3980 1071 4038 nunquam
1117 3973 1331 4023 acturus
1372 3983 1466 4024 ero
1521 3989 1544 4019 ι
1594 3971 1784 4042 Pergit
1842 3972 2179 4028 Hincmarus

590 4053 919 4112 Rhemensis
950 4074 968 4110 :
1484 4046 1491 4049 ’

667 4143 871 4200 Contra
916 4159 1039 4217 quae
1084 4145 1344 4218 scriptum
1386 4154 1469 4202 est
1502 4164 1515 4201 :
1552 4168 1574 4198 ι
1610 4147 1774 4203 Filius
1804 4148 1998 4204 stultus
2050 4149 2182 4206 dicit

592 4249 653 4290 se
692 4248 817 4289 esse
860 4232 1086 4303 justum,
1145 4235 1244 4290 sed
1295 4235 1495 4292 exitum
1563 4253 1718 4292 suum
1775 4237 1961 4293 abluit.
2026 4260 2048 4288 ι
2111 4239 2180 4295 Et

588 4321 710 4379 aliis
741 4322 1074 4393 interpositis
1121 4323 1190 4379 ad
1210 4324 1350 4380 hanc
1378 4340 1533 4380 suam
1563 4326 2015 4401 subscriptionem
2044 4327 2180 4381 resi-

594 4409 730 4477 livit,
761 4409 949 4465 dicens
982 4426 995 4465 :

666 4520 689 4545 α
724 4499 803 4553 Ac
834 4497 879 4552 si
909 4497 1071 4552 etiam
1105 4497 1161 4552 in
1189 4499 1583 4570 subscriptione
1641 4500 1734 4554 illa
1775 4500 1982 4572 aliquid
2010 4502 2180 4556 habe-

599 4594 751 4642 retur
796 4586 940 4657 quod
998 4585 1135 4641 forte
1191 4586 1530 4642 intolerabile
1578 4587 1735 4644 foret.
1769 4611 1792 4634 ι
1828 4630 1841 4644 .
1866 4629 1878 4642 .
1906 4630 1919 4644 .
1952 4590 2183 4663 Reliqua

599 4676 738 4730 item
771 4675 945 4731 lector
965 4674 1129 4731 habet
1144 4676 1241 4731 ubi
1267 4691 1440 4748 supra

1160 4799 1383 4855 CAPUT
1412 4799 1669 4855 XXXIII.

599 4883 940 4942 Hincmarus
987 4887 1434 4959 archiepiscopus
1483 4890 1798 4957 superiores
1846 4890 2180 4962 objectiones

764 4972 899 5012 vera
926 4973 1117 5013 rerum
1132 4963 1419 5029 gestarum
1439 4962 1771 5016 narratione
1788 4962 2059 5018 dissolvit.

663 5043 826 5112 Cujus
851 5043 1017 5099 verba
1049 5045 1363 5117 singillatim
1389 5062 1790 5103 recenseamus.
1825 5049 1967 5107 Dicit
2000 5050 2055 5105 in
2083 5068 2178 5107 ea-

592 5132 719 5187 dem
749 5132 978 5202 synodo,
1010 5133 1188 5204 primo
1203 5134 1470 5191 violenter
1490 5153 1591 5207 per
1605 5138 1817 5210 regiam
1833 5148 2175 5211 potestatem,

589 5228 644 5277 et
694 5229 885 5291 postea
937 5220 1312 5279 fraudulenter
1366 5241 1400 5279 a
1426 5241 1515 5280 me
1545 5224 1711 5282 fuisse
1740 5227 1808 5282 ab
1839 5227 1931 5283 illo
1978 5228 2173 5300 ipsam,

584 5308 1040 5380 subscriptionem
1065 5318 1349 5369 extortam.
1393 5314 1638 5370 Domnus
1657 5332 1773 5384 rex,
1797 5318 1915 5372 Deo
1948 5317 2173 5388 gratias,

583 5404 639 5453 et
674 5404 909 5465 aetatem,
943 5406 997 5453 et
1025 5399 1364 5472 sapientiam,
1398 5409 1451 5458 et
1480 5402 1750 5471 virtutem,
1782 5412 1835 5459 et
1864 5404 2045 5461 locum
2073 5420 2176 5476 pro

583 5501 644 5543 se
672 5487 1042 5559 respondendi
1069 5488 1245 5547 habet
1269 5508 1283 5546 :
1306 5498 1360 5548 et
1388 5492 1457 5549 de
1482 5493 1587 5550 hoc
1616 5491 1761 5550 facto
1790 5493 1976 5565 plures
2012 5493 2178 5550 habet

2284 1781 2602 1836 Hincmarus
2661 1780 2833 1851 petiit,
2866 1787 2923 1833 ut
2964 1778 3150 1835 liceret
3177 1778 3257 1834 illi
3303 1776 3450 1849 loqui
3497 1776 3613 1832 solo
3662 1791 3881 1832 mecum

2282 1870 2421 1925 solo.
2453 1870 2522 1923 Et
2549 1867 2753 1925 secessi
2782 1884 2904 1923 cum
2961 1883 3027 1922 ex
3050 1867 3201 1936 juxta
3257 1866 3521 1937 parietem
3551 1865 3749 1920 domus
3783 1883 3799 1931 ;
3834 1872 3886 1919 et

2279 1957 2414 2012 dixit
2440 1957 2593 2027 mihi,
2627 1956 2772 2028 quod
2800 1951 3019 2027 prome
3048 1954 3183 2010 nihil
3238 1954 3508 2009 dubitaret
3535 1953 3593 2007 in
3622 1952 3717 2008 illa
3746 1953 3884 2007 sub-

2280 2046 2595 2116 scriptione,
2632 2044 2729 2099 sed
2762 2059 2867 2115 pro
2898 2059 2965 2099 eo
2994 2043 3087 2115 qui
3119 2050 3245 2114 post
3271 2058 3359 2098 me
3388 2042 3491 2098 erit
3536 2041 3592 2096 in
3622 2041 3720 2095 illa
3748 2041 3880 2096 sede

2279 2134 2591 2205 metropoli.
2622 2134 2691 2189 Et
2738 2147 2843 2205 ego
2874 2132 2924 2188 ei
2969 2130 3243 2201 respondi,
3279 2138 3336 2186 ut
3363 2130 3455 2185 ille
3485 2130 3603 2201 ipse
3635 2128 3883 2185 libellum

2273 2223 2508 2279 dictaret
2538 2222 2678 2278 sicut
2695 2221 2859 2277 vellet
2883 2240 2897 2287 ;
2931 2228 2983 2275 et
2999 2220 3152 2291 petiit
3181 2227 3239 2274 ut
3270 2234 3374 2291 ego
3403 2218 3564 2273 illum
3594 2217 3877 2273 dictarem.

2276 2312 2345 2366 Et
2392 2309 2597 2366 reversi
2647 2324 2834 2365 sumus
2876 2308 3037 2363 simul
3086 2306 3157 2363 ad
3198 2306 3491 2363 fenestram
3524 2306 3673 2375 juxta
3722 2322 3884 2378 quam

2277 2396 2475 2450 Eneas
2505 2402 2558 2449 et
2600 2393 2721 2449 Odo
2769 2392 2987 2448 stabant
3019 2409 3032 2445 :
3063 2399 3115 2446 et
3143 2391 3253 2445 dixi
3297 2390 3473 2446 Odoni
3503 2398 3562 2445 ut
3610 2388 3887 2461 acciperet

2278 2498 2407 2538 suas
2436 2482 2669 2552 tabulas,
2703 2489 2756 2537 et
2784 2482 3056 2551 exciperet
3086 2480 3142 2534 in
3183 2479 3291 2534 illis
3320 2478 3566 2534 libellum
3594 2478 3684 2535 cui
3712 2478 3883 2534 Hinc-

2277 2587 2463 2626 marus
2510 2571 2739 2627 deberet
2784 2569 3152 2625 subscribere.
3209 2567 3278 2623 Et
3321 2567 3532 2638 excepit
3569 2566 3713 2634 Odo,
3745 2566 3886 2622 sicut

2279 2666 2410 2716 tunc
2453 2659 2617 2715 simul
2674 2658 3012 2714 dictavimus.
3036 2657 3105 2712 Et
3133 2656 3247 2711 dixi
3301 2655 3399 2723 illi,
3430 2663 3488 2711 nt
3517 2654 3780 2727 quidquid
3807 2655 3883 2711 ibi

2278 2748 2442 2805 vellet
2470 2755 2560 2803 aut
2587 2754 2815 2815 mutare,
2852 2753 2944 2801 aut
2981 2745 3320 2814 subtrahere,
3353 2751 3444 2799 aut
3471 2743 3695 2813 addere,
3726 2743 3881 2800 face-

2277 2844 2359 2893 ret
2390 2855 2405 2891 :
2440 2836 2580 2893 sicut
2624 2842 2678 2891 et
2725 2835 2926 2891 factum
2957 2842 3057 2891 est.
3089 2834 3158 2891 Et
3192 2833 3304 2889 dixi
3355 2848 3460 2904 ego
3508 2832 3709 2901 Odoni,
3740 2840 3797 2888 ut
3826 2833 3882 2887 in

2278 2925 2519 2981 crastino
2564 2924 2717 2980 illum
2747 2930 3063 2996 apportaret
3108 2922 3388 2994 scriptum,
3420 2928 3474 2977 et
3501 2921 3560 2977 in
3587 2921 3802 2993 synodo
3830 2919 3881 2976 ei

2284 3013 2607 3070 Hincmarus
2648 3012 3034 3069 subscriberet.
3086 3011 3408 3068 Hincmarus
3438 3017 3616 3066 autem
3644 3025 3881 3082 respon-

2284 3102 2380 3170 dit,
2413 3102 2538 3175 quia
2565 3101 2737 3158 febris
2753 3101 2907 3157 illum
2939 3100 3212 3172 tangebat,
3244 3107 3298 3156 et
3329 3099 3501 3155 statim
3532 3115 3593 3154 se
3621 3099 3749 3154 inde
3775 3098 3884 3154 vel-

2282 3190 2358 3247 let
2386 3191 2709 3258 deliberare,
2759 3197 2819 3245 ut
2874 3189 3194 3263 sanguinem
3251 3196 3437 3260 posset
3463 3187 3731 3244 minuere.
3761 3187 3885 3261 Ego

2281 3296 2463 3345 autem
2488 3288 2627 3359 jussi
2658 3286 2909 3345 Odonem
2951 3287 3033 3342 ire
3062 3287 3130 3342 ad
3159 3285 3558 3343 Cancellarium
3585 3285 3737 3358 regis
3756 3328 3770 3351 ,
3833 3293 3891 3340 et

2283 3378 2536 3449 accipere
2565 3376 2634 3432 ab
2663 3376 2757 3432 illo
2801 3390 3217 3448 pergamenum,
3257 3383 3312 3431 et
3338 3374 3796 3444 atramentarium,
3827 3381 3885 3429 et

2281 3466 2549 3522 scriberet
2605 3464 2758 3533 illum
2790 3464 2918 3520 cito.
2976 3465 3191 3519 Interea
3246 3463 3357 3519 dixi
3384 3464 3583 3530 Encas,
3617 3462 3707 3519 cui
3752 3470 3885 3518 tunc

2279 3553 2622 3610 auscultabat
2674 3554 3021 3621 Hincmarus,
3054 3553 3199 3624 quod
3256 3552 3452 3608 melius
3507 3559 3654 3607 esset
3707 3558 3768 3607 ut
3825 3551 3882 3606 in

2279 3643 2520 3700 crastina
2548 3649 2927 3714 exspectaret;
2959 3649 3013 3697 et
3055 3642 3431 3712 persuadente
3461 3641 3631 3695 Enea
3659 3640 3887 3711 acquie-

2278 3731 2355 3788 vit
2383 3732 2456 3786 ita
2487 3731 2824 3787 Hincmarus.
2856 3732 2925 3786 Et
2953 3730 3010 3784 in
3067 3730 3302 3786 crastina
3331 3729 3556 3786 veniens
3584 3729 3641 3784 in
3671 3728 3885 3801 synodo

2278 3820 2560 3893 professus
2589 3827 2673 3875 est
2730 3820 3031 3875 secundum
3063 3819 3210 3891 quod
3264 3818 3321 3873 in
3367 3817 3461 3873 illo
3488 3816 3674 3873 libello
3703 3816 3887 3873 conti-

2279 3916 2455 3965 netur.
2505 3908 2577 3963 Et
2630 3907 2942 3981 porrigente
2995 3907 3094 3962 sibi
3151 3906 3344 3963 Odone
3399 3921 3670 3977 pennam,
3702 3920 3887 3961 coram

2279 3996 2565 4063 omnibus,
2614 3996 2751 4052 sicut
2815 4002 2944 4050 tunc
2986 3994 3201 4066 paruit,
3231 3994 3413 4049 eidem
3456 3992 3645 4049 libello
3690 4002 3887 4065 sponte

2282 4085 2638 4156 subscripsit;
2672 4091 2727 4140 et
2751 4084 2895 4156 regi,
2942 4091 2996 4139 et
3024 4082 3156 4138 mihi
3184 4098 3347 4137 manu
3375 4098 3474 4137 sua
3503 4082 3767 4153 porrexit.
3802 4080 3873 4137 Et

2278 4182 2410 4229 tunc
2439 4174 2671 4229 domnus
2700 4188 2795 4229 rex
2809 4187 2999 4244 pacem
3028 4171 3106 4227 illi
3134 4170 3284 4228 dedit
3315 4190 3334 4227 :
3364 4179 3417 4226 et
3438 4172 3542 4242 ego
3556 4178 3682 4241 post
3708 4170 3883 4225 illum.

2280 4263 2340 4317 In
2368 4263 2607 4319 crastino
2636 4269 2814 4317 autem
2843 4268 3137 4338 antequam
3164 4260 3220 4314 in
3248 4259 3471 4315 domum
3509 4258 3767 4313 intrarem
3793 4302 3806 4324 ,
3827 4259 3885 4314 in

2277 4365 2440 4423 quam
2491 4349 2731 4422 episcopi
2761 4349 3055 4405 convenire
3076 4348 3366 4414 debebant,
3411 4347 3721 4403 Harduicus
3751 4347 3877 4417 epi-

2208 4430 2478 4511 Dscopus
2507 4440 2563 4494 in
2593 4439 2702 4494 alia
2747 4439 2911 4494 domo
2956 4453 3171 4493 mecum
3226 4438 3478 4507 loquens,
3511 4435 3884 4491 secretissime

2282 4528 2416 4584 dixit
2472 4528 2605 4582 mihi
2638 4570 2652 4595 ,
2685 4527 2830 4599 quod
2875 4527 3201 4582 Hincmarus
3255 4525 3388 4580 mihi
3433 4524 3685 4580 mittebat
3712 4540 3883 4579 unum

2279 4616 2565 4689 parvulum
2620 4616 2905 4687 scriptum,
2965 4622 3156 4686 petens
3184 4622 3243 4669 ut
3268 4614 3317 4669 ei
3360 4613 3785 4669 subscriberem.
3817 4614 3886 4668 Et

2281 4704 2491 4761 occulte
2510 4703 2664 4759 illum
2693 4704 2827 4759 mihi
2873 4703 3058 4770 dedit;
3091 4719 3196 4774 ego
3243 4710 3421 4758 autem
3457 4701 3610 4757 illum
3641 4700 3880 4771 suscepi,

2281 4799 2335 4847 et
2363 4792 2419 4846 in
2440 4792 2616 4847 sinum
2663 4808 2845 4847 meum
2878 4790 3023 4846 misi.
3063 4789 3239 4859 Quem
3269 4798 3460 4862 postea
3480 4804 3591 4844 non
3621 4789 3753 4860 legi,
3788 4803 3887 4843 an-

2281 4888 2496 4952 tequam
2538 4881 2595 4935 in
2633 4880 2723 4937 via
2778 4896 2980 4950 essem,
3015 4895 3120 4951 qua
3179 4879 3250 4934 ad
3310 4878 3653 4934 mansionem
3700 4892 3884 4933 meam

2280 4970 2542 5025 redibam.
2591 4969 2661 5024 Et
2707 4985 2893 5025 coram
2955 4968 3150 5024 Odulfo
3207 4967 3462 5038 episcopo
3511 4966 3606 5038 qui
3664 4981 3886 5022 mecum

2278 5057 2417 5124 ibat,
2480 5058 2714 5128 primum
2755 5058 2903 5114 idem
2961 5057 3222 5128 scriptum
3264 5056 3475 5127 relegi;
3531 5062 3726 5126 postea
3781 5071 3886 5111 nec

2278 5146 2622 5215 Hincmarus,
2656 5162 2759 5204 nec
2802 5146 3000 5218 aliquis
3042 5146 3178 5202 alius
3206 5146 3334 5200 inde
3376 5160 3588 5201 mecum
3614 5144 3884 5199 rationem

2278 5234 2480 5289 habuit.
2544 5237 2747 5291 Verum
2812 5243 2863 5291 et
2919 5234 3245 5290 Fredericus
3273 5233 3563 5305 presbyter
3600 5232 3881 5301 Harduici,

2275 5339 2516 5395 unquam
2559 5325 2627 5379 de
2670 5323 2762 5379 illo
2792 5322 2977 5379 libello
3017 5337 3231 5378 mecum
3276 5322 3445 5377 ullam
3478 5321 3741 5377 rationem
3771 5336 3885 5376 non

2277 5412 2482 5469 habuit.
2542 5414 2610 5467 Et
2655 5429 2753 5483 per
2781 5412 2943 5468 talem
3001 5410 3270 5477 fraudem,
3304 5411 3442 5468 sicut
3469 5409 3693 5477 auditis,
3725 5426 3883 5466 eam-

2273 5500 2399 5558 dem
2442 5500 2891 5573 subscriptionem
2929 5500 3001 5558 ab
3028 5515 3095 5558 eo
3122 5499 3346 5558 extorsi.
