4174 6318
311 295 414 348 625

969 275 976 278 ”
1023 295 1262 352 orusc.
1324 297 1412 352 ET
1457 297 1673 353 EPIST.
1736 298 1808 351 IN
1865 299 2090 355 CAUSA
2140 302 2477 360 HINCMARI
2527 307 2827 364 LAUDUN.

3501 316 3602 372 626

387 414 545 511 Quod
613 417 742 473 dicit
805 417 952 511 illam
1016 417 1431 488 professionem,
1505 427 1797 492 antequam
1858 420 1909 475 ei
1935 422 2160 483 Aretur
2186 426 2409 498 aliquid,
2452 429 2597 500 quod
2626 429 2766 486 forte
2807 431 3145 492 intolerabile
3175 436 3331 504 foret,
3366 438 3424 494 B.
3457 453 3604 511 papa

317 503 705 572 subscriberet,
739 521 892 561 suam
921 506 1144 562 domum
1171 515 1438 578 portasse,
1457 524 1567 563 non
1597 517 1678 564 est
1703 524 1909 564 verum.

319 590 459 658 Quia
499 601 787 665 postquam
834 593 954 649 Odo
997 595 1286 666 episcopus
1325 612 1444 650 eam
1473 596 1527 649 in
1558 597 1753 651 tabulis
1800 598 1912 651 suis

317 680 547 750 excepit,
593 682 850 751 scriptam
887 683 1212 738 Hincmarus
1261 684 1408 738 illam
1447 700 1556 739 non
1596 684 1762 750 vidit;
1814 701 1911 739 us-

318 784 537 839 quequo
567 785 666 823 xvr
697 771 812 824 Kal.
841 771 946 825 Jul.
982 775 1010 824 3
1041 771 1350 826 indictionis
1381 771 1556 826 eidem
1585 771 1911 843 professioni

315 856 368 909 in
399 857 609 928 synodo
639 873 822 913 coram
860 859 1114 913 omnibus
1157 860 1246 930 qui
1286 859 1577 914 adfuerunt
1617 860 1907 932 episcopis,

319 952 372 998 et
401 961 588 999 coram
638 946 839 1001 domno
885 963 1018 1019 rege
1058 947 1411 1017 subscripsit:
1444 956 1497 1003 et
1525 949 1726 1003 domno
1770 949 1907 1021 regi,

318 1047 396 1111 ac_
434 1033 566 1086 mihi
614 1034 874 1104 porrexit,
917 1043 971 1089 et
1013 1035 1062 1089 ei
1090 1035 1144 1088 in
1189 1035 1396 1106 synodo
1445 1036 1720 1106 exemplar
1767 1036 1911 1091 illius

319 1121 536 1175 donavi.
570 1123 630 1176 In
673 1123 912 1177 crastino
951 1131 1150 1189 autem,
1201 1123 1256 1176 id
1303 1131 1383 1178 est
1429 1140 1505 1177 xv
1553 1125 1675 1178 Kal.
1719 1123 1906 1190 Julias,

319 1209 551 1263 domnus
579 1211 884 1266 Harduicus
924 1211 1386 1281 archiepiscopus,
1434 1212 1529 1266 tali
1571 1213 1735 1267 modo
1773 1213 1912 1268 sicut

319 1298 576 1367 praemisi,
609 1299 852 1353 libellum
883 1300 953 1353 ab
983 1315 1048 1353 eo
1079 1299 1209 1352 mihi
1240 1300 1504 1355 directum
1536 1301 1702 1354 dedit.
1733 1301 1801 1354 Et
1831 1301 1912 1354 ni-

316 1385 391 1438 hil
421 1393 630 1455 postea,
665 1387 904 1458 quandiu
933 1387 988 1440 in
1018 1387 1286 1443 Attiniaco
1316 1387 1536 1454 fuimus,
1588 1389 1712 1442 inde
1741 1389 1909 1444 Hinc-

315 1489 496 1527 marus
539 1475 626 1529 vel
663 1476 850 1540 verbo,
893 1475 981 1529 vel
1027 1475 1229 1545 scripto
1276 1475 1533 1546 quiddam
1583 1477 1714 1529 mihi
1757 1477 1906 1531 dixit.

317 1561 422 1630 Qui
452 1562 664 1616 etiamsi
695 1563 823 1616 mihi
853 1563 1054 1634 aliquid
1083 1563 1208 1618 inde
1238 1563 1482 1630 dixisset,
1517 1565 1910 1634 responderem

316 1650 394 1704 illi
424 1666 495 1704 ex
523 1652 729 1706 Jacobo
755 1669 767 1704 :
801 1652 974 1715 Petis,
1008 1655 1064 1706 et
1091 1668 1206 1706 non
1239 1653 1464 1724 accipis,
1501 1669 1560 1708 eo
1592 1654 1734 1725 quod
1761 1655 1910 1708 male

311 1741 458 1809 petis
505 1739 640 1806 (Jac.
694 1741 792 1808 tv).
843 1738 984 1806 Quia
1031 1740 1285 1808 injustum
1329 1749 1488 1811 atque
1534 1740 1906 1795 irrationabile
1935 1769 1988 1828 B

314 1835 417 1893 est,
469 1835 524 1880 ut
569 1827 1012 1897 archiepiscopus
1051 1843 1083 1881 a
1123 1827 1296 1883 sacris
1341 1828 1642 1883 canonibus
1689 1829 1907 1883 exorbi-

312 1924 433 1969 tans
475 1915 756 1970 excedenti
806 1915 1062 1986 episcOpo
1111 1915 1477 1987 suffraganeo,
1529 1925 1580 1970 et
1610 1933 1642 1970 a
1671 1933 1729 1970 se
1761 1917 1911 1971 ordi-

313 2012 462 2068 nato,
507 2002 864 2073 professionis
895 2019 959 2058 ac
990 2004 1403 2074 subscriptionis
1441 2020 1553 2059 sua
1599 2005 1782 2059 libello
1818 2021 1908 2059 sa-

314 2089 566 2146 tisfaciat.
602 2091 750 2146 Sicut
783 2092 926 2146 enim
958 2093 1257 2148 secundum
1289 2092 1643 2162 Scripturam,
1675 2093 1854 2147 minor
1881 2109 1912 2146 a

314 2179 520 2246 majore
560 2180 898 2235 benedicitur
935 2198 947 2234 :
982 2181 1056 2234 ita
1109 2197 1331 2251 prorsus
1375 2181 1554 2235 minor
1600 2198 1630 2234 a
1679 2183 1909 2251 majore,

312 2276 365 2322 et
398 2284 506 2322 non
527 2269 702 2336 major
723 2285 755 2322 a
776 2269 985 2323 minore
1002 2269 1293 2338 judicatur,
1325 2269 1538 2340 ligatur,
1570 2277 1621 2324 et
1647 2269 1907 2325 solvitur:

315 2355 454 2410 sicut
486 2364 536 2410 et
555 2356 608 2410 in
635 2357 869 2412 decretis
890 2359 948 2411 B.
971 2357 1171 2412 Gelasii
1203 2358 1624 2413 demonstratur.

388 2445 468 2498 De
497 2461 563 2498 eo
593 2445 741 2516 quod
785 2446 1170 2516 subsequitur:
1210 2466 1231 2496 α
1266 2447 1405 2500 Nam
1438 2446 1573 2500 sicut
1595 2447 1706 2514 jam
1755 2445 1911 2500 vobis

313 2532 594 2603 rescripsi,
653 2533 721 2587 ad
769 2533 914 2588 illam
971 2533 1239 2603 synodum
1284 2550 1382 2604 pro
1428 2534 1784 2605 responsione
1841 2533 1912 2588 ad

313 2621 524 2675 litteras
585 2620 771 2676 domni
834 2621 1118 2691 apostolici
1185 2637 1270 2676 me
1317 2621 1575 2676 vocasti:
1622 2622 1690 2675 ad
1751 2637 1908 2692 quam

309 2710 557 2775 veniens,
591 2725 700 2764 non
727 2709 874 2763 illam
896 2725 984 2764 me
1015 2709 1220 2764 intrare
1249 2709 1571 2779 permisistis
1595 2729 1608 2775 ;
1644 2709 1740 2763 sed
1762 2716 1913 2763 extra

310 2797 476 2862 fores,
512 2806 568 2851 ut
598 2797 883 2868 privilegio
914 2805 1106 2852 vestrae
1138 2797 1284 2860 sedis
1315 2798 1717 2852 subscriberem
1748 2813 1910 2851 man-

311 2886 504 2940 dastis.
545 2906 567 2935 »
599 2885 772 2951 Dicat,
808 2901 907 2956 per
935 2902 1095 2956 quem
1125 2886 1228 2940 hoc
1267 2885 1342 2938 illi
1374 2893 1526 2938 extra
1555 2884 1701 2939 fores
1749 2901 1910 2938 man-

312 2975 436 3028 davi
459 2994 478 3041 ;
501 2981 552 3028 et
583 2974 852 3039 ostendat,
887 2975 1162 3044 quomodo
1189 2989 1381 3029 verum
1411 2989 1532 3027 esse
1558 2971 1748 3043 possit,
1786 2989 1914 3044 quo.

309 3062 456 3117 niam
486 3063 555 3117 ad
574 3062 840 3133 synodum
858 3061 1102 3127 veniens,
1137 3077 1245 3116 non
1262 3061 1410 3115 illum
1432 3077 1550 3115 eam
1574 3077 1678 3133 ego
1707 3061 1909 3115 intrare

310 3149 672 3221 permiserim.
718 3151 860 3204 Nam
917 3157 1205 3220 postquam
1249 3150 1318 3203 ad
1363 3149 1686 3204 Attiniacum
1738 3149 1904 3216 venit,

311 3239 748 3311 quandocunque
780 3237 835 3292 in
880 3237 1090 3307 synodo
1139 3236 1355 3302 fuimus,
1391 3244 1442 3290 et
1472 3236 1588 3306 ipse
1618 3235 1860 3290 interfuit
1895 3254 1907 3290 :

314 3336 368 3382 et
399 3343 584 3383 coram
614 3326 705 3380 illo
722 3327 776 3380 in
806 3326 1014 3396 synodo
1046 3342 1106 3380 ea
1130 3342 1250 3396 qum
1281 3325 1451 3380 semel
1475 3332 1526 3379 et
1552 3325 1789 3379 secundo
1809 3339 1910 3394 pro

313 3415 680 3471 dissolvendis
706 3414 874 3485 ipsius
905 3413 1084 3484 impiis
1130 3412 1566 3485 colligationibus
1594 3412 1663 3466 ad
1689 3427 1813 3466 eum
1844 3428 1910 3466 ex

311 3503 634 3576 evangelica
675 3503 919 3568 veritate,
954 3510 1006 3556 et
1035 3518 1100 3556 ex
1131 3501 1365 3556 decretis
1410 3499 1721 3570 apostolicae
1764 3499 1911 3553 sedis

314 3593 690 3662 decreveram,
741 3591 938 3647 relecta
980 3590 1217 3644 fuerunt.
1264 3590 1334 3642 Et
1368 3588 1424 3642 in
1470 3588 1677 3657 synodo
1725 3603 1911 3642 coram

216 3663 230 3674 ”
313 3681 428 3748 illo,
463 3681 714 3736 omnibus
760 3679 1125 3745 audientibus,
1161 3677 1374 3732 Otulfus
1421 3676 1710 3746 episcopus
1756 3675 1907 3742 dixit,

311 3786 439 3826 eum
478 3786 622 3840 saepe
666 3769 867 3838 dicere,
921 3767 1054 3821 sicut
1099 3773 1151 3821 et
1195 3766 1284 3820 alii
1334 3781 1455 3820 cum
1504 3779 1568 3820 eo
1614 3763 1911 3818 audiebant

310 3857 573 3930 episcopi,
599 3857 743 3929 quod
771 3857 994 3928 plenam
1012 3856 1236 3910 buccam
1268 3853 1335 3908 de
1365 3869 1509 3925 aqua
1528 3868 1638 3907 non
1666 3851 1911 3907 valerent

309 3949 405 4002 illa
436 3963 558 4019 quae
585 3947 930 4019 legebantur.

387 4035 546 4104 Quod
576 4035 703 4090 dicit
735 4051 793 4089 se
821 4032 1191 4104 respondisse,
1239 4029 1361 4102 quia
1399 4045 1675 4101 nunquam
1719 4036 1911 4083 contra

312 4123 654 4197 privilegium
719 4139 922 4192 meum,
982 4120 1128 4192 quod
1183 4119 1239 4173 in
1295 4117 1613 4188 metropolis
1681 4116 1910 4171 civitatis

315 4213 580 4284 dignitate
625 4211 829 4282 accepi,
880 4208 1145 4264 fecisset:
1189 4222 1287 4261 vos
1323 4206 1584 4282 judicate,
1636 4204 1680 4257 si
1725 4210 1909 4257 contra

312 4301 662 4374 privilegium
731 4297 1203 4368 metropolitanum
1257 4294 1312 4347 in
1360 4293 1444 4347 his
1511 4309 1630 4364 qua:
1686 4290 1910 4344 audistis

309 4389 695 4463 quoquomodo
726 4387 928 4442 fecerit.

2016 513 2327 569 Alexander
2366 516 2444 569 illi
2481 533 2700 572 manum
2743 520 3069 593 porrigeret.
3119 525 3410 580 Videamus
3460 542 3600 598 quo-

2012 602 2177 656 modo
2223 603 2298 656 illi
2339 605 2642 672 conveniat,
2695 615 2746 662 et
2791 624 3013 664 manum
3059 612 3135 667 illi
3171 615 3412 686 porrigat
3456 615 3603 686 quod

2015 689 2070 741 S.
2104 690 2408 746 Alexander
2436 693 2695 749 decrevit.
2726 695 2815 750 Ait
2845 698 2986 752 enim
3014 699 3068 753 in
3097 701 3321 770 epistola
3351 703 3601 757 omnibus

2013 778 2324 832 orthodoxis
2362 796 2458 849 per
2504 781 2751 837 diversas
2797 785 3107 855 provincias
3151 789 3382 844 Domino
3430 789 3603 845 famu-

2012 863 2247 919 lantibus
2269 865 2453 938 (epist.
2491 869 2543 939 1)
2569 887 2582 922 :
2620 891 2642 918 π
2676 871 2774 926 Est
2804 873 2962 927 etiam
2993 883 3045 929 et
3072 876 3176 931 hoc
3205 877 3276 931 ad
3303 877 3442 933 hanc
3471 893 3603 933 san-

2013 961 2154 1008 ctam
2199 955 2465 1024 perlatum
2515 958 2700 1012 sedem
2745 962 2888 1030 quod
2931 962 3098 1032 pudet
3127 964 3355 1030 dicere;
3400 973 3452 1020 et
3493 981 3603 1021 non

2013 1041 2187 1095 solum
2234 1044 2574 1112 sacerdotali,
2617 1047 2714 1101 sed
2762 1049 2919 1102 etiam
2967 1052 3114 1105 omni
3152 1052 3456 1108 Christiano
3499 1068 3604 1109 no-

2012 1129 2144 1182 mini
2173 1137 2254 1183 est
2284 1131 2578 1187 inimicum.
2614 1135 2670 1189 Id
2699 1143 2799 1202 est,
2834 1139 2979 1208 quod
3002 1141 3288 1196 nonnullos
3319 1142 3605 1213 episcopos

2012 1225 2100 1271 aut
2143 1220 2455 1274 sacerdotes
2494 1229 2585 1275 aut
2612 1230 2758 1278 metu
2802 1226 3150 1296 compellunt,
3196 1237 3287 1283 aut
3323 1229 3375 1284 vi
3418 1238 3603 1285 extor-

2012 1314 2196 1376 quent,
2248 1315 2337 1360 aut
2382 1307 2569 1364 fraude
2623 1311 2919 1382 decipiunt,
2975 1315 3185 1386 aliquos
3244 1317 3604 1374 confessionis

2013 1410 2124 1448 suae
2155 1394 2211 1448 in
2243 1395 2466 1451 alteram
2497 1406 2708 1468 partem
2746 1418 2904 1472 quam
2935 1403 3186 1470 debeant,
3224 1413 3314 1459 aut
3342 1422 3443 1476 pro
3473 1423 3604 1462 sua-

2013 1498 2131 1535 rum
2178 1499 2287 1536 non
2329 1485 2681 1555 requisitione
2734 1505 2916 1544 rerum
2955 1509 2967 1556 ;
3016 1499 3126 1558 aut,
3180 1493 3325 1564 quod
3365 1493 3605 1550 deterius

2013 1577 2113 1635 est,
2167 1571 2327 1626 alieni
2382 1573 2582 1628 erroris
2643 1583 2818 1631 sectas
2873 1576 2993 1649 [al.,
3041 1596 3142 1650 pro
3188 1579 3349 1634 alieni
3405 1581 3604 1638 erroris

2012 1657 2201 1729 secta],
2237 1660 2530 1730 scripturas
2561 1661 2760 1729 facere,
2796 1672 2848 1718 et
2877 1667 3109 1737 pr0priis
3155 1667 3405 1724 manibus
3434 1669 3603 1725 robo-

2012 1761 2155 1812 rare,
2219 1755 2270 1802 et
2325 1763 2509 1803 coram
2568 1751 2782 1821 populis
2839 1754 3069 1808 recitare
3127 1763 3286 1827 atque
3340 1755 3602 1813 confiteri.

2012 1833 2236 1905 Aliquos
2286 1836 2470 1892 dicunt
2508 1839 2818 1894 carceribus
2847 1848 2900 1894 et
2938 1843 3229 1914 ergastulis
3274 1844 3500 1911 recludi,
3547 1852 3607 1900 ut

2014 1922 2203 1977 saltem
2249 1923 2333 1978 his
2372 1925 2544 1980 territi
2583 1927 2793 1983 insidiis
2837 1929 3053 1984 devient
3091 1932 3307 1986 Domini
3345 1933 3604 1989 sacerdo-

2011 2001 2114 2076 tes,
2149 2020 2200 2066 et
2230 2013 2341 2066 suis
2384 2013 2599 2069 faveant
2645 2016 3037 2073 voluntatibus.
3083 2039 3105 2068 υ
3139 2020 3206 2074 Et
3235 2020 3479 2090 plurimis
3508 2036 3604 2076 ca-

2009 2099 2192 2170 pitulis
2229 2100 2562 2171 interpositis
2600 2102 2792 2158 iterum
2830 2105 2956 2161 hinc
2987 2105 3116 2161 dicit
3144 2107 3214 2161 ad
3242 2107 3440 2174 locum,
3485 2125 3608 2179 quae

2011 2187 2335 2243 Hincmarus
2381 2190 2798 2246 adulterantium
2839 2193 3002 2248 modo
3044 2193 3100 2248 in
3147 2195 3325 2250 rotula
3355 2211 3454 2250 sua
3498 2211 3604 2267 po-

2013 2276 2116 2330 suit
2166 2295 2178 2330 :
2225 2298 2247 2327 «
2299 2277 2555 2332 Similiter
2592 2279 2636 2332 si
2685 2280 2991 2349 hujusmodi
3044 2283 3295 2352 personis
3354 2285 3604 2356 quaedam

2012 2364 2292 2434 scripturae
2335 2367 2716 2436 quoquomodo
2773 2384 2874 2438 per
2916 2377 3134 2440 metum,
3196 2377 3288 2424 aut
3334 2370 3601 2440 fraudem,

2011 2456 2102 2501 aut
2130 2464 2228 2517 per
2255 2449 2362 2503 vim
2394 2456 2632 2512 extortae,
2665 2450 2885 2518 fuerint,
2918 2453 3004 2506 vel
3035 2461 3093 2506 ut
3121 2453 3605 2524 se'liberare'pos-

2012 2543 2149 2601 sent,
2211 2552 2535 2608 quocunque
2583 2538 2653 2591 ab
2703 2538 2781 2592 eis
2829 2540 3150 2610 conscriptae
3201 2541 3287 2596 vel
3334 2543 3602 2599 roborataa

2011 2621 2209 2677 fuerint
2266 2623 2507 2696 ingenio,
2568 2625 2634 2679 ad
2698 2625 2903 2680 nullum
2960 2627 3040 2681 eis
3102 2628 3457 2699 prajudicium
3515 2637 3607 2685 aut

2009 2719 2392 2766 nocumentum
2422 2713 2714 2783 provenire
2758 2730 3076 2770 censemus:
3108 2732 3284 2788 neque
3314 2716 3478 2772 ullam
3508 2733 3604 2774 eos

2010 2799 2306 2865 infamiam,
2349 2808 2440 2854 aut
2482 2801 2824 2869 calumniam,
2869 2811 2960 2857 aut
2987 2819 3020 2858 a
3051 2804 3163 2858 suis
3211 2805 3602 2875 sequestratio-

2009 2903 2132 2942 nem
2165 2888 2340 2954 bonis,
2378 2905 2613 2959 unquam
2641 2897 2863 2944 auctore
2897 2891 3114 2960 domno,
3149 2899 3202 2945 et
3234 2892 3435 2948 sanctis
3464 2907 3602 2963 apo-

2011 2975 2164 3029 stolis
2193 2992 2490 3046 eorumque
2537 2977 2970 3044 successoribus,
3014 2978 3284 3034 sustinere
3325 2979 3604 3050 permitte-

1989 3061 2151 3116 'mus.
2200 3063 2483 3119 Confessio
2529 3081 2658 3120 vero
2687 3065 2740 3118 in
2783 3065 2980 3120 talibus
3023 3081 3131 3121 non
3181 3068 3462 3137 compulsa
3503 3067 3602 3122 sed

2012 3160 2311 3220 spontanea
2351 3150 2465 3205 ﬁeri
2507 3153 2709 3207 debet:
2743 3152 2861 3223 ipso
2901 3161 3185 3208 attestante
3225 3154 3319 3226 qui
3359 3154 3432 3208 ait
3467 3172 3479 3208 :
3513 3156 3600 3210 Ea:

2010 3241 2171 3294 corde
2187 3242 2340 3294 enim
2363 3241 2675 3311 procedunt
2696 3242 3016 3308 homicidia,
3036 3243 3338 3310 adulteria,
3361 3243 3603 3304 fornicw

2012 3328 2210 3393 tiones,
2245 3328 2599 3399 blasphemia:
2615 3329 2836 3397 (Matth.
2861 3328 2980 3399 ιν),
3002 3337 3055 3383 et
3075 3337 3292 3398 caetera,
3327 3345 3446 3402 quae
3478 3338 3604 3386 sunt

2011 3415 2079 3468 ad
2111 3415 2224 3469 haec
2240 3415 2581 3485 pertinentia.
2605 3416 2720 3472 Nec
2750 3423 2958 3471 tantum
2981 3416 3309 3472 attendenda
3326 3425 3451 3472 sunt
3478 3435 3600 3489 quae

2011 3501 2161 3568 fiunt,
2211 3511 2472 3573 quantum
2511 3520 2616 3574 quo
2665 3505 2846 3560 animo
2874 3502 3028 3558 fiant.
3067 3526 3088 3554 υ
3123 3507 3190 3559 Ει
3232 3506 3395 3576 paulo
3439 3514 3595 3576 post:

2014 3613 2036 3642 «
2074 3592 2226 3646 Unde
2258 3600 2309 3646 et
2338 3591 2471 3645 illud
2493 3599 2592 3659 est,
2637 3593 2782 3662 quod
2821 3592 3084 3647 Dominus
3113 3593 3180 3646 ad
3210 3608 3436 3648 munera
3464 3593 3603 3648 Abel

2009 3679 2267 3750 respexit,
2299 3687 2352 3734 et
2392 3695 2502 3733 non
2548 3680 2619 3734 ad
2663 3680 2839 3747 Cain;
2875 3680 2996 3752 quia
3039 3680 3214 3753 magis
3262 3681 3487 3735 attendit
3533 3681 3602 3736 ad

2010 3767 2286 3823 offerentis
2329 3768 2582 3837 animum,
2631 3785 2792 3840 quam
2831 3767 2901 3823 ad
2936 3783 3002 3822 ea
3049 3785 3170 3840 quae
3218 3767 3535 3824 offeruntur.
3574 3787 3598 3818 ι

2079 3856 2436 3912 Conferamus
2465 3857 2633 3912 verba
2661 3858 2722 3911 B.
2753 3857 3045 3912 Alexandri
3074 3873 3197 3913 cum
3238 3856 3600 3928 professione,

2008 3961 2074 4000 ac
2104 3945 2499 4015 subscriptione
2529 3945 2824 4000 Hincmari.
2878 3945 3185 4000 Alexander
3211 3945 3342 4001 dicit
3370 3945 3603 4000 nonnul-

2008 4033 2090 4088 los
2122 4033 2409 4103 episc0pos
2441 4034 2523 4086 vel
2557 4034 2891 4100 sacerdotes,
2923 4040 3012 4087 aut
3039 4040 3185 4088 metu
3210 4032 3482 4102 compelli,
3510 4039 3603 4087 aut

2010 4121 2060 4174 vi
2091 4121 2418 4191 extorqueri,
2454 4128 2546 4173 aut
2575 4121 2766 4174 fraude
2804 4120 3000 4190 decipi,
3049 4120 3254 4191 aliquas
3301 4119 3599 4176 confessio-

2007 4209 2092 4262 nis
2130 4225 2240 4262 sure
2272 4208 2325 4260 in
2354 4207 2572 4261 alteram
2611 4215 2820 4277 partem
2868 4223 3028 4278 quam
3066 4208 3319 4273 debeant,
3364 4213 3456 4260 aut
3495 4221 3597 4276 pro

2009 4313 2226 4350 suarum
2256 4311 2364 4349 non
2403 4294 2749 4366 requisitione
2787 4311 2990 4361 rerum,
3025 4303 3135 4360 aut,
3171 4294 3316 4365 quod
3359 4293 3597 4348 deterius

2009 4392 2108 4449 est,
2157 4384 2317 4460 alieni
2355 4383 2552 4438 erroris
2583 4391 2778 4449 sectas,
2827 4383 3123 4454 scripturas
3161 4382 3362 4451 facere,
3393 4389 3445 4436 et
3470 4395 3596 4452 pro-

388 4478 546 4547 Quod
573 4476 701 4531 dicit
730 4493 788 4529 se
819 4475 1004 4529 sedem
1036 4470 1393 4544 apostolicam
1436 4468 1741 4540 appellasse
1771 4485 1784 4520 ε
1817 4466 1903 4520 di-
1935 4466 1987 4526 D
2007 4473 2139 4543 priis
2181 4473 2427 4526 manibus
2469 4472 2743 4539 roborare,
2778 4481 2830 4526 et
2872 4487 3058 4528 coram
3101 4471 3314 4542 p0pulis
3363 4469 3595 4525 recitare

313 4577 402 4624 cat
449 4565 569 4638 quis
600 4565 650 4619 ei
679 4562 1022 4627 contradixit,
1054 4569 1111 4615 ut
1144 4575 1296 4615 suam
1339 4557 1751 4630 appellationem
1799 4570 1907 4609 non

312 4661 750 4728 prosequeretur.

390 4743 547 4812 Quod
576 4741 722 4810 dicit,
766 4755 867 4812 qua
913 4739 1144 4809 domnus
1188 4753 1278 4792 rex
1311 4752 1430 4790 mea
1470 4733 1704 4789 factione
1750 4731 1909 4785 insti-

314 4841 494 4906 gatus,
543 4830 632 4902 qui
674 4829 840 4900 priori
889 4827 977 4882 die
1024 4827 1251 4891 dixerat,
1303 4841 1362 4879 se
1406 4823 1536 4877 nihil
1578 4821 1655 4875 illi
1698 4837 1763 4875 ex
1813 4835 1912 4875 sua

315 4927 473 4993 parte
531 4919 844 4973 discredere
885 4934 898 4982 ;
946 4923 996 4970 et
1039 4923 1226 4985 postea
1274 4913 1424 4966 illum
1487 4911 1719 4964 minatus
1769 4916 1848 4963 est
1894 4925 1907 4962 :

314 5007 502 5064 domni
531 5007 677 5079 regis
706 5004 992 5076 responsio
1021 5003 1222 5057 valebit
1255 4999 1518 5054 sufficere.

391 5096 548 5166 Quod
577 5095 724 5160 dicit,
773 5093 896 5164 quia
934 5092 1017 5147 sui
1066 5091 1683 5158 hominescogerentur
1731 5099 1911 5140 rewa-

239 5225 244 5232 -
315 5186 489 5251 diare,
539 5183 683 5256 quod
731 5182 880 5236 illum
910 5181 964 5235 in
994 5180 1177 5235 villam
1223 5177 1530 5231 Pauliacum
1575 5174 1743 5228 secuti
1789 5173 1912 5229 fue-

318 5283 442 5330 rant
479 5291 492 5327 :
545 5272 591 5326 si
619 5269 1004 5335 rcwadiabant,
1037 5267 1163 5339 quia
1205 5262 1652 5319 irrationabiliter
1697 5278 1821 5316 eum
1859 5261 1913 5314 in

317 5362 637 5418 Pauliacum
667 5359 836 5415 secuti
877 5365 1050 5422 erant,
1099 5369 1299 5427 negare
1336 5368 1445 5406 non
1476 5358 1652 5421 potest
1682 5365 1742 5404 se
1791 5365 1913 5404 esse

317 5460 601 5507 auctorem
629 5448 800 5520 ipsius
827 5442 1317 5502 irrationabilitatis.

392 5547 553 5618 Quod
593 5546 742 5615 dicit,
775 5544 818 5601 si
859 5543 1023 5601 etiam
1066 5541 1121 5596 in
1166 5536 1559 5609 subscriptione
1601 5533 1691 5590 illa
1740 5532 1912 5590 habe-

2013 4570 2174 4632 atque
2222 4560 2486 4618 confiteri.
2521 4561 2587 4615 Et
2613 4561 2932 4616 Hincmarus
2970 4559 3253 4631 professus
3283 4567 3384 4624 est,
3431 4565 3596 4628 atque

2011 4649 2330 4720 subscripsit
2371 4651 2471 4704 hoc
2517 4649 2720 4704 modo:
2769 4671 2789 4698 α
2840 4650 2960 4720 Ego
3009 4648 3328 4702 Hincmarus
3375 4644 3594 4699 Laudu-

2010 4739 2194 4793 nensis
2226 4737 2486 4793 Ecclesiae
2507 4737 2794 4808 episcopus
2822 4736 3015 4790 amodo
3038 4743 3090 4789 et
3110 4734 3366 4803 deinceps
3396 4733 3596 4788 domno

2011 4827 2211 4882 seniori
2253 4841 2375 4881 meo
2415 4826 2607 4881 Carolo
2649 4825 2765 4897 regi
2795 4824 2871 4878 sic
2913 4822 3089 4877 fidelis
3120 4830 3169 4876 et
3194 4821 3456 4876 obediens
3504 4835 3598 4875 se-

2011 4916 2248 4971 cundum
2303 4914 2657 4969 ministerium
2698 4928 2877 4966 meum
2934 4926 3050 4976 ero,
3096 4909 3231 4964 sicut
3285 4909 3449 4964 homo
3497 4924 3598 4964 suo

2012 5003 2230 5069 seniori,
2263 5012 2314 5057 et
2344 5003 2632 5074 episcopus
2670 5015 2770 5071 per
2798 5006 3001 5054 rectum
3043 5013 3142 5052 suo
3171 4997 3291 5070 regi
3333 5013 3455 5052 esse
3494 4997 3597 5051 de-

2013 5092 2120 5147 bet.
2156 5094 2233 5147 Ac
2258 5091 2542 5163 privilegio
2571 5087 2844 5143 Hincmari
2872 5085 3272 5156 metropolitani
3303 5083 3599 5156 provinciae

2012 5181 2338 5235 Rhemorum
2381 5177 2658 5242 Ecclesiae,
2707 5175 3002 5231 secundum
3046 5189 3230 5230 sacros
3278 5187 3516 5237 canones
3547 5179 3602 5226 et

2014 5269 2232 5324 decreta
2280 5267 2424 5322 sedis
2471 5263 2778 5335 apostolicae
2817 5280 2881 5317 ex
2913 5263 3079 5318 sacris
3125 5261 3422 5318 canonibus
3465 5276 3600 5331 pro-

2013 5357 2274 5428 mulgata,
2314 5370 2413 5424 pro
2459 5354 2595 5408 scire
2624 5360 2677 5408 et
2720 5367 2881 5423 posse
2924 5367 3012 5406 me
3050 5350 3386 5406 obediturum
3428 5345 3599 5418 profi-

2015 5453 2149 5512 teor,
2185 5451 2235 5498 et
2265 5442 2568 5498 subscribo.
2606 5461 2627 5490 »
2659 5442 2718 5494 In
2748 5456 2850 5512 qua
2891 5438 3233 5511 professione
3273 5444 3324 5491 et
3351 5433 3597 5491 subscri-

2013 5533 2193 5605 ptione
2252 5530 2382 5586 nihil
2439 5529 2740 5587 continetur
2791 5529 2858 5584 de
2911 5529 2997 5582 his
3049 5543 3170 5598 quae
3228 5523 3432 5581 servari
3488 5534 3597 5578 non
