4174 6310
572 301 677 358 627

1465 295 1808 352 HINCMARI
1834 292 2232 350 RHEMENSIS
2259 291 2791 350 ARCHIEPISCOPI

3781 294 3884 346 628

569 423 801 479 debent:
834 435 937 476 nec
980 419 1188 492 aliquid
1228 419 1302 474 ibi
1344 427 1502 482 sonat
1530 420 1600 476 de
1638 418 1981 476 confessione
2010 419 2066 473 in
2095 418 2178 472 al-
2203 419 2260 480 A
2279 418 2552 476 dicentum
2568 434 2635 474 ex
2651 433 2747 472 sua
2760 430 3034 488 persona:
3061 437 3084 466 α
3111 416 3271 471 Certe
3293 415 3340 470 si
3361 431 3469 472 non
3487 423 3872 472 nocetextorta

571 519 747 566 teram
777 517 992 580 partem
1025 524 1191 580 quam
1227 509 1443 579 debeat,
1474 525 1652 580 neque
1684 523 1786 578 pro
1815 523 2039 562 suarum
2065 522 2177 561 non

569 597 926 670 requisitione
969 613 1175 664 rerum,
1206 613 1385 670 neque
1415 597 1484 652 de
1523 597 1686 652 sectis
1724 597 1888 652 alieni
1933 595 2172 651 erroris:

568 701 673 742 nec
718 701 846 742 eum
909 686 1217 758 quisquam,
1268 693 1326 740 ut
1369 685 1757 751 subscriberet,
1809 691 1902 740 aut
1946 683 2000 738 in
2047 697 2176 740 car-

571 789 720 843 cere,
789 781 883 829 aut
946 773 1004 828 in
1067 774 1347 846 ergastulo
1407 773 1649 838 reclusit,
1712 780 1770 827 ut
1817 771 1903 826 his
1960 772 2176 826 territus

573 861 809 932 insidiis,
856 862 1075 918 Domini
1121 862 1364 918 deviaret
1404 861 1684 928 sacerdos,
1717 867 1770 916 et
1811 859 2174 916 voluntatibus

579 948 773 1006 alienis
801 948 1026 1006 faveret.

1149 1055 1372 1111 CAPUT
1391 1053 1648 1109 XXXIV.

870 1142 1136 1214 Ejusdem
1161 1143 1529 1214 refutationis
1555 1142 1931 1199 continuatio.

574 1234 584 1240 ”
653 1231 735 1287 De
777 1246 844 1286 eo
891 1229 1035 1302 quod
1077 1229 1279 1284 ibidem
1325 1229 1714 1302 subsequitur:
1750 1251 1773 1276 α
1814 1229 1872 1284 Si
1899 1243 2010 1284 non
2051 1234 2173 1282 sunt

577 1326 789 1374 tantum
835 1317 1163 1373 attendenda
1192 1333 1312 1390 quae
1340 1315 1491 1384 ﬁunt,
1540 1323 1802 1388 quantum
1841 1331 1950 1388 quo
1993 1315 2172 1371 animo

575 1405 740 1474 ﬁant;
775 1421 882 1478 quo
918 1405 1102 1460 animo
1143 1421 1250 1478 ego
1293 1405 1428 1460 illud
1464 1404 1708 1473 fecerim,
1756 1421 1935 1477 neque
1975 1419 2172 1476 parum

579 1493 758 1550 sciens
787 1493 987 1564 poterit
1014 1494 1273 1565 ignorare
1297 1511 1311 1548 :
1345 1493 1438 1564 qui
1467 1493 1628 1550 etiam
1658 1492 1830 1548 multo
1857 1492 2019 1564 plura
2045 1499 2173 1548 tunc

578 1596 759 1638 essem
801 1580 1060 1649 facturus,
1088 1589 1147 1636 ut
1175 1597 1329 1637 meos
1360 1581 1454 1653 qui
1481 1581 1686 1637 innoxii
1723 1589 1898 1647 erant,
1929 1588 1981 1636 et
2010 1595 2173 1636 causa

577 1669 687 1725 mei
713 1668 1184 1741 opprimebantur,
1216 1685 1437 1740 possem
1464 1669 1718 1724 liberare.
1757 1689 1780 1719 ι
1815 1668 2012 1723 Paulus
2041 1683 2173 1738 apo-

2278 505 2570 572 confessio,
2601 521 2713 560 non
2741 505 2900 561 obest
2929 512 3138 560 extorta
3167 504 3494 575 subscriptio
3518 523 3532 558 :
3570 525 3594 554 ι
3627 504 3734 559 nisi
3763 521 3877 576 pd:-

2276 594 2555 649 nitentiam
2587 593 2776 666 egerit,
2814 593 2981 649 credo
3010 592 3162 647 illum
3189 593 3331 648 inter
3359 592 3463 648 alia
3491 593 3560 648 de
3589 593 3697 648 hoc
3723 608 3876 648 men-

2277 681 2434 738 dacio
2464 682 2534 737 ab
2561 681 2770 736 eisdem
2799 681 3001 737 sanctis
3040 681 3310 752 episcopis
3351 681 3728 750 judicandum.
3763 681 3874 737 Sed

2276 778 2329 826 et
2356 786 2387 824 a
2415 770 2574 825 beato
2604 769 2876 842 Gregorio
2907 769 3398 835 condemnandum,
3433 769 3524 841 qui
3556 769 3774 840 scripsit
3805 769 3875 824 ad

2275 857 2638 914 Theoctistam
2664 857 2945 928 patriciam
2973 857 3038 927 (ι.
3073 873 3152 926 ιιι,
3185 873 3269 930 ep.
3303 856 3394 928 39)
3427 875 3441 912 :
3480 878 3502 907 ι
3537 857 3594 912 Si
3622 858 3717 930 qui
3746 867 3871 912 sunt

2275 947 2368 1018 qui
2395 947 2597 1011 dicunt,
2630 945 2754 1018 quia
2796 945 3109 1016 compulsus
3148 945 3413 1017 quispiam
3451 945 3781 1002 necessitate
3811 961 3870 1002 se

2274 1033 2832 1101 anathematizaverit,
2879 1034 3238 1090 anathematis
3280 1033 3496 1090 vinculo
3523 1049 3634 1089 non
3672 1033 3866 1095 teneri.

2272 1123 2378 1194 ipsi
2407 1122 2511 1177 sibi
2542 1130 2709 1178 testes
2749 1129 2892 1188 sunt,
2925 1123 3052 1194 quia
3093 1122 3378 1178 Christiani
3405 1137 3515 1177 non
3541 1131 3666 1177 sunt
3697 1139 3713 1177 :
3745 1122 3871 1194 quia

2271 1209 2570 1282 ligamenta
2597 1217 2800 1266 sanctae
2827 1210 3090 1266 Ecclesiae
3124 1210 3282 1266 vanis
3312 1226 3371 1266 se
3401 1209 3671 1266 aestimant
3699 1225 3869 1267 cona-

2271 1298 2414 1354 tibus
2445 1298 2660 1355 solvere
2691 1317 2705 1353 :
2741 1314 2806 1354 ac
2833 1315 2934 1370 per
2975 1299 3081 1355 hoc
3109 1314 3211 1354 nec
3239 1297 3637 1354 absolutionem
3667 1307 3873 1356 sanctae

2271 1385 2556 1453 Ecclesia},
2587 1402 2748 1458 quam
2795 1393 3020 1458 praestat
3051 1384 3321 1454 ﬁdelibus,
3367 1402 3553 1442 veram
3581 1393 3792 1458 putant,
3826 1387 3873 1442 si

2271 1473 2532 1546 ligaturas
2561 1475 2676 1543 ejus
2694 1474 2880 1531 valere
2908 1489 3018 1530 non
3037 1474 3324 1531 aestimant.
3358 1473 3560 1530 Contra
3575 1491 3715 1546 quos
3744 1475 3872 1530 diu-

2269 1561 2376 1616 tius
2392 1563 2777 1633 disputandum
2805 1577 2916 1618 non
2936 1570 3036 1629 est,
3062 1562 3192 1634 quia
3216 1579 3316 1633 per
3333 1562 3513 1618 omnia
3532 1563 3872 1634 despiciendi

2269 1657 2324 1704 et
2342 1650 2832 1706 anathematizandi
2849 1659 2992 1721 sunt,
3027 1658 3079 1706 et
3105 1651 3248 1706 unde
3279 1667 3338 1706 se
3359 1650 3550 1707 fallere
3581 1650 3869 1707 veritatem

569 1737 767 1814 stolus—
779 1737 908 1813 dicit
933 1775 947 1812 :
979 1759 1098 1814 Lex
1127 1737 1244 1814 non
1269 1761 1354 1814 est
1377 1759 1564 1830 posita
1583 1757 1780 1830 justiti,
1812 1758 1908 1813 sed
1939 1737 2169 1828 injustis

2272 1737 2522 1808 credunt,
2573 1738 2699 1797 inde
2724 1738 2781 1792 in
2808 1738 3046 1810 peccatis
3083 1739 3196 1794 suis
3239 1739 3486 1794 veracius
3528 1739 3795 1813 ligantur.
3840 1761 3865 1791 ι

573 1845 629 1918 (Ι
647 1847 784 1902 Tim.
817 1846 877 1917 ι).
911 1847 979 1900 Et
1005 1845 1134 1901 hinc
1161 1845 1218 1900 S.
1263 1846 1372 1901 Leo
1402 1845 1530 1900 dicit
1569 1845 1816 1901 scribens
1846 1845 1916 1899 ad
1944 1844 2165 1900 Raven-

570 1933 724 1990 nium
755 1934 943 2006 (epist.
969 1933 1062 2005 90)
1086 1951 1100 1988 :
1128 1954 1150 1984 σι
1177 1933 1332 1988 Justo
1361 1933 1560 2004 quippe
1589 1933 1713 1988 ideo
1729 1932 1925 1988 dicitur
1951 1932 2038 1987 lex
2057 1947 2168 1987 non

578 2038 702 2078 esse
728 2022 926 2093 posita,
959 2021 1087 2093 quia
1113 2036 1364 2076 normam
1399 2021 1780 2092 przeceptionis
1807 2020 1994 2092 implet
2015 2019 2166 2090 judi-

575 2109 663 2166 cio
690 2109 999 2165 voluntatis.
1030 2129 1052 2159 x
1083 2109 1141 2164 Si
1167 2109 1252 2164 sui
1280 2109 1371 2181 qui
1401 2125 1527 2164 eum
1562 2109 1630 2163 ad
1656 2108 1970 2164 Pauliacum
1999 2108 2169 2164 secuti

579 2196 818 2264 fuerunt,
839 2195 1279 2253 rewadiaverunt
1297 2197 1608 2270 perlegam,
1628 2197 1774 2268 quod
1785 2205 1972 2252 contra
1989 2197 2168 2268 legem

580 2285 986 2354 commiserunt,
1030 2284 1235 2340 innoxii
1273 2301 1383 2340 non
1425 2293 1615 2351 erant;
1647 2292 1699 2340 et
1727 2285 1958 2339 domnus
1987 2301 2084 2339 rex
2111 2291 2169 2338 ut

575 2372 772 2428 noxios
800 2372 1125 2445 distringere
1145 2373 1308 2442 jussit
1332 2388 1346 2427 :
1379 2380 1640 2444 quantum
1669 2372 1932 2428 audemus
1961 2371 2164 2440 dicere,

576 2469 771 2517 contra
811 2459 1027 2532 regium
1070 2459 1431 2516 ministerium
1479 2459 1623 2517 fecit.
1676 2461 1734 2517 Si
1773 2461 1984 2530 judices
2031 2460 2171 2532 regii

581 2557 772 2605 contra
798 2549 981 2622 legem
1008 2548 1278 2616 innoxios,
1322 2547 1471 2606 velut
1499 2549 1710 2616 noxios,
1757 2548 2166 2618 distrinxerunt,

575 2637 1032 2710 praevaricatores
1075 2637 1216 2710 legis
1261 2637 1515 2693 fuerunt:
1563 2637 1611 2692 si
1657 2637 1894 2692 arbitros
1939 2636 2170 2710 [arbitri]

577 2725 848 2794 innoxios,
883 2725 1028 2781 velut
1056 2726 1248 2781 noxios
1275 2725 1674 2794 judicaverunt,
1707 2725 2086 2782 auctoritatem
2118 2731 2172 2778 et

577 2811 762 2869 locum
801 2810 993 2882 judicii
1035 2813 1277 2869 amittere
1319 2821 1650 2868 meruerunt.
1709 2813 1850 2882 Quia
1892 2829 2024 2868 vero
2068 2827 2173 2868 nec

577 2885 718 2973 ipse,
764 2916 868 2957 nec
913 2900 1108 2973 aliquis
1149 2917 1386 2968 suorum,
1436 2917 1496 2956 se
1541 2910 1670 2957 tunc
1711 2901 1769 2956 in
1807 2900 2014 2970 judicio
2058 2900 2171 2971 pati

570 2987 953 3062 praejudicium
981 2989 1330 3045 reclamavit:
1358 2997 1411 3045 et
1441 2989 1497 3044 S.
1531 2989 1825 3062 Gregorius
1855 3005 1999 3059 saepe
2022 2988 2172 3058 juxta

580 3079 739 3152 leges
767 3085 820 3134 et
857 3093 1096 3134 canones
1141 3077 1426 3134 terminari
1463 3078 1702 3134 decrevit
1731 3077 1975 3148 judicia:
2009 3084 2064 3132 et
2105 3093 2170 3132 ex

579 3167 1022 3238 interpretatione
1066 3167 1205 3240 legis
1249 3166 1475 3222 Honorii
1515 3173 1570 3222 et
1617 3165 1906 3222 Theodosii
1952 3165 2164 3232 dicitur,

585 3256 843 3328 quoniam
869 3277 892 3306 ι
919 3256 1228 3328 quicunque
1245 3255 1390 3328 quod
1411 3255 1466 3309 in
1473 3254 1680 3324 judicio
1696 3253 2009 3310 adversario
2024 3270 2174 3324 pra:-

583 3351 737 3400 sente
765 3359 876 3398 non
913 3343 1148 3414 repetiit,
1193 3351 1384 3414 postea
1413 3343 1481 3398 de
1512 3343 1704 3398 eadem
1734 3359 1794 3397 re
1823 3342 1972 3397 litem
2011 3341 2174 3397 aliam

582 3446 692 3488 non
722 3432 918 3504 poterit
964 3432 1242 3488 inchoare.
1285 3432 1487 3502 Legem
1533 3429 1833 3496 concaleat,
1874 3430 1964 3502 qui
1993 3437 2175 3501 contra

583 3521 784 3594 legem,
816 3519 1338 3594 legaliterjudicata,
1370 3519 1528 3575 etiam
1561 3518 1782 3590 scripto,
1815 3519 2059 3574 rediviva
2082 3518 2175 3574 lite

587 3609 932 3666 condemnat.
963 3629 985 3660 ι
1019 3610 1086 3664 Et
1123 3609 1248 3681 quia
1277 3595 1544 3680 personas
1572 3607 1808 3678 privatas
1837 3623 1966 3662 suos
1995 3605 2175 3661 homi-

587 3713 688 3753 nes
716 3705 902 3754 contra
927 3697 1108 3769 legem
1134 3696 1497 3764 distrinxisse,
1531 3695 1616 3750 vel
1626 3695 1900 3765 judicasse
1929 3695 2179 3750 Hincma-

587 3801 682 3840 rus
722 3785 956 3856 probare
999 3800 1109 3840 non
1157 3792 1337 3856 potest
1377 3801 1390 3838 :
1433 3791 1664 3851 constat,
1711 3784 1757 3838 si
1800 3783 1885 3838 sui
1930 3783 2176 3838 homines

585 3871 835 3946 legaliter
859 3870 1246 3938 'rewadiarunt,
1279 3873 1424 3944 quod
1455 3880 1644 3928 contra
1672 3872 1852 3942 legem
1880 3871 2175 3928 commise-

586 3967 729 4031 runt,
773 3959 977 4015 innoxii
1021 3975 1130 4016 non
1172 3959 1408 4016 fuerunt.
1451 3961 1522 4016 Et
1564 3960 1656 4032 qui
1693 3959 1910 4033 [supple
1938 3959 2084 4032 dicit]
2117 3976 2177 4015 se

587 4049 915 4107 conduxisse
959 4049 1100 4116 illos,
1135 4057 1192 4104 ut
1221 4066 1343 4106 eum
1374 4049 1442 4105 ad
1489 4049 1840 4106 commissum
1867 4048 1999 4102 illud
2031 4049 2178 4120 quod

587 4138 1034 4208 rewadiaverunt,
1075 4147 1453 4212 sequerentur,
1479 4138 1572 4211 qui
1591 4137 1737 4194 noxii
1752 4137 1904 4199 fuere
1929 4137 2174 4209 probati:

587 4227 840 4286 innoxius
867 4228 970 4284 rite
1000 4227 1104 4284 dici
1142 4243 1252 4283 non
1279 4235 1478 4300 potest,
1508 4235 1562 4282 et
1589 4227 1784 4282 noxius
1811 4226 2061 4282 innoxios
2088 4225 2176 4281 fa-

585 4332 710 4374 cere
739 4333 837 4372 suo
866 4316 1176 4372 testimonio
1204 4317 1412 4388 nequit.

653 4406 734 4461 De
782 4406 888 4461 hoc
931 4405 1076 4476 quod
1121 4405 1268 4472 dicit,
1323 4405 1380 4460 S.
1428 4403 1752 4476 Gregorium
1810 4402 2097 4474 scripsisse
2145 4417 2179 4456 a

2199 3123 2254 3188 C

2269 1827 2336 1880 Et
2366 1827 2640 1898 aliquanto
2685 1827 2972 1898 superius:
3013 1849 3036 1878 κ
3069 1827 3139 1882 Et
3167 1827 3293 1900 quia
3323 1827 3369 1882 si
3395 1828 3659 1898 compulsi
3703 1829 3870 1900 aliqui

2265 1915 2342 1970 de
2376 1914 2574 1986 quibus
2604 1915 3165 1986 reprehendebantur.
3211 1916 3661 1972 anathematizare
3691 1933 3752 1972 se
3781 1917 3871 1972 di-

2266 2010 2470 2070 cerent,
2500 2005 2784 2059 anathema
2796 2004 2864 2058 tis
2893 2004 3108 2060 vinculo
3138 2003 3286 2060 nullo
3314 2005 3478 2060 modo
3508 2005 3696 2060 teneri.
3728 2006 3798 2060 Et
3829 2005 3878 2062 si

2266 2099 2393 2146 sunt
2423 2091 2514 2164 qui
2555 2091 2861 2148 certissime
2905 2093 3031 2148 talia
3079 2092 3331 2158 sentiunt,
3377 2093 3464 2148 vel
3499 2100 3702 2163 tenent,
3747 2094 3875 2166 quia

2265 2178 2558 2234 Christiani
2587 2195 2696 2235 non
2727 2187 2869 2247 sunt,
2894 2179 3119 2235 dubium
3147 2197 3257 2236 non
3285 2189 3398 2236 est:
3423 2196 3627 2254 eosque
3659 2189 3712 2236 et
3742 2197 3869 2253 ego,

2266 2275 2320 2322 et
2349 2283 2542 2322 omnes
2574 2267 2824 2324 catholici
2857 2268 3116 2340 episcopi,
3151 2277 3310 2341 atque
3337 2270 3594 2325 universa
3620 2271 3876 2326 Ecclesia

2269 2356 2799 2426 anathematizamus,
2849 2357 2977 2429 quia
3021 2358 3232 2413 veritati
3280 2357 3554 2414 contraria
3612 2359 3874 2425 sentiunt,

2271 2452 2324 2500 et
2351 2445 2621 2501 contraria
2651 2445 2966 2517 loquuntur.
2997 2466 3020 2496 ν
3047 2447 3155 2502 Sed
3176 2455 3228 2502 et
3242 2446 3375 2501 mihi
3404 2446 3512 2502 alia
3537 2447 3876 2502 mendaciter

2271 2533 2560 2605 impingit:
2586 2534 2683 2589 sed
2714 2541 2767 2590 et
2796 2551 2961 2606 super
2987 2535 3250 2606 scriptum
3277 2536 3524 2608 quaedam
3549 2535 3699 2604 dicit,
3735 2551 3877 2592 con-

2271 2628 2355 2676 tra
2385 2638 2506 2694 qua
2550 2621 2775 2694 longum
2807 2630 2889 2678 est
2919 2622 3051 2677 mihi
3091 2623 3348 2691 scribere,
3382 2631 3435 2680 et
3461 2623 3618 2680 vobis
3663 2623 3872 2681 audire.

2843 2741 3067 2798 CAPUT
3103 2742 3334 2800 XXXV.

2281 2828 2431 2897 Quod
2462 2829 2886 2905 tertioAaocatus
2915 2831 2986 2905 ad
3012 2831 3300 2905 synodum
3329 2847 3444 2888 non
3475 2833 3786 2905 respondit,
3818 2837 3879 2890 et

2629 2899 2749 2955 ideo
2784 2903 3022 2956 tractari
3050 2899 3206 2956 debet
3234 2906 3299 2958 ut
3326 2899 3656 2960 contumax.

2353 2987 2497 3042 Ecce
2545 2986 2749 3042 audivit
2790 2994 2972 3044 vestra
3019 2987 3350 3058 fraternitas,
3403 2991 3677 3062 quomodo
3720 2999 3775 3048 et
3821 2992 3879 3047 in

2289 3074 2505 3146 quantis
2553 3074 2818 3146 scriptura
2858 3075 3033 3131 fratris
3081 3078 3354 3134 Hincmari
3397 3078 3464 3134 sit
3510 3080 3763 3136 mendax.
3808 3081 3881 3136 Et

2273 3161 2418 3219 sicut
2437 3178 2608 3219 sacrae
2621 3163 2775 3236 leges
2796 3164 3002 3232 dicunt,
3027 3167 3154 3238 quia
3181 3167 3287 3223 hoc
3315 3167 3370 3221 in
3398 3167 3650 3223 omnibus
3691 3169 3875 3224 causis

2271 3258 2530 3306 statutum
2574 3259 2675 3320 est,
2710 3259 2766 3307 ut
2807 3253 3128 3325 scripturam
3177 3256 3415 3326 prolator
3451 3255 3716 3312 aﬁirmet:
3747 3273 3877 3312 nam

2274 3339 2319 3394 si
2351 3339 2396 3393 is
2429 3339 2520 3411 qui
2549 3339 2877 3411 scripturam
2905 3343 3146 3414 protulit,
3178 3343 3296 3412 ejus
3324 3359 3432 3400 non
3464 3346 3752 3401 astruxerit
3780 3363 3876 3402 ve-

2269 3426 2508 3494 ritatem,
2553 3436 2611 3482 ut
2653 3427 2900 3484 falsitatis
2947 3447 3099 3486 reum
3139 3447 3262 3487 esse
3302 3431 3664 3488 retinendum.
3712 3433 3782 3488 Et
3819 3432 3878 3488 in

2268 3516 2501 3572 concilio
2523 3516 2820 3587 Ephesino,
2847 3527 2899 3574 et
2924 3519 3375 3587 Chalcedonensi,
3403 3521 3501 3576 sed
3521 3529 3572 3576 et
3592 3521 3647 3576 in
3663 3522 3870 3594 quinta,

2271 3619 2335 3659 ac
2364 3612 2517 3659 sexta
2563 3607 2791 3677 synodo,
2838 3607 3078 3679 propriis
3122 3609 3406 3680 scripturis
3435 3617 3487 3665 et
3515 3610 3877 3681 subscriptio-

2276 3691 2438 3747 nibus
2469 3693 2583 3748 suis
2615 3695 2912 3762 convictos,
2961 3696 3339 3768 nullorumque
3387 3697 3614 3754 aliorum
3645 3713 3878 3755 accusa-

2275 3779 2481 3836 tionem
2536 3781 2624 3837 vel
2681 3782 3112 3840 testiticationem
3169 3785 3511 3858 requisitam,
3573 3787 3879 3843 secundum

2277 3885 2460 3925 sacras
2505 3869 2680 3943 leges,
2731 3871 2975 3928 dicentes
3032 3889 3384 3947 quoscunque
3433 3875 3684 3932 convinci
3730 3876 3877 3932 scri-

2275 3965 2434 4028 ptura
2461 3958 2548 4013 vel
2576 3959 2825 4025 testibus,
2855 3960 3090 4034 legimus
3117 3962 3405 4018 damnatos
3434 3963 3622 4019 fuisse.

2347 4046 2455 4102 Sed
2511 4055 2563 4102 et
2619 4049 2776 4103 tertio
2837 4056 3077 4117 vocatos,
3131 4059 3186 4106 et
3241 4052 3427 4108 venire
3483 4053 3872 4121 detractantes,

2260 4134 2504 4207 “(quanto
2553 4136 2729 4209 magis
2774 4146 2897 4208 post
2927 4145 3004 4193 tot
3032 4154 3097 4195 ac
3126 4147 3302 4195 tantas
3344 4141 3794 4198 commonitiones
3824 4144 3878 4214 τ)

2277 4223 2424 4277 οηιηί
2470 4225 2794 4280 sacerdotali
2821 4225 2999 4283 otiicio
3047 4227 3211 4283 etiam
3256 4229 3514 4285 absentes
3560 4230 3872 4286 invenimus

2275 4310 2393 4367 fore
2413 4313 2670 4383 privatos.
2707 4313 2814 4369 Sed
2835 4323 2888 4369 et
2907 4317 3168 4372 Joannem
3203 4317 3502 4374 Antiochiae
3537 4319 3706 4374 tertia:
3721 4318 3873 4374 sedis

2279 4401 2610 4472 episcopum,
2637 4402 2760 4474 quia
2791 4403 3156 4474 blasphemias
3175 4413 3362 4462 contra
3387 4406 3650 4478 Cyrillum
3679 4423 3883 4464 secun-

583 4492 846 4565 Pompeio
889 4492 1146 4563 episcopo
1171 4513 1193 4543 α
1224 4492 1486 4558 cruciato,
1529 4499 1881 4562 crematoque
1911 4490 2055 4546 fame
2084 4480 2351 4545 ex-Ddae
2376 4490 2521 4544 sedis
2568 4490 3034 4563 archiepiscopum
3077 4509 3177 4564 per
3207 4493 3422 4550 libellos
3469 4495 3668 4565 emisit,
3715 4495 3876 4552 tertio

584 4589 727 4640 torta
755 4580 1098 4637 confessione
1127 4579 1407 4652 [extortam
1439 4579 1894 4651 confessionem]:
1933 4599 1955 4630 ι
1993 4595 2094 4634 nos
2119 4579 2176 4634 in

583 4669 677 4726 illa
707 4669 916 4742 synodo
947 4669 1076 4724 satis
1106 4683 1382 4740 superque
1419 4667 1572 4721 illum
1618 4657 1851 4722 vidimus
1880 4667 2174 4738 corpulen-

582 4764 716 4825 tum,
776 4765 938 4830 atque
993 4755 1344 4823 confessum;
1393 4763 1450 4810 et
1493 4769 1602 4810 non
1655 4755 1949 4810 cruciatum
1997 4771 2174 4826 neque

583 4853 832 4902 necatum
861 4845 1005 4902 fame
1034 4853 1092 4900 ut
1131 4843 1474 4916 proﬁteretur
1501 4858 1566 4899 ac
1609 4843 1992 4912 subscriberet,
2035 4843 2174 4899 vidi-

585 4949 709 4989 mus
737 4934 826 4990 vel
856 4933 1180 4990 audivimus.

653 5022 734 5078 De
776 5023 882 5078 hoc
925 5021 1070 5094 quod
1103 5021 1264 5076 dicit:
1303 5043 1325 5073 α
1361 5021 1518 5077 Certe
1549 5021 1594 5076 si
1625 5036 1735 5078 non
1777 5029 1934 5078 nocet
1975 5029 2179 5078 extorta

585 5109 877 5179 confessio,
909 5125 1019 5166 non
1049 5111 1206 5165 obest
1235 5117 1444 5166 extorta
1473 5109 1817 5182 subscriptio.
1846 5131 1868 5160 ι
1903 5111 2036 5165 Puto
2066 5109 2174 5165 cla-

579 5214 732 5254 mare
774 5213 916 5254 nunc
959 5205 1147 5254 contra
1187 5197 1334 5253 illum
1375 5199 1442 5254 de
1480 5199 1636 5266 coelo,
1670 5206 1723 5254 et
1751 5198 2074 5254 clamaturos
2119 5197 2173 5250 in

581 5286 766 5342 divino
778 5285 981 5355 judicio
1009 5286 1271 5343 ducentos
1293 5287 1698 5358 quatuordecim
1729 5293 1944 5342 sanctos
1968 5285 2173 5356 episco-

577 5390 701 5448 pos,
749 5375 842 5446 qui
883 5375 941 5430 in
979 5373 1395 5447 Carthaginensi
1427 5376 1662 5432 concilio
1707 5375 2084 5439 decreverunt,
2118 5382 2173 5428 ut

582 5487 606 5513 α
632 5463 679 5520 si
709 5462 830 5536 quis
859 5470 1046 5520 contra
1073 5479 1226 5518 suam
1252 5463 1670 5535 professionem,
1705 5463 1792 5518 vel
1825 5461 2174 5533 subscriptio-

571 5568 706 5615 nem
735 5550 946 5610 venerit
973 5551 1029 5606 in
1058 5550 1262 5624 aliquo,
1295 5551 1412 5625 ipse
1443 5568 1500 5608 se
1527 5553 1734 5609 honore
1765 5550 2017 5622 privabit.
2047 5571 2068 5600 ιο
2105 5551 2172 5605 Et

2275 4586 2540 4644 vocatum,
2575 4586 2630 4634 et
2657 4595 2767 4634 non
2795 4580 3085 4636 adeuntem
3133 4583 3458 4653 Ephesinam
3489 4585 3759 4656 synodum
3787 4585 3875 4640 le-

2275 4666 2455 4738 gimus
2499 4666 2702 4722 ibidem
2744 4667 2912 4724 fuisse
2957 4671 3502 4729 excommunicatum.
3554 4673 3782 4729 Necnon
3822 4681 3879 4728 et

2274 4753 2598 4809 Dioscorum
2641 4757 2896 4812 secunda:
2937 4758 3083 4813 sedis
3127 4759 3508 4816 Alexandrinae
3556 4759 3874 4832 episcopum

2270 4841 2414 4897 inter
2441 4851 2657 4914 caetera,
2691 4845 2947 4915 quoniam
2987 4847 3248 4902 adversus
3277 4848 3592 4922 regularem
3623 4849 3874 4905 ordinem

2275 4937 2328 4985 et
2373 4931 2810 4989 ecclesiasticam
2832 4934 3007 5008 egerit
3053 4935 3676 5009 disciplinamzinsuper
3718 4938 3884 4994 etiam

2273 5019 2397 5091 quia
2426 5020 2624 5076 multos
2675 5021 2889 5078 libellos
2923 5023 3115 5094 plenos
3161 5024 3535 5096 iniquitatibus
3566 5035 3758 5082 contra
3785 5043 3872 5082 ar-

2273 5107 2678 5179 chiepiscopum
2708 5126 2863 5165 suum
2892 5111 3086 5183 prima:
3113 5112 3261 5168 sedis
3289 5129 3505 5187 magna;
3533 5115 3720 5170 Roma?
3749 5131 3871 5170 san-

2271 5195 2570 5251 ctissimum
2599 5205 2651 5253 et
2679 5199 3132 5270 sapientissimum
3166 5203 3422 5271 Leonem,
3457 5203 3658 5274 saepius
3681 5203 3867 5259 eccle-

2273 5285 2518 5342 siasticos
2577 5288 2904 5344 conculcans
2961 5305 3198 5346 canones
3247 5290 3304 5344 in
3357 5291 3587 5350 concilio
3643 5292 3874 5359 obtulit;

2269 5373 2535 5444 privatum
2593 5377 2739 5432 omni
2797 5377 3124 5434 sacerdotali
3178 5379 3502 5447 ministerio,
3553 5380 3621 5434 ab
3682 5381 3877 5436 eodem

2270 5462 2583 5520 beatissimo
2613 5465 2793 5520 Leone
2824 5482 2922 5536 per
2949 5466 3181 5522 vicarios
3212 5483 3339 5523 suos
3368 5467 3425 5522 in
3453 5469 3642 5524 eadem
3673 5484 3873 5542 magna

2271 5551 2481 5622 synodo
2530 5552 2958 5610 Chalcedonansi
2979 5575 2998 5621 ,-
3049 5563 3102 5611 et
3132 5555 3290 5612 tertio
3331 5563 3600 5628 vocatum,
3635 5556 3760 5633 quia
3793 5573 3886 5629 s3-
