  <div class='ocr_page' id='page_1' title='image "/cluster/home/n/w/nwhite01/storage/ocr_20150623/126/umn.31951002477419r/366.png"; bbox 0 0 4174 6358; ppageno 0'>
   <div class='ocr_carea' id='block_1_1' title="bbox 355 311 460 365">
    <p class='ocr_par' dir='ltr' id='par_1_1' title="bbox 355 311 460 365">
     <span class='ocr_line' id='line_1_1' title="bbox 355 311 460 365; baseline 0 -2"><span class='ocrx_word' id='word_1_1' title='bbox 355 311 460 365; x_wconf 76' lang='lat'>629</span> 
     </span>
    </p>
   </div>
   <div class='ocr_carea' id='block_1_2' title="bbox 1066 306 2906 374">
    <p class='ocr_par' dir='ltr' id='par_1_2' title="bbox 1066 306 2906 374">
     <span class='ocr_line' id='line_1_2' title="bbox 1066 306 2906 374; baseline 0.004 -10"><span class='ocrx_word' id='word_1_2' title='bbox 1066 306 1315 365; x_wconf 91' lang='lat' dir='ltr'>OPUSC.</span> <span class='ocrx_word' id='word_1_3' title='bbox 1381 310 1470 365; x_wconf 93' lang='lat' dir='ltr'><strong>ET</strong></span> <span class='ocrx_word' id='word_1_4' title='bbox 1523 309 1740 365; x_wconf 90' lang='lat' dir='ltr'>EPIST.</span> <span class='ocrx_word' id='word_1_5' title='bbox 1800 311 1875 365; x_wconf 93' lang='lat' dir='ltr'><strong>IN</strong></span> <span class='ocrx_word' id='word_1_6' title='bbox 1920 309 2146 367; x_wconf 83' lang='lat' dir='ltr'>CAUSA</span> <span class='ocrx_word' id='word_1_7' title='bbox 2201 313 2541 370; x_wconf 82' lang='lat' dir='ltr'>HINCMARI</span> <span class='ocrx_word' id='word_1_8' title='bbox 2594 315 2906 374; x_wconf 84' lang='lat' dir='ltr'>LAUDUN.</span> 
     </span>
    </p>
   </div>
   <div class='ocr_carea' id='block_1_3' title="bbox 3564 320 3666 374">
    <p class='ocr_par' dir='ltr' id='par_1_3' title="bbox 3564 320 3666 374">
     <span class='ocr_line' id='line_1_3' title="bbox 3564 320 3666 374; baseline 0.01 -1"><span class='ocrx_word' id='word_1_9' title='bbox 3564 320 3666 374; x_wconf 84' lang='lat'>630</span> 
     </span>
    </p>
   </div>
   <div class='ocr_carea' id='block_1_4' title="bbox 359 431 3659 508">
    <p class='ocr_par' dir='ltr' id='par_1_4' title="bbox 359 431 3659 508">
     <span class='ocr_line' id='line_1_4' title="bbox 359 431 3659 508; baseline 0.004 -22"><span class='ocrx_word' id='word_1_10' title='bbox 359 431 523 486; x_wconf 91' lang='lat' dir='ltr'>modo</span> <span class='ocrx_word' id='word_1_11' title='bbox 553 446 615 486; x_wconf 92' lang='lat' dir='ltr'>se</span> <span class='ocrx_word' id='word_1_12' title='bbox 643 438 984 501; x_wconf 79' lang='lat' dir='ltr'>praesentare</span> <span class='ocrx_word' id='word_1_13' title='bbox 1015 433 1357 503; x_wconf 79' lang='lat' dir='ltr'>contempsit,</span> <span class='ocrx_word' id='word_1_14' title='bbox 1401 433 1684 488; x_wconf 85' lang='lat' dir='ltr'>absentem</span> <span class='ocrx_word' id='word_1_15' title='bbox 1729 433 1964 505; x_wconf 83' lang='lat' dir='ltr'>legimus</span> <span class='ocrx_word' id='word_1_16' title='bbox 1983 433 2043 496; x_wconf 85' lang='lat' dir='ltr'><strong>A</strong></span> <span class='ocrx_word' id='word_1_17' title='bbox 2073 436 2118 489; x_wconf 89' lang='lat' dir='ltr'>si</span> <span class='ocrx_word' id='word_1_18' title='bbox 2148 453 2264 492; x_wconf 93' lang='lat' dir='ltr'>rem</span> <span class='ocrx_word' id='word_1_19' title='bbox 2294 438 2602 508; x_wconf 84' lang='lat' dir='ltr'>probasset,</span> <span class='ocrx_word' id='word_1_20' title='bbox 2637 440 2864 495; x_wconf 91' lang='lat' dir='ltr'>alterum</span> <span class='ocrx_word' id='word_1_21' title='bbox 2894 441 2940 495; x_wconf 87' lang='lat' dir='ltr'>si</span> <span class='ocrx_word' id='word_1_22' title='bbox 2968 456 3077 496; x_wconf 90' lang='lat' dir='ltr'>non</span> <span class='ocrx_word' id='word_1_23' title='bbox 3093 449 3238 499; x_wconf 80' lang='lat' dir='ltr'><strong>esset</strong></span> <span class='ocrx_word' id='word_1_24' title='bbox 3256 442 3327 497; x_wconf 91' lang='lat' dir='ltr'>ab</span> <span class='ocrx_word' id='word_1_25' title='bbox 3344 449 3659 500; x_wconf 87' lang='lat' dir='ltr'>accusatore</span> 
     </span>
    </p>
   </div>
   <div class='ocr_carea' id='block_1_5' title="bbox 353 518 1957 576">
    <p class='ocr_par' dir='ltr' id='par_1_5' title="bbox 353 518 1957 576">
     <span class='ocr_line' id='line_1_5' title="bbox 353 518 1957 576; baseline 0.002 -3"><span class='ocrx_word' id='word_1_26' title='bbox 353 518 526 574; x_wconf 90' lang='lat' dir='ltr'>fuisse</span> <span class='ocrx_word' id='word_1_27' title='bbox 572 519 906 574; x_wconf 88' lang='lat' dir='ltr'>damnatum.</span> <span class='ocrx_word' id='word_1_28' title='bbox 965 521 1168 574; x_wconf 88' lang='lat' dir='ltr'>Verum</span> <span class='ocrx_word' id='word_1_29' title='bbox 1221 521 1289 575; x_wconf 90' lang='lat' dir='ltr'>de</span> <span class='ocrx_word' id='word_1_30' title='bbox 1347 521 1486 575; x_wconf 88' lang='lat' dir='ltr'>trina</span> <span class='ocrx_word' id='word_1_31' title='bbox 1536 521 1957 576; x_wconf 89' lang='lat' dir='ltr'>commonitione</span> 
     </span>
    </p>
   </div>
   <div class='ocr_carea' id='block_1_6' title="bbox 354 607 1957 680">
    <p class='ocr_par' dir='ltr' id='par_1_6' title="bbox 354 607 1957 680">
     <span class='ocr_line' id='line_1_6' title="bbox 354 607 1957 680; baseline 0 -18"><span class='ocrx_word' id='word_1_32' title='bbox 354 623 531 663; x_wconf 67' lang='lat' dir='ltr'>sacrae</span> <span class='ocrx_word' id='word_1_33' title='bbox 558 607 714 680; x_wconf 85' lang='lat' dir='ltr'><strong>leges</strong></span> <span class='ocrx_word' id='word_1_34' title='bbox 744 607 948 676; x_wconf 92' lang='lat' dir='ltr'>dicunt,</span> <span class='ocrx_word' id='word_1_35' title='bbox 986 607 1291 679; x_wconf 88' lang='lat' dir='ltr'>quicunque</span> <span class='ocrx_word' id='word_1_36' title='bbox 1331 609 1505 662; x_wconf 89' lang='lat' dir='ltr'>tribus</span> <span class='ocrx_word' id='word_1_37' title='bbox 1548 609 1957 664; x_wconf 89' lang='lat' dir='ltr'>auctoritatibus</span> 
     </span>
    </p>
   </div>
   <div class='ocr_carea' id='block_1_7' title="bbox 347 695 1957 765">
    <p class='ocr_par' dir='ltr' id='par_1_7' title="bbox 347 695 1957 765">
     <span class='ocr_line' id='line_1_7' title="bbox 347 695 1957 765; baseline 0.001 -15"><span class='ocrx_word' id='word_1_38' title='bbox 347 695 552 764; x_wconf 89' lang='lat' dir='ltr'>judicis</span> <span class='ocrx_word' id='word_1_39' title='bbox 583 703 903 761; x_wconf 91' lang='lat' dir='ltr'>conventus,</span> <span class='ocrx_word' id='word_1_40' title='bbox 938 695 1027 750; x_wconf 85' lang='lat' dir='ltr'>vel</span> <span class='ocrx_word' id='word_1_41' title='bbox 1053 696 1229 750; x_wconf 87' lang='lat' dir='ltr'>tribus</span> <span class='ocrx_word' id='word_1_42' title='bbox 1258 695 1447 750; x_wconf 89' lang='lat' dir='ltr'>edictis</span> <span class='ocrx_word' id='word_1_43' title='bbox 1478 697 1548 750; x_wconf 91' lang='lat' dir='ltr'>ad</span> <span class='ocrx_word' id='word_1_44' title='bbox 1570 697 1808 765; x_wconf 87' lang='lat' dir='ltr'>judicem</span> <span class='ocrx_word' id='word_1_45' title='bbox 1836 695 1957 751; x_wconf 87' lang='lat' dir='ltr'>fue-</span> 
     </span>
    </p>
   </div>
   <div class='ocr_carea' id='block_1_8' title="bbox 355 783 1959 854">
    <p class='ocr_par' dir='ltr' id='par_1_8' title="bbox 355 783 1959 854">
     <span class='ocr_line' id='line_1_8' title="bbox 355 783 1959 854; baseline 0.001 -17"><span class='ocrx_word' id='word_1_46' title='bbox 355 784 424 838; x_wconf 90' lang='lat' dir='ltr'>rit</span> <span class='ocrx_word' id='word_1_47' title='bbox 447 791 801 854; x_wconf 83' lang='lat' dir='ltr'>provocatus,</span> <span class='ocrx_word' id='word_1_48' title='bbox 835 791 927 836; x_wconf 90' lang='lat' dir='ltr'>aut</span> <span class='ocrx_word' id='word_1_49' title='bbox 958 799 1067 837; x_wconf 93' lang='lat' dir='ltr'>uno</span> <span class='ocrx_word' id='word_1_50' title='bbox 1098 799 1194 854; x_wconf 92' lang='lat' dir='ltr'>pro</span> <span class='ocrx_word' id='word_1_51' title='bbox 1225 784 1477 838; x_wconf 90' lang='lat' dir='ltr'>omnibus</span> <span class='ocrx_word' id='word_1_52' title='bbox 1494 784 1880 854; x_wconf 90' lang='lat' dir='ltr'>peremptorio,</span> <span class='ocrx_word' id='word_1_53' title='bbox 1903 783 1959 838; x_wconf 93' lang='lat' dir='ltr'>id</span> 
     </span>
    </p>
   </div>
   <div class='ocr_carea' id='block_1_9' title="bbox 353 870 1958 944">
    <p class='ocr_par' dir='ltr' id='par_1_9' title="bbox 353 870 1958 944">
     <span class='ocr_line' id='line_1_9' title="bbox 353 870 1958 944; baseline 0 -18"><span class='ocrx_word' id='word_1_54' title='bbox 353 881 435 926; x_wconf 92' lang='lat' dir='ltr'>est</span> <span class='ocrx_word' id='word_1_55' title='bbox 464 873 612 943; x_wconf 91' lang='lat' dir='ltr'>quod</span> <span class='ocrx_word' id='word_1_56' title='bbox 643 886 864 927; x_wconf 86' lang='lat' dir='ltr'>causam</span> <span class='ocrx_word' id='word_1_57' title='bbox 895 871 1210 944; x_wconf 78' lang='lat' dir='ltr'>exstinguit,</span> <span class='ocrx_word' id='word_1_58' title='bbox 1235 870 1396 925; x_wconf 89' lang='lat' dir='ltr'>fuerit</span> <span class='ocrx_word' id='word_1_59' title='bbox 1421 878 1697 940; x_wconf 87' lang='lat' dir='ltr'>evocatus,</span> <span class='ocrx_word' id='word_1_60' title='bbox 1731 879 1784 926; x_wconf 92' lang='lat' dir='ltr'>et</span> <span class='ocrx_word' id='word_1_61' title='bbox 1812 888 1958 941; x_wconf 87' lang='lat' dir='ltr'>prae-</span> 
     </span>
    </p>
   </div>
   <div class='ocr_carea' id='block_1_10' title="bbox 353 959 1958 1030">
    <p class='ocr_par' dir='ltr' id='par_1_10' title="bbox 353 959 1958 1030">
     <span class='ocr_line' id='line_1_10' title="bbox 353 959 1958 1030; baseline 0 -16"><span class='ocrx_word' id='word_1_62' title='bbox 353 959 587 1014; x_wconf 90' lang='lat' dir='ltr'>sentiam</span> <span class='ocrx_word' id='word_1_63' title='bbox 617 976 766 1014; x_wconf 89' lang='lat' dir='ltr'>suam</span> <span class='ocrx_word' id='word_1_64' title='bbox 796 960 942 1029; x_wconf 90' lang='lat' dir='ltr'>apud</span> <span class='ocrx_word' id='word_1_65' title='bbox 971 975 1095 1014; x_wconf 92' lang='lat' dir='ltr'>eum</span> <span class='ocrx_word' id='word_1_66' title='bbox 1133 959 1391 1027; x_wconf 92' lang='lat' dir='ltr'>judicem,</span> <span class='ocrx_word' id='word_1_67' title='bbox 1444 976 1474 1013; x_wconf 92' lang='lat' dir='ltr'>a</span> <span class='ocrx_word' id='word_1_68' title='bbox 1523 975 1631 1030; x_wconf 91' lang='lat' dir='ltr'>quo</span> <span class='ocrx_word' id='word_1_69' title='bbox 1660 959 1710 1014; x_wconf 91' lang='lat' dir='ltr'>ei</span> <span class='ocrx_word' id='word_1_70' title='bbox 1748 960 1958 1014; x_wconf 91' lang='lat' dir='ltr'>denun-</span> 
     </span>
    </p>
   </div>
   <div class='ocr_carea' id='block_1_11' title="bbox 351 1046 1957 1118">
    <p class='ocr_par' dir='ltr' id='par_1_11' title="bbox 351 1046 1957 1118">
     <span class='ocr_line' id='line_1_11' title="bbox 351 1046 1957 1118; baseline -0.001 -16"><span class='ocrx_word' id='word_1_71' title='bbox 351 1048 540 1102; x_wconf 89' lang='lat' dir='ltr'>tiatum</span> <span class='ocrx_word' id='word_1_72' title='bbox 570 1057 671 1113; x_wconf 93' lang='lat' dir='ltr'>est,</span> <span class='ocrx_word' id='word_1_73' title='bbox 706 1048 965 1103; x_wconf 90' lang='lat' dir='ltr'>exhibere</span> <span class='ocrx_word' id='word_1_74' title='bbox 994 1047 1249 1117; x_wconf 84' lang='lat' dir='ltr'>noluerit,</span> <span class='ocrx_word' id='word_1_75' title='bbox 1282 1048 1545 1102; x_wconf 90' lang='lat' dir='ltr'>adversus</span> <span class='ocrx_word' id='word_1_76' title='bbox 1574 1063 1697 1102; x_wconf 90' lang='lat' dir='ltr'>eum</span> <span class='ocrx_word' id='word_1_77' title='bbox 1729 1047 1882 1118; x_wconf 90' lang='lat' dir='ltr'>quasi</span> <span class='ocrx_word' id='word_1_78' title='bbox 1903 1046 1957 1100; x_wconf 90' lang='lat' dir='ltr'>in</span> 
     </span>
    </p>
   </div>
   <div class='ocr_carea' id='block_1_12' title="bbox 354 1134 1954 1205">
    <p class='ocr_par' dir='ltr' id='par_1_12' title="bbox 354 1134 1954 1205">
     <span class='ocr_line' id='line_1_12' title="bbox 354 1134 1954 1205; baseline -0.003 -13"><span class='ocrx_word' id='word_1_79' title='bbox 354 1144 734 1192; x_wconf 85' lang='lat' dir='ltr'>contumacem</span> <span class='ocrx_word' id='word_1_80' title='bbox 797 1135 1032 1204; x_wconf 72' lang='lat' dir='ltr'>iudicari</span> <span class='ocrx_word' id='word_1_81' title='bbox 1078 1144 1275 1205; x_wconf 88' lang='lat' dir='ltr'>potest.</span> <span class='ocrx_word' id='word_1_82' title='bbox 1326 1134 1580 1204; x_wconf 89' lang='lat' dir='ltr'>Quinimo</span> <span class='ocrx_word' id='word_1_83' title='bbox 1623 1151 1726 1190; x_wconf 89' lang='lat' dir='ltr'>nec</span> <span class='ocrx_word' id='word_1_84' title='bbox 1774 1143 1954 1190; x_wconf 91' lang='lat' dir='ltr'>retra-</span> 
     </span>
    </p>
   </div>
   <div class='ocr_carea' id='block_1_13' title="bbox 353 1223 1955 1295">
    <p class='ocr_par' dir='ltr' id='par_1_13' title="bbox 353 1223 1955 1295">
     <span class='ocr_line' id='line_1_13' title="bbox 353 1223 1955 1295; baseline -0.002 -16"><span class='ocrx_word' id='word_1_85' title='bbox 353 1225 489 1280; x_wconf 86' lang='lat' dir='ltr'>ctari</span> <span class='ocrx_word' id='word_1_86' title='bbox 519 1241 618 1294; x_wconf 93' lang='lat' dir='ltr'>per</span> <span class='ocrx_word' id='word_1_87' title='bbox 645 1223 1061 1294; x_wconf 84' lang='lat' dir='ltr'>appellationem</span> <span class='ocrx_word' id='word_1_88' title='bbox 1088 1223 1306 1295; x_wconf 85' lang='lat' dir='ltr'>negotia</span> <span class='ocrx_word' id='word_1_89' title='bbox 1347 1231 1592 1294; x_wconf 91' lang='lat' dir='ltr'>possunt,</span> <span class='ocrx_word' id='word_1_90' title='bbox 1641 1223 1852 1294; x_wconf 91' lang='lat' dir='ltr'>quoties</span> <span class='ocrx_word' id='word_1_91' title='bbox 1901 1223 1955 1276; x_wconf 91' lang='lat' dir='ltr'>in</span> 
     </span>
    </p>
   </div>
   <div class='ocr_carea' id='block_1_14' title="bbox 356 1311 1955 1382">
    <p class='ocr_par' dir='ltr' id='par_1_14' title="bbox 356 1311 1955 1382">
     <span class='ocr_line' id='line_1_14' title="bbox 356 1311 1955 1382; baseline -0.001 -15"><span class='ocrx_word' id='word_1_92' title='bbox 356 1319 734 1368; x_wconf 88' lang='lat' dir='ltr'>contumacem</span> <span class='ocrx_word' id='word_1_93' title='bbox 762 1311 919 1366; x_wconf 84' lang='lat' dir='ltr'>fuerit</span> <span class='ocrx_word' id='word_1_94' title='bbox 943 1311 1243 1380; x_wconf 88' lang='lat' dir='ltr'>judicatum</span> <span class='ocrx_word' id='word_1_95' title='bbox 1285 1312 1352 1365; x_wconf 91' lang='lat' dir='ltr'>ab</span> <span class='ocrx_word' id='word_1_96' title='bbox 1406 1327 1472 1367; x_wconf 90' lang='lat' dir='ltr'>ea</span> <span class='ocrx_word' id='word_1_97' title='bbox 1519 1311 1784 1367; x_wconf 88' lang='lat' dir='ltr'>sententia</span> <span class='ocrx_word' id='word_1_98' title='bbox 1839 1327 1955 1382; x_wconf 69' lang='lat' dir='ltr'>qua:</span> 
     </span>
    </p>
   </div>
   <div class='ocr_carea' id='block_1_15' title="bbox 352 1398 1950 1470">
    <p class='ocr_par' dir='ltr' id='par_1_15' title="bbox 352 1398 1950 1470">
     <span class='ocr_line' id='line_1_15' title="bbox 352 1398 1950 1470; baseline -0.003 -14"><span class='ocrx_word' id='word_1_99' title='bbox 352 1401 619 1457; x_wconf 89' lang='lat' dir='ltr'>adversus</span> <span class='ocrx_word' id='word_1_100' title='bbox 682 1408 1028 1455; x_wconf 86' lang='lat' dir='ltr'>contumaces</span> <span class='ocrx_word' id='word_1_101' title='bbox 1082 1400 1207 1454; x_wconf 89' lang='lat' dir='ltr'>data</span> <span class='ocrx_word' id='word_1_102' title='bbox 1255 1407 1374 1464; x_wconf 88' lang='lat' dir='ltr'>est;</span> <span class='ocrx_word' id='word_1_103' title='bbox 1426 1416 1602 1470; x_wconf 83' lang='lat' dir='ltr'>neque</span> <span class='ocrx_word' id='word_1_104' title='bbox 1669 1398 1950 1470; x_wconf 87' lang='lat' dir='ltr'>appellari,</span> 
     </span>
    </p>
   </div>
   <div class='ocr_carea' id='block_1_16' title="bbox 352 1487 1954 1560">
    <p class='ocr_par' dir='ltr' id='par_1_16' title="bbox 352 1487 1954 1560">
     <span class='ocr_line' id='line_1_16' title="bbox 352 1487 1954 1560; baseline -0.002 -15"><span class='ocrx_word' id='word_1_105' title='bbox 352 1505 530 1560; x_wconf 91' lang='lat' dir='ltr'>neque</span> <span class='ocrx_word' id='word_1_106' title='bbox 560 1489 616 1542; x_wconf 92' lang='lat' dir='ltr'>in</span> <span class='ocrx_word' id='word_1_107' title='bbox 647 1489 870 1559; x_wconf 92' lang='lat' dir='ltr'>duplum</span> <span class='ocrx_word' id='word_1_108' title='bbox 901 1488 1147 1544; x_wconf 86' lang='lat' dir='ltr'>revocari</span> <span class='ocrx_word' id='word_1_109' title='bbox 1176 1496 1372 1558; x_wconf 88' lang='lat' dir='ltr'>potest.</span> <span class='ocrx_word' id='word_1_110' title='bbox 1412 1489 1479 1542; x_wconf 92' lang='lat' dir='ltr'>Et</span> <span class='ocrx_word' id='word_1_111' title='bbox 1526 1487 1653 1544; x_wconf 90' lang='lat' dir='ltr'>hinc</span> <span class='ocrx_word' id='word_1_112' title='bbox 1701 1488 1756 1542; x_wconf 90' lang='lat' dir='ltr'>S.</span> <span class='ocrx_word' id='word_1_113' title='bbox 1808 1487 1954 1542; x_wconf 84' lang='lat' dir='ltr'>Gre-</span> 
     </span>
    </p>
   </div>
   <div class='ocr_carea' id='block_1_17' title="bbox 355 1575 1952 1651">
    <p class='ocr_par' dir='ltr' id='par_1_17' title="bbox 355 1575 1952 1651">
     <span class='ocr_line' id='line_1_17' title="bbox 355 1575 1952 1651; baseline -0.003 -18"><span class='ocrx_word' id='word_1_114' title='bbox 355 1578 546 1651; x_wconf 85' lang='lat' dir='ltr'>gorius</span> <span class='ocrx_word' id='word_1_115' title='bbox 576 1578 643 1631; x_wconf 91' lang='lat' dir='ltr'>ad</span> <span class='ocrx_word' id='word_1_116' title='bbox 672 1577 960 1631; x_wconf 87' lang='lat' dir='ltr'>Maximum</span> <span class='ocrx_word' id='word_1_117' title='bbox 992 1576 1363 1632; x_wconf 89' lang='lat' dir='ltr'>Salonitanum</span> <span class='ocrx_word' id='word_1_118' title='bbox 1394 1575 1713 1646; x_wconf 87' lang='lat' dir='ltr'>episcopum</span> <span class='ocrx_word' id='word_1_119' title='bbox 1761 1576 1826 1647; x_wconf 82' lang='lat'>(1.</span> <span class='ocrx_word' id='word_1_120' title='bbox 1895 1591 1952 1645; x_wconf 90' lang='lat' dir='ltr'>v,</span> 
     </span>
    </p>
   </div>
   <div class='ocr_carea' id='block_1_18' title="bbox 354 1663 1954 1738">
    <p class='ocr_par' dir='ltr' id='par_1_18' title="bbox 354 1663 1954 1738">
     <span class='ocr_line' id='line_1_18' title="bbox 354 1663 1954 1738; baseline -0.003 -17"><span class='ocrx_word' id='word_1_121' title='bbox 354 1667 520 1738; x_wconf 88' lang='lat' dir='ltr'>epist.</span> <span class='ocrx_word' id='word_1_122' title='bbox 583 1665 752 1735; x_wconf 71' lang='lat'>403):</span> <span class='ocrx_word' id='word_1_123' title='bbox 835 1687 857 1713; x_wconf 88' lang='grc'>‹‹</span> <span class='ocrx_word' id='word_1_124' title='bbox 919 1665 1013 1728; x_wconf 91' lang='lat' dir='ltr'>Ita,</span> <span class='ocrx_word' id='word_1_125' title='bbox 1073 1664 1265 1736; x_wconf 91' lang='lat' dir='ltr'>inquit,</span> <span class='ocrx_word' id='word_1_126' title='bbox 1307 1663 1412 1730; x_wconf 88' lang='lat' dir='ltr'>fac,</span> <span class='ocrx_word' id='word_1_127' title='bbox 1479 1671 1538 1718; x_wconf 92' lang='lat' dir='ltr'>ut</span> <span class='ocrx_word' id='word_1_128' title='bbox 1574 1663 1642 1718; x_wconf 90' lang='lat' dir='ltr'>ad</span> <span class='ocrx_word' id='word_1_129' title='bbox 1724 1663 1954 1719; x_wconf 83' lang='lat' dir='ltr'>venien-</span> 
     </span>
    </p>
   </div>
   <div class='ocr_carea' id='block_1_19' title="bbox 353 1752 1953 1824">
    <p class='ocr_par' dir='ltr' id='par_1_19' title="bbox 353 1752 1953 1824">
     <span class='ocr_line' id='line_1_19' title="bbox 353 1752 1953 1824; baseline -0.002 -15"><span class='ocrx_word' id='word_1_130' title='bbox 353 1754 485 1809; x_wconf 91' lang='lat' dir='ltr'>dum</span> <span class='ocrx_word' id='word_1_131' title='bbox 517 1753 749 1824; x_wconf 88' lang='lat' dir='ltr'>amplius</span> <span class='ocrx_word' id='word_1_132' title='bbox 773 1754 883 1822; x_wconf 88' lang='lat' dir='ltr'>jam</span> <span class='ocrx_word' id='word_1_133' title='bbox 929 1767 1115 1807; x_wconf 93' lang='lat' dir='ltr'>moras</span> <span class='ocrx_word' id='word_1_134' title='bbox 1156 1769 1264 1807; x_wconf 89' lang='lat' dir='ltr'>non</span> <span class='ocrx_word' id='word_1_135' title='bbox 1311 1753 1578 1824; x_wconf 82' lang='lat' dir='ltr'>ingeras:</span> <span class='ocrx_word' id='word_1_136' title='bbox 1624 1768 1693 1806; x_wconf 92' lang='lat' dir='ltr'>ne</span> <span class='ocrx_word' id='word_1_137' title='bbox 1740 1752 1856 1822; x_wconf 91' lang='lat' dir='ltr'>ipsa</span> <span class='ocrx_word' id='word_1_138' title='bbox 1904 1758 1953 1806; x_wconf 91' lang='lat' dir='ltr'>te</span> 
     </span>
    </p>
   </div>
   <div class='ocr_carea' id='block_1_20' title="bbox 352 1839 1947 1913">
    <p class='ocr_par' dir='ltr' id='par_1_20' title="bbox 352 1839 1947 1913">
     <span class='ocr_line' id='line_1_20' title="bbox 352 1839 1947 1913; baseline -0.002 -17"><span class='ocrx_word' id='word_1_139' title='bbox 352 1842 532 1913; x_wconf 87' lang='lat' dir='ltr'>magis</span> <span class='ocrx_word' id='word_1_140' title='bbox 561 1841 804 1896; x_wconf 89' lang='lat' dir='ltr'>absentia</span> <span class='ocrx_word' id='word_1_141' title='bbox 851 1841 1144 1896; x_wconf 92' lang='lat' dir='ltr'>obnoxium</span> <span class='ocrx_word' id='word_1_142' title='bbox 1190 1841 1275 1894; x_wconf 91' lang='lat' dir='ltr'>his</span> <span class='ocrx_word' id='word_1_143' title='bbox 1319 1857 1442 1912; x_wconf 61' lang='lat' dir='ltr'>qua</span> <span class='ocrx_word' id='word_1_144' title='bbox 1482 1841 1755 1908; x_wconf 92' lang='lat' dir='ltr'>dicuntur,</span> <span class='ocrx_word' id='word_1_145' title='bbox 1802 1839 1947 1894; x_wconf 86' lang='lat' dir='ltr'>assi-</span> 
     </span>
    </p>
   </div>
   <div class='ocr_carea' id='block_1_21' title="bbox 353 1927 1950 2003">
    <p class='ocr_par' dir='ltr' id='par_1_21' title="bbox 353 1927 1950 2003">
     <span class='ocr_line' id='line_1_21' title="bbox 353 1927 1950 2003; baseline -0.003 -18"><span class='ocrx_word' id='word_1_146' title='bbox 353 1938 486 2003; x_wconf 87' lang='lat' dir='ltr'>gnet</span> <span class='ocrx_word' id='word_1_147' title='bbox 519 1947 533 1984; x_wconf 87' lang='lat'>:</span> <span class='ocrx_word' id='word_1_148' title='bbox 568 1937 620 1984; x_wconf 91' lang='lat' dir='ltr'>et</span> <span class='ocrx_word' id='word_1_149' title='bbox 651 1945 751 1983; x_wconf 92' lang='lat' dir='ltr'>nos</span> <span class='ocrx_word' id='word_1_150' title='bbox 780 1929 920 1984; x_wconf 92' lang='lat' dir='ltr'>inter</span> <span class='ocrx_word' id='word_1_151' title='bbox 947 1930 1064 1984; x_wconf 79' lang='lat' dir='ltr'>haec</span> <span class='ocrx_word' id='word_1_152' title='bbox 1095 1945 1184 1984; x_wconf 91' lang='lat' dir='ltr'>reo</span> <span class='ocrx_word' id='word_1_153' title='bbox 1216 1927 1336 2000; x_wconf 86' lang='lat' dir='ltr'>[al.,</span> <span class='ocrx_word' id='word_1_154' title='bbox 1371 1928 1426 1982; x_wconf 92' lang='lat' dir='ltr'>in</span> <span class='ocrx_word' id='word_1_155' title='bbox 1454 1936 1506 1982; x_wconf 92' lang='lat' dir='ltr'>te</span> <span class='ocrx_word' id='word_1_156' title='bbox 1536 1929 1651 1983; x_wconf 77' lang='lat' dir='ltr'>haec</span> <span class='ocrx_word' id='word_1_157' title='bbox 1682 1927 1793 2000; x_wconf 91' lang='lat' dir='ltr'>res]</span> <span class='ocrx_word' id='word_1_158' title='bbox 1841 1943 1950 1982; x_wconf 92' lang='lat' dir='ltr'>non</span> 
     </span>
    </p>
   </div>
   <div class='ocr_carea' id='block_1_22' title="bbox 351 2015 1950 2088">
    <p class='ocr_par' dir='ltr' id='par_1_22' title="bbox 351 2015 1950 2088">
     <span class='ocr_line' id='line_1_22' title="bbox 351 2015 1950 2088; baseline -0.003 -15"><span class='ocrx_word' id='word_1_159' title='bbox 351 2019 531 2075; x_wconf 91' lang='lat' dir='ltr'>solum</span> <span class='ocrx_word' id='word_1_160' title='bbox 559 2025 782 2088; x_wconf 87' lang='lat' dir='ltr'>propter</span> <span class='ocrx_word' id='word_1_161' title='bbox 809 2017 955 2072; x_wconf 88' lang='lat' dir='ltr'>dicta</span> <span class='ocrx_word' id='word_1_162' title='bbox 983 2016 1213 2072; x_wconf 89' lang='lat' dir='ltr'>crimina</span> <span class='ocrx_word' id='word_1_163' title='bbox 1243 2033 1364 2087; x_wconf 75' lang='lat' dir='ltr'>quae</span> <span class='ocrx_word' id='word_1_164' title='bbox 1394 2033 1631 2088; x_wconf 90' lang='lat' dir='ltr'>purgare</span> <span class='ocrx_word' id='word_1_165' title='bbox 1678 2015 1950 2071; x_wconf 83' lang='lat' dir='ltr'>subterfu-</span> 
     </span>
    </p>
   </div>
   <div class='ocr_carea' id='block_1_23' title="bbox 351 2103 1946 2181">
    <p class='ocr_par' dir='ltr' id='par_1_23' title="bbox 351 2103 1946 2181">
     <span class='ocr_line' id='line_1_23' title="bbox 351 2103 1946 2181; baseline -0.003 -19"><span class='ocrx_word' id='word_1_166' title='bbox 351 2108 459 2181; x_wconf 88' lang='lat' dir='ltr'>gis,</span> <span class='ocrx_word' id='word_1_167' title='bbox 495 2107 593 2161; x_wconf 88' lang='lat' dir='ltr'>sed</span> <span class='ocrx_word' id='word_1_168' title='bbox 623 2106 786 2160; x_wconf 91' lang='lat' dir='ltr'>etiam</span> <span class='ocrx_word' id='word_1_169' title='bbox 815 2112 1035 2176; x_wconf 86' lang='lat' dir='ltr'>propter</span> <span class='ocrx_word' id='word_1_170' title='bbox 1062 2104 1442 2160; x_wconf 73' lang='lat' dir='ltr'>inobedientia:</span> <span class='ocrx_word' id='word_1_171' title='bbox 1472 2105 1707 2175; x_wconf 91' lang='lat' dir='ltr'>culpam,</span> <span class='ocrx_word' id='word_1_172' title='bbox 1737 2103 1946 2172; x_wconf 92' lang='lat' dir='ltr'>durius,</span> 
     </span>
    </p>
   </div>
   <div class='ocr_carea' id='block_1_24' title="bbox 351 2191 1953 2265">
    <p class='ocr_par' dir='ltr' id='par_1_24' title="bbox 351 2191 1953 2265">
     <span class='ocr_line' id='line_1_24' title="bbox 351 2191 1953 2265; baseline -0.001 -18"><span class='ocrx_word' id='word_1_173' title='bbox 351 2193 558 2250; x_wconf 89' lang='lat' dir='ltr'>scilicet</span> <span class='ocrx_word' id='word_1_174' title='bbox 587 2201 645 2248; x_wconf 91' lang='lat' dir='ltr'>ut</span> <span class='ocrx_word' id='word_1_175' title='bbox 673 2194 729 2248; x_wconf 91' lang='lat' dir='ltr'>in</span> <span class='ocrx_word' id='word_1_176' title='bbox 759 2200 1133 2248; x_wconf 89' lang='lat' dir='ltr'>contumacem</span> <span class='ocrx_word' id='word_1_177' title='bbox 1163 2200 1325 2265; x_wconf 83' lang='lat' dir='ltr'>cogat</span> <span class='ocrx_word' id='word_1_178' title='bbox 1355 2209 1421 2247; x_wconf 86' lang='lat' dir='ltr'>ex</span> <span class='ocrx_word' id='word_1_179' title='bbox 1451 2192 1680 2248; x_wconf 92' lang='lat' dir='ltr'>concilio</span> <span class='ocrx_word' id='word_1_180' title='bbox 1711 2191 1849 2247; x_wconf 84' lang='lat' dir='ltr'>ferre</span> <span class='ocrx_word' id='word_1_181' title='bbox 1866 2192 1953 2260; x_wconf 83' lang='lat' dir='ltr'>ju-</span> 
     </span>
    </p>
   </div>
   <div class='ocr_carea' id='block_1_25' title="bbox 349 2280 1952 2337">
    <p class='ocr_par' dir='ltr' id='par_1_25' title="bbox 349 2280 1952 2337">
     <span class='ocr_line' id='line_1_25' title="bbox 349 2280 1952 2337; baseline -0.002 0"><span class='ocrx_word' id='word_1_182' title='bbox 349 2281 570 2337; x_wconf 86' lang='lat' dir='ltr'>dicium.</span> <span class='ocrx_word' id='word_1_183' title='bbox 609 2305 631 2330; x_wconf 72' lang='grc' dir='ltr'>ι)</span> <span class='ocrx_word' id='word_1_184' title='bbox 683 2283 749 2336; x_wconf 92' lang='lat' dir='ltr'>Et</span> <span class='ocrx_word' id='word_1_185' title='bbox 793 2282 850 2336; x_wconf 91' lang='lat' dir='ltr'>S.</span> <span class='ocrx_word' id='word_1_186' title='bbox 897 2281 1219 2335; x_wconf 70' lang='lat' dir='ltr'>Ctelestinus</span> <span class='ocrx_word' id='word_1_187' title='bbox 1266 2281 1334 2335; x_wconf 92' lang='lat' dir='ltr'>de</span> <span class='ocrx_word' id='word_1_188' title='bbox 1382 2281 1517 2334; x_wconf 90' lang='lat' dir='ltr'>trina</span> <span class='ocrx_word' id='word_1_189' title='bbox 1558 2280 1839 2335; x_wconf 87' lang='lat' dir='ltr'>vocatione</span> <span class='ocrx_word' id='word_1_190' title='bbox 1884 2280 1952 2333; x_wconf 91' lang='lat' dir='ltr'>ad</span> 
     </span>
    </p>
   </div>
   <div class='ocr_carea' id='block_1_26' title="bbox 349 2367 1954 2441">
    <p class='ocr_par' dir='ltr' id='par_1_26' title="bbox 349 2367 1954 2441">
     <span class='ocr_line' id='line_1_26' title="bbox 349 2367 1954 2441; baseline -0.003 -15"><span class='ocrx_word' id='word_1_191' title='bbox 349 2371 669 2426; x_wconf 89' lang='lat' dir='ltr'>Nestorium</span> <span class='ocrx_word' id='word_1_192' title='bbox 697 2369 773 2424; x_wconf 90' lang='lat' dir='ltr'>ita</span> <span class='ocrx_word' id='word_1_193' title='bbox 800 2369 1017 2440; x_wconf 89' lang='lat' dir='ltr'>scripsit</span> <span class='ocrx_word' id='word_1_194' title='bbox 1046 2369 1233 2441; x_wconf 87' lang='lat' dir='ltr'>(epist.</span> <span class='ocrx_word' id='word_1_195' title='bbox 1270 2369 1324 2439; x_wconf 80' lang='grc'>5)</span> <span class='ocrx_word' id='word_1_196' title='bbox 1358 2386 1370 2422; x_wconf 96' lang='lat'>:</span> <span class='ocrx_word' id='word_1_197' title='bbox 1411 2389 1434 2418; x_wconf 73' lang='grc' dir='ltr'>ι</span> <span class='ocrx_word' id='word_1_198' title='bbox 1472 2370 1660 2440; x_wconf 89' lang='lat' dir='ltr'>Itaque</span> <span class='ocrx_word' id='word_1_199' title='bbox 1707 2367 1954 2439; x_wconf 89' lang='lat' dir='ltr'>quamvis</span> 
     </span>
    </p>
   </div>
   <div class='ocr_carea' id='block_1_27' title="bbox 344 2455 1955 2528">
    <p class='ocr_par' dir='ltr' id='par_1_27' title="bbox 344 2455 1955 2528">
     <span class='ocr_line' id='line_1_27' title="bbox 344 2455 1955 2528; baseline -0.004 -15"><span class='ocrx_word' id='word_1_200' title='bbox 344 2459 460 2528; x_wconf 87' lang='lat' dir='ltr'>jam</span> <span class='ocrx_word' id='word_1_201' title='bbox 485 2458 649 2513; x_wconf 86' lang='lat' dir='ltr'>frater</span> <span class='ocrx_word' id='word_1_202' title='bbox 679 2458 908 2528; x_wconf 90' lang='lat' dir='ltr'>Cyrillus</span> <span class='ocrx_word' id='word_1_203' title='bbox 939 2457 1193 2513; x_wconf 90' lang='lat' dir='ltr'>secundis</span> <span class='ocrx_word' id='word_1_204' title='bbox 1225 2464 1275 2511; x_wconf 91' lang='lat' dir='ltr'>te</span> <span class='ocrx_word' id='word_1_205' title='bbox 1307 2455 1689 2528; x_wconf 87' lang='lat' dir='ltr'>epistolis[al.,</span> <span class='ocrx_word' id='word_1_206' title='bbox 1712 2455 1955 2525; x_wconf 89' lang='lat' dir='ltr'>epistolis</span> 
     </span>
    </p>
   </div>
   <div class='ocr_carea' id='block_1_28' title="bbox 353 2543 1956 2620">
    <p class='ocr_par' dir='ltr' id='par_1_28' title="bbox 353 2543 1956 2620">
     <span class='ocr_line' id='line_1_28' title="bbox 353 2543 1956 2620; baseline -0.004 -19"><span class='ocrx_word' id='word_1_207' title='bbox 353 2546 489 2620; x_wconf 90' lang='lat' dir='ltr'>suis]</span> <span class='ocrx_word' id='word_1_208' title='bbox 517 2554 726 2602; x_wconf 87' lang='lat' dir='ltr'>asserat</span> <span class='ocrx_word' id='word_1_209' title='bbox 770 2562 892 2600; x_wconf 89' lang='lat' dir='ltr'>esse</span> <span class='ocrx_word' id='word_1_210' title='bbox 935 2552 1281 2613; x_wconf 91' lang='lat' dir='ltr'>conventum,</span> <span class='ocrx_word' id='word_1_211' title='bbox 1340 2544 1614 2616; x_wconf 84' lang='lat' dir='ltr'>intelligas</span> <span class='ocrx_word' id='word_1_212' title='bbox 1662 2543 1787 2598; x_wconf 94' lang='lat' dir='ltr'>volo</span> <span class='ocrx_word' id='word_1_213' title='bbox 1834 2549 1956 2613; x_wconf 92' lang='lat' dir='ltr'>post</span> 
     </span>
    </p>
   </div>
   <div class='ocr_carea' id='block_1_29' title="bbox 349 2630 1956 2706">
    <p class='ocr_par' dir='ltr' id='par_1_29' title="bbox 349 2630 1956 2706">
     <span class='ocr_line' id='line_1_29' title="bbox 349 2630 1956 2706; baseline -0.003 -18"><span class='ocrx_word' id='word_1_214' title='bbox 349 2635 585 2706; x_wconf 88' lang='lat' dir='ltr'>primam</span> <span class='ocrx_word' id='word_1_215' title='bbox 615 2643 667 2688; x_wconf 90' lang='lat' dir='ltr'>et</span> <span class='ocrx_word' id='word_1_216' title='bbox 710 2634 1005 2689; x_wconf 88' lang='lat' dir='ltr'>secundam</span> <span class='ocrx_word' id='word_1_217' title='bbox 1049 2633 1211 2701; x_wconf 91' lang='lat' dir='ltr'>illius,</span> <span class='ocrx_word' id='word_1_218' title='bbox 1265 2639 1317 2687; x_wconf 91' lang='lat' dir='ltr'>et</span> <span class='ocrx_word' id='word_1_219' title='bbox 1373 2633 1515 2686; x_wconf 90' lang='lat' dir='ltr'>hanc</span> <span class='ocrx_word' id='word_1_220' title='bbox 1563 2630 1956 2701; x_wconf 89' lang='lat' dir='ltr'>correptionem</span> 
     </span>
    </p>
   </div>
   <div class='ocr_carea' id='block_1_30' title="bbox 351 2719 1958 2794">
    <p class='ocr_par' dir='ltr' id='par_1_30' title="bbox 351 2719 1958 2794">
     <span class='ocr_line' id='line_1_30' title="bbox 351 2719 1958 2794; baseline -0.004 -16"><span class='ocrx_word' id='word_1_221' title='bbox 351 2731 620 2788; x_wconf 90' lang='lat' dir='ltr'>nostram,</span> <span class='ocrx_word' id='word_1_222' title='bbox 643 2739 804 2794; x_wconf 91' lang='lat' dir='ltr'>quam</span> <span class='ocrx_word' id='word_1_223' title='bbox 820 2729 1034 2777; x_wconf 87' lang='lat' dir='ltr'>constat</span> <span class='ocrx_word' id='word_1_224' title='bbox 1065 2737 1188 2775; x_wconf 87' lang='lat' dir='ltr'>esse</span> <span class='ocrx_word' id='word_1_225' title='bbox 1212 2721 1328 2789; x_wconf 86' lang='lat' dir='ltr'>jam</span> <span class='ocrx_word' id='word_1_226' title='bbox 1359 2720 1589 2786; x_wconf 89' lang='lat' dir='ltr'>tertiam,</span> <span class='ocrx_word' id='word_1_227' title='bbox 1641 2720 1709 2772; x_wconf 91' lang='lat' dir='ltr'>ab</span> <span class='ocrx_word' id='word_1_228' title='bbox 1741 2719 1958 2773; x_wconf 91' lang='lat' dir='ltr'>univer-</span> 
     </span>
    </p>
   </div>
   <div class='ocr_carea' id='block_1_31' title="bbox 349 2808 1958 2882">
    <p class='ocr_par' dir='ltr' id='par_1_31' title="bbox 349 2808 1958 2882">
     <span class='ocr_line' id='line_1_31' title="bbox 349 2808 1958 2882; baseline -0.006 -14"><span class='ocrx_word' id='word_1_229' title='bbox 349 2811 505 2868; x_wconf 89' lang='lat' dir='ltr'>sitate</span> <span class='ocrx_word' id='word_1_230' title='bbox 534 2811 750 2882; x_wconf 89' lang='lat' dir='ltr'>collegii</span> <span class='ocrx_word' id='word_1_231' title='bbox 779 2818 832 2865; x_wconf 91' lang='lat' dir='ltr'>et</span> <span class='ocrx_word' id='word_1_232' title='bbox 861 2817 1129 2865; x_wconf 91' lang='lat' dir='ltr'>conventu</span> <span class='ocrx_word' id='word_1_233' title='bbox 1168 2808 1596 2863; x_wconf 89' lang='lat' dir='ltr'>Christianorum</span> <span class='ocrx_word' id='word_1_234' title='bbox 1647 2814 1698 2882; x_wconf 90' lang='lat' dir='ltr'>te</span> <span class='ocrx_word' id='word_1_235' title='bbox 1731 2821 1958 2878; x_wconf 84' lang='lat' dir='ltr'>prorsus</span> 
     </span>
    </p>
   </div>
   <div class='ocr_carea' id='block_1_32' title="bbox 350 2881 1961 2969">
    <p class='ocr_par' dir='ltr' id='par_1_32' title="bbox 350 2881 1961 2969">
     <span class='ocr_line' id='line_1_32' title="bbox 350 2881 1961 2969; baseline -0.005 -15"><span class='ocrx_word' id='word_1_236' title='bbox 350 2916 476 2955; x_wconf 89' lang='lat' dir='ltr'>esse</span> <span class='ocrx_word' id='word_1_237' title='bbox 507 2881 848 2969; x_wconf 82' lang='lat' dir='ltr'>sejunctum;</span> <span class='ocrx_word' id='word_1_238' title='bbox 880 2898 986 2951; x_wconf 91' lang='lat' dir='ltr'>nisi</span> <span class='ocrx_word' id='word_1_239' title='bbox 1011 2913 1136 2952; x_wconf 89' lang='lat' dir='ltr'>mox</span> <span class='ocrx_word' id='word_1_240' title='bbox 1175 2913 1237 2950; x_wconf 90' lang='lat' dir='ltr'>ea</span> <span class='ocrx_word' id='word_1_241' title='bbox 1285 2913 1405 2968; x_wconf 63' lang='lat' dir='ltr'>qua</span> <span class='ocrx_word' id='word_1_242' title='bbox 1453 2895 1592 2950; x_wconf 91' lang='lat' dir='ltr'>male</span> <span class='ocrx_word' id='word_1_243' title='bbox 1638 2881 1781 2949; x_wconf 86' lang='lat' dir='ltr'>dicta</span> <span class='ocrx_word' id='word_1_244' title='bbox 1838 2901 1961 2947; x_wconf 90' lang='lat' dir='ltr'>sunt</span> 
     </span>
    </p>
   </div>
   <div class='ocr_carea' id='block_1_33' title="bbox 351 2980 1958 3060">
    <p class='ocr_par' dir='ltr' id='par_1_33' title="bbox 351 2980 1958 3060">
     <span class='ocr_line' id='line_1_33' title="bbox 351 2980 1958 3060; baseline -0.006 -17"><span class='ocrx_word' id='word_1_245' title='bbox 351 2988 715 3060; x_wconf 85' lang='lat' dir='ltr'>corrigantur,</span> <span class='ocrx_word' id='word_1_246' title='bbox 738 2986 843 3040; x_wconf 89' lang='lat' dir='ltr'>nisi</span> <span class='ocrx_word' id='word_1_247' title='bbox 863 2985 918 3039; x_wconf 91' lang='lat' dir='ltr'>in</span> <span class='ocrx_word' id='word_1_248' title='bbox 939 3001 1060 3040; x_wconf 91' lang='lat' dir='ltr'>eam</span> <span class='ocrx_word' id='word_1_249' title='bbox 1091 2984 1236 3040; x_wconf 89' lang='lat' dir='ltr'>viam</span> <span class='ocrx_word' id='word_1_250' title='bbox 1265 2984 1482 3048; x_wconf 88' lang='lat' dir='ltr'>redeas,</span> <span class='ocrx_word' id='word_1_251' title='bbox 1519 2999 1683 3053; x_wconf 87' lang='lat' dir='ltr'>quam</span> <span class='ocrx_word' id='word_1_252' title='bbox 1713 2980 1958 3036; x_wconf 85' lang='lat' dir='ltr'>Christus</span> 
     </span>
    </p>
   </div>
   <div class='ocr_carea' id='block_1_34' title="bbox 352 3070 1960 3147">
    <p class='ocr_par' dir='ltr' id='par_1_34' title="bbox 352 3070 1960 3147">
     <span class='ocr_line' id='line_1_34' title="bbox 352 3070 1960 3147; baseline -0.005 -16"><span class='ocrx_word' id='word_1_253' title='bbox 352 3093 476 3131; x_wconf 89' lang='lat' dir='ltr'>esse</span> <span class='ocrx_word' id='word_1_254' title='bbox 507 3075 628 3147; x_wconf 86' lang='lat' dir='ltr'>[al.,</span> <span class='ocrx_word' id='word_1_255' title='bbox 662 3091 721 3128; x_wconf 92' lang='lat' dir='ltr'>se</span> <span class='ocrx_word' id='word_1_256' title='bbox 753 3073 995 3130; x_wconf 89' lang='lat' dir='ltr'>Christus</span> <span class='ocrx_word' id='word_1_257' title='bbox 1027 3071 1169 3144; x_wconf 91' lang='lat' dir='ltr'>esse]</span> <span class='ocrx_word' id='word_1_258' title='bbox 1202 3079 1438 3127; x_wconf 87' lang='lat' dir='ltr'>testatur.</span> <span class='ocrx_word' id='word_1_259' title='bbox 1481 3091 1503 3121; x_wconf 65' lang='grc' dir='ltr'><strong>ν</strong></span> <span class='ocrx_word' id='word_1_260' title='bbox 1539 3072 1606 3124; x_wconf 93' lang='lat' dir='ltr'>Et</span> <span class='ocrx_word' id='word_1_261' title='bbox 1627 3071 1754 3125; x_wconf 90' lang='lat' dir='ltr'>item</span> <span class='ocrx_word' id='word_1_262' title='bbox 1784 3070 1838 3123; x_wconf 92' lang='lat' dir='ltr'>in</span> <span class='ocrx_word' id='word_1_263' title='bbox 1870 3086 1960 3124; x_wconf 89' lang='lat' dir='ltr'>ea-</span> 
     </span>
    </p>
   </div>
   <div class='ocr_carea' id='block_1_35' title="bbox 351 3158 1768 3234">
    <p class='ocr_par' dir='ltr' id='par_1_35' title="bbox 351 3158 1768 3234">
     <span class='ocr_line' id='line_1_35' title="bbox 351 3158 1768 3234; baseline -0.006 -15"><span class='ocrx_word' id='word_1_264' title='bbox 351 3165 475 3219; x_wconf 82' lang='lat' dir='ltr'>dem</span> <span class='ocrx_word' id='word_1_265' title='bbox 509 3163 774 3234; x_wconf 87' lang='lat' dir='ltr'>epistola:</span> <span class='ocrx_word' id='word_1_266' title='bbox 804 3183 824 3212; x_wconf 72' lang='grc' dir='ltr'><strong><em>κ</em></strong></span> <span class='ocrx_word' id='word_1_267' title='bbox 859 3164 1163 3232; x_wconf 89' lang='lat' dir='ltr'>Persequar</span> <span class='ocrx_word' id='word_1_268' title='bbox 1197 3161 1356 3232; x_wconf 89' lang='lat' dir='ltr'>plane</span> <span class='ocrx_word' id='word_1_269' title='bbox 1400 3159 1616 3214; x_wconf 89' lang='lat' dir='ltr'>Domini</span> <span class='ocrx_word' id='word_1_270' title='bbox 1661 3158 1768 3213; x_wconf 89' lang='lat' dir='ltr'>mei</span> 
     </span>
    </p>
   </div>
   <div class='ocr_carea' id='block_1_36' title="bbox 350 3246 1964 3322">
    <p class='ocr_par' dir='ltr' id='par_1_36' title="bbox 350 3246 1964 3322">
     <span class='ocr_line' id='line_1_36' title="bbox 350 3246 1964 3322; baseline -0.004 -16"><span class='ocrx_word' id='word_1_271' title='bbox 350 3251 481 3307; x_wconf 90' lang='lat' dir='ltr'>boni</span> <span class='ocrx_word' id='word_1_272' title='bbox 507 3250 744 3322; x_wconf 89' lang='lat' dir='ltr'>Domini]</span> <span class='ocrx_word' id='word_1_273' title='bbox 777 3248 954 3304; x_wconf 84' lang='lat' dir='ltr'>fidelis</span> <span class='ocrx_word' id='word_1_274' title='bbox 986 3265 1178 3304; x_wconf 90' lang='lat' dir='ltr'>servus</span> <span class='ocrx_word' id='word_1_275' title='bbox 1208 3247 1457 3302; x_wconf 91' lang='lat' dir='ltr'>inimicos</span> <span class='ocrx_word' id='word_1_276' title='bbox 1491 3262 1652 3302; x_wconf 88' lang='lat' dir='ltr'>:cum</span> <span class='ocrx_word' id='word_1_277' title='bbox 1688 3246 1964 3316; x_wconf 86' lang='lat' dir='ltr'>PrOpheta</span> 
     </span>
    </p>
   </div>
   <div class='ocr_carea' id='block_1_37' title="bbox 347 3333 1948 3407">
    <p class='ocr_par' dir='ltr' id='par_1_37' title="bbox 347 3333 1948 3407">
     <span class='ocr_line' id='line_1_37' title="bbox 347 3333 1948 3407; baseline -0.006 -12"><span class='ocrx_word' id='word_1_278' title='bbox 347 3348 576 3406; x_wconf 85' lang='lat' dir='ltr'>asserat,</span> <span class='ocrx_word' id='word_1_279' title='bbox 610 3355 704 3394; x_wconf 90' lang='lat' dir='ltr'>eos</span> <span class='ocrx_word' id='word_1_280' title='bbox 734 3338 860 3394; x_wconf 91' lang='lat' dir='ltr'>odio</span> <span class='ocrx_word' id='word_1_281' title='bbox 891 3355 948 3392; x_wconf 91' lang='lat' dir='ltr'>se</span> <span class='ocrx_word' id='word_1_282' title='bbox 967 3335 1400 3407; x_wconf 81' lang='lat' dir='ltr'>odisseperfecto</span> <span class='ocrx_word' id='word_1_283' title='bbox 1424 3336 1599 3405; x_wconf 87' lang='lat' dir='ltr'>(Psal.</span> <span class='ocrx_word' id='word_1_284' title='bbox 1645 3333 1948 3403; x_wconf 82' lang='lat' dir='ltr'>cxxxvm).</span> 
     </span>
    </p>
   </div>
   <div class='ocr_carea' id='block_1_38' title="bbox 353 3420 1963 3496">
    <p class='ocr_par' dir='ltr' id='par_1_38' title="bbox 353 3420 1963 3496">
     <span class='ocr_line' id='line_1_38' title="bbox 353 3420 1963 3496; baseline -0.006 -13"><span class='ocrx_word' id='word_1_285' title='bbox 353 3429 579 3483; x_wconf 89' lang='lat' dir='ltr'>Moneor</span> <span class='ocrx_word' id='word_1_286' title='bbox 613 3443 805 3482; x_wconf 90' lang='lat' dir='ltr'>rursus</span> <span class='ocrx_word' id='word_1_287' title='bbox 835 3427 1008 3482; x_wconf 90' lang='lat' dir='ltr'>altero</span> <span class='ocrx_word' id='word_1_288' title='bbox 1051 3425 1328 3496; x_wconf 91' lang='lat' dir='ltr'>loquente,</span> <span class='ocrx_word' id='word_1_289' title='bbox 1380 3440 1449 3478; x_wconf 93' lang='lat' dir='ltr'>ne</span> <span class='ocrx_word' id='word_1_290' title='bbox 1493 3438 1734 3494; x_wconf 90' lang='lat' dir='ltr'>parcam.</span> <span class='ocrx_word' id='word_1_291' title='bbox 1790 3420 1963 3489; x_wconf 85' lang='lat' dir='ltr'>Quem</span> 
     </span>
    </p>
   </div>
   <div class='ocr_carea' id='block_1_39' title="bbox 350 3508 1965 3588">
    <p class='ocr_par' dir='ltr' id='par_1_39' title="bbox 350 3508 1965 3588">
     <span class='ocr_line' id='line_1_39' title="bbox 350 3508 1965 3588; baseline -0.006 -17"><span class='ocrx_word' id='word_1_292' title='bbox 350 3517 434 3571; x_wconf 89' lang='lat' dir='ltr'>vis</span> <span class='ocrx_word' id='word_1_293' title='bbox 463 3531 598 3588; x_wconf 87' lang='lat' dir='ltr'>ergo</span> <span class='ocrx_word' id='word_1_294' title='bbox 628 3515 917 3585; x_wconf 88' lang='lat' dir='ltr'>respiciam</span> <span class='ocrx_word' id='word_1_295' title='bbox 947 3513 1070 3585; x_wconf 83' lang='lat' dir='ltr'>[al.,</span> <span class='ocrx_word' id='word_1_296' title='bbox 1106 3529 1269 3584; x_wconf 90' lang='lat' dir='ltr'>quem</span> <span class='ocrx_word' id='word_1_297' title='bbox 1301 3512 1389 3566; x_wconf 92' lang='lat' dir='ltr'>hic</span> <span class='ocrx_word' id='word_1_298' title='bbox 1420 3526 1524 3584; x_wconf 88' lang='lat' dir='ltr'>ego</span> <span class='ocrx_word' id='word_1_299' title='bbox 1575 3508 1825 3581; x_wconf 89' lang='lat' dir='ltr'>respic.],</span> <span class='ocrx_word' id='word_1_300' title='bbox 1877 3508 1965 3564; x_wconf 93' lang='lat' dir='ltr'>cui</span> 
     </span>
    </p>
   </div>
   <div class='ocr_carea' id='block_1_40' title="bbox 347 3596 1963 3674">
    <p class='ocr_par' dir='ltr' id='par_1_40' title="bbox 347 3596 1963 3674">
     <span class='ocr_line' id='line_1_40' title="bbox 347 3596 1963 3674; baseline -0.007 -14"><span class='ocrx_word' id='word_1_301' title='bbox 347 3604 568 3660; x_wconf 87' lang='lat' dir='ltr'>honoris</span> <span class='ocrx_word' id='word_1_302' title='bbox 597 3603 800 3674; x_wconf 86' lang='lat' dir='ltr'>aliquid</span> <span class='ocrx_word' id='word_1_303' title='bbox 831 3618 1068 3668; x_wconf 86' lang='lat' dir='ltr'>servem,</span> <span class='ocrx_word' id='word_1_304' title='bbox 1101 3600 1317 3672; x_wconf 90' lang='lat' dir='ltr'>quando</span> <span class='ocrx_word' id='word_1_305' title='bbox 1347 3599 1529 3672; x_wconf 87' lang='lat' dir='ltr'>agitur</span> <span class='ocrx_word' id='word_1_306' title='bbox 1561 3605 1617 3652; x_wconf 92' lang='lat' dir='ltr'>ut</span> <span class='ocrx_word' id='word_1_307' title='bbox 1647 3597 1780 3651; x_wconf 91' lang='lat' dir='ltr'>mihi</span> <span class='ocrx_word' id='word_1_308' title='bbox 1797 3596 1963 3651; x_wconf 90' lang='lat' dir='ltr'>totius</span> 
     </span>
    </p>
   </div>
   <div class='ocr_carea' id='block_1_41' title="bbox 349 3684 1960 3765">
    <p class='ocr_par' dir='ltr' id='par_1_41' title="bbox 349 3684 1960 3765">
     <span class='ocr_line' id='line_1_41' title="bbox 349 3684 1960 3765; baseline -0.006 -17"><span class='ocrx_word' id='word_1_309' title='bbox 349 3693 617 3765; x_wconf 70' lang='lat' dir='ltr'>speimea:</span> <span class='ocrx_word' id='word_1_310' title='bbox 637 3707 801 3747; x_wconf 85' lang='lat' dir='ltr'>causa</span> <span class='ocrx_word' id='word_1_311' title='bbox 837 3690 1053 3746; x_wconf 89' lang='lat' dir='ltr'>tollatur</span> <span class='ocrx_word' id='word_1_312' title='bbox 1070 3691 1099 3744; x_wconf 84' lang='lat'><strong>?</strong></span> <span class='ocrx_word' id='word_1_313' title='bbox 1127 3710 1148 3740; x_wconf 78' lang='lat'><strong><em>»</em></strong></span> <span class='ocrx_word' id='word_1_314' title='bbox 1195 3689 1372 3759; x_wconf 92' lang='lat' dir='ltr'>Ipsius</span> <span class='ocrx_word' id='word_1_315' title='bbox 1387 3688 1441 3740; x_wconf 91' lang='lat' dir='ltr'>in</span> <span class='ocrx_word' id='word_1_316' title='bbox 1467 3686 1768 3757; x_wconf 88' lang='lat' dir='ltr'>Evangelio</span> <span class='ocrx_word' id='word_1_317' title='bbox 1795 3684 1960 3740; x_wconf 84' lang='lat' dir='ltr'>verba</span> 
     </span>
    </p>
   </div>
   <div class='ocr_carea' id='block_1_42' title="bbox 351 3776 1955 3850">
    <p class='ocr_par' dir='ltr' id='par_1_42' title="bbox 351 3776 1955 3850">
     <span class='ocr_line' id='line_1_42' title="bbox 351 3776 1955 3850; baseline -0.007 -13"><span class='ocrx_word' id='word_1_318' title='bbox 351 3789 476 3837; x_wconf 88' lang='lat' dir='ltr'>sunt</span> <span class='ocrx_word' id='word_1_319' title='bbox 506 3779 742 3844; x_wconf 89' lang='lat' dir='ltr'>Domini,</span> <span class='ocrx_word' id='word_1_320' title='bbox 766 3779 963 3850; x_wconf 91' lang='lat' dir='ltr'>quibus</span> <span class='ocrx_word' id='word_1_321' title='bbox 993 3778 1065 3831; x_wconf 88' lang='lat' dir='ltr'>ait</span> <span class='ocrx_word' id='word_1_322' title='bbox 1095 3793 1204 3832; x_wconf 90' lang='lat' dir='ltr'>non</span> <span class='ocrx_word' id='word_1_323' title='bbox 1231 3776 1334 3830; x_wconf 90' lang='lat' dir='ltr'>sibi</span> <span class='ocrx_word' id='word_1_324' title='bbox 1380 3783 1605 3846; x_wconf 86' lang='lat' dir='ltr'>patrem,</span> <span class='ocrx_word' id='word_1_325' title='bbox 1665 3789 1772 3828; x_wconf 92' lang='lat' dir='ltr'>non</span> <span class='ocrx_word' id='word_1_326' title='bbox 1829 3788 1955 3826; x_wconf 89' lang='lat' dir='ltr'>ma-</span> 
     </span>
    </p>
   </div>
   <div class='ocr_carea' id='block_1_43' title="bbox 364 3861 1963 3936">
    <p class='ocr_par' dir='ltr' id='par_1_43' title="bbox 364 3861 1963 3936">
     <span class='ocr_line' id='line_1_43' title="bbox 364 3861 1963 3936; baseline -0.006 -10"><span class='ocrx_word' id='word_1_327' title='bbox 364 3878 525 3935; x_wconf 89' lang='lat' dir='ltr'>trem,</span> <span class='ocrx_word' id='word_1_328' title='bbox 549 3885 658 3923; x_wconf 92' lang='lat' dir='ltr'>non</span> <span class='ocrx_word' id='word_1_329' title='bbox 687 3867 848 3932; x_wconf 84' lang='lat' dir='ltr'>filios,</span> <span class='ocrx_word' id='word_1_330' title='bbox 884 3882 993 3922; x_wconf 92' lang='lat' dir='ltr'>non</span> <span class='ocrx_word' id='word_1_331' title='bbox 1024 3866 1263 3936; x_wconf 88' lang='lat' dir='ltr'>aliquam</span> <span class='ocrx_word' id='word_1_332' title='bbox 1284 3862 1743 3920; x_wconf 90' lang='lat' dir='ltr'>necessitudinem</span> <span class='ocrx_word' id='word_1_333' title='bbox 1762 3861 1963 3916; x_wconf 90' lang='lat' dir='ltr'>debere</span> 
     </span>
    </p>
   </div>
   <div class='ocr_carea' id='block_1_44' title="bbox 360 3949 1962 4030">
    <p class='ocr_par' dir='ltr' id='par_1_44' title="bbox 360 3949 1962 4030">
     <span class='ocr_line' id='line_1_44' title="bbox 360 3949 1962 4030; baseline -0.007 -16"><span class='ocrx_word' id='word_1_334' title='bbox 360 3957 613 4030; x_wconf 81' lang='lat' dir='ltr'>praeponi</span> <span class='ocrx_word' id='word_1_335' title='bbox 641 3956 860 4027; x_wconf 80' lang='lat' dir='ltr'>(Matth.</span> <span class='ocrx_word' id='word_1_336' title='bbox 893 3955 974 4022; x_wconf 71' lang='grc' dir='ltr'>χ).</span> <span class='ocrx_word' id='word_1_337' title='bbox 1006 3955 1106 4009; x_wconf 85' lang='lat' dir='ltr'>Est</span> <span class='ocrx_word' id='word_1_338' title='bbox 1138 3953 1282 4008; x_wconf 91' lang='lat' dir='ltr'>enim</span> <span class='ocrx_word' id='word_1_339' title='bbox 1312 3952 1620 4023; x_wconf 84' lang='lat' dir='ltr'>frequenter</span> <span class='ocrx_word' id='word_1_340' title='bbox 1641 3951 1763 4004; x_wconf 88' lang='lat' dir='ltr'>talis</span> <span class='ocrx_word' id='word_1_341' title='bbox 1783 3949 1962 4020; x_wconf 89' lang='lat' dir='ltr'>pietas</span> 
     </span>
    </p>
   </div>
   <div class='ocr_carea' id='block_1_45' title="bbox 369 4037 1962 4118">
    <p class='ocr_par' dir='ltr' id='par_1_45' title="bbox 369 4037 1962 4118">
     <span class='ocr_line' id='line_1_45' title="bbox 369 4037 1962 4118; baseline -0.008 -16"><span class='ocrx_word' id='word_1_342' title='bbox 369 4064 435 4103; x_wconf 90' lang='lat' dir='ltr'>ex</span> <span class='ocrx_word' id='word_1_343' title='bbox 465 4063 569 4118; x_wconf 88' lang='lat' dir='ltr'>qua</span> <span class='ocrx_word' id='word_1_344' title='bbox 599 4052 854 4100; x_wconf 87' lang='lat' dir='ltr'>nascatur</span> <span class='ocrx_word' id='word_1_345' title='bbox 881 4043 1132 4114; x_wconf 90' lang='lat' dir='ltr'>impietas</span> <span class='ocrx_word' id='word_1_346' title='bbox 1164 4059 1176 4097; x_wconf 93' lang='lat'>:</span> <span class='ocrx_word' id='word_1_347' title='bbox 1209 4057 1332 4097; x_wconf 90' lang='lat' dir='ltr'>cum</span> <span class='ocrx_word' id='word_1_348' title='bbox 1362 4041 1613 4096; x_wconf 89' lang='lat' dir='ltr'>vincente</span> <span class='ocrx_word' id='word_1_349' title='bbox 1643 4055 1832 4094; x_wconf 89' lang='lat' dir='ltr'>earum</span> <span class='ocrx_word' id='word_1_350' title='bbox 1878 4037 1962 4091; x_wconf 89' lang='lat' dir='ltr'>af-</span> 
     </span>
    </p>
   </div>
   <div class='ocr_carea' id='block_1_46' title="bbox 348 4126 1962 4201">
    <p class='ocr_par' dir='ltr' id='par_1_46' title="bbox 348 4126 1962 4201">
     <span class='ocr_line' id='line_1_46' title="bbox 348 4126 1962 4201; baseline -0.009 -8"><span class='ocrx_word' id='word_1_351' title='bbox 348 4135 493 4192; x_wconf 81' lang='lat' dir='ltr'>fectu</span> <span class='ocrx_word' id='word_1_352' title='bbox 540 4134 722 4190; x_wconf 90' lang='lat' dir='ltr'>carnis</span> <span class='ocrx_word' id='word_1_353' title='bbox 770 4132 1016 4189; x_wconf 90' lang='lat' dir='ltr'>charitati</span> <span class='ocrx_word' id='word_1_354' title='bbox 1057 4132 1133 4186; x_wconf 94' lang='lat' dir='ltr'>illi</span> <span class='ocrx_word' id='word_1_355' title='bbox 1179 4147 1301 4201; x_wconf 72' lang='lat' dir='ltr'>quae</span> <span class='ocrx_word' id='word_1_356' title='bbox 1354 4131 1501 4184; x_wconf 92' lang='lat' dir='ltr'>Deus</span> <span class='ocrx_word' id='word_1_357' title='bbox 1554 4136 1656 4193; x_wconf 89' lang='lat' dir='ltr'>est,</span> <span class='ocrx_word' id='word_1_358' title='bbox 1723 4126 1962 4182; x_wconf 85' lang='lat' dir='ltr'>charitas</span> 
     </span>
    </p>
   </div>
   <div class='ocr_carea' id='block_1_47' title="bbox 349 4213 1960 4297">
    <p class='ocr_par' dir='ltr' id='par_1_47' title="bbox 349 4213 1960 4297">
     <span class='ocr_line' id='line_1_47' title="bbox 349 4213 1960 4297; baseline -0.008 -17"><span class='ocrx_word' id='word_1_359' title='bbox 349 4223 684 4297; x_wconf 82' lang='lat' dir='ltr'>praeponitur</span> <span class='ocrx_word' id='word_1_360' title='bbox 710 4221 1025 4292; x_wconf 86' lang='lat' dir='ltr'>corporalis.</span> <span class='ocrx_word' id='word_1_361' title='bbox 1062 4221 1131 4274; x_wconf 90' lang='lat' dir='ltr'>Et</span> <span class='ocrx_word' id='word_1_362' title='bbox 1181 4219 1237 4273; x_wconf 93' lang='lat' dir='ltr'>S.</span> <span class='ocrx_word' id='word_1_363' title='bbox 1288 4217 1605 4272; x_wconf 79' lang='lat' dir='ltr'>Ambrosius</span> <span class='ocrx_word' id='word_1_364' title='bbox 1644 4215 1699 4268; x_wconf 94' lang='lat' dir='ltr'>in</span> <span class='ocrx_word' id='word_1_365' title='bbox 1747 4213 1960 4284; x_wconf 87' lang='lat' dir='ltr'>psalmo</span> 
     </span>
    </p>
   </div>
   <div class='ocr_carea' id='block_1_48' title="bbox 349 4302 1962 4378">
    <p class='ocr_par' dir='ltr' id='par_1_48' title="bbox 349 4302 1962 4378">
     <span class='ocr_line' id='line_1_48' title="bbox 349 4302 1962 4378; baseline -0.008 -12"><span class='ocrx_word' id='word_1_366' title='bbox 349 4328 524 4366; x_wconf 82' lang='lat' dir='ltr'>cxvm</span> <span class='ocrx_word' id='word_1_367' title='bbox 560 4330 572 4366; x_wconf 94' lang='lat'>:</span> <span class='ocrx_word' id='word_1_368' title='bbox 612 4334 633 4360; x_wconf 79' lang='grc' dir='ltr'>α</span> <span class='ocrx_word' id='word_1_369' title='bbox 668 4312 765 4365; x_wconf 90' lang='lat' dir='ltr'>Est</span> <span class='ocrx_word' id='word_1_370' title='bbox 789 4311 936 4378; x_wconf 82' lang='lat' dir='ltr'>justa</span> <span class='ocrx_word' id='word_1_371' title='bbox 964 4306 1357 4370; x_wconf 90' lang='lat' dir='ltr'>misericordia,</span> <span class='ocrx_word' id='word_1_372' title='bbox 1394 4312 1446 4359; x_wconf 91' lang='lat' dir='ltr'>et</span> <span class='ocrx_word' id='word_1_373' title='bbox 1479 4311 1562 4358; x_wconf 92' lang='lat' dir='ltr'>est</span> <span class='ocrx_word' id='word_1_374' title='bbox 1583 4302 1962 4369; x_wconf 89' lang='lat' dir='ltr'>etiaminjusta</span> 
     </span>
    </p>
   </div>
   <div class='ocr_carea' id='block_1_49' title="bbox 346 4391 1960 4468">
    <p class='ocr_par' dir='ltr' id='par_1_49' title="bbox 346 4391 1960 4468">
     <span class='ocr_line' id='line_1_49' title="bbox 346 4391 1960 4468; baseline -0.008 -13"><span class='ocrx_word' id='word_1_375' title='bbox 346 4399 744 4456; x_wconf 86' lang='lat' dir='ltr'>misericordia.</span> <span class='ocrx_word' id='word_1_376' title='bbox 771 4398 1017 4468; x_wconf 89' lang='lat' dir='ltr'>Denique</span> <span class='ocrx_word' id='word_1_377' title='bbox 1049 4396 1104 4450; x_wconf 94' lang='lat' dir='ltr'>in</span> <span class='ocrx_word' id='word_1_378' title='bbox 1131 4396 1256 4466; x_wconf 86' lang='lat' dir='ltr'>lege</span> <span class='ocrx_word' id='word_1_379' title='bbox 1287 4393 1554 4463; x_wconf 89' lang='lat' dir='ltr'>scriptum</span> <span class='ocrx_word' id='word_1_380' title='bbox 1587 4399 1669 4445; x_wconf 89' lang='lat' dir='ltr'>est</span> <span class='ocrx_word' id='word_1_381' title='bbox 1703 4391 1771 4444; x_wconf 92' lang='lat' dir='ltr'>de</span> <span class='ocrx_word' id='word_1_382' title='bbox 1823 4405 1960 4460; x_wconf 91' lang='lat' dir='ltr'>quo-</span> 
     </span>
    </p>
   </div>
   <div class='ocr_carea' id='block_1_50' title="bbox 2061 525 3651 603">
    <p class='ocr_par' dir='ltr' id='par_1_50' title="bbox 2061 525 3651 603">
     <span class='ocr_line' id='line_1_50' title="bbox 2061 525 3651 603; baseline 0.004 -24"><span class='ocrx_word' id='word_1_383' title='bbox 2061 525 2362 592; x_wconf 90' lang='lat' dir='ltr'>convictus,</span> <span class='ocrx_word' id='word_1_384' title='bbox 2394 543 2502 581; x_wconf 93' lang='lat' dir='ltr'>non</span> <span class='ocrx_word' id='word_1_385' title='bbox 2533 527 2585 580; x_wconf 89' lang='lat' dir='ltr'>id</span> <span class='ocrx_word' id='word_1_386' title='bbox 2617 529 2760 599; x_wconf 91' lang='lat' dir='ltr'>quod</span> <span class='ocrx_word' id='word_1_387' title='bbox 2793 528 3014 596; x_wconf 68' lang='lat' dir='ltr'>justitiae</span> <span class='ocrx_word' id='word_1_388' title='bbox 3043 537 3125 585; x_wconf 87' lang='lat' dir='ltr'>est</span> <span class='ocrx_word' id='word_1_389' title='bbox 3155 530 3323 599; x_wconf 85' lang='lat' dir='ltr'>judex</span> <span class='ocrx_word' id='word_1_390' title='bbox 3372 539 3651 603; x_wconf 84' lang='lat' dir='ltr'>sequatur;</span> 
     </span>
    </p>
   </div>
   <div class='ocr_carea' id='block_1_51' title="bbox 2058 613 3652 688">
    <p class='ocr_par' dir='ltr' id='par_1_51' title="bbox 2058 613 3652 688">
     <span class='ocr_line' id='line_1_51' title="bbox 2058 613 3652 688; baseline 0.005 -22"><span class='ocrx_word' id='word_1_391' title='bbox 2058 613 2156 667; x_wconf 91' lang='lat' dir='ltr'>sed</span> <span class='ocrx_word' id='word_1_392' title='bbox 2185 613 2312 667; x_wconf 92' lang='lat' dir='ltr'>dum</span> <span class='ocrx_word' id='word_1_393' title='bbox 2343 614 2632 669; x_wconf 88' lang='lat' dir='ltr'>miseretur</span> <span class='ocrx_word' id='word_1_394' title='bbox 2661 615 2759 681; x_wconf 90' lang='lat' dir='ltr'>rei,</span> <span class='ocrx_word' id='word_1_395' title='bbox 2797 616 3013 671; x_wconf 91' lang='lat' dir='ltr'>damnet</span> <span class='ocrx_word' id='word_1_396' title='bbox 3041 617 3382 688; x_wconf 88' lang='lat' dir='ltr'>probantem,</span> <span class='ocrx_word' id='word_1_397' title='bbox 3401 627 3493 674; x_wconf 87' lang='lat' dir='ltr'>aut</span> <span class='ocrx_word' id='word_1_398' title='bbox 3523 619 3652 674; x_wconf 90' lang='lat' dir='ltr'>dum</span> 
     </span>
    </p>
   </div>
   <div class='ocr_carea' id='block_1_52' title="bbox 2056 700 3654 775">
    <p class='ocr_par' dir='ltr' id='par_1_52' title="bbox 2056 700 3654 775">
     <span class='ocr_line' id='line_1_52' title="bbox 2056 700 3654 775; baseline 0.004 -21"><span class='ocrx_word' id='word_1_399' title='bbox 2056 702 2357 756; x_wconf 87' lang='lat' dir='ltr'>accusatori</span> <span class='ocrx_word' id='word_1_400' title='bbox 2388 700 2528 757; x_wconf 87' lang='lat' dir='ltr'>favet</span> <span class='ocrx_word' id='word_1_401' title='bbox 2559 702 2650 773; x_wconf 88' lang='lat' dir='ltr'>qui</span> <span class='ocrx_word' id='word_1_402' title='bbox 2678 703 2905 772; x_wconf 92' lang='lat' dir='ltr'>probare</span> <span class='ocrx_word' id='word_1_403' title='bbox 2933 719 3040 758; x_wconf 92' lang='lat' dir='ltr'>non</span> <span class='ocrx_word' id='word_1_404' title='bbox 3069 705 3259 775; x_wconf 92' lang='lat' dir='ltr'>possit,</span> <span class='ocrx_word' id='word_1_405' title='bbox 3309 705 3521 762; x_wconf 89' lang='lat' dir='ltr'>addicat</span> <span class='ocrx_word' id='word_1_406' title='bbox 3565 707 3654 761; x_wconf 91' lang='lat' dir='ltr'>in-</span> 
     </span>
    </p>
   </div>
   <div class='ocr_carea' id='block_1_53' title="bbox 2056 789 3655 862">
    <p class='ocr_par' dir='ltr' id='par_1_53' title="bbox 2056 789 3655 862">
     <span class='ocr_line' id='line_1_53' title="bbox 2056 789 3655 862; baseline 0.004 -20"><span class='ocrx_word' id='word_1_407' title='bbox 2056 789 2297 844; x_wconf 92' lang='lat' dir='ltr'>noxium.</span> <span class='ocrx_word' id='word_1_408' title='bbox 2331 791 2453 844; x_wconf 85' lang='lat' dir='ltr'>Non</span> <span class='ocrx_word' id='word_1_409' title='bbox 2483 797 2661 859; x_wconf 87' lang='lat' dir='ltr'>potest</span> <span class='ocrx_word' id='word_1_410' title='bbox 2689 791 2854 862; x_wconf 87' lang='lat' dir='ltr'>igitur</span> <span class='ocrx_word' id='word_1_411' title='bbox 2879 792 2998 847; x_wconf 77' lang='lat' dir='ltr'>haec</span> <span class='ocrx_word' id='word_1_412' title='bbox 3027 792 3133 846; x_wconf 92' lang='lat' dir='ltr'>dici</span> <span class='ocrx_word' id='word_1_413' title='bbox 3152 793 3298 860; x_wconf 88' lang='lat' dir='ltr'>justa</span> <span class='ocrx_word' id='word_1_414' title='bbox 3343 793 3655 854; x_wconf 87' lang='lat' dir='ltr'>misericor-</span> 
     </span>
    </p>
   </div>
   <div class='ocr_carea' id='block_1_54' title="bbox 2057 875 3650 948">
    <p class='ocr_par' dir='ltr' id='par_1_54' title="bbox 2057 875 3650 948">
     <span class='ocr_line' id='line_1_54' title="bbox 2057 875 3650 948; baseline 0.004 -18"><span class='ocrx_word' id='word_1_415' title='bbox 2057 875 2166 930; x_wconf 88' lang='lat' dir='ltr'>dia:</span> <span class='ocrx_word' id='word_1_416' title='bbox 2219 876 2276 930; x_wconf 94' lang='lat' dir='ltr'>in</span> <span class='ocrx_word' id='word_1_417' title='bbox 2320 876 2436 947; x_wconf 82' lang='lat' dir='ltr'>ipsa</span> <span class='ocrx_word' id='word_1_418' title='bbox 2481 878 2726 932; x_wconf 87' lang='lat' dir='ltr'>Ecclesia</span> <span class='ocrx_word' id='word_1_419' title='bbox 2766 879 2860 932; x_wconf 92' lang='lat' dir='ltr'>ubi</span> <span class='ocrx_word' id='word_1_420' title='bbox 2904 879 3139 934; x_wconf 88' lang='lat' dir='ltr'>maxime</span> <span class='ocrx_word' id='word_1_421' title='bbox 3180 880 3426 935; x_wconf 91' lang='lat' dir='ltr'>misereri</span> <span class='ocrx_word' id='word_1_422' title='bbox 3474 881 3650 948; x_wconf 89' lang='lat' dir='ltr'>decet,</span> 
     </span>
    </p>
   </div>
   <div class='ocr_carea' id='block_1_55' title="bbox 2055 963 3656 1039">
    <p class='ocr_par' dir='ltr' id='par_1_55' title="bbox 2055 963 3656 1039">
     <span class='ocr_line' id='line_1_55' title="bbox 2055 963 3656 1039; baseline 0.003 -22"><span class='ocrx_word' id='word_1_423' title='bbox 2055 963 2227 1018; x_wconf 91' lang='lat' dir='ltr'>teneri</span> <span class='ocrx_word' id='word_1_424' title='bbox 2257 979 2420 1035; x_wconf 91' lang='lat' dir='ltr'>quam</span> <span class='ocrx_word' id='word_1_425' title='bbox 2449 965 2680 1020; x_wconf 86' lang='lat' dir='ltr'>maxime</span> <span class='ocrx_word' id='word_1_426' title='bbox 2728 965 2889 1020; x_wconf 91' lang='lat' dir='ltr'>debet</span> <span class='ocrx_word' id='word_1_427' title='bbox 2927 966 3100 1022; x_wconf 85' lang='lat' dir='ltr'>forma</span> <span class='ocrx_word' id='word_1_428' title='bbox 3135 967 3375 1036; x_wconf 66' lang='lat' dir='ltr'>iustitiae,</span> <span class='ocrx_word' id='word_1_429' title='bbox 3423 983 3492 1023; x_wconf 92' lang='lat' dir='ltr'>ne</span> <span class='ocrx_word' id='word_1_430' title='bbox 3536 968 3656 1039; x_wconf 91' lang='lat' dir='ltr'>quis</span> 
     </span>
    </p>
   </div>
   <div class='ocr_carea' id='block_1_56' title="bbox 2055 1051 3653 1126">
    <p class='ocr_par' dir='ltr' id='par_1_56' title="bbox 2055 1051 3653 1126">
     <span class='ocr_line' id='line_1_56' title="bbox 2055 1051 3653 1126; baseline 0.003 -20"><span class='ocrx_word' id='word_1_431' title='bbox 2055 1067 2088 1106; x_wconf 83' lang='lat' dir='ltr'>a</span> <span class='ocrx_word' id='word_1_432' title='bbox 2118 1051 2387 1106; x_wconf 89' lang='lat' dir='ltr'>consortio</span> <span class='ocrx_word' id='word_1_433' title='bbox 2415 1053 2808 1108; x_wconf 88' lang='lat' dir='ltr'>communionis</span> <span class='ocrx_word' id='word_1_434' title='bbox 2837 1054 3136 1121; x_wconf 88' lang='lat' dir='ltr'>abstentus,</span> <span class='ocrx_word' id='word_1_435' title='bbox 3170 1055 3321 1111; x_wconf 87' lang='lat' dir='ltr'>brevi</span> <span class='ocrx_word' id='word_1_436' title='bbox 3340 1055 3653 1126; x_wconf 84' lang='lat' dir='ltr'>Iacrymula,</span> 
     </span>
    </p>
   </div>
   <div class='ocr_carea' id='block_1_57' title="bbox 2057 1140 3657 1210">
    <p class='ocr_par' dir='ltr' id='par_1_57' title="bbox 2057 1140 3657 1210">
     <span class='ocr_line' id='line_1_57' title="bbox 2057 1140 3657 1210; baseline 0.003 -17"><span class='ocrx_word' id='word_1_437' title='bbox 2057 1147 2218 1210; x_wconf 90' lang='lat' dir='ltr'>atque</span> <span class='ocrx_word' id='word_1_438' title='bbox 2247 1140 2316 1194; x_wconf 89' lang='lat' dir='ltr'>ad</span> <span class='ocrx_word' id='word_1_439' title='bbox 2350 1148 2558 1210; x_wconf 90' lang='lat' dir='ltr'>tempus</span> <span class='ocrx_word' id='word_1_440' title='bbox 2588 1149 2793 1210; x_wconf 89' lang='lat' dir='ltr'>parata,</span> <span class='ocrx_word' id='word_1_441' title='bbox 2825 1142 2913 1197; x_wconf 90' lang='lat' dir='ltr'>vel</span> <span class='ocrx_word' id='word_1_442' title='bbox 2945 1142 3104 1196; x_wconf 89' lang='lat' dir='ltr'>etiam</span> <span class='ocrx_word' id='word_1_443' title='bbox 3131 1143 3480 1198; x_wconf 88' lang='lat' dir='ltr'>uberioribus</span> <span class='ocrx_word' id='word_1_444' title='bbox 3515 1142 3657 1198; x_wconf 87' lang='lat' dir='ltr'>ﬂeti-</span> 
     </span>
    </p>
   </div>
   <div class='ocr_carea' id='block_1_58' title="bbox 2056 1227 3657 1302">
    <p class='ocr_par' dir='ltr' id='par_1_58' title="bbox 2056 1227 3657 1302">
     <span class='ocr_line' id='line_1_58' title="bbox 2056 1227 3657 1302; baseline 0.004 -22"><span class='ocrx_word' id='word_1_445' title='bbox 2056 1227 2159 1281; x_wconf 93' lang='lat' dir='ltr'>bus</span> <span class='ocrx_word' id='word_1_446' title='bbox 2190 1228 2647 1295; x_wconf 90' lang='lat' dir='ltr'>communionem,</span> <span class='ocrx_word' id='word_1_447' title='bbox 2682 1245 2846 1300; x_wconf 90' lang='lat' dir='ltr'>quam</span> <span class='ocrx_word' id='word_1_448' title='bbox 2871 1229 3121 1299; x_wconf 90' lang='lat' dir='ltr'>plurimis</span> <span class='ocrx_word' id='word_1_449' title='bbox 3170 1231 3334 1285; x_wconf 90' lang='lat' dir='ltr'>debet</span> <span class='ocrx_word' id='word_1_450' title='bbox 3374 1229 3657 1302; x_wconf 90' lang='lat' dir='ltr'>postulare</span> 
     </span>
    </p>
   </div>
   <div class='ocr_carea' id='block_1_59' title="bbox 2057 1314 3656 1389">
    <p class='ocr_par' dir='ltr' id='par_1_59' title="bbox 2057 1314 3656 1389">
     <span class='ocr_line' id='line_1_59' title="bbox 2057 1314 3656 1389; baseline 0.003 -21"><span class='ocrx_word' id='word_1_451' title='bbox 2057 1315 2411 1385; x_wconf 89' lang='lat' dir='ltr'>temporibus,</span> <span class='ocrx_word' id='word_1_452' title='bbox 2447 1314 2686 1370; x_wconf 82' lang='lat' dir='ltr'>facilitati</span> <span class='ocrx_word' id='word_1_453' title='bbox 2725 1317 3024 1372; x_wconf 89' lang='lat' dir='ltr'>sacerdotis</span> <span class='ocrx_word' id='word_1_454' title='bbox 3070 1325 3410 1389; x_wconf 88' lang='lat' dir='ltr'>extorqueat.</span> <span class='ocrx_word' id='word_1_455' title='bbox 3460 1319 3656 1374; x_wconf 82' lang='lat' dir='ltr'>Nonne</span> 
     </span>
    </p>
   </div>
   <div class='ocr_carea' id='block_1_60' title="bbox 2055 1403 3656 1476">
    <p class='ocr_par' dir='ltr' id='par_1_60' title="bbox 2055 1403 3656 1476">
     <span class='ocr_line' id='line_1_60' title="bbox 2055 1403 3656 1476; baseline 0.002 -18"><span class='ocrx_word' id='word_1_456' title='bbox 2055 1418 2178 1458; x_wconf 91' lang='lat' dir='ltr'>cum</span> <span class='ocrx_word' id='word_1_457' title='bbox 2207 1403 2300 1457; x_wconf 91' lang='lat' dir='ltr'>uni</span> <span class='ocrx_word' id='word_1_458' title='bbox 2329 1403 2574 1474; x_wconf 85' lang='lat' dir='ltr'>indulget</span> <span class='ocrx_word' id='word_1_459' title='bbox 2604 1403 2848 1476; x_wconf 84' lang='lat' dir='ltr'>indigno,</span> <span class='ocrx_word' id='word_1_460' title='bbox 2881 1405 3144 1475; x_wconf 89' lang='lat' dir='ltr'>plurimos</span> <span class='ocrx_word' id='word_1_461' title='bbox 3176 1405 3305 1462; x_wconf 88' lang='lat' dir='ltr'>facit</span> <span class='ocrx_word' id='word_1_462' title='bbox 3347 1405 3418 1460; x_wconf 86' lang='lat' dir='ltr'>ad</span> <span class='ocrx_word' id='word_1_463' title='bbox 3465 1406 3656 1476; x_wconf 90' lang='lat' dir='ltr'>prola-</span> 
     </span>
    </p>
   </div>
   <div class='ocr_carea' id='block_1_61' title="bbox 2053 1490 3648 1562">
    <p class='ocr_par' dir='ltr' id='par_1_61' title="bbox 2053 1490 3648 1562">
     <span class='ocr_line' id='line_1_61' title="bbox 2053 1490 3648 1562; baseline 0.004 -18"><span class='ocrx_word' id='word_1_464' title='bbox 2053 1490 2261 1561; x_wconf 90' lang='lat' dir='ltr'>psionis</span> <span class='ocrx_word' id='word_1_465' title='bbox 2293 1491 2604 1562; x_wconf 88' lang='lat' dir='ltr'>contagium</span> <span class='ocrx_word' id='word_1_466' title='bbox 2634 1492 2972 1562; x_wconf 82' lang='lat' dir='ltr'>provocari?</span> <span class='ocrx_word' id='word_1_467' title='bbox 3001 1491 3231 1548; x_wconf 88' lang='lat' dir='ltr'>facilitas</span> <span class='ocrx_word' id='word_1_468' title='bbox 3261 1493 3406 1548; x_wconf 90' lang='lat' dir='ltr'>enim</span> <span class='ocrx_word' id='word_1_469' title='bbox 3454 1494 3648 1561; x_wconf 74' lang='lat' dir='ltr'>veniae,</span> 
     </span>
    </p>
   </div>
   <div class='ocr_carea' id='block_1_62' title="bbox 2055 1578 3647 1651">
    <p class='ocr_par' dir='ltr' id='par_1_62' title="bbox 2055 1578 3647 1651">
     <span class='ocr_line' id='line_1_62' title="bbox 2055 1578 3647 1651; baseline 0.002 -19"><span class='ocrx_word' id='word_1_470' title='bbox 2055 1578 2382 1633; x_wconf 87' lang='lat' dir='ltr'>incentivum</span> <span class='ocrx_word' id='word_1_471' title='bbox 2410 1578 2595 1632; x_wconf 90' lang='lat' dir='ltr'>tribuit</span> <span class='ocrx_word' id='word_1_472' title='bbox 2641 1579 3010 1651; x_wconf 90' lang='lat' dir='ltr'>delinquendi.</span> <span class='ocrx_word' id='word_1_473' title='bbox 3063 1581 3180 1636; x_wconf 91' lang='lat' dir='ltr'>Hoc</span> <span class='ocrx_word' id='word_1_474' title='bbox 3207 1595 3272 1635; x_wconf 90' lang='lat' dir='ltr'>eo</span> <span class='ocrx_word' id='word_1_475' title='bbox 3300 1581 3506 1636; x_wconf 90' lang='lat' dir='ltr'>dictum</span> <span class='ocrx_word' id='word_1_476' title='bbox 3546 1589 3647 1647; x_wconf 88' lang='lat' dir='ltr'>est,</span> 
     </span>
    </p>
   </div>
   <div class='ocr_carea' id='block_1_63' title="bbox 2055 1666 3651 1737">
    <p class='ocr_par' dir='ltr' id='par_1_63' title="bbox 2055 1666 3651 1737">
     <span class='ocr_line' id='line_1_63' title="bbox 2055 1666 3651 1737; baseline 0.004 -17"><span class='ocrx_word' id='word_1_477' title='bbox 2055 1674 2113 1720; x_wconf 92' lang='lat' dir='ltr'>ut</span> <span class='ocrx_word' id='word_1_478' title='bbox 2145 1666 2377 1721; x_wconf 88' lang='lat' dir='ltr'>sciamus</span> <span class='ocrx_word' id='word_1_479' title='bbox 2407 1667 2704 1722; x_wconf 90' lang='lat' dir='ltr'>secundum</span> <span class='ocrx_word' id='word_1_480' title='bbox 2735 1667 2959 1722; x_wconf 89' lang='lat' dir='ltr'>verbum</span> <span class='ocrx_word' id='word_1_481' title='bbox 2989 1667 3109 1737; x_wconf 88' lang='lat' dir='ltr'>Dei,</span> <span class='ocrx_word' id='word_1_482' title='bbox 3141 1668 3440 1724; x_wconf 90' lang='lat' dir='ltr'>secundum</span> <span class='ocrx_word' id='word_1_483' title='bbox 3478 1669 3651 1726; x_wconf 89' lang='lat' dir='ltr'>ratio-</span> 
     </span>
    </p>
   </div>
   <div class='ocr_carea' id='block_1_64' title="bbox 1983 1754 3650 1838">
    <p class='ocr_par' dir='ltr' id='par_1_64' title="bbox 1983 1754 3650 1838">
     <span class='ocr_line' id='line_1_64' title="bbox 1983 1754 3650 1838; baseline 0.002 -30"><span class='ocrx_word' id='word_1_484' title='bbox 1983 1778 2036 1838; x_wconf 86' lang='lat' dir='ltr'>B</span> <span class='ocrx_word' id='word_1_485' title='bbox 2056 1770 2202 1819; x_wconf 91' lang='lat' dir='ltr'>nem,</span> <span class='ocrx_word' id='word_1_486' title='bbox 2233 1754 2655 1824; x_wconf 87' lang='lat' dir='ltr'>dispensandam</span> <span class='ocrx_word' id='word_1_487' title='bbox 2686 1771 2809 1810; x_wconf 92' lang='lat' dir='ltr'>esse</span> <span class='ocrx_word' id='word_1_488' title='bbox 2837 1755 3266 1810; x_wconf 89' lang='lat' dir='ltr'>misericordiam</span> <span class='ocrx_word' id='word_1_489' title='bbox 3295 1756 3650 1812; x_wconf 89' lang='lat' dir='ltr'>debitoribus.</span> 
     </span>
    </p>
   </div>
   <div class='ocr_carea' id='block_1_65' title="bbox 2054 1842 3642 1913">
    <p class='ocr_par' dir='ltr' id='par_1_65' title="bbox 2054 1842 3642 1913">
     <span class='ocr_line' id='line_1_65' title="bbox 2054 1842 3642 1913; baseline 0.002 -16"><span class='ocrx_word' id='word_1_490' title='bbox 2054 1842 2297 1898; x_wconf 89' lang='lat' dir='ltr'>Medicus</span> <span class='ocrx_word' id='word_1_491' title='bbox 2327 1842 2444 1913; x_wconf 91' lang='lat' dir='ltr'>ipse</span> <span class='ocrx_word' id='word_1_492' title='bbox 2475 1842 2521 1896; x_wconf 89' lang='lat' dir='ltr'>si</span> <span class='ocrx_word' id='word_1_493' title='bbox 2551 1843 2821 1912; x_wconf 90' lang='lat' dir='ltr'>serpentis</span> <span class='ocrx_word' id='word_1_494' title='bbox 2850 1842 3070 1897; x_wconf 91' lang='lat' dir='ltr'>interius</span> <span class='ocrx_word' id='word_1_495' title='bbox 3118 1843 3357 1898; x_wconf 90' lang='lat' dir='ltr'>vulneris</span> <span class='ocrx_word' id='word_1_496' title='bbox 3402 1844 3642 1900; x_wconf 88' lang='lat' dir='ltr'>inveniat</span> 
     </span>
    </p>
   </div>
   <div class='ocr_carea' id='block_1_66' title="bbox 2053 1930 3646 2000">
    <p class='ocr_par' dir='ltr' id='par_1_66' title="bbox 2053 1930 3646 2000">
     <span class='ocr_line' id='line_1_66' title="bbox 2053 1930 3646 2000; baseline 0.001 -14"><span class='ocrx_word' id='word_1_497' title='bbox 2053 1930 2380 1995; x_wconf 85' lang='lat' dir='ltr'>cicatricem,</span> <span class='ocrx_word' id='word_1_498' title='bbox 2413 1946 2538 1986; x_wconf 92' lang='lat' dir='ltr'>cum</span> <span class='ocrx_word' id='word_1_499' title='bbox 2566 1930 2762 1985; x_wconf 90' lang='lat' dir='ltr'>debeat</span> <span class='ocrx_word' id='word_1_500' title='bbox 2791 1945 3037 1985; x_wconf 86' lang='lat' dir='ltr'>resecare</span> <span class='ocrx_word' id='word_1_501' title='bbox 3086 1930 3284 1985; x_wconf 90' lang='lat' dir='ltr'>ulceris</span> <span class='ocrx_word' id='word_1_502' title='bbox 3324 1931 3528 2000; x_wconf 90' lang='lat' dir='ltr'>vitium,</span> <span class='ocrx_word' id='word_1_503' title='bbox 3576 1947 3646 1987; x_wconf 90' lang='lat' dir='ltr'>ne</span> 
     </span>
    </p>
   </div>
   <div class='ocr_carea' id='block_1_67' title="bbox 2051 2018 3652 2090">
    <p class='ocr_par' dir='ltr' id='par_1_67' title="bbox 2051 2018 3652 2090">
     <span class='ocr_line' id='line_1_67' title="bbox 2051 2018 3652 2090; baseline 0.001 -18"><span class='ocrx_word' id='word_1_504' title='bbox 2051 2018 2212 2073; x_wconf 91' lang='lat' dir='ltr'>latius</span> <span class='ocrx_word' id='word_1_505' title='bbox 2242 2026 2446 2089; x_wconf 81' lang='lat' dir='ltr'>serpat,</span> <span class='ocrx_word' id='word_1_506' title='bbox 2477 2026 2659 2073; x_wconf 88' lang='lat' dir='ltr'>tamen</span> <span class='ocrx_word' id='word_1_507' title='bbox 2691 2033 2723 2072; x_wconf 86' lang='lat' dir='ltr'>a</span> <span class='ocrx_word' id='word_1_508' title='bbox 2771 2018 2988 2073; x_wconf 91' lang='lat' dir='ltr'>secandi</span> <span class='ocrx_word' id='word_1_509' title='bbox 3042 2018 3343 2089; x_wconf 88' lang='lat' dir='ltr'>urendique</span> <span class='ocrx_word' id='word_1_510' title='bbox 3371 2019 3652 2090; x_wconf 91' lang='lat' dir='ltr'>proposito</span> 
     </span>
    </p>
   </div>
   <div class='ocr_carea' id='block_1_68' title="bbox 2053 2106 3650 2178">
    <p class='ocr_par' dir='ltr' id='par_1_68' title="bbox 2053 2106 3650 2178">
     <span class='ocr_line' id='line_1_68' title="bbox 2053 2106 3650 2178; baseline 0.001 -17"><span class='ocrx_word' id='word_1_511' title='bbox 2053 2107 2311 2177; x_wconf 86' lang='lat' dir='ltr'>lacrymis</span> <span class='ocrx_word' id='word_1_512' title='bbox 2340 2106 2570 2160; x_wconf 86' lang='lat' dir='ltr'>inﬂexus</span> <span class='ocrx_word' id='word_1_513' title='bbox 2600 2106 2794 2178; x_wconf 75' lang='lat' dir='ltr'>aegroti</span> <span class='ocrx_word' id='word_1_514' title='bbox 2830 2106 3242 2162; x_wconf 89' lang='lat' dir='ltr'>medicamentis</span> <span class='ocrx_word' id='word_1_515' title='bbox 3284 2114 3450 2177; x_wconf 87' lang='lat' dir='ltr'>tegat,</span> <span class='ocrx_word' id='word_1_516' title='bbox 3504 2108 3650 2178; x_wconf 91' lang='lat' dir='ltr'>quod</span> 
     </span>
    </p>
   </div>
   <div class='ocr_carea' id='block_1_69' title="bbox 2055 2194 3655 2265">
    <p class='ocr_par' dir='ltr' id='par_1_69' title="bbox 2055 2194 3655 2265">
     <span class='ocr_line' id='line_1_69' title="bbox 2055 2194 3655 2265; baseline 0 -15"><span class='ocrx_word' id='word_1_517' title='bbox 2055 2195 2199 2250; x_wconf 85' lang='lat' dir='ltr'>ferro</span> <span class='ocrx_word' id='word_1_518' title='bbox 2230 2194 2586 2265; x_wconf 89' lang='lat' dir='ltr'>aperiendum</span> <span class='ocrx_word' id='word_1_519' title='bbox 2618 2202 2732 2249; x_wconf 90' lang='lat' dir='ltr'>erat</span> <span class='ocrx_word' id='word_1_520' title='bbox 2765 2212 2778 2248; x_wconf 89' lang='lat'>:</span> <span class='ocrx_word' id='word_1_521' title='bbox 2824 2209 3004 2250; x_wconf 91' lang='lat' dir='ltr'>nonne</span> <span class='ocrx_word' id='word_1_522' title='bbox 3050 2194 3155 2250; x_wconf 90' lang='lat' dir='ltr'>ista</span> <span class='ocrx_word' id='word_1_523' title='bbox 3194 2194 3396 2249; x_wconf 89' lang='lat' dir='ltr'>inutilis</span> <span class='ocrx_word' id='word_1_524' title='bbox 3437 2195 3655 2250; x_wconf 87' lang='lat' dir='ltr'>miseri-</span> 
     </span>
    </p>
   </div>
   <div class='ocr_carea' id='block_1_70' title="bbox 2056 2281 3654 2352">
    <p class='ocr_par' dir='ltr' id='par_1_70' title="bbox 2056 2281 3654 2352">
     <span class='ocr_line' id='line_1_70' title="bbox 2056 2281 3654 2352; baseline -0.001 -14"><span class='ocrx_word' id='word_1_525' title='bbox 2056 2283 2244 2338; x_wconf 91' lang='lat' dir='ltr'>cordia</span> <span class='ocrx_word' id='word_1_526' title='bbox 2273 2290 2374 2348; x_wconf 91' lang='lat' dir='ltr'>est,</span> <span class='ocrx_word' id='word_1_527' title='bbox 2412 2283 2457 2336; x_wconf 92' lang='lat' dir='ltr'>si</span> <span class='ocrx_word' id='word_1_528' title='bbox 2486 2290 2708 2352; x_wconf 89' lang='lat' dir='ltr'>propter</span> <span class='ocrx_word' id='word_1_529' title='bbox 2733 2283 2956 2337; x_wconf 88' lang='lat' dir='ltr'>brevem</span> <span class='ocrx_word' id='word_1_530' title='bbox 2987 2281 3264 2338; x_wconf 89' lang='lat' dir='ltr'>incisionis</span> <span class='ocrx_word' id='word_1_531' title='bbox 3293 2281 3380 2338; x_wconf 91' lang='lat' dir='ltr'>vel</span> <span class='ocrx_word' id='word_1_532' title='bbox 3425 2282 3654 2337; x_wconf 89' lang='lat' dir='ltr'>ustionis</span> 
     </span>
    </p>
   </div>
   <div class='ocr_carea' id='block_1_71' title="bbox 2058 2370 3654 2441">
    <p class='ocr_par' dir='ltr' id='par_1_71' title="bbox 2058 2370 3654 2441">
     <span class='ocr_line' id='line_1_71' title="bbox 2058 2370 3654 2441; baseline -0.001 -14"><span class='ocrx_word' id='word_1_533' title='bbox 2058 2372 2303 2427; x_wconf 90' lang='lat' dir='ltr'>dolorem</span> <span class='ocrx_word' id='word_1_534' title='bbox 2333 2387 2530 2441; x_wconf 89' lang='lat' dir='ltr'>corpus</span> <span class='ocrx_word' id='word_1_535' title='bbox 2559 2371 2778 2426; x_wconf 92' lang='lat' dir='ltr'>omnino</span> <span class='ocrx_word' id='word_1_536' title='bbox 2808 2370 3071 2437; x_wconf 87' lang='lat' dir='ltr'>tabescat,</span> <span class='ocrx_word' id='word_1_537' title='bbox 3090 2370 3214 2426; x_wconf 89' lang='lat' dir='ltr'>vitae</span> <span class='ocrx_word' id='word_1_538' title='bbox 3227 2387 3358 2424; x_wconf 92' lang='lat' dir='ltr'>usus</span> <span class='ocrx_word' id='word_1_539' title='bbox 3379 2370 3608 2426; x_wconf 86' lang='lat' dir='ltr'>intereat</span> <span class='ocrx_word' id='word_1_540' title='bbox 3626 2372 3654 2426; x_wconf 82' lang='lat'><strong>?</strong></span> 
     </span>
    </p>
   </div>
   <div class='ocr_carea' id='block_1_72' title="bbox 2055 2457 3658 2531">
    <p class='ocr_par' dir='ltr' id='par_1_72' title="bbox 2055 2457 3658 2531">
     <span class='ocr_line' id='line_1_72' title="bbox 2055 2457 3658 2531; baseline -0.002 -15"><span class='ocrx_word' id='word_1_541' title='bbox 2055 2461 2219 2516; x_wconf 84' lang='lat' dir='ltr'>Recte</span> <span class='ocrx_word' id='word_1_542' title='bbox 2248 2459 2412 2531; x_wconf 89' lang='lat' dir='ltr'>igitur</span> <span class='ocrx_word' id='word_1_543' title='bbox 2443 2466 2494 2512; x_wconf 92' lang='lat' dir='ltr'>et</span> <span class='ocrx_word' id='word_1_544' title='bbox 2523 2459 2779 2513; x_wconf 89' lang='lat' dir='ltr'>sacerdos</span> <span class='ocrx_word' id='word_1_545' title='bbox 2808 2459 3023 2526; x_wconf 89' lang='lat' dir='ltr'>vulnus,</span> <span class='ocrx_word' id='word_1_546' title='bbox 3056 2473 3125 2512; x_wconf 91' lang='lat' dir='ltr'>ne</span> <span class='ocrx_word' id='word_1_547' title='bbox 3165 2457 3326 2512; x_wconf 86' lang='lat' dir='ltr'>latius</span> <span class='ocrx_word' id='word_1_548' title='bbox 3373 2466 3574 2528; x_wconf 89' lang='lat' dir='ltr'>serpat,</span> <span class='ocrx_word' id='word_1_549' title='bbox 3625 2473 3658 2512; x_wconf 72' lang='grc' dir='ltr'>ι</span> 
     </span>
    </p>
   </div>
   <div class='ocr_carea' id='block_1_73' title="bbox 2057 2545 3654 2617">
    <p class='ocr_par' dir='ltr' id='par_1_73' title="bbox 2057 2545 3654 2617">
     <span class='ocr_line' id='line_1_73' title="bbox 2057 2545 3654 2617; baseline -0.001 -16"><span class='ocrx_word' id='word_1_550' title='bbox 2057 2555 2168 2601; x_wconf 94' lang='lat' dir='ltr'>toto</span> <span class='ocrx_word' id='word_1_551' title='bbox 2201 2562 2431 2616; x_wconf 90' lang='lat' dir='ltr'>corpore</span> <span class='ocrx_word' id='word_1_552' title='bbox 2460 2546 2741 2615; x_wconf 69' lang='lat' dir='ltr'>Ecclesiae,</span> <span class='ocrx_word' id='word_1_553' title='bbox 2775 2546 2930 2617; x_wconf 89' lang='lat' dir='ltr'>quasi</span> <span class='ocrx_word' id='word_1_554' title='bbox 2959 2545 3134 2599; x_wconf 91' lang='lat' dir='ltr'>bonus</span> <span class='ocrx_word' id='word_1_555' title='bbox 3163 2545 3426 2610; x_wconf 88' lang='lat' dir='ltr'>medicus,</span> <span class='ocrx_word' id='word_1_556' title='bbox 3491 2545 3654 2600; x_wconf 87' lang='lat' dir='ltr'>debet</span> 
     </span>
    </p>
   </div>
   <div class='ocr_carea' id='block_1_74' title="bbox 2059 2632 3650 2704">
    <p class='ocr_par' dir='ltr' id='par_1_74' title="bbox 2059 2632 3650 2704">
     <span class='ocr_line' id='line_1_74' title="bbox 2059 2632 3650 2704; baseline -0.002 -14"><span class='ocrx_word' id='word_1_557' title='bbox 2059 2634 2364 2702; x_wconf 89' lang='lat' dir='ltr'>abscidere,</span> <span class='ocrx_word' id='word_1_558' title='bbox 2413 2642 2466 2688; x_wconf 91' lang='lat' dir='ltr'>et</span> <span class='ocrx_word' id='word_1_559' title='bbox 2515 2634 2747 2704; x_wconf 90' lang='lat' dir='ltr'>prodere</span> <span class='ocrx_word' id='word_1_560' title='bbox 2793 2633 2943 2688; x_wconf 89' lang='lat' dir='ltr'>virus</span> <span class='ocrx_word' id='word_1_561' title='bbox 2992 2632 3235 2687; x_wconf 90' lang='lat' dir='ltr'>criminis</span> <span class='ocrx_word' id='word_1_562' title='bbox 3281 2632 3428 2703; x_wconf 90' lang='lat' dir='ltr'>quod</span> <span class='ocrx_word' id='word_1_563' title='bbox 3469 2632 3650 2698; x_wconf 86' lang='lat' dir='ltr'>lateat,</span> 
     </span>
    </p>
   </div>
   <div class='ocr_carea' id='block_1_75' title="bbox 2059 2720 3652 2791">
    <p class='ocr_par' dir='ltr' id='par_1_75' title="bbox 2059 2720 3652 2791">
     <span class='ocr_line' id='line_1_75' title="bbox 2059 2720 3652 2791; baseline -0.001 -14"><span class='ocrx_word' id='word_1_564' title='bbox 2059 2738 2168 2777; x_wconf 90' lang='lat' dir='ltr'>non</span> <span class='ocrx_word' id='word_1_565' title='bbox 2199 2721 2386 2777; x_wconf 83' lang='lat' dir='ltr'>fovere</span> <span class='ocrx_word' id='word_1_566' title='bbox 2420 2740 2433 2776; x_wconf 91' lang='lat'>:</span> <span class='ocrx_word' id='word_1_567' title='bbox 2468 2739 2536 2776; x_wconf 94' lang='lat' dir='ltr'>ne</span> <span class='ocrx_word' id='word_1_568' title='bbox 2567 2722 2696 2775; x_wconf 91' lang='lat' dir='ltr'>dum</span> <span class='ocrx_word' id='word_1_569' title='bbox 2722 2737 2889 2775; x_wconf 90' lang='lat' dir='ltr'>unum</span> <span class='ocrx_word' id='word_1_570' title='bbox 2921 2720 3315 2776; x_wconf 86' lang='lat' dir='ltr'>excludendum</span> <span class='ocrx_word' id='word_1_571' title='bbox 3348 2736 3456 2774; x_wconf 90' lang='lat' dir='ltr'>non</span> <span class='ocrx_word' id='word_1_572' title='bbox 3483 2727 3652 2791; x_wconf 88' lang='lat' dir='ltr'>putat,</span> 
     </span>
    </p>
   </div>
   <div class='ocr_carea' id='block_1_76' title="bbox 2060 2807 3658 2881">
    <p class='ocr_par' dir='ltr' id='par_1_76' title="bbox 2060 2807 3658 2881">
     <span class='ocr_line' id='line_1_76' title="bbox 2060 2807 3658 2881; baseline -0.001 -17"><span class='ocrx_word' id='word_1_573' title='bbox 2060 2810 2243 2881; x_wconf 88' lang='lat' dir='ltr'>plures</span> <span class='ocrx_word' id='word_1_574' title='bbox 2275 2810 2472 2880; x_wconf 90' lang='lat' dir='ltr'>dignos</span> <span class='ocrx_word' id='word_1_575' title='bbox 2503 2808 2686 2876; x_wconf 85' lang='lat' dir='ltr'>faciat,</span> <span class='ocrx_word' id='word_1_576' title='bbox 2719 2824 2857 2879; x_wconf 91' lang='lat' dir='ltr'>quos</span> <span class='ocrx_word' id='word_1_577' title='bbox 2890 2807 3141 2863; x_wconf 85' lang='lat' dir='ltr'>excludat</span> <span class='ocrx_word' id='word_1_578' title='bbox 3168 2808 3236 2861; x_wconf 89' lang='lat' dir='ltr'>ab</span> <span class='ocrx_word' id='word_1_579' title='bbox 3259 2807 3510 2863; x_wconf 88' lang='lat' dir='ltr'>ecclesia.</span> <span class='ocrx_word' id='word_1_580' title='bbox 3531 2809 3658 2863; x_wconf 89' lang='lat' dir='ltr'>Jure</span> 
     </span>
    </p>
   </div>
   <div class='ocr_carea' id='block_1_77' title="bbox 2062 2894 3653 2970">
    <p class='ocr_par' dir='ltr' id='par_1_77' title="bbox 2062 2894 3653 2970">
     <span class='ocr_line' id='line_1_77' title="bbox 2062 2894 3653 2970; baseline -0.002 -18"><span class='ocrx_word' id='word_1_581' title='bbox 2062 2914 2197 2970; x_wconf 90' lang='lat' dir='ltr'>ergo</span> <span class='ocrx_word' id='word_1_582' title='bbox 2229 2898 2521 2968; x_wconf 82' lang='lat' dir='ltr'>Apostolus</span> <span class='ocrx_word' id='word_1_583' title='bbox 2551 2897 2734 2952; x_wconf 91' lang='lat' dir='ltr'>divino</span> <span class='ocrx_word' id='word_1_584' title='bbox 2764 2911 2864 2950; x_wconf 91' lang='lat' dir='ltr'>nos</span> <span class='ocrx_word' id='word_1_585' title='bbox 2884 2896 3126 2951; x_wconf 88' lang='lat' dir='ltr'>hortatur</span> <span class='ocrx_word' id='word_1_586' title='bbox 3140 2894 3409 2966; x_wconf 89' lang='lat' dir='ltr'>exemplo,</span> <span class='ocrx_word' id='word_1_587' title='bbox 3433 2895 3653 2952; x_wconf 86' lang='lat' dir='ltr'>dicens:</span> 
     </span>
    </p>
   </div>
   <div class='ocr_carea' id='block_1_78' title="bbox 2073 2985 3654 3057">
    <p class='ocr_par' dir='ltr' id='par_1_78' title="bbox 2073 2985 3654 3057">
     <span class='ocr_line' id='line_1_78' title="bbox 2073 2985 3654 3057; baseline -0.002 -16"><span class='ocrx_word' id='word_1_588' title='bbox 2073 2987 2199 3041; x_wconf 84' lang='lat' dir='ltr'>Vide</span> <span class='ocrx_word' id='word_1_589' title='bbox 2225 3002 2349 3057; x_wconf 89' lang='lat' dir='ltr'>ergo</span> <span class='ocrx_word' id='word_1_590' title='bbox 2370 2986 2678 3041; x_wconf 82' lang='lat' dir='ltr'>bonitatem</span> <span class='ocrx_word' id='word_1_591' title='bbox 2699 2989 2754 3040; x_wconf 90' lang='lat' dir='ltr'>et</span> <span class='ocrx_word' id='word_1_592' title='bbox 2773 2986 3131 3040; x_wconf 80' lang='lat' dir='ltr'>severitatem</span> <span class='ocrx_word' id='word_1_593' title='bbox 3153 2985 3293 3050; x_wconf 86' lang='lat' dir='ltr'>Dei;</span> <span class='ocrx_word' id='word_1_594' title='bbox 3322 2985 3385 3038; x_wconf 83' lang='lat' dir='ltr'>in</span> <span class='ocrx_word' id='word_1_595' title='bbox 3415 3000 3504 3038; x_wconf 84' lang='lat' dir='ltr'>eos</span> <span class='ocrx_word' id='word_1_596' title='bbox 3526 2985 3654 3054; x_wconf 86' lang='lat' dir='ltr'>qui-</span> 
     </span>
    </p>
   </div>
   <div class='ocr_carea' id='block_1_79' title="bbox 2063 3071 3655 3146">
    <p class='ocr_par' dir='ltr' id='par_1_79' title="bbox 2063 3071 3655 3146">
     <span class='ocr_line' id='line_1_79' title="bbox 2063 3071 3655 3146; baseline -0.003 -17"><span class='ocrx_word' id='word_1_597' title='bbox 2063 3075 2187 3129; x_wconf 89' lang='lat' dir='ltr'>dem</span> <span class='ocrx_word' id='word_1_598' title='bbox 2205 3076 2298 3146; x_wconf 85' lang='lat' dir='ltr'>qui</span> <span class='ocrx_word' id='word_1_599' title='bbox 2319 3073 2663 3137; x_wconf 87' lang='lat' dir='ltr'>ceciderunt,</span> <span class='ocrx_word' id='word_1_600' title='bbox 2682 3073 3040 3127; x_wconf 82' lang='lat' dir='ltr'>severitatem</span> <span class='ocrx_word' id='word_1_601' title='bbox 3073 3073 3136 3126; x_wconf 85' lang='lat' dir='ltr'>in</span> <span class='ocrx_word' id='word_1_602' title='bbox 3177 3075 3231 3126; x_wconf 90' lang='lat' dir='ltr'>te</span> <span class='ocrx_word' id='word_1_603' title='bbox 3276 3074 3468 3126; x_wconf 89' lang='lat' dir='ltr'>autem</span> <span class='ocrx_word' id='word_1_604' title='bbox 3502 3071 3655 3126; x_wconf 87' lang='lat' dir='ltr'>boni-</span> 
     </span>
    </p>
   </div>
   <div class='ocr_carea' id='block_1_80' title="bbox 1819 3121 3653 3232">
    <p class='ocr_par' dir='ltr' id='par_1_80' title="bbox 1819 3121 3653 3232">
     <span class='ocr_line' id='line_1_80' title="bbox 1819 3121 3653 3232; baseline -0.001 -20"><span class='ocrx_word' id='word_1_605' title='bbox 1819 3157 1948 3229; x_wconf 84' lang='lat' dir='ltr'>[al.,</span> <span class='ocrx_word' id='word_1_606' title='bbox 1995 3121 2043 3184; x_wconf 79' lang='lat' dir='ltr'>C‘</span> <span class='ocrx_word' id='word_1_607' title='bbox 2071 3121 2266 3225; x_wconf 59' lang='lat' dir='ltr'>tatem,</span> <span class='ocrx_word' id='word_1_608' title='bbox 2299 3163 2347 3216; x_wconf 83' lang='lat' dir='ltr'>si</span> <span class='ocrx_word' id='word_1_609' title='bbox 2382 3121 3143 3232; x_wconf 31' lang='lat' dir='ltr'>permanseru&#39;v—iu&#39;lvovuitate</span> 
     </span>
    </p>
   </div>
   <div class='ocr_carea' id='block_1_81' title="bbox 2067 3244 3647 3319">
    <p class='ocr_par' dir='ltr' id='par_1_81' title="bbox 2067 3244 3647 3319">
     <span class='ocr_line' id='line_1_81' title="bbox 2067 3244 3647 3319; baseline -0.002 -16"><span class='ocrx_word' id='word_1_610' title='bbox 2067 3256 2280 3303; x_wconf 91' lang='lat' dir='ltr'>sanctus</span> <span class='ocrx_word' id='word_1_611' title='bbox 2303 3247 2603 3319; x_wconf 86' lang='lat' dir='ltr'>Gregorius</span> <span class='ocrx_word' id='word_1_612' title='bbox 2620 3247 2674 3300; x_wconf 93' lang='lat' dir='ltr'>in</span> <span class='ocrx_word' id='word_1_613' title='bbox 2695 3246 2901 3318; x_wconf 87' lang='lat' dir='ltr'>Regula</span> <span class='ocrx_word' id='word_1_614' title='bbox 2921 3245 3181 3315; x_wconf 88' lang='lat' dir='ltr'>pastorali</span> <span class='ocrx_word' id='word_1_615' title='bbox 3196 3244 3382 3317; x_wconf 84' lang='lat' dir='ltr'>(parte</span> <span class='ocrx_word' id='word_1_616' title='bbox 3403 3260 3484 3311; x_wconf 90' lang='grc' dir='ltr'>ιιι,</span> <span class='ocrx_word' id='word_1_617' title='bbox 3525 3262 3647 3316; x_wconf 85' lang='lat' dir='ltr'>cap.</span> 
     </span>
    </p>
   </div>
   <div class='ocr_carea' id='block_1_82' title="bbox 2067 3331 3653 3405">
    <p class='ocr_par' dir='ltr' id='par_1_82' title="bbox 2067 3331 3653 3405">
     <span class='ocr_line' id='line_1_82' title="bbox 2067 3331 3653 3405; baseline -0.003 -15"><span class='ocrx_word' id='word_1_618' title='bbox 2067 3341 2118 3402; x_wconf 80' lang='grc'>1,</span> <span class='ocrx_word' id='word_1_619' title='bbox 2143 3337 2366 3392; x_wconf 81' lang='lat' dir='ltr'>admon.</span> <span class='ocrx_word' id='word_1_620' title='bbox 2387 3335 2511 3405; x_wconf 74' lang='lat'>23):</span> <span class='ocrx_word' id='word_1_621' title='bbox 2541 3356 2563 3384; x_wconf 73' lang='grc' dir='ltr'><strong>α</strong></span> <span class='ocrx_word' id='word_1_622' title='bbox 2582 3333 2873 3400; x_wconf 80' lang='lat' dir='ltr'>Malorum,</span> <span class='ocrx_word' id='word_1_623' title='bbox 2897 3332 3227 3404; x_wconf 90' lang='lat' dir='ltr'>inquit,cum</span> <span class='ocrx_word' id='word_1_624' title='bbox 3265 3331 3478 3388; x_wconf 92' lang='lat' dir='ltr'>incaute</span> <span class='ocrx_word' id='word_1_625' title='bbox 3512 3333 3653 3387; x_wconf 91' lang='lat' dir='ltr'>ami-</span> 
     </span>
    </p>
   </div>
   <div class='ocr_carea' id='block_1_83' title="bbox 2066 3419 3661 3494">
    <p class='ocr_par' dir='ltr' id='par_1_83' title="bbox 2066 3419 3661 3494">
     <span class='ocr_line' id='line_1_83' title="bbox 2066 3419 3661 3494; baseline -0.004 -14"><span class='ocrx_word' id='word_1_626' title='bbox 2066 3424 2204 3480; x_wconf 90' lang='lat' dir='ltr'>citiis</span> <span class='ocrx_word' id='word_1_627' title='bbox 2233 3423 2520 3494; x_wconf 84' lang='lat' dir='ltr'>cingimur,</span> <span class='ocrx_word' id='word_1_628' title='bbox 2545 3422 2718 3492; x_wconf 91' lang='lat' dir='ltr'>culpis</span> <span class='ocrx_word' id='word_1_629' title='bbox 2737 3421 2991 3493; x_wconf 87' lang='lat' dir='ltr'>ligamur.</span> <span class='ocrx_word' id='word_1_630' title='bbox 3013 3420 3165 3476; x_wconf 91' lang='lat' dir='ltr'>Unde</span> <span class='ocrx_word' id='word_1_631' title='bbox 3186 3421 3444 3490; x_wconf 82' lang='lat' dir='ltr'>Josaphat</span> <span class='ocrx_word' id='word_1_632' title='bbox 3465 3419 3557 3491; x_wconf 89' lang='lat' dir='ltr'>qui</span> <span class='ocrx_word' id='word_1_633' title='bbox 3584 3427 3661 3475; x_wconf 91' lang='lat' dir='ltr'>tot</span> 
     </span>
    </p>
   </div>
   <div class='ocr_carea' id='block_1_84' title="bbox 2065 3507 3657 3580">
    <p class='ocr_par' dir='ltr' id='par_1_84' title="bbox 2065 3507 3657 3580">
     <span class='ocr_line' id='line_1_84' title="bbox 2065 3507 3657 3580; baseline -0.004 -13"><span class='ocrx_word' id='word_1_634' title='bbox 2065 3513 2133 3567; x_wconf 91' lang='lat' dir='ltr'>de</span> <span class='ocrx_word' id='word_1_635' title='bbox 2154 3518 2402 3567; x_wconf 87' lang='lat' dir='ltr'>anteacta</span> <span class='ocrx_word' id='word_1_636' title='bbox 2418 3510 2524 3566; x_wconf 90' lang='lat' dir='ltr'>vita</span> <span class='ocrx_word' id='word_1_637' title='bbox 2554 3509 2836 3580; x_wconf 78' lang='lat' dir='ltr'>praeconiis</span> <span class='ocrx_word' id='word_1_638' title='bbox 2867 3508 3140 3574; x_wconf 88' lang='lat' dir='ltr'>attollitur,</span> <span class='ocrx_word' id='word_1_639' title='bbox 3172 3508 3240 3562; x_wconf 93' lang='lat' dir='ltr'>de</span> <span class='ocrx_word' id='word_1_640' title='bbox 3278 3507 3464 3562; x_wconf 85' lang='lat' dir='ltr'>Achab</span> <span class='ocrx_word' id='word_1_641' title='bbox 3512 3507 3657 3578; x_wconf 88' lang='lat' dir='ltr'>regis</span> 
     </span>
    </p>
   </div>
   <div class='ocr_carea' id='block_1_85' title="bbox 2059 3589 3654 3669">
    <p class='ocr_par' dir='ltr' id='par_1_85' title="bbox 2059 3589 3654 3669">
     <span class='ocr_line' id='line_1_85' title="bbox 2059 3589 3654 3669; baseline -0.004 -15"><span class='ocrx_word' id='word_1_642' title='bbox 2059 3589 2312 3654; x_wconf 79' lang='lat' dir='ltr'>amicitiis</span> <span class='ocrx_word' id='word_1_643' title='bbox 2343 3615 2481 3668; x_wconf 90' lang='lat' dir='ltr'>pene</span> <span class='ocrx_word' id='word_1_644' title='bbox 2509 3598 2782 3669; x_wconf 88' lang='lat' dir='ltr'>periturus</span> <span class='ocrx_word' id='word_1_645' title='bbox 2812 3595 3122 3666; x_wconf 89' lang='lat' dir='ltr'>increpatur</span> <span class='ocrx_word' id='word_1_646' title='bbox 3154 3612 3167 3648; x_wconf 90' lang='lat'>:</span> <span class='ocrx_word' id='word_1_647' title='bbox 3217 3594 3304 3649; x_wconf 90' lang='lat' dir='ltr'>cui</span> <span class='ocrx_word' id='word_1_648' title='bbox 3347 3612 3377 3648; x_wconf 91' lang='lat' dir='ltr'>a</span> <span class='ocrx_word' id='word_1_649' title='bbox 3424 3594 3654 3649; x_wconf 90' lang='lat' dir='ltr'>Domino</span> 
     </span>
    </p>
   </div>
   <div class='ocr_carea' id='block_1_86' title="bbox 2064 3683 3655 3759">
    <p class='ocr_par' dir='ltr' id='par_1_86' title="bbox 2064 3683 3655 3759">
     <span class='ocr_line' id='line_1_86' title="bbox 2064 3683 3655 3759; baseline -0.003 -17"><span class='ocrx_word' id='word_1_650' title='bbox 2064 3704 2164 3759; x_wconf 90' lang='lat' dir='ltr'>per</span> <span class='ocrx_word' id='word_1_651' title='bbox 2178 3688 2493 3758; x_wconf 88' lang='lat' dir='ltr'>prophetam</span> <span class='ocrx_word' id='word_1_652' title='bbox 2513 3686 2740 3740; x_wconf 90' lang='lat' dir='ltr'>dicitur:</span> <span class='ocrx_word' id='word_1_653' title='bbox 2774 3685 2948 3755; x_wconf 88' lang='lat' dir='ltr'>Impia</span> <span class='ocrx_word' id='word_1_654' title='bbox 2979 3684 3186 3755; x_wconf 77' lang='lat' dir='ltr'>prcebes</span> <span class='ocrx_word' id='word_1_655' title='bbox 3217 3683 3526 3748; x_wconf 76' lang='lat' dir='ltr'>auxilium,</span> <span class='ocrx_word' id='word_1_656' title='bbox 3597 3687 3655 3738; x_wconf 85' lang='lat' dir='ltr'>et</span> 
     </span>
    </p>
   </div>
   <div class='ocr_carea' id='block_1_87' title="bbox 2065 3770 3655 3848">
    <p class='ocr_par' dir='ltr' id='par_1_87' title="bbox 2065 3770 3655 3848">
     <span class='ocr_line' id='line_1_87' title="bbox 2065 3770 3655 3848; baseline -0.004 -16"><span class='ocrx_word' id='word_1_657' title='bbox 2065 3777 2151 3832; x_wconf 86' lang='lat' dir='ltr'>his</span> <span class='ocrx_word' id='word_1_658' title='bbox 2173 3777 2268 3848; x_wconf 86' lang='lat' dir='ltr'>qui</span> <span class='ocrx_word' id='word_1_659' title='bbox 2287 3775 2529 3831; x_wconf 86' lang='lat' dir='ltr'>oderunt</span> <span class='ocrx_word' id='word_1_660' title='bbox 2552 3775 2849 3829; x_wconf 80' lang='lat' dir='ltr'>Dominum</span> <span class='ocrx_word' id='word_1_661' title='bbox 2869 3772 3127 3827; x_wconf 84' lang='lat' dir='ltr'>amicitia</span> <span class='ocrx_word' id='word_1_662' title='bbox 3157 3771 3450 3842; x_wconf 83' lang='lat' dir='ltr'>jungeris;</span> <span class='ocrx_word' id='word_1_663' title='bbox 3471 3773 3528 3824; x_wconf 88' lang='lat' dir='ltr'>et</span> <span class='ocrx_word' id='word_1_664' title='bbox 3561 3770 3655 3826; x_wconf 86' lang='lat' dir='ltr'>id-</span> 
     </span>
    </p>
   </div>
   <div class='ocr_carea' id='block_1_88' title="bbox 2064 3859 3658 3935">
    <p class='ocr_par' dir='ltr' id='par_1_88' title="bbox 2064 3859 3658 3935">
     <span class='ocr_line' id='line_1_88' title="bbox 2064 3859 3658 3935; baseline -0.006 -15"><span class='ocrx_word' id='word_1_665' title='bbox 2064 3867 2210 3921; x_wconf 87' lang='lat' dir='ltr'>circo</span> <span class='ocrx_word' id='word_1_666' title='bbox 2231 3866 2380 3919; x_wconf 84' lang='lat' dir='ltr'>iram</span> <span class='ocrx_word' id='word_1_667' title='bbox 2395 3863 2618 3935; x_wconf 86' lang='lat' dir='ltr'>quidem</span> <span class='ocrx_word' id='word_1_668' title='bbox 2630 3862 2856 3918; x_wconf 87' lang='lat' dir='ltr'>Domini</span> <span class='ocrx_word' id='word_1_669' title='bbox 2870 3859 3172 3916; x_wconf 79' lang='lat' dir='ltr'>merebarts</span> <span class='ocrx_word' id='word_1_670' title='bbox 3193 3879 3211 3925; x_wconf 85' lang='lat'><em>;</em></span> <span class='ocrx_word' id='word_1_671' title='bbox 3228 3859 3323 3914; x_wconf 84' lang='lat' dir='ltr'>sed</span> <span class='ocrx_word' id='word_1_672' title='bbox 3339 3859 3479 3913; x_wconf 87' lang='lat' dir='ltr'>bona</span> <span class='ocrx_word' id='word_1_673' title='bbox 3490 3874 3658 3929; x_wconf 86' lang='lat' dir='ltr'>opera</span> 
     </span>
    </p>
   </div>
   <div class='ocr_carea' id='block_1_89' title="bbox 2065 3946 3659 4022">
    <p class='ocr_par' dir='ltr' id='par_1_89' title="bbox 2065 3946 3659 4022">
     <span class='ocr_line' id='line_1_89' title="bbox 2065 3946 3659 4022; baseline -0.004 -15"><span class='ocrx_word' id='word_1_674' title='bbox 2065 3956 2295 4008; x_wconf 83' lang='lat' dir='ltr'>inventa</span> <span class='ocrx_word' id='word_1_675' title='bbox 2317 3953 2534 4006; x_wconf 81' lang='lat' dir='ltr'>suntin</span> <span class='ocrx_word' id='word_1_676' title='bbox 2557 3955 2630 4016; x_wconf 79' lang='lat' dir='ltr'>te,</span> <span class='ocrx_word' id='word_1_677' title='bbox 2655 3967 2715 4006; x_wconf 91' lang='lat' dir='ltr'>eo</span> <span class='ocrx_word' id='word_1_678' title='bbox 2737 3950 2877 4022; x_wconf 85' lang='lat' dir='ltr'>quod</span> <span class='ocrx_word' id='word_1_679' title='bbox 2895 3949 3194 4003; x_wconf 86' lang='lat' dir='ltr'>abstuleris</span> <span class='ocrx_word' id='word_1_680' title='bbox 3227 3947 3376 4002; x_wconf 87' lang='lat' dir='ltr'>lucos</span> <span class='ocrx_word' id='word_1_681' title='bbox 3405 3946 3470 4000; x_wconf 91' lang='lat' dir='ltr'>de</span> <span class='ocrx_word' id='word_1_682' title='bbox 3503 3949 3659 4001; x_wconf 86' lang='lat' dir='ltr'>terra</span> 
     </span>
    </p>
   </div>
   <div class='ocr_carea' id='block_1_90' title="bbox 2061 4032 3654 4108">
    <p class='ocr_par' dir='ltr' id='par_1_90' title="bbox 2061 4032 3654 4108">
     <span class='ocr_line' id='line_1_90' title="bbox 2061 4032 3654 4108; baseline -0.006 -12"><span class='ocrx_word' id='word_1_683' title='bbox 2061 4040 2224 4097; x_wconf 74' lang='lat' dir='ltr'>Iuda.</span> <span class='ocrx_word' id='word_1_684' title='bbox 2259 4040 2335 4108; x_wconf 87' lang='lat' dir='ltr'>(II</span> <span class='ocrx_word' id='word_1_685' title='bbox 2386 4043 2514 4094; x_wconf 89' lang='lat' dir='ltr'>Par.</span> <span class='ocrx_word' id='word_1_686' title='bbox 2579 4038 2723 4107; x_wconf 70' lang='lat' dir='ltr'>xm).</span> <span class='ocrx_word' id='word_1_687' title='bbox 2761 4058 2783 4086; x_wconf 67' lang='grc' dir='ltr'><strong>ν</strong></span> <span class='ocrx_word' id='word_1_688' title='bbox 2845 4037 2911 4090; x_wconf 92' lang='lat' dir='ltr'>Et</span> <span class='ocrx_word' id='word_1_689' title='bbox 2967 4036 3021 4089; x_wconf 92' lang='lat' dir='ltr'>in</span> <span class='ocrx_word' id='word_1_690' title='bbox 3077 4034 3297 4089; x_wconf 88' lang='lat' dir='ltr'>homilia</span> <span class='ocrx_word' id='word_1_691' title='bbox 3325 4032 3654 4104; x_wconf 84' lang='lat' dir='ltr'>Evangelii:</span> 
     </span>
    </p>
   </div>
   <div class='ocr_carea' id='block_1_91' title="bbox 2067 4119 3653 4196">
    <p class='ocr_par' dir='ltr' id='par_1_91' title="bbox 2067 4119 3653 4196">
     <span class='ocr_line' id='line_1_91' title="bbox 2067 4119 3653 4196; baseline -0.003 -19"><span class='ocrx_word' id='word_1_692' title='bbox 2067 4149 2088 4177; x_wconf 83' lang='grc' dir='ltr'>(ι</span> <span class='ocrx_word' id='word_1_693' title='bbox 2124 4127 2368 4192; x_wconf 88' lang='lat' dir='ltr'>Multum,</span> <span class='ocrx_word' id='word_1_694' title='bbox 2401 4125 2590 4196; x_wconf 90' lang='lat' dir='ltr'>inquit,</span> <span class='ocrx_word' id='word_1_695' title='bbox 2625 4131 2738 4188; x_wconf 58' lang='lat' dir='ltr'>est,</span> <span class='ocrx_word' id='word_1_696' title='bbox 2769 4123 2914 4193; x_wconf 91' lang='lat' dir='ltr'>quod</span> <span class='ocrx_word' id='word_1_697' title='bbox 2945 4121 3194 4176; x_wconf 90' lang='lat' dir='ltr'>carnales</span> <span class='ocrx_word' id='word_1_698' title='bbox 3223 4119 3446 4176; x_wconf 76' lang='lat' dir='ltr'>affectus</span> <span class='ocrx_word' id='word_1_699' title='bbox 3471 4121 3653 4174; x_wconf 82' lang='lat' dir='ltr'>inten-</span> 
     </span>
    </p>
   </div>
   <div class='ocr_carea' id='block_1_92' title="bbox 2063 4207 3651 4278">
    <p class='ocr_par' dir='ltr' id='par_1_92' title="bbox 2063 4207 3651 4278">
     <span class='ocr_line' id='line_1_92' title="bbox 2063 4207 3651 4278; baseline -0.005 -11"><span class='ocrx_word' id='word_1_700' title='bbox 2063 4215 2262 4268; x_wconf 89' lang='lat' dir='ltr'>tionem</span> <span class='ocrx_word' id='word_1_701' title='bbox 2309 4213 2503 4266; x_wconf 90' lang='lat' dir='ltr'>mentis</span> <span class='ocrx_word' id='word_1_702' title='bbox 2550 4211 2914 4274; x_wconf 89' lang='lat' dir='ltr'>diverberant,</span> <span class='ocrx_word' id='word_1_703' title='bbox 2967 4209 3191 4278; x_wconf 89' lang='lat' dir='ltr'>ejusque</span> <span class='ocrx_word' id='word_1_704' title='bbox 3232 4208 3406 4262; x_wconf 89' lang='lat' dir='ltr'>aciem</span> <span class='ocrx_word' id='word_1_705' title='bbox 3446 4207 3651 4261; x_wconf 84' lang='lat' dir='ltr'>obscu-</span> 
     </span>
    </p>
   </div>
   <div class='ocr_carea' id='block_1_93' title="bbox 2061 4294 3649 4366">
    <p class='ocr_par' dir='ltr' id='par_1_93' title="bbox 2061 4294 3649 4366">
     <span class='ocr_line' id='line_1_93' title="bbox 2061 4294 3649 4366; baseline -0.004 -12"><span class='ocrx_word' id='word_1_706' title='bbox 2061 4309 2177 4355; x_wconf 87' lang='lat' dir='ltr'>rant</span> <span class='ocrx_word' id='word_1_707' title='bbox 2202 4320 2215 4366; x_wconf 91' lang='lat'><strong>;</strong></span> <span class='ocrx_word' id='word_1_708' title='bbox 2249 4301 2346 4354; x_wconf 90' lang='lat' dir='ltr'>sed</span> <span class='ocrx_word' id='word_1_709' title='bbox 2377 4315 2485 4354; x_wconf 90' lang='lat' dir='ltr'>non</span> <span class='ocrx_word' id='word_1_710' title='bbox 2508 4298 2782 4352; x_wconf 90' lang='lat' dir='ltr'>declinant</span> <span class='ocrx_word' id='word_1_711' title='bbox 2812 4311 2845 4350; x_wconf 88' lang='lat' dir='ltr'>a</span> <span class='ocrx_word' id='word_1_712' title='bbox 2876 4303 3025 4351; x_wconf 92' lang='lat' dir='ltr'>recto</span> <span class='ocrx_word' id='word_1_713' title='bbox 3053 4294 3277 4360; x_wconf 90' lang='lat' dir='ltr'>itineris,</span> <span class='ocrx_word' id='word_1_714' title='bbox 3329 4295 3419 4365; x_wconf 88' lang='lat' dir='ltr'>qui</span> <span class='ocrx_word' id='word_1_715' title='bbox 3462 4308 3649 4349; x_wconf 89' lang='lat' dir='ltr'>arcam</span> 
     </span>
    </p>
   </div>
   <div class='ocr_carea' id='block_1_94' title="bbox 2061 4387 2770 4459">
    <p class='ocr_par' dir='ltr' id='par_1_94' title="bbox 2061 4387 2770 4459">
     <span class='ocr_line' id='line_1_94' title="bbox 2061 4387 2770 4459; baseline -0.014 -15"><span class='ocrx_word' id='word_1_716' title='bbox 2061 4389 2157 4444; x_wconf 92' lang='lat' dir='ltr'>Dei</span> <span class='ocrx_word' id='word_1_717' title='bbox 2188 4395 2402 4459; x_wconf 89' lang='lat' dir='ltr'>portant</span> <span class='ocrx_word' id='word_1_718' title='bbox 2433 4387 2489 4440; x_wconf 93' lang='lat' dir='ltr'>in</span> <span class='ocrx_word' id='word_1_719' title='bbox 2517 4393 2717 4440; x_wconf 88' lang='lat' dir='ltr'>mente.</span> <span class='ocrx_word' id='word_1_720' title='bbox 2747 4405 2770 4434; x_wconf 73' lang='grc' dir='ltr'>ι</span> 
     </span>
    </p>
   </div>
   <div class='ocr_carea' id='block_1_95' title="bbox 343 4466 3658 4548">
    <p class='ocr_par' dir='ltr' id='par_1_95' title="bbox 343 4466 3658 4548">
     <span class='ocr_line' id='line_1_95' title="bbox 343 4466 3658 4548; baseline -0.006 -4"><span class='ocrx_word' id='word_1_721' title='bbox 343 4490 487 4544; x_wconf 91' lang='lat' dir='ltr'>dam.</span> <span class='ocrx_word' id='word_1_722' title='bbox 518 4490 642 4543; x_wconf 93' lang='lat' dir='ltr'>Non</span> <span class='ocrx_word' id='word_1_723' title='bbox 673 4466 1019 4542; x_wconf 77' lang='lat' dir='ltr'>miserebitur</span> <span class='ocrx_word' id='word_1_724' title='bbox 1050 4483 1211 4538; x_wconf 91' lang='lat' dir='ltr'>illius.</span> <span class='ocrx_word' id='word_1_725' title='bbox 1245 4483 1313 4536; x_wconf 93' lang='lat' dir='ltr'>Et</span> <span class='ocrx_word' id='word_1_726' title='bbox 1345 4483 1401 4535; x_wconf 92' lang='lat' dir='ltr'>in</span> <span class='ocrx_word' id='word_1_727' title='bbox 1448 4481 1589 4534; x_wconf 92' lang='lat' dir='ltr'>libro</span> <span class='ocrx_word' id='word_1_728' title='bbox 1637 4481 1952 4548; x_wconf 84' lang='lat' dir='ltr'>Regnorum</span> <span class='ocrx_word' id='word_1_729' title='bbox 1980 4466 2031 4525; x_wconf 91' lang='lat' dir='ltr'>D</span> <span class='ocrx_word' id='word_1_730' title='bbox 2123 4478 2190 4532; x_wconf 91' lang='lat' dir='ltr'>Et</span> <span class='ocrx_word' id='word_1_731' title='bbox 2220 4493 2289 4530; x_wconf 92' lang='lat' dir='ltr'>ne</span> <span class='ocrx_word' id='word_1_732' title='bbox 2328 4475 2449 4546; x_wconf 91' lang='lat' dir='ltr'>quis</span> <span class='ocrx_word' id='word_1_733' title='bbox 2493 4474 2655 4539; x_wconf 90' lang='lat' dir='ltr'>dicat,</span> <span class='ocrx_word' id='word_1_734' title='bbox 2719 4473 2935 4528; x_wconf 88' lang='lat' dir='ltr'>beatum</span> <span class='ocrx_word' id='word_1_735' title='bbox 2985 4470 3338 4526; x_wconf 86' lang='lat' dir='ltr'>Coelestinum</span> <span class='ocrx_word' id='word_1_736' title='bbox 3385 4470 3453 4525; x_wconf 93' lang='lat' dir='ltr'>de</span> <span class='ocrx_word' id='word_1_737' title='bbox 3499 4469 3658 4524; x_wconf 86' lang='lat' dir='ltr'>tertia</span> 
     </span>
    </p>
   </div>
   <div class='ocr_carea' id='block_1_96' title="bbox 346 4565 1959 4649">
    <p class='ocr_par' dir='ltr' id='par_1_96' title="bbox 346 4565 1959 4649">
     <span class='ocr_line' id='line_1_96' title="bbox 346 4565 1959 4649; baseline -0.008 -18"><span class='ocrx_word' id='word_1_738' title='bbox 346 4577 506 4649; x_wconf 91' lang='lat' dir='ltr'>legis,</span> <span class='ocrx_word' id='word_1_739' title='bbox 542 4575 670 4648; x_wconf 87' lang='lat' dir='ltr'>quia</span> <span class='ocrx_word' id='word_1_740' title='bbox 703 4574 831 4630; x_wconf 88' lang='lat' dir='ltr'>Saul</span> <span class='ocrx_word' id='word_1_741' title='bbox 863 4581 1151 4644; x_wconf 89' lang='lat' dir='ltr'>propterea</span> <span class='ocrx_word' id='word_1_742' title='bbox 1183 4569 1450 4626; x_wconf 90' lang='lat' dir='ltr'>contraxit</span> <span class='ocrx_word' id='word_1_743' title='bbox 1499 4567 1783 4632; x_wconf 85' lang='lat' dir='ltr'>offensam,</span> <span class='ocrx_word' id='word_1_744' title='bbox 1836 4565 1959 4637; x_wconf 83' lang='lat' dir='ltr'>quia</span> 
     </span>
    </p>
   </div>
   <div class='ocr_carea' id='block_1_97' title="bbox 347 4655 1960 4735">
    <p class='ocr_par' dir='ltr' id='par_1_97' title="bbox 347 4655 1960 4735">
     <span class='ocr_line' id='line_1_97' title="bbox 347 4655 1960 4735; baseline -0.006 -17"><span class='ocrx_word' id='word_1_745' title='bbox 347 4666 637 4720; x_wconf 89' lang='lat' dir='ltr'>miseratus</span> <span class='ocrx_word' id='word_1_746' title='bbox 667 4671 749 4718; x_wconf 90' lang='lat' dir='ltr'>est</span> <span class='ocrx_word' id='word_1_747' title='bbox 779 4666 940 4735; x_wconf 85' lang='lat' dir='ltr'>Agag</span> <span class='ocrx_word' id='word_1_748' title='bbox 969 4661 1205 4715; x_wconf 90' lang='lat' dir='ltr'>hostium</span> <span class='ocrx_word' id='word_1_749' title='bbox 1235 4675 1442 4732; x_wconf 88' lang='lat' dir='ltr'>regem,</span> <span class='ocrx_word' id='word_1_750' title='bbox 1478 4673 1637 4729; x_wconf 91' lang='lat' dir='ltr'>quem</span> <span class='ocrx_word' id='word_1_751' title='bbox 1666 4655 1960 4727; x_wconf 88' lang='lat' dir='ltr'>prohibue-</span> 
     </span>
    </p>
   </div>
   <div class='ocr_carea' id='block_1_98' title="bbox 347 4743 1959 4819">
    <p class='ocr_par' dir='ltr' id='par_1_98' title="bbox 347 4743 1959 4819">
     <span class='ocr_line' id='line_1_98' title="bbox 347 4743 1959 4819; baseline -0.007 -11"><span class='ocrx_word' id='word_1_752' title='bbox 347 4761 434 4809; x_wconf 85' lang='lat' dir='ltr'>rat</span> <span class='ocrx_word' id='word_1_753' title='bbox 464 4751 728 4808; x_wconf 88' lang='lat' dir='ltr'>sententia</span> <span class='ocrx_word' id='word_1_754' title='bbox 760 4751 946 4806; x_wconf 85' lang='lat' dir='ltr'>divina</span> <span class='ocrx_word' id='word_1_755' title='bbox 975 4749 1188 4804; x_wconf 89' lang='lat' dir='ltr'>servari</span> <span class='ocrx_word' id='word_1_756' title='bbox 1246 4748 1296 4819; x_wconf 94' lang='lat' dir='ltr'>(I</span> <span class='ocrx_word' id='word_1_757' title='bbox 1322 4751 1449 4819; x_wconf 84' lang='lat' dir='ltr'>Reg.</span> <span class='ocrx_word' id='word_1_758' title='bbox 1484 4746 1606 4816; x_wconf 82' lang='lat' dir='ltr'>xv).</span> <span class='ocrx_word' id='word_1_759' title='bbox 1641 4746 1709 4800; x_wconf 89' lang='lat' dir='ltr'>Et</span> <span class='ocrx_word' id='word_1_760' title='bbox 1738 4744 1783 4798; x_wconf 93' lang='lat' dir='ltr'>si</span> <span class='ocrx_word' id='word_1_761' title='bbox 1838 4743 1959 4814; x_wconf 89' lang='lat' dir='ltr'>quis</span> 
     </span>
    </p>
   </div>
   <div class='ocr_carea' id='block_1_99' title="bbox 346 4832 1961 4909">
    <p class='ocr_par' dir='ltr' id='par_1_99' title="bbox 346 4832 1961 4909">
     <span class='ocr_line' id='line_1_99' title="bbox 346 4832 1961 4909; baseline -0.008 -12"><span class='ocrx_word' id='word_1_762' title='bbox 346 4842 576 4898; x_wconf 89' lang='lat' dir='ltr'>latronis</span> <span class='ocrx_word' id='word_1_763' title='bbox 605 4839 728 4894; x_wconf 86' lang='lat' dir='ltr'>filiis</span> <span class='ocrx_word' id='word_1_764' title='bbox 760 4837 1179 4909; x_wconf 89' lang='lat' dir='ltr'>deprecantibus</span> <span class='ocrx_word' id='word_1_765' title='bbox 1209 4843 1412 4900; x_wconf 90' lang='lat' dir='ltr'>motus,</span> <span class='ocrx_word' id='word_1_766' title='bbox 1448 4842 1500 4888; x_wconf 91' lang='lat' dir='ltr'>et</span> <span class='ocrx_word' id='word_1_767' title='bbox 1536 4832 1787 4904; x_wconf 86' lang='lat' dir='ltr'>lacrymis</span> <span class='ocrx_word' id='word_1_768' title='bbox 1832 4847 1961 4886; x_wconf 92' lang='lat' dir='ltr'>con-</span> 
     </span>
    </p>
   </div>
   <div class='ocr_carea' id='block_1_100' title="bbox 346 4920 1963 5003">
    <p class='ocr_par' dir='ltr' id='par_1_100' title="bbox 346 4920 1963 5003">
     <span class='ocr_line' id='line_1_100' title="bbox 346 4920 1963 5003; baseline -0.006 -19"><span class='ocrx_word' id='word_1_769' title='bbox 346 4930 496 5003; x_wconf 88' lang='lat' dir='ltr'>jugis</span> <span class='ocrx_word' id='word_1_770' title='bbox 527 4930 645 4997; x_wconf 91' lang='lat' dir='ltr'>ejus</span> <span class='ocrx_word' id='word_1_771' title='bbox 676 4928 869 4993; x_wconf 86' lang='lat' dir='ltr'>ﬂexus,</span> <span class='ocrx_word' id='word_1_772' title='bbox 907 4925 1301 4981; x_wconf 89' lang='lat' dir='ltr'>absolvendum</span> <span class='ocrx_word' id='word_1_773' title='bbox 1333 4930 1506 4993; x_wconf 89' lang='lat' dir='ltr'>putet,</span> <span class='ocrx_word' id='word_1_774' title='bbox 1538 4921 1625 4976; x_wconf 92' lang='lat' dir='ltr'>cui</span> <span class='ocrx_word' id='word_1_775' title='bbox 1652 4920 1793 4975; x_wconf 89' lang='lat' dir='ltr'>adsit</span> <span class='ocrx_word' id='word_1_776' title='bbox 1808 4920 1963 4974; x_wconf 88' lang='lat' dir='ltr'>latro-</span> 
     </span>
    </p>
   </div>
   <div class='ocr_carea' id='block_1_101' title="bbox 351 5008 1961 5081">
    <p class='ocr_par' dir='ltr' id='par_1_101' title="bbox 351 5008 1961 5081">
     <span class='ocr_line' id='line_1_101' title="bbox 351 5008 1961 5081; baseline -0.007 -7"><span class='ocrx_word' id='word_1_777' title='bbox 351 5017 573 5075; x_wconf 90' lang='lat' dir='ltr'>cinandi</span> <span class='ocrx_word' id='word_1_778' title='bbox 603 5015 850 5081; x_wconf 81' lang='lat' dir='ltr'>aﬁ&#39;ectus,</span> <span class='ocrx_word' id='word_1_779' title='bbox 885 5029 1071 5070; x_wconf 89' lang='lat' dir='ltr'>nonne.</span> <span class='ocrx_word' id='word_1_780' title='bbox 1095 5013 1411 5068; x_wconf 85' lang='lat' dir='ltr'>innocentes</span> <span class='ocrx_word' id='word_1_781' title='bbox 1435 5009 1596 5064; x_wconf 89' lang='lat' dir='ltr'>tradit</span> <span class='ocrx_word' id='word_1_782' title='bbox 1624 5008 1804 5074; x_wconf 90' lang='lat' dir='ltr'>exitio,</span> <span class='ocrx_word' id='word_1_783' title='bbox 1869 5008 1961 5078; x_wconf 91' lang='lat' dir='ltr'>qui</span> 
     </span>
    </p>
   </div>
   <div class='ocr_carea' id='block_1_102' title="bbox 351 5085 1959 5173">
    <p class='ocr_par' dir='ltr' id='par_1_102' title="bbox 351 5085 1959 5173">
     <span class='ocr_line' id='line_1_102' title="bbox 351 5085 1959 5173; baseline -0.007 -13"><span class='ocrx_word' id='word_1_784' title='bbox 351 5107 546 5162; x_wconf 89' lang='lat' dir='ltr'>liberet</span> <span class='ocrx_word' id='word_1_785' title='bbox 575 5105 867 5160; x_wconf 90' lang='lat' dir='ltr'>multorum</span> <span class='ocrx_word' id='word_1_786' title='bbox 897 5103 1057 5158; x_wconf 90' lang='lat' dir='ltr'>exitia</span> <span class='ocrx_word' id='word_1_787' title='bbox 1097 5098 1470 5173; x_wconf 87' lang='lat' dir='ltr'>cogitantem?</span> <span class='ocrx_word' id='word_1_788' title='bbox 1517 5098 1676 5152; x_wconf 92' lang='lat' dir='ltr'>Certe</span> <span class='ocrx_word' id='word_1_789' title='bbox 1739 5085 1785 5150; x_wconf 83' lang='lat' dir='ltr'>si</span> <span class='ocrx_word' id='word_1_790' title='bbox 1835 5096 1959 5166; x_wconf 89' lang='lat' dir='ltr'>gla-</span> 
     </span>
    </p>
   </div>
   <div class='ocr_carea' id='block_1_103' title="bbox 354 5183 1958 5263">
    <p class='ocr_par' dir='ltr' id='par_1_103' title="bbox 354 5183 1958 5263">
     <span class='ocr_line' id='line_1_103' title="bbox 354 5183 1958 5263; baseline -0.008 -14"><span class='ocrx_word' id='word_1_791' title='bbox 354 5195 505 5250; x_wconf 91' lang='lat' dir='ltr'>dium</span> <span class='ocrx_word' id='word_1_792' title='bbox 550 5192 814 5263; x_wconf 90' lang='lat' dir='ltr'>reprimit,</span> <span class='ocrx_word' id='word_1_793' title='bbox 867 5192 1044 5247; x_wconf 89' lang='lat' dir='ltr'>vincla</span> <span class='ocrx_word' id='word_1_794' title='bbox 1090 5187 1378 5253; x_wconf 90' lang='lat' dir='ltr'>dissolvit;</span> <span class='ocrx_word' id='word_1_795' title='bbox 1414 5201 1509 5241; x_wconf 92' lang='lat' dir='ltr'>cur</span> <span class='ocrx_word' id='word_1_796' title='bbox 1558 5185 1704 5240; x_wconf 90' lang='lat' dir='ltr'>laxat</span> <span class='ocrx_word' id='word_1_797' title='bbox 1752 5183 1958 5252; x_wconf 88' lang='lat' dir='ltr'>exsilia,</span> 
     </span>
    </p>
   </div>
   <div class='ocr_carea' id='block_1_104' title="bbox 357 5271 1960 5351">
    <p class='ocr_par' dir='ltr' id='par_1_104' title="bbox 357 5271 1960 5351">
     <span class='ocr_line' id='line_1_104' title="bbox 357 5271 1960 5351; baseline -0.008 -13"><span class='ocrx_word' id='word_1_798' title='bbox 357 5297 456 5338; x_wconf 90' lang='lat' dir='ltr'>cur</span> <span class='ocrx_word' id='word_1_799' title='bbox 501 5280 861 5337; x_wconf 87' lang='lat' dir='ltr'>latrocinandi</span> <span class='ocrx_word' id='word_1_800' title='bbox 919 5295 1025 5351; x_wconf 87' lang='lat' dir='ltr'>qua</span> <span class='ocrx_word' id='word_1_801' title='bbox 1075 5283 1254 5349; x_wconf 84' lang='lat' dir='ltr'>potest</span> <span class='ocrx_word' id='word_1_802' title='bbox 1300 5273 1649 5330; x_wconf 88' lang='lat' dir='ltr'>clementiore</span> <span class='ocrx_word' id='word_1_803' title='bbox 1707 5271 1794 5327; x_wconf 88' lang='lat' dir='ltr'>via</span> <span class='ocrx_word' id='word_1_804' title='bbox 1852 5287 1960 5326; x_wconf 93' lang='lat' dir='ltr'>non</span> 
     </span>
    </p>
   </div>
   <div class='ocr_carea' id='block_1_105' title="bbox 362 5365 1963 5441">
    <p class='ocr_par' dir='ltr' id='par_1_105' title="bbox 362 5365 1963 5441">
     <span class='ocr_line' id='line_1_105' title="bbox 362 5365 1963 5441; baseline -0.007 -16"><span class='ocrx_word' id='word_1_805' title='bbox 362 5369 524 5441; x_wconf 91' lang='lat' dir='ltr'>eripit</span> <span class='ocrx_word' id='word_1_806' title='bbox 552 5368 877 5437; x_wconf 87' lang='lat' dir='ltr'>facultatem,</span> <span class='ocrx_word' id='word_1_807' title='bbox 938 5367 1030 5439; x_wconf 90' lang='lat' dir='ltr'>qui</span> <span class='ocrx_word' id='word_1_808' title='bbox 1086 5365 1420 5420; x_wconf 86' lang='lat' dir='ltr'>voluntatem</span> <span class='ocrx_word' id='word_1_809' title='bbox 1479 5368 1801 5430; x_wconf 85' lang='lat' dir='ltr'>extorquere</span> <span class='ocrx_word' id='word_1_810' title='bbox 1853 5373 1963 5414; x_wconf 92' lang='lat' dir='ltr'>non</span> 
     </span>
    </p>
   </div>
   <div class='ocr_carea' id='block_1_106' title="bbox 360 5454 1963 5530">
    <p class='ocr_par' dir='ltr' id='par_1_106' title="bbox 360 5454 1963 5530">
     <span class='ocr_line' id='line_1_106' title="bbox 360 5454 1963 5530; baseline -0.009 -15"><span class='ocrx_word' id='word_1_811' title='bbox 360 5457 581 5530; x_wconf 85' lang='lat' dir='ltr'>potuit?</span> <span class='ocrx_word' id='word_1_812' title='bbox 604 5456 815 5512; x_wconf 91' lang='lat' dir='ltr'>Deinde</span> <span class='ocrx_word' id='word_1_813' title='bbox 839 5455 979 5512; x_wconf 92' lang='lat' dir='ltr'>inter</span> <span class='ocrx_word' id='word_1_814' title='bbox 999 5455 1156 5519; x_wconf 94' lang='lat' dir='ltr'>duos,</span> <span class='ocrx_word' id='word_1_815' title='bbox 1188 5454 1292 5508; x_wconf 91' lang='lat' dir='ltr'>hoc</span> <span class='ocrx_word' id='word_1_816' title='bbox 1320 5459 1420 5517; x_wconf 90' lang='lat' dir='ltr'>est,</span> <span class='ocrx_word' id='word_1_817' title='bbox 1478 5455 1851 5504; x_wconf 90' lang='lat' dir='ltr'>accusatorem</span> <span class='ocrx_word' id='word_1_818' title='bbox 1909 5454 1963 5501; x_wconf 92' lang='lat' dir='ltr'>et</span> 
     </span>
    </p>
   </div>
   <div class='ocr_carea' id='block_1_107' title="bbox 358 5535 1960 5617">
    <p class='ocr_par' dir='ltr' id='par_1_107' title="bbox 358 5535 1960 5617">
     <span class='ocr_line' id='line_1_107' title="bbox 358 5535 1960 5617; baseline -0.009 -15"><span class='ocrx_word' id='word_1_819' title='bbox 358 5563 534 5613; x_wconf 90' lang='lat' dir='ltr'>reum,</span> <span class='ocrx_word' id='word_1_820' title='bbox 567 5545 686 5617; x_wconf 91' lang='lat' dir='ltr'>pari</span> <span class='ocrx_word' id='word_1_821' title='bbox 716 5543 959 5617; x_wconf 89' lang='lat' dir='ltr'>periculo</span> <span class='ocrx_word' id='word_1_822' title='bbox 989 5544 1058 5599; x_wconf 93' lang='lat' dir='ltr'>de</span> <span class='ocrx_word' id='word_1_823' title='bbox 1089 5541 1264 5614; x_wconf 89' lang='lat' dir='ltr'>capite</span> <span class='ocrx_word' id='word_1_824' title='bbox 1294 5539 1674 5604; x_wconf 88' lang='lat' dir='ltr'>decernentes,</span> <span class='ocrx_word' id='word_1_825' title='bbox 1716 5535 1960 5592; x_wconf 77' lang='lat' dir='ltr'>alterum</span> 
     </span>
    </p>
   </div>
   <div class='ocr_carea' id='block_1_108' title="bbox 2059 4557 3648 4632">
    <p class='ocr_par' dir='ltr' id='par_1_108' title="bbox 2059 4557 3648 4632">
     <span class='ocr_line' id='line_1_108' title="bbox 2059 4557 3648 4632; baseline -0.006 -11"><span class='ocrx_word' id='word_1_826' title='bbox 2059 4563 2477 4621; x_wconf 90' lang='lat' dir='ltr'>commonitione</span> <span class='ocrx_word' id='word_1_827' title='bbox 2525 4561 2811 4632; x_wconf 89' lang='lat' dir='ltr'>scripsisse</span> <span class='ocrx_word' id='word_1_828' title='bbox 2855 4560 2923 4614; x_wconf 89' lang='lat' dir='ltr'>ad</span> <span class='ocrx_word' id='word_1_829' title='bbox 2962 4559 3270 4614; x_wconf 91' lang='lat' dir='ltr'>Nestorium</span> <span class='ocrx_word' id='word_1_830' title='bbox 3301 4557 3648 4613; x_wconf 78' lang='lat' dir='ltr'>hzereticum:</span> 
     </span>
    </p>
   </div>
   <div class='ocr_carea' id='block_1_109' title="bbox 2059 4645 3647 4722">
    <p class='ocr_par' dir='ltr' id='par_1_109' title="bbox 2059 4645 3647 4722">
     <span class='ocr_line' id='line_1_109' title="bbox 2059 4645 3647 4722; baseline -0.006 -14"><span class='ocrx_word' id='word_1_831' title='bbox 2059 4652 2446 4709; x_wconf 90' lang='lat' dir='ltr'>attendendum</span> <span class='ocrx_word' id='word_1_832' title='bbox 2476 4659 2557 4706; x_wconf 91' lang='lat' dir='ltr'>est</span> <span class='ocrx_word' id='word_1_833' title='bbox 2588 4650 2733 4722; x_wconf 92' lang='lat' dir='ltr'>quod</span> <span class='ocrx_word' id='word_1_834' title='bbox 2762 4648 2980 4702; x_wconf 89' lang='lat' dir='ltr'>Hilarus</span> <span class='ocrx_word' id='word_1_835' title='bbox 3004 4663 3144 4717; x_wconf 89' lang='lat' dir='ltr'>papa</span> <span class='ocrx_word' id='word_1_836' title='bbox 3170 4646 3299 4701; x_wconf 90' lang='lat' dir='ltr'>dicit</span> <span class='ocrx_word' id='word_1_837' title='bbox 3329 4645 3514 4716; x_wconf 85' lang='lat' dir='ltr'>(epist.</span> <span class='ocrx_word' id='word_1_838' title='bbox 3557 4647 3647 4714; x_wconf 72' lang='lat'>2):</span> 
     </span>
    </p>
   </div>
   <div class='ocr_carea' id='block_1_110' title="bbox 2064 4731 3652 4810">
    <p class='ocr_par' dir='ltr' id='par_1_110' title="bbox 2064 4731 3652 4810">
     <span class='ocr_line' id='line_1_110' title="bbox 2064 4731 3652 4810; baseline -0.004 -18"><span class='ocrx_word' id='word_1_839' title='bbox 2064 4764 2087 4792; x_wconf 70' lang='grc' dir='ltr'>ι</span> <span class='ocrx_word' id='word_1_840' title='bbox 2123 4740 2259 4810; x_wconf 86' lang='lat' dir='ltr'>Quia</span> <span class='ocrx_word' id='word_1_841' title='bbox 2289 4755 2399 4795; x_wconf 91' lang='lat' dir='ltr'>non</span> <span class='ocrx_word' id='word_1_842' title='bbox 2429 4739 2606 4793; x_wconf 91' lang='lat' dir='ltr'>minus</span> <span class='ocrx_word' id='word_1_843' title='bbox 2637 4739 2692 4792; x_wconf 91' lang='lat' dir='ltr'>in</span> <span class='ocrx_word' id='word_1_844' title='bbox 2721 4744 3026 4792; x_wconf 85' lang='lat' dir='ltr'>sanctarum</span> <span class='ocrx_word' id='word_1_845' title='bbox 3071 4734 3415 4788; x_wconf 89' lang='lat' dir='ltr'>traditionum</span> <span class='ocrx_word' id='word_1_846' title='bbox 3473 4731 3652 4786; x_wconf 92' lang='lat' dir='ltr'>delin-</span> 
     </span>
    </p>
   </div>
   <div class='ocr_carea' id='block_1_111' title="bbox 2061 4820 3654 4901">
    <p class='ocr_par' dir='ltr' id='par_1_111' title="bbox 2061 4820 3654 4901">
     <span class='ocr_line' id='line_1_111' title="bbox 2061 4820 3654 4901; baseline -0.006 -17"><span class='ocrx_word' id='word_1_847' title='bbox 2061 4831 2242 4901; x_wconf 86' lang='lat' dir='ltr'>quitur</span> <span class='ocrx_word' id='word_1_848' title='bbox 2270 4828 2595 4892; x_wconf 90' lang='lat' dir='ltr'>sanctiones,</span> <span class='ocrx_word' id='word_1_849' title='bbox 2630 4841 2792 4898; x_wconf 87' lang='lat' dir='ltr'>quam</span> <span class='ocrx_word' id='word_1_850' title='bbox 2823 4824 2876 4877; x_wconf 91' lang='lat' dir='ltr'>in</span> <span class='ocrx_word' id='word_1_851' title='bbox 2921 4822 3175 4891; x_wconf 89' lang='lat' dir='ltr'>injuriam</span> <span class='ocrx_word' id='word_1_852' title='bbox 3222 4820 3392 4891; x_wconf 91' lang='lat' dir='ltr'>ipsius</span> <span class='ocrx_word' id='word_1_853' title='bbox 3436 4820 3654 4875; x_wconf 91' lang='lat' dir='ltr'>Domini</span> 
     </span>
    </p>
   </div>
   <div class='ocr_carea' id='block_1_112' title="bbox 2059 4908 3651 4988">
    <p class='ocr_par' dir='ltr' id='par_1_112' title="bbox 2059 4908 3651 4988">
     <span class='ocr_line' id='line_1_112' title="bbox 2059 4908 3651 4988; baseline -0.007 -16"><span class='ocrx_word' id='word_1_854' title='bbox 2059 4917 2354 4988; x_wconf 90' lang='lat' dir='ltr'>prosilitur.</span> <span class='ocrx_word' id='word_1_855' title='bbox 2397 4938 2416 4964; x_wconf 74' lang='grc' dir='ltr'><strong><em>η</em></strong></span> <span class='ocrx_word' id='word_1_856' title='bbox 2451 4917 2519 4970; x_wconf 93' lang='lat' dir='ltr'>Et</span> <span class='ocrx_word' id='word_1_857' title='bbox 2547 4911 2850 4982; x_wconf 91' lang='lat' dir='ltr'>hujusmodi</span> <span class='ocrx_word' id='word_1_858' title='bbox 2882 4917 3259 4980; x_wconf 76' lang='lat' dir='ltr'>praesumptor,</span> <span class='ocrx_word' id='word_1_859' title='bbox 3295 4908 3386 4980; x_wconf 91' lang='lat' dir='ltr'>qui</span> <span class='ocrx_word' id='word_1_860' title='bbox 3415 4909 3471 4963; x_wconf 93' lang='lat' dir='ltr'>in</span> <span class='ocrx_word' id='word_1_861' title='bbox 3518 4923 3651 4962; x_wconf 88' lang='lat' dir='ltr'>san-</span> 
     </span>
    </p>
   </div>
   <div class='ocr_carea' id='block_1_113' title="bbox 2061 4995 3649 5070">
    <p class='ocr_par' dir='ltr' id='par_1_113' title="bbox 2061 4995 3649 5070">
     <span class='ocr_line' id='line_1_113' title="bbox 2061 4995 3649 5070; baseline -0.009 -8"><span class='ocrx_word' id='word_1_862' title='bbox 2061 5013 2268 5062; x_wconf 89' lang='lat' dir='ltr'>ctarum</span> <span class='ocrx_word' id='word_1_863' title='bbox 2299 5003 2642 5058; x_wconf 90' lang='lat' dir='ltr'>traditionum</span> <span class='ocrx_word' id='word_1_864' title='bbox 2667 4998 3013 5070; x_wconf 88' lang='lat' dir='ltr'>pertinaciter</span> <span class='ocrx_word' id='word_1_865' title='bbox 3042 4997 3349 5052; x_wconf 89' lang='lat' dir='ltr'>sanctiones</span> <span class='ocrx_word' id='word_1_866' title='bbox 3365 4995 3649 5067; x_wconf 89' lang='lat' dir='ltr'>delinquit,</span> 
     </span>
    </p>
   </div>
   <div class='ocr_carea' id='block_1_114' title="bbox 2059 5083 3650 5157">
    <p class='ocr_par' dir='ltr' id='par_1_114' title="bbox 2059 5083 3650 5157">
     <span class='ocr_line' id='line_1_114' title="bbox 2059 5083 3650 5157; baseline -0.007 -9"><span class='ocrx_word' id='word_1_867' title='bbox 2059 5108 2170 5148; x_wconf 90' lang='lat' dir='ltr'>non</span> <span class='ocrx_word' id='word_1_868' title='bbox 2197 5093 2339 5147; x_wconf 88' lang='lat' dir='ltr'>inter</span> <span class='ocrx_word' id='word_1_869' title='bbox 2367 5089 2659 5147; x_wconf 89' lang='lat' dir='ltr'>catholicos</span> <span class='ocrx_word' id='word_1_870' title='bbox 2689 5096 2741 5142; x_wconf 92' lang='lat' dir='ltr'>et</span> <span class='ocrx_word' id='word_1_871' title='bbox 2771 5085 3184 5157; x_wconf 89' lang='lat' dir='ltr'>computandus,</span> <span class='ocrx_word' id='word_1_872' title='bbox 3221 5085 3319 5140; x_wconf 91' lang='lat' dir='ltr'>sed</span> <span class='ocrx_word' id='word_1_873' title='bbox 3348 5100 3473 5141; x_wconf 90' lang='lat' dir='ltr'>cum</span> <span class='ocrx_word' id='word_1_874' title='bbox 3501 5083 3650 5138; x_wconf 89' lang='lat' dir='ltr'>schi-</span> 
     </span>
    </p>
   </div>
   <div class='ocr_carea' id='block_1_115' title="bbox 2061 5171 3654 5245">
    <p class='ocr_par' dir='ltr' id='par_1_115' title="bbox 2061 5171 3654 5245">
     <span class='ocr_line' id='line_1_115' title="bbox 2061 5171 3654 5245; baseline -0.006 -9"><span class='ocrx_word' id='word_1_875' title='bbox 2061 5181 2246 5236; x_wconf 88' lang='lat' dir='ltr'>smatis</span> <span class='ocrx_word' id='word_1_876' title='bbox 2276 5186 2359 5236; x_wconf 90' lang='lat' dir='ltr'>est</span> <span class='ocrx_word' id='word_1_877' title='bbox 2387 5175 2874 5234; x_wconf 77' lang='lat' dir='ltr'>condemnandus:</span> <span class='ocrx_word' id='word_1_878' title='bbox 2935 5173 3060 5245; x_wconf 89' lang='lat' dir='ltr'>quia</span> <span class='ocrx_word' id='word_1_879' title='bbox 3119 5173 3255 5228; x_wconf 87' lang='lat' dir='ltr'>sicut</span> <span class='ocrx_word' id='word_1_880' title='bbox 3311 5173 3366 5226; x_wconf 92' lang='lat' dir='ltr'>in</span> <span class='ocrx_word' id='word_1_881' title='bbox 3419 5171 3654 5227; x_wconf 89' lang='lat' dir='ltr'>decretis</span> 
     </span>
    </p>
   </div>
   <div class='ocr_carea' id='block_1_116' title="bbox 2061 5258 3653 5340">
    <p class='ocr_par' dir='ltr' id='par_1_116' title="bbox 2061 5258 3653 5340">
     <span class='ocr_line' id='line_1_116' title="bbox 2061 5258 3653 5340; baseline -0.006 -15"><span class='ocrx_word' id='word_1_882' title='bbox 2061 5268 2372 5340; x_wconf 71' lang='lat' dir='ltr'>apostolicae</span> <span class='ocrx_word' id='word_1_883' title='bbox 2401 5265 2545 5320; x_wconf 91' lang='lat' dir='ltr'>sedis</span> <span class='ocrx_word' id='word_1_884' title='bbox 2575 5263 2836 5334; x_wconf 87' lang='lat' dir='ltr'>scriptum</span> <span class='ocrx_word' id='word_1_885' title='bbox 2867 5269 2967 5332; x_wconf 89' lang='lat' dir='ltr'>est,</span> <span class='ocrx_word' id='word_1_886' title='bbox 3017 5260 3263 5332; x_wconf 90' lang='lat' dir='ltr'>quisquis</span> <span class='ocrx_word' id='word_1_887' title='bbox 3309 5258 3653 5315; x_wconf 89' lang='lat' dir='ltr'>schismatico</span> 
     </span>
    </p>
   </div>
   <div class='ocr_carea' id='block_1_117' title="bbox 2060 5345 3648 5422">
    <p class='ocr_par' dir='ltr' id='par_1_117' title="bbox 2060 5345 3648 5422">
     <span class='ocr_line' id='line_1_117' title="bbox 2060 5345 3648 5422; baseline -0.008 -10"><span class='ocrx_word' id='word_1_888' title='bbox 2060 5355 2370 5419; x_wconf 89' lang='lat' dir='ltr'>assenserit,</span> <span class='ocrx_word' id='word_1_889' title='bbox 2387 5351 2760 5408; x_wconf 89' lang='lat' dir='ltr'>schismaticus</span> <span class='ocrx_word' id='word_1_890' title='bbox 2780 5367 2902 5405; x_wconf 84' lang='lat' dir='ltr'>esse</span> <span class='ocrx_word' id='word_1_891' title='bbox 2915 5350 3100 5422; x_wconf 89' lang='lat' dir='ltr'>negari</span> <span class='ocrx_word' id='word_1_892' title='bbox 3120 5365 3226 5404; x_wconf 90' lang='lat' dir='ltr'>non</span> <span class='ocrx_word' id='word_1_893' title='bbox 3241 5347 3456 5419; x_wconf 89' lang='lat' dir='ltr'>poterit.</span> <span class='ocrx_word' id='word_1_894' title='bbox 3489 5345 3648 5414; x_wconf 89' lang='lat' dir='ltr'>Quod</span> 
     </span>
    </p>
   </div>
   <div class='ocr_carea' id='block_1_118' title="bbox 2062 5436 3648 5506">
    <p class='ocr_par' dir='ltr' id='par_1_118' title="bbox 2062 5436 3648 5506">
     <span class='ocr_line' id='line_1_118' title="bbox 2062 5436 3648 5506; baseline -0.008 -7"><span class='ocrx_word' id='word_1_895' title='bbox 2062 5444 2164 5500; x_wconf 91' lang='lat' dir='ltr'>etsi</span> <span class='ocrx_word' id='word_1_896' title='bbox 2192 5458 2381 5498; x_wconf 90' lang='lat' dir='ltr'>omnes</span> <span class='ocrx_word' id='word_1_897' title='bbox 2411 5439 2774 5506; x_wconf 84' lang='lat' dir='ltr'>sarcerdotes,</span> <span class='ocrx_word' id='word_1_898' title='bbox 2809 5446 2861 5494; x_wconf 87' lang='lat' dir='ltr'>et</span> <span class='ocrx_word' id='word_1_899' title='bbox 2877 5438 3108 5494; x_wconf 90' lang='lat' dir='ltr'>mundus</span> <span class='ocrx_word' id='word_1_900' title='bbox 3126 5437 3406 5502; x_wconf 88' lang='lat' dir='ltr'>assentiat,</span> <span class='ocrx_word' id='word_1_901' title='bbox 3429 5436 3648 5490; x_wconf 85' lang='lat' dir='ltr'>damna-</span> 
     </span>
    </p>
   </div>
   <div class='ocr_carea' id='block_1_119' title="bbox 2057 5524 3648 5598">
    <p class='ocr_par' dir='ltr' id='par_1_119' title="bbox 2057 5524 3648 5598">
     <span class='ocr_line' id='line_1_119' title="bbox 2057 5524 3648 5598; baseline -0.007 -12"><span class='ocrx_word' id='word_1_902' title='bbox 2057 5533 2129 5589; x_wconf 89' lang='lat' dir='ltr'>tio</span> <span class='ocrx_word' id='word_1_903' title='bbox 2158 5529 2558 5587; x_wconf 88' lang='lat' dir='ltr'>consentientes</span> <span class='ocrx_word' id='word_1_904' title='bbox 2587 5528 2830 5597; x_wconf 88' lang='lat' dir='ltr'>involvit,</span> <span class='ocrx_word' id='word_1_905' title='bbox 2858 5543 2966 5583; x_wconf 89' lang='lat' dir='ltr'>non</span> <span class='ocrx_word' id='word_1_906' title='bbox 2988 5524 3487 5598; x_wconf 89' lang='lat' dir='ltr'>praevaricationem</span> <span class='ocrx_word' id='word_1_907' title='bbox 3517 5536 3648 5577; x_wconf 87' lang='lat' dir='ltr'>con-</span> 
     </span>
    </p>
   </div>
  </div>
