4174 6318
568 203 664 259 631

1342 198 1686 256 HINCMARI
1711 197 2114 255 RHEMENSIS
2140 196 2688 255 ARCHIEPISCOPI.

3749 205 3854 259 632

568 339 762 380 sensus
790 322 1040 379 absolvit.
1057 321 1181 378 Non
1209 322 1355 378 enim
1384 323 1590 379 crimen
1619 322 1897 389 minuitur,
1927 323 2024 377 sed
2065 338 2153 377 ro-
2178 322 2428 385 Atribus
2473 321 2845 394 promulgatas
2908 322 3190 391 habemus,
3241 336 3351 377 non
3428 322 3692 379 debemus
3749 339 3850 379 no-

565 411 820 478 borescit,
851 426 975 466 cum
1003 410 1262 483 generale
1291 409 1347 465 ﬁt
1378 427 1446 465 ex
1464 412 1693 482 privato.
1714 412 1827 466 Hoc
1842 410 1988 465 enim
2007 411 2155 466 Deus

564 499 802 554 omnium
827 498 1108 568 judicavit,
1142 500 1235 569 qui
1263 507 1609 569 peccatorem
1628 499 1887 581 mundum
1909 499 2159 570 generali

568 586 772 642 diluvio
799 586 1093 643 interemit.
1126 588 1195 641 Et
1223 586 1307 641 his
1336 587 1527 642 beatus
1556 587 1805 642 Gelasius
1836 586 2074 642 concinit
2101 586 2157 639 in

565 674 801 730 decretis
857 674 1015 729 suis:
1066 675 1204 730 sicut
1248 674 1537 730 manifeste
1583 691 1648 729 ex
1692 675 1807 743 ejus
1846 673 2025 728 verbis
2069 673 2159 728 hic

563 776 782 832 possem
811 763 1115 829 ostendere,
1175 763 1221 816 si
1266 762 1628 834 prolixitatem
1674 778 1784 817 non
1832 762 2153 817 devitarem.

574 867 866 924 Conclusio
882 885 989 941 qua
1010 872 1361 941 monstratur
1378 884 1492 923 non
1509 868 1763 941 obstante
1779 868 2160 940 appellatione

999 939 1144 1010 ferri
1167 954 1327 1010 posse
1356 938 1721 993 sententiam.

636 1035 766 1091 Haec
794 1034 973 1090 omnia
1002 1034 1383 1105 suprascripta,
1417 1042 1474 1088 ut
1521 1050 1666 1105 saepe
1712 1032 2159 1100 commemoravi,

518 1105 527 1114 ’
567 1139 679 1179 non
721 1137 887 1179 causa
932 1137 1170 1176 mearum
1218 1121 1555 1189 injuriarum,
1606 1122 1704 1176 sed
1766 1121 2161 1177 evindicatione

566 1209 842 1283 dignitatis
871 1209 1000 1262 mihi
1030 1208 1338 1264 commissae
1363 1209 1700 1280 metropolis,
1733 1217 1921 1265 contra
1945 1208 2163 1264 fratrem

568 1297 917 1353 Hincmarum
942 1296 1195 1352 contexui
1226 1313 1239 1349 :
1270 1312 1374 1352 nec
1403 1311 1591 1352 sacras
1638 1297 1792 1369 leges
1840 1305 1894 1351 et
1940 1296 2163 1368 regulas

568 1384 766 1455 collegi
795 1383 1058 1438 adversus
1091 1399 1215 1439 eum
1243 1383 1298 1438 in
1345 1384 1524 1439 causis
1566 1384 1804 1455 pr0priis
1848 1383 2164 1439 intentando

568 1472 842 1541 judicium,
879 1471 977 1525 sed
996 1471 1334 1526 ostendendo
1368 1472 1700 1543 qualitatem,
1719 1488 1782 1528 ac
1818 1472 2166 1544 quantitatem

565 1574 790 1615 suorum
818 1573 1158 1626 excessuum,
1193 1566 1246 1614 et
1264 1574 1506 1615 mearum
1535 1561 2053 1616 commonitionuum
2076 1579 2091 1626 ;
2116 1567 2169 1616 et

2258 427 2386 466 vum
2415 411 2552 465 inire
2582 418 2886 477 tractatum,
2915 411 3001 467 vel
3045 426 3246 466 novum
3295 419 3611 482 exspectare
3662 412 3852 467 consi-

2254 498 2406 553 lium.

2331 588 2473 657 (Lib.
2506 603 2575 641 Lv
2595 603 2744 660 cap.,
2764 602 2815 643 c.
2841 588 2955 658 34.)
2975 588 3093 644 Nec
3114 588 3276 642 etiam
3298 588 3485 643 sedem
3498 588 3856 659 apostolicam

2256 674 2311 729 in
2341 675 2667 746 requirendo
2695 675 3018 746 inquietare,
3050 676 3190 731 sicut
3219 676 3275 731 S.
3309 677 3658 733 Innocentius
3710 678 3851 733 scri-

2257 762 2392 817 bens
2411 764 2480 816 ad
2495 762 2817 819 Macedones
2838 763 3127 835 episcopos
3148 764 3277 819 dicit
3299 766 3485 837 (epist.
3502 766 3594 834 2'7)
3615 783 3630 820 :
3662 787 3685 816 ι
3713 766 3854 821 Cum

2259 850 2475 921 saepius,
2511 850 2698 922 inquit,
2733 852 2903 921 repeti
2934 851 3189 907 fecissem
3217 852 3372 923 (quin
3401 853 3608 924 scripta
3647 855 3855 923 vestra)

2259 938 2467 993 adverti
2497 938 2614 993 sedi
2642 938 2974 1010 apostolicae,
3003 940 3074 994 ad
3112 955 3275 1012 quam
3320 941 3529 1007 relatio,
3580 942 3733 1013 quasi
3782 942 3855 997 ad

2260 1035 2418 1098 caput
2443 1027 2837 1094 Ecclesiarum,
2867 1028 3033 1082 missa
3082 1029 3358 1096 currebat,
3408 1028 3528 1084 ﬁeri
3571 1029 3851 1098 injuriam,

2261 1115 2414 1183 cujus
2457 1114 2635 1170 adhuc
2682 1115 2737 1169 in
2785 1115 3103 1188 ambiguum
3149 1118 3413 1172 sententia
3471 1118 3788 1174 duceretur.
3827 1138 3849 1171 ι

2261 1203 2329 1257 Et
2359 1202 2428 1257 ad
2457 1202 2693 1258 Felicem
2723 1203 3093 1259 Nucerianum
3141 1203 3454 1276 episcopum
3519 1205 3705 1277 (epist.
3737 1206 3796 1277 3)
3839 1225 3853 1261 :

2267 1312 2290 1342 ι
2326 1290 2637 1362 Stupuimus
2664 1292 2983 1362 prudentem
3011 1291 3188 1347 virum
3217 1292 3286 1347 de
3314 1293 3399 1347 his
3437 1293 3677 1349 voluisse
3724 1309 3858 1350 con-

2264 1378 2461 1445 sulere,
2494 1395 2614 1451 quas
2642 1379 2895 1435 omnibus
2920 1387 3044 1434 sunt
3072 1386 3219 1435 certa
3248 1380 3457 1436 ratione
3485 1389 3788 1452 comperta.
3833 1406 3855 1431 ιι

2264 1467 2333 1520 Et
2361 1465 2417 1521 S.
2450 1466 2692 1521 Zosimus
2722 1467 2908 1540 (epist.
2944 1468 2998 1540 1)
3032 1485 3046 1522 :
3084 1489 3106 1517 α
3133 1468 3276 1524 Sciat
3295 1469 3540 1540 quisquis
3559 1470 3683 1537 hoc,
3707 1478 3859 1542 post-

2264 1554 2439 1624 posita
2466 1555 2703 1620 Patrum,
2743 1563 2794 1610 et
2837 1556 3146 1627 apostolicae
3193 1556 3339 1611 sedis
3387 1557 3703 1613 auctoritate
3748 1575 3855 1614 ne-

564 1646 761 1719 quibus
789 1661 853 1701 ac
882 1646 1095 1718 quantis
1153 1647 1622 1702 constitutionibus
1677 1648 2012 1719 pertinacem
2069 1648 2165 1702 ob-
2193 1642 2764 1732 Bglezterit,gainobis
2787 1644 3085 1732 districtius
3110 1644 3480 1714 judicandum,
3529 1654 3583 1700 et
3620 1646 3727 1702 loci
3775 1647 3860 1703 sui

452 1789 458 1795 .
559 1734 692 1803 jecit
719 1741 1105 1805 contemptum.
1152 1734 1346 1789 Vestra
1384 1751 1516 1790 vero
1559 1737 1675 1791 Deo
1722 1736 1921 1806 placita
1963 1735 2162 1791 unani-

566 1821 748 1888 mitas,
781 1836 966 1877 coram
995 1836 1057 1876 se
1103 1821 1323 1877 recitata
1367 1822 1613 1893 vigilanti
1673 1823 1946 1879 discernat
1990 1824 2163 1877 libra-

564 1909 713 1964 mine
746 1926 759 1962 :
794 1909 922 1981 quia
949 1908 1076 1964 licet
1107 1909 1480 1965 sacerdotibus
1511 1926 1748 1966 canones
1778 1910 2036 1982 ignorare
2053 1926 2163 1966 non

567 1997 760 2063 liceat;
784 1996 955 2052 levior
984 2003 1165 2051 tamen
1193 1996 1368 2052 fuerat
1396 2013 1568 2064 error,
1599 1999 1643 2052 si
1673 2015 1774 2069 per
1801 1999 2164 2071 ignorantiam

570 2084 910 2156 deliquisset,
930 2100 1090 2155 quam
1120 2101 1282 2151 nunc,
1317 2085 1440 2157 quia
1469 2087 1648 2142 sciens
1679 2094 1733 2142 et
1775 2087 2019 2157 prudens
2064 2104 2164 2143 ex-

570 2172 798 2229 consilio
828 2180 880 2227 et
910 2172 1090 2227 studio
1114 2187 1395 2228 sacrarum
1426 2174 1740 2247 regularum
1768 2191 1867 2246 per
1895 2183 2166 2231 contuma-

571 2259 712 2315 ciam
740 2267 1116 2331 transgressor
1143 2260 1339 2327 existit,
1374 2276 1600 2333 quarum
1630 2264 1933 2318 custodiam
1964 2271 2016 2319 et
2069 2265 2169 2319 ob-

506 2385 513 2395 .
572 2347 935 2403 servationem
970 2346 1309 2417 professione
1365 2363 1431 2405 ac
1477 2349 1868 2421 subscriptione
1916 2367 2015 2406 sua
2068 2350 2166 2406 fir-

572 2434 756 2489 mavit.
788 2433 1003 2505 Duplici
1032 2450 1167 2508 ergo
1196 2443 1349 2492 reatu
1377 2443 1593 2492 tenetur
1621 2438 1910 2504 astrictus;
1946 2439 2040 2510 qui
2058 2455 2166 2495 non

573 2521 748 2577 solum
779 2529 965 2578 contra
993 2524 1383 2579 venerabilium
1414 2525 1657 2591 Patrum,
1682 2527 1781 2581 sed
1797 2527 1954 2581 etiam
1977 2536 2167 2583 contra

573 2625 671 2665 sua
710 2610 927 2666 venisse
968 2611 1188 2666 decreta
1234 2620 1436 2667 temere
1501 2615 1905 2685 comprobatur.
1974 2617 2166 2672 Utrum

576 2696 742 2768 igitur
786 2699 903 2753 Deo
941 2698 1122 2754 medio
1167 2699 1378 2769 prolata
1426 2702 1714 2767 sententia,
1781 2718 1905 2757 eum
1967 2703 2167 2759 debeat

574 2784 874 2855 percellere
898 2802 913 2851 ;
943 2800 1014 2839 an
1038 2786 1308 2841 veraciter
1335 2797 1844 2861 recognoscentem,
1885 2798 1938 2845 et
1984 2790 2165 2846 humi-

2268 1730 2488 1785 minime
2517 1730 2725 1786 dubitet
2753 1731 2855 1785 sibi
2884 1747 2995 1787 non
3031 1741 3282 1788 constare
3328 1733 3609 1803 rationem,
3660 1734 3706 1788 si
3751 1735 3858 1791 hoc

2261 1825 2411 1889 putat
2440 1826 2563 1889 post
2592 1826 2671 1873 tot
2718 1820 3115 1889 prohibitiones
3162 1821 3381 1891 impune
3423 1837 3585 1891 posse
3632 1823 3852 1878 tentari.

2264 1905 2615 1962 Contumeliae
2657 1908 2801 1962 enim
2846 1909 3023 1964 studio
3060 1907 3136 1977 ﬁt,
3188 1909 3450 1980 quidquid
3511 1910 3857 1966 interdictum

2263 1994 2424 2050 toties
2452 2001 2762 2065 usurpatur.
2801 2016 2822 2045 ιο
2868 1996 2937 2050 Et
2983 1996 3039 2051 S.
3092 1996 3418 2052 Caelestinus
3463 2000 3650 2071 (epist.
3703 2000 3853 2069 il):

2269 2103 2291 2133 α
2327 2081 2463 2150 Quae
2491 2082 2634 2137 enim
2662 2099 2692 2136 a
2719 2084 2878 2138 nobis
2907 2100 2997 2139 res
3027 2084 3195 2156 digna
3221 2085 3547 2153 servabitur,
3581 2086 3629 2140 si
3657 2087 3855 2144 decre-

2263 2169 2452 2225 talium
2480 2186 2670 2225 norma
2716 2171 3149 2240 constitutorum,
3194 2189 3292 2243 pro
3329 2173 3632 2244 aliquorum
3676 2175 3852 2242 libitu,

2263 2257 2477 2313 licentia
2499 2258 2713 2329 p0pulis
2728 2259 2995 2329 permissa
3013 2259 3290 2333 frangatur
3304 2262 3333 2316 Ἰ
3359 2284 3381 2309 ι»
3399 2261 3468 2316 Et
3486 2262 3613 2316 item
3636 2263 3773 2333 (ibid
3778 2268 3819 2335 .)
3841 2281 3856 2318 :

2270 2367 2293 2397 ι
2328 2345 2461 2415 Quae
2488 2346 2633 2400 enim
2662 2346 2777 2401 sola
2805 2347 3190 2403 admonitionis
3220 2349 3539 2405 auctoritate
3576 2366 3688 2405 non
3724 2366 3856 2408 cor-

2266 2433 2513 2505 rigimus,
2529 2450 2754 2489 necesse
2770 2443 2852 2489 est
2870 2452 2968 2505 per
2988 2436 3328 2492 severitatem
3349 2446 3745 2510 congruentem
3765 2455 3857 2495 re—

2266 2522 2409 2591 gulis
2435 2522 2790 2578 vindicemus.
2817 2544 2839 2573 ι
2863 2524 2932 2578 Et
2953 2524 3102 2593 (Leo,
3127 2540 3213 2597 ep.
3239 2528 3292 2595 1)
3318 2542 3331 2579 :
3356 2547 3378 2576 α
3404 2526 3531 2581 Ideo
3552 2528 3733 2582 omnia
3758 2528 3858 2584 de-

2266 2609 2487 2665 cretalia
2518 2611 2802 2666 constituta
2831 2618 2942 2667 tam
2970 2612 3144 2667 beatae
3174 2612 3560 2669 recordationis
3588 2616 3859 2672 Innocen-

2265 2697 2344 2768 tii,
2375 2713 2539 2769 quam
2567 2699 2806 2755 omnium
2834 2700 3188 2757 decessorum
3232 2710 3545 2758 nostrorum
3603 2720 3726 2774 qum
3783 2704 3855 2760 de

2268 2786 2656 2843 ecclesiasticis
2697 2787 2996 2858 ordinibus,
3065 2797 3137 2855 et,
3214 2806 3482 2846 canonum
3510 2792 3855 2864 promulgata

572 2871 699 2926 liter
727 2871 1120 2942 supplicantem
1148 2874 1451 2941 absolvere,
1485 2877 1651 2931 salvis
1681 2885 1995 2933 sanctorum
2036 2894 2170 2934 con.
2269 2880 2393 2928 sunt
2420 2873 2743 2945 disciplinis,
2779 2876 2855 2931 ita
2910 2892 2943 2931 a
2999 2885 3183 2933 vestra
3238 2878 3529 2935 dilectione
3588 2880 3858 2936 custodiri

574 2958 816 3015 ciliorum
844 2960 1077 3026 statutis,
1109 2963 1505 3033 etapostolicse
1553 2964 1701 3019 sedis
1744 2964 2059 3036 pontificum
2098 2982 2166 3022 ex
2197 3015 2243 3038 η
2267 2961 2468 3017 debere
2496 2962 2819 3018 mandamus
2850 2981 2863 3018 :
2894 2973 2969 3031 ut,
3017 2964 3063 3019 si
3106 2965 3227 3037 quis
3271 2966 3326 3020 in
3368 2966 3462 3022 illa
3498 2968 3855 3038 commiserit,

570 3046 778 3103 eisdem
805 3048 976 3103 sacris
1002 3050 1298 3105 canonibus
1337 3051 1713 3123 promulgatis,
1774 3061 1826 3108 et
1883 3063 2164 3111 reservato

572 3150 674 3207 per
701 3135 885 3191 omnia
912 3136 1104 3207 primae
1134 3145 1188 3193 et
1217 3139 1530 3209 apostolicae
1559 3141 1705 3196 sedis
1733 3141 2042 3215 privilegio,
2094 3158 2161 3200 ac

571 3222 904 3278 Rhemorum
923 3225 1239 3295 metropolis
1262 3226 1384 3295 jure
1415 3244 1428 3281 :
1465 3229 1611 3299 quod
1641 3245 1706 3284 ex
1734 3245 1823 3284 me
1872 3239 1974 3298 est,
2020 3247 2160 3287 con-

563 3309 708 3377 silio,
740 3318 794 3366 et
816 3312 1021 3380 judicio
1049 3321 1245 3369 vestrae
1272 3316 1643 3371 unanimitatis
1691 3318 2007 3373 committo:
2055 3336 2158 3390 pro

556 3396 779 3453 modulo
804 3414 928 3453 meo
962 3415 1197 3471 sequens
1223 3401 1368 3456 dicta
1395 3404 1455 3457 B.
1488 3403 1763 3459 Coelestini
1792 3406 1863 3460 ad
1901 3407 2158 3477 Cyrillum

561 3484 879 3556 episcopum
909 3486 977 3542 de
996 3487 1251 3544 Nestorio
1270 3489 1592 3559 (Coelestin.,
1618 3507 1704 3564 ep.
1746 3495 1833 3559 10,
1858 3495 2002 3564 apud
2055 3496 2158 3550 Ba-

569 3587 690 3627 ron.
724 3589 820 3629 an.
854 3574 981 3645 431)
1014 3591 1027 3628 :
1065 3596 1088 3626 α
1125 3576 1349 3642 Studeo,
1380 3576 1573 3650 inquit,
1623 3580 1789 3650 quieti
1852 3581 2152 3649 catholicae,

564 3660 758 3715 studeo
787 3661 1063 3730 pereuntis
1089 3663 1264 3733 saluti,
1298 3665 1345 3719 si
1373 3673 1552 3720 tamen
1598 3668 1826 3722 voluerit
1866 3669 2154 3741 aegritudi-

560 3761 688 3801 nem
716 3746 981 3803 conﬁteri.
1006 3748 1166 3817 Quod
1185 3750 1309 3806 ideo
1342 3752 1592 3820 dicimus,
1624 3771 1694 3810 ne
1738 3756 1941 3811 volenti
1978 3757 2154 3813 corri-

558 3849 693 3906 gere
720 3833 818 3906 [αι.
869 3852 930 3890 se
974 3837 1295 3911 corrigere],
1346 3840 1569 3896 forsitan
1618 3843 1813 3898 deesse
1839 3845 2144 3901 videamur.

559 3921 699 3976 Nam
729 3922 774 3976 si
804 3930 857 3977 et
885 3923 1043 3979 nobis
1088 3924 1211 3997 [al.,
1271 3927 1371 3982 etsi
1429 3936 1483 3983 et
1526 3930 1705 4002 nobis]
1762 3932 2151 3990 sustinentibus

557 4023 735 4077 uvam,
770 4009 955 4080 spinas
985 4012 1087 4067 sibi
1117 4012 1401 4082 addiderit,
1443 4017 1731 4088 impleatur
1782 4020 2146 4089 manentibus,

2196 3015 2245 3079 C

2264 3049 2476 3105 veniam
2504 3051 2606 3105 sibi
2630 3051 2889 3123 deinceps
2918 3054 3126 3109 noverit
3145 3054 3430 3128 denegari.
3469 3076 3491 3105 »
3514 3056 3580 3110 Et
3598 3057 3853 3114 Gelasius

2262 3154 2348 3210 ep.
2382 3138 2471 3210 11)
2500 3156 2514 3193 :
2550 3162 2571 3188 ‹‹
2610 3139 2749 3195 Satis
2779 3140 3061 3214 indignum
3091 3150 3192 3209 est,
3227 3159 3552 3216 quemquam
3582 3146 3672 3201 vel
3712 3161 3853 3217 pon-

2260 3225 2478 3293 tificem,
2518 3228 2607 3283 vel
2652 3229 2905 3284 ordinum
2954 3231 3420 3303 subsequentium,
3470 3234 3612 3290 hanc
3651 3234 3851 3305 obser-

2259 3315 2493 3370 vantiam
2522 3316 2776 3384 refutare,
2811 3334 2972 3389 quam
2998 3320 3058 3373 Β.
3091 3319 3236 3374 Petri
3266 3320 3452 3376 sedem
3482 3322 3662 3378 videat
3710 3323 3849 3379 edo-

2258 3418 2381 3458 cere
2414 3421 2427 3457 :
2461 3404 2702 3476 satisque
2730 3406 3061 3462 conveniens
3090 3407 3178 3477 sit,
3208 3416 3266 3463 ut
3293 3416 3456 3464 totum
3488 3425 3689 3481 corpus
3735 3413 3851 3468 Ec-

2257 3482 2440 3547 clesiae
2467 3491 2521 3546 in
2551 3493 2649 3548 hac
2680 3494 2894 3549 sibimet
2922 3495 3305 3552 observatione
3334 3498 3649 3565 concordet,
3684 3515 3851 3571 quam

2254 3578 2364 3635 illic
2396 3579 2584 3652 vigere
2611 3582 2928 3653 conspiciat,
2961 3584 3054 3638 ubi
3082 3584 3345 3640 Dominus
3376 3585 3638 3643 Ecclesiae
3683 3588 3850 3644 totius

2253 3667 2434 3737 posuit
2463 3669 2844 3741 principatum.
2880 3691 2902 3721 ι
2935 3672 3009 3726 Et
3062 3672 3239 3729 item:
3301 3696 3323 3723 α
3385 3674 3508 3730 Non
3560 3691 3700 3745 opus
3754 3676 3855 3732 fuit

2253 3770 2395 3811 nova
2425 3756 2635 3827 synodo
2659 3776 2673 3823 ;
2702 3773 2828 3814 cum
2854 3759 3053 3815 veteris
3082 3762 3358 3816 constituti
3386 3762 3714 3820 sufﬁcienter
3732 3764 3855 3821 haec

2251 3841 2421 3897 forma
2449 3845 2848 3915 praescriberet.
2877 3867 2898 3898 ιι
2933 3849 3005 3903 Et
3023 3849 3180 3904 item:
3224 3871 3247 3901 ι
3294 3850 3587 3923 Nunquam
3615 3853 3855 3910 cessisse

2249 3932 2595 3988 manifestum
2644 3942 2747 4001 est,
2795 3935 3033 4007 qualibet
3079 3939 3405 3994 necessitate
3452 3949 3705 4013 cogente,
3751 3959 3854 3998 no-

2250 4019 2405 4087 viter,
2436 4037 2558 4092 quze
2588 4021 2807 4078 fuerant
2837 4025 3123 4081 salubriter
3143 4028 3453 4095 constituta,
3473 4036 3788 4087 temerasse.
3822 4052 3845 4081 ιι

560 4096 1076 4191 statutisprioribus
1129 4102 1211 4191 sui
1243 4102 1414 4160 fructu
1456 4105 1661 4174 judicii,
1727 4107 1947 4180 colligat
2002 4110 2148 4181 quod
2245 4108 2314 4163 Et
2341 4108 2397 4163 S.
2433 4109 2732 4181 Gregorius
2762 4112 2833 4167 ad
2853 4114 3107 4185 Sergium
3127 4115 3471 4173 defensorem
3494 4118 3686 4190 (epist.
3719 4120 3849 4191 10):

558 4184 709 4240 sulco
739 4185 1009 4243 diabolica
1040 4190 1343 4257 seminavit,
1377 4208 1487 4248 non
1512 4203 1702 4250 nostro
1748 4197 1996 4265 consilio,
2048 4198 2147 4254 sed
2248 4220 2271 4243 ε
2303 4196 2360 4252 Si
2406 4199 2569 4254 homo
2625 4216 2798 4267 esses,
2848 4210 2937 4256 aut
2966 4184 3222 4274 aliquam
3267 4184 3660 4261 districtionem
3708 4184 3835 4279 [ηιξ.

553 4287 614 4326 se
644 4272 919 4343 periturus
949 4285 1191 4333 auctore.
1222 4280 1421 4334 Probat
1470 4280 1589 4353 [αι.,
1632 4283 1847 4355 probet]
1896 4300 1997 4341 nos
2041 4302 2142 4341 ve-
2182 4365 2212 4366 7
2254 4284 2660 4359 discretionem]
2702 4288 3019 4356 .habuisses,
3078 4272 3151 4346 ita
3205 4293 3468 4366 regularis
3547 4272 3853 4365 disciplina:

549 4359 700 4415 loces
727 4361 896 4430 pedes
945 4362 1013 4417 ad
1064 4363 1449 4421 eﬁ‘undendum
1507 4370 1831 4441 sanguinem
1883 4388 1991 4427 non
2048 4375 2150 4427 ha-
2180 4365 2540 4431 Ddebuisses
2568 4384 2749 4431 custos
2778 4378 3030 4444 existere,
3086 4387 3146 4434 ut
3201 4359 3298 4435 ea-
3318 4398 3440 4453 quae
3496 4381 3606 4439 illic
3660 4359 3851 4439 illicita

550 4447 703 4515 bere,
735 4448 954 4518 quando
985 4450 1087 4504 sibi
1116 4452 1275 4506 etiam
1308 4455 1606 4509 remedium
1650 4467 1945 4529 cognoscat
1991 4460 2149 4516 obla-
2248 4461 2675 4528 committuntur,
2734 4473 2859 4520 ante
2913 4465 3149 4521 vindicta
3204 4447 3524 4539 corrigeret,
3582 4486 3748 4542 quam
3777 4472 3849 4526 ad

552 4542 686 4589 tum.
726 4557 748 4583 η
774 4535 841 4589 Et
868 4536 984 4591 haec
1015 4537 1136 4593 dico
1166 4555 1275 4594 non
1303 4542 1665 4610 praejudicans
1695 4554 1887 4601 vestrae
1934 4549 2146 4605 delibe-
2246 4563 2348 4603 nos
2380 4565 2571 4604 eorum
2603 4551 2826 4606 nuntius
2880 4554 3205 4623 perveniret.
3244 4576 3265 4605 ι
3325 4535 3393 4611 Et
3447 4535 3571 4627 post
3600 4535 3798 4628 -pauca
3832 4577 3847 4613 :

549 4622 764 4688 rationi,
794 4631 974 4677 utrum
996 4625 1147 4693 juxta
1177 4627 1292 4683 hac
1325 4629 1379 4682 Β.
1423 4630 1699 4685 Coelestini
1751 4634 1917 4689 verba
1980 4652 2145 4692 vera-

550 4708 685 4765 citer
711 4726 1132 4782 recognoscens,
1166 4723 1219 4770 et
1249 4716 1523 4772 humiliter
1551 4719 1877 4789 supplicans,
1896 4723 2141 4792 absolvi;

548 4809 619 4850 an
648 4812 745 4866 pro
775 4806 887 4853 tam
916 4800 1123 4856 diutina
1167 4802 1429 4874 pertinaci
1466 4805 1523 4860 in
1568 4817 1876 4880 contemptu
1921 4820 2141 4868 sancta-

546 4898 667 4937 rum
693 4886 1004 4957 regularum
1054 4890 1431 4959 permansione
1475 4893 1671 4949 debeat
1713 4898 1953 4966 percelli.
2002 4898 2141 4969 Quia

547 4969 687 5026 sicut
724 4987 759 5026 a
804 4974 1011 5044 regulis
1058 4977 1372 5047 prmstitutis
1413 4981 1482 5035 de
1528 4982 1693 5037 certis
1741 4992 1795 5039 et
1839 4987 2139 5045 manifestis

542 5059 720 5113 causis
752 5076 875 5129 quae
905 5060 962 5116 in
1006 5064 1154 5120 nullo
1190 5065 1347 5122 nobis
1392 5077 1515 5124 sunt
1560 5070 1725 5126 dubia
1770 5073 1856 5128 vel
1904 5076 2138 5133 obscura

539 5144 686 5200 nulla
740 5154 834 5201 aut
888 5150 1222 5223 negligentia
1277 5163 1369 5209 aut
1414 5159 1829 5229 praesumptione
1874 5162 2135 5218 debemus

536 5231 843 5322 discedere,
875 5236 1013 5292 sicut
1034 5238 1141 5294 Leo
1170 5240 1241 5295 ad
1270 5243 1609 5300 Anastasium
1640 5247 1891 5303 scribens
1939 5251 2128 5322 (epist.

536 5319 626 5390 84)
657 5320 901 5380 decrevit
933 5342 947 5378 :
977 5325 1052 5380 ita
1080 5326 1147 5382 de
1196 5329 1393 5400 quibus
1443 5331 1753 5390 diﬂinitivas
1811 5319 2125 5406 sententias,

534 5423 655 5480 quae
684 5409 829 5465 nulla
855 5421 1083 5484 possunt
1133 5416 1336 5473 ratione
1390 5421 1641 5490 convelli,
1674 5438 1708 5478 a

2250 4657 2272 4686 ι
2307 4636 2447 4691 Nam
2478 4638 2525 4692 si
2553 4639 2796 4709 quolibet
2825 4642 2990 4696 modo
3019 4643 3075 4696 in
3115 4644 3218 4699 hac
3271 4660 3329 4699 re
3387 4645 3696 4717 negligens,
3759 4648 3847 4703 vel

2242 4723 2420 4779 lentus
2447 4726 2737 4797 exstiteris,
2770 4728 2845 4783 ita
2881 4729 2938 4784 in
2965 4738 3017 4786 te
3063 4730 3470 4788 districtissime
3492 4734 3711 4789 noveris
3724 4736 3851 4790 vin-

2241 4811 2552 4879 dicandum,
2584 4822 2641 4869 ut
2672 4816 2817 4887 quod
2846 4832 2914 4872 ex
2961 4825 3014 4875 te
3059 4818 3258 4886 nescis,
3310 4837 3473 4891 paena
3520 4823 3702 4893 possis
3750 4840 3846 4879 se-

2240 4907 2396 4954 cante
2454 4899 2574 4972 [al.,
2637 4904 2941 4977 reserante]
2997 4921 3351 4978 cognoscere.
3395 4932 3416 4957 n
3476 4911 3541 4964 Et
3609 4910 3845 4967 domnus

2239 4986 2508 5043 Adrianus
2536 5004 2679 5060 papa
2708 4991 2765 5046 in
2794 4992 3041 5063 epistola,
3066 4994 3206 5050 sicut
3236 4996 3481 5064 audistis,
3528 4999 3847 5069 nuperrime

2236 5074 2444 5130 directa
2478 5095 2491 5130 :
2530 5097 2552 5127 ι
2588 5077 2872 5150 Fidelium,
2904 5080 3094 5151 inquit,
3132 5083 3405 5140 relatione
3451 5088 3838 5156 comperimus,

2234 5161 2382 5233 quod
2411 5171 2503 5218 tua
2533 5163 2840 5222 fraternitas
2872 5168 3113 5225 debitum
3162 5170 3412 5244 vigorem
3456 5174 3513 5229 in
3558 5175 3844 5245 provincia

2233 5249 2524 5307 Rhemensi
2554 5270 2664 5309 non
2694 5255 2929 5326 agitans,
2960 5258 3129 5314 multa
3159 5261 3586 5329 reprehensione
3617 5263 3835 5335 dignis-

2232 5336 2367 5392 sima
2396 5356 2427 5393 a
2456 5341 2561 5396 tuis
2609 5344 3156 5414 comprovincialibus
3210 5348 3612 5404 convalescant.
3664 5351 3834 5420 Cujus

1761 5425 1965 5481 Sanctis
2020 5427 2128 5482 Pa-
2228 5438 2306 5492 rei
2337 5440 2507 5511 gratia
2536 5441 2924 5515 negligentiam
2955 5453 3191 5502 vestram
3219 5445 3303 5503 his
3332 5447 3645 5519 apostolicis
3693 5438 3834 5506 affa-
