4174 6296
358 232 462 285 633

1094 229 1334 287 OPUSC.
1379 232 1467 287 ET
1529 231 1741 287 EPIST.
1797 231 1869 285 IN
1924 229 2149 287 CAUSA
2208 230 2550 286 HINCMARI
2598 232 2902 297 LAUDUN,

3558 238 3659 291 634

366 362 511 416 tibus
540 357 856 426 cxcitamus,
895 365 953 412 ut
1000 358 1301 413 secundum
1332 357 1770 413 venerandorum
1800 369 1963 410 cano-
1992 355 2118 414 Aet
2147 354 2365 409 retinet.
2402 378 2424 402 η
2478 354 2652 423 Quam
2707 356 2971 425 synodum
3021 356 3401 414 Sardicensem
3433 368 3659 430 aposto-

360 465 492 504 num
524 446 768 519 regulas,
802 446 873 499 ita
900 446 1139 500 omnium
1172 446 1413 500 omnimo
1435 443 1973 515 comprovincialium

358 545 575 591 tuorum
608 534 887 605 synodice,
920 534 1069 589 salvo
1120 542 1326 590 sancta
1385 535 1645 588 Romana
1701 531 1970 587 Ecclesia

360 623 671 696 privilegio,
708 638 926 677 reseces
956 621 1101 690 vitia,
1134 630 1192 676 ut
1214 622 1488 693 privilegii
1516 622 1592 675 tui
1614 636 1793 676 coram
1831 622 1969 680 Deo,

364 720 665 783 nostroque
687 710 891 779 judicio
921 726 1030 765 non
1048 711 1309 765 merearis
1332 710 1602 764 sustinere
1617 710 1909 778 jacturam.
1945 729 1965 757 ι

362 802 433 856 Et
482 799 608 870 quia
653 798 820 853 frater
869 798 1193 853 Hincmarus
1244 814 1388 869 sape
1433 812 1543 853 non
1597 798 1651 852 in
1710 797 1970 853 canonico

357 888 583 957 judicio,
620 901 721 941 nec
755 901 857 956 pro
904 886 1069 941 certis
1111 887 1314 955 causis,
1365 886 1462 940 sed
1512 901 1611 956 pro
1662 884 1828 939 animi
1886 885 1969 939 sui

364 975 605 1031 motibus
634 975 1012 1045 irregulariter
1039 974 1224 1028 sedem
1256 974 1611 1044 apostolicam
1642 973 1957 1044 appellavit,

368 1073 423 1119 et
458 1063 719 1134 prosequi
744 1063 1161 1132 appellationem
1188 1079 1358 1130 suam,
1391 1063 1553 1117 etiam
1597 1062 1965 1134 irregularem

375 1151 614 1224 neglexit
646 1169 658 1204 :
702 1150 746 1205 si
768 1151 1095 1222 regulariter
1124 1167 1266 1206 nunc
1298 1151 1575 1221 appellare
1606 1150 1854 1219 voluerit,
1889 1150 1968 1204 sic

369 1240 641 1295 submisse
670 1246 723 1294 et
753 1246 1054 1309 temperate
1082 1238 1266 1310 legum
1296 1247 1349 1294 et
1396 1254 1664 1294 canonum
1723 1245 1844 1293 sunt
1876 1254 1968 1292 ex-

374 1328 670 1400 sequenda
700 1326 1001 1394 sententia,
1036 1335 1092 1381 ut
1120 1335 1171 1382 et
1200 1328 1317 1397 ipse
1346 1328 1598 1382 comedat
1626 1326 1829 1382 fructus
1860 1326 1965 1383 via

365 1433 499 1482 sua,
533 1416 756 1486 suisque
785 1415 1025 1470 consiliis
1057 1423 1345 1481 saturetur,
1380 1423 1430 1470 et
1461 1415 1621 1471 sedes
1669 1415 1967 1485 apostolica

368 1505 668 1560 secundum
700 1519 886 1558 sacros
915 1519 1170 1569 canones,
1204 1511 1262 1558 ut
1309 1504 1535 1574 dignum
1584 1512 1684 1573 est,
1728 1505 1965 1559 honore-

366 1600 488 1659 tur;
521 1600 574 1647 et
602 1607 702 1646 nos
741 1607 838 1662 pro
869 1592 1223 1647 dissolutione
1258 1592 1522 1663 regularis
1554 1591 1856 1662 disciplina
1888 1609 1969 1648 re-

2071 442 2173 498 lica
2203 443 2363 497 sedes
2420 460 2518 513 per
2574 443 2763 498 Osium
2822 444 3249 515 Cordubensem,
3308 454 3361 501 et
3409 447 3659 503 Gentium

2073 532 2433 601 Capuensem,
2466 540 2519 585 et
2575 532 2927 602 Calepodium
2970 534 3387 605 Neapolitanum
3438 537 3657 607 episco-

2072 635 2191 689 pos,
2225 636 2352 673 suos
2373 620 2608 675 vicarios
2637 619 2975 675 cenﬁrmavit
3009 638 3022 674 :
3064 628 3118 676 et
3163 623 3411 679 Ecclesia
3456 624 3659 680 nihilo-

2070 708 2248 762 minus
2292 708 2657 779 subsequente
2687 707 3065 764 confirmatam
3123 710 3292 765 tenuit
3338 728 3576 783 semper,
3609 721 3662 769 et

2072 796 2282 851 retinet.

2351 956 2809 1017 SENTENTIA
2852 958 3421 1022 DEPOSITIONIS

2516 1077 2788 1116 IIINCMARI
2817 1077 3203 1119 LAUDUNENSIS

2068 1159 2143 1213 Ab
2162 1160 2460 1214 Hincmaro
2490 1161 2925 1230 metropolitano
2972 1162 3274 1217 Rhemcnsi
3315 1165 3379 1218 in
3424 1165 3663 1222 concilio

2492 1232 2829 1286 Duziacenst'
2874 1234 3280 1302 pronuntiata.

2428 1333 2587 1388 (Apud
2607 1334 2772 1389 Labb.,
2795 1336 2970 1380 concil.
3001 1339 3118 1381 tom.
3140 1338 3289 1392 VIII.)

2140 1413 2460 1468 Hincmarus
2491 1414 2826 1470 Rhemorum
2855 1416 3141 1487 episcOpus
3161 1417 3294 1472 dixit
3326 1436 3340 1473 :
3372 1420 3663 1491 Nunquam

2068 1501 2265 1557 vellem
2318 1502 2372 1556 in
2420 1519 2542 1557 eum
2589 1519 2676 1558 me
2716 1505 2963 1573 judicare
3021 1514 3330 1575 Oporteret;
3365 1515 3418 1562 et
3460 1509 3664 1563 utinam

2066 1606 2166 1644 nec
2195 1591 2446 1645 ordinare
2476 1592 2815 1664 contigisset,
2849 1593 2918 1648 de
2949 1610 3057 1664 quo
3083 1610 3302 1665 semper
3320 1594 3491 1664 timui,
3517 1596 3665 1668 quod

366 1681 560 1753 dargui
588 1696 697 1735 non
726 1696 1057 1736 mereamur.
1086 1682 1225 1735 Nam
1270 1681 1337 1735 de
1400 1681 1764 1751 appellatione
1815 1682 1961 1736 Con-
1991 1694 2212 1767 Bnunc
2268 1679 2447 1747 video,
2509 1689 2794 1752 postquam
2842 1699 2967 1736 eum
3015 1682 3116 1737 sibi
3161 1684 3419 1738 saeculum
3464 1685 3660 1755 rapuit,

375 1769 638 1823 stantinus
685 1771 827 1840 Aug.
869 1768 940 1823 ad
958 1768 1259 1823 Catulinum
1309 1769 1555 1824 decrevit
1605 1770 1709 1824 hoc
1759 1770 1951 1824 modo.

374 1878 396 1906 α
436 1857 758 1912 Moratorias
788 1856 1093 1923 dilationes,
1155 1857 1633 1928 frustratoriasque
1694 1874 1804 1913 non
1861 1866 1970 1913 tam

367 1944 761 2015 appellationes
791 1961 956 2016 quam
985 1943 1385 2000 ludificationes
1415 1946 1628 2000 admitti
1674 1962 1783 2001 non
1832 1962 1969 2002 con-

374 2033 536 2089 venit.
560 2034 698 2087 Nam
720 2033 858 2088 sicut
889 2034 1027 2088 bene
1063 2034 1461 2104 appellantibus
1488 2034 1678 2106 negari
1709 2035 1972 2090 auxilium

367 2138 477 2177 non
505 2128 755 2192 oportet;
788 2122 858 2175 ita
893 2122 976 2176 liis
1018 2129 1208 2176 contra
1264 2138 1400 2193 quos
1430 2122 1623 2177 merito
1671 2122 1973 2192 judicatum

365 2218 467 2275 est,
499 2210 731 2265 inaniter
758 2210 1178 2281 provocantibus
1226 2209 1434 2265 differri
1466 2211 1605 2266 bene
1663 2220 1817 2281 gesta
1864 2228 1975 2268 non

369 2299 543 2353 decet.
584 2319 605 2348 ι
666 2300 735 2353 Et
778 2314 843 2353 ex
891 2298 1334 2369 interpretatione
1382 2299 1521 2371 legis
1580 2300 1968 2367 Valentiniani,

369 2386 633 2455 Valentis,
666 2394 718 2441 et
762 2386 1005 2441 Gratiani
1049 2390 1188 2457 Aug.
1224 2388 1293 2441 ad
1338 2387 1623 2441 Claudium
1655 2406 1669 2441 :
1702 2389 1811 2444 Lex
1871 2389 1974 2443 ista

364 2476 470 2530 hoc
489 2474 617 2530 dicit
650 2492 664 2529 :
698 2474 1029 2546 Cronopium
1063 2475 1379 2546 episcopum
1410 2492 1439 2529 a
1470 2476 1653 2531 multis
1702 2477 1976 2547 episcopis

364 2561 533 2618 fuisse
571 2564 904 2629 damnattun,
935 2571 987 2618 et
1017 2564 1289 2620 studuisse
1321 2581 1463 2631 eum,
1516 2572 1643 2619 ante
1689 2565 1972 2649 judicium,

365 2651 687 2707 sententiam
718 2668 840 2722 qua
867 2651 1269 2722 proferebatur,
1324 2652 1686 2723 appellatione
1747 2669 1980 2724 suspen-

367 2740 498 2794 dere
531 2756 545 2795 :
578 2756 608 2793 a
638 2756 743 2810 qua
774 2740 1056 2808 sententia,
1094 2740 1221 2811 quia
1235 2741 1381 2809 juste
1413 2741 1622 2811 prolata
1653 2740 1845 2811 fuerat,
1880 2758 1979 2812 ap-

362 2828 572 2899 pellare
591 2827 813 2883 minime
830 2829 1126 2884 debuisset.
1160 2830 1219 2882 In
1238 2845 1345 2900 qua
1367 2846 1489 2884 eum
1508 2828 1661 2902 gravi
1681 2830 1900 2897 mulcta,
1924 2831 1979 2885 id

365 2925 447 2971 est
491 2917 881 2989 quinquaginta
932 2916 1101 2970 libras
1131 2918 1339 2987 argenti
1374 2918 1649 2973 addictum
1680 2917 1851 2974 fuisse
1892 2919 1972 2973 di-

368 3006 459 3061 cit.
510 3004 642 3073 Qua
684 3012 867 3061 tamen
910 3021 1123 3059 summa
1160 3005 1329 3076 ipsius
1389 3006 1623 3070 mulcta,
1672 3022 1782 3062 non
1839 3005 1973 3063 fisco

368 3094 631 3165 prodesse
665 3095 819 3163 jussa
864 3102 965 3159 est,
999 3094 1099 3148 sed
1147 3094 1483 3165 pauperibus
1532 3095 1762 3167 erogari.
1817 3097 1973 3152 Unde

366 3183 666 3253 apostolica
726 3183 885 3238 sedes
932 3182 1226 3246 discernet,
1262 3182 1307 3237 si
1349 3183 1633 3254 appellans
1684 3183 1972 3255 episcopus

368 3272 569 3327 bonam
593 3287 814 3327 causam
861 3272 1102 3340 habebit,
1151 3272 1298 3327 velut
1344 3272 1587 3327 decrevit
1643 3273 1973 3329 Sardicense

367 3360 659 3416 concilium
689 3361 838 3431 (can.
873 3360 928 3431 3)
964 3378 975 3413 :
1014 3381 1036 3411 ‹
1059 3360 1135 3426 Si,
1158 3360 1429 3432 inquiens,
1455 3360 1651 3433 aliquis
1684 3361 1971 3432 episcopus

359 3449 637 3517 judicatus
676 3448 835 3503 fuerit
865 3448 920 3501 in
944 3448 1122 3520 aliqua
1153 3464 1335 3515 causa,
1371 3456 1424 3503 et
1457 3457 1608 3519 putat
1656 3465 1716 3504 se
1773 3450 1973 3506 bonam

370 3553 591 3592 causam
621 3537 841 3603 habere,
875 3545 928 3592 ut
974 3538 1165 3592 iterum
1214 3537 1501 3593 concilium
1548 3546 1864 3606 renovetur,
1928 3540 1972 3594 si

366 3626 521 3680 vobis
601 3626 861 3696 placeat,
925 3626 1099 3681 sancti
1168 3626 1310 3680 Petri
1370 3626 1602 3696 apostoli
1652 3627 1971 3683 memoriam

368 3714 716 3780 honoremus,
748 3722 805 3768 ut
834 3714 1106 3770 scribatur
1137 3713 1204 3769 ab
1236 3714 1320 3768 his
1371 3715 1463 3787 qui
1514 3731 1736 3770 causam
1768 3718 1972 3771 exami-

366 3810 581 3868 narunt,
617 3802 758 3859 Julio
811 3803 1057 3858 Romano
1114 3803 1375 3875 episcopo
1428 3811 1525 3859 :et
1555 3804 1601 3858 si
1648 3804 1973 3873 judicaverit

366 3892 741 3947 renovandum
770 3908 893 3947 esse
932 3890 1212 3960 judicium,
1274 3900 1584 3959 renovetur,
1647 3900 1700 3948 et
1740 3894 1830 3949 det
1880 3895 1971 3963 ju-

368 3980 539 4035 dices.
574 3980 632 4035 Si
659 3988 839 4035 autem
873 3980 1190 4051 probaverit
1238 3981 1401 4036 talem
1450 3998 1572 4036 esse
1624 3997 1862 4051 causam,
1914 3991 1973 4039 ut

278 4088 283 4093 ’
369 4084 480 4123 non
508 4068 829 4123 refricentur
877 4084 943 4123 ea
1001 4085 1123 4140 qua
1181 4077 1300 4124 acta
1352 4077 1477 4124 sunt
1535 4088 1548 4125 :
1594 4087 1716 4141 qua
1773 4072 1970 4127 decre-

370 4156 523 4225 verit,
574 4156 893 4212 confirmata
940 4165 1113 4211 erunt.
1166 4178 1188 4208 »
1236 4158 1303 4212 Et
1346 4157 1472 4213 hinc
1518 4157 1572 4212 in
1622 4173 1744 4214 can.
1796 4161 1826 4213 4
1857 4168 1909 4214 et
1938 4163 1971 4215 7

370 4246 506 4301 ordo
562 4246 941 4316 appellationis
989 4246 1230 4317 episcopi
1287 4254 1410 4317 post
1463 4246 1774 4317 episcopale
1824 4248 1970 4316 judi-

369 4333 511 4389 cium
542 4334 610 4389 ad
640 4334 994 4406 apostolicam
1040 4335 1227 4389 sedem
1285 4334 1627 4391 describitur.
1675 4335 1846 4404 Quem
1877 4352 1969 4392 eo-

2004 3058 2055 3122 Ο

2071 1775 2124 1821 et
2153 1768 2202 1821 ei
2234 1766 2543 1839 frequenter
2585 1769 2844 1839 scriptum
2874 1770 3101 1840 pradixi
3136 1789 3148 1824 :
3183 1772 3287 1837 Qui
3334 1776 3544 1829 mentis
3575 1778 3660 1829 est

2069 1857 2244 1922 durae,
2282 1862 2509 1912 corruet
2542 1858 2606 1911 in
2627 1859 2846 1913 malum
2868 1860 3017 1929 (Pro.
3041 1860 3252 1929 xxvm).
3280 1860 3387 1915 Sed
3405 1860 3534 1931 quia
3552 1861 3670 1932 ipse

2072 1943 2174 1997 sibi
2197 1944 2460 2012 judicium
2489 1943 2617 1999 ferri
2648 1947 2828 2017 exegit
2861 1965 2874 2001 :
2907 1954 3089 2001 vestra
3126 1948 3455 2003 unanimitas
3499 1949 3661 2017 dicat,

2072 2031 2118 2085 si
2142 2048 2248 2104 ego
2274 2049 2375 2102 pro
2412 2034 2709 2103 pramissis
2766 2035 2944 2090 causis
2973 2036 3448 2103 eumjudicavero,
3482 2045 3664 2092 utrum

2073 2136 2171 2176 vos
2221 2121 2372 2175 illum
2401 2137 2613 2177 mecum
2660 2123 2987 2178 unanimiter
3036 2124 3366 2192 judicabitis,
3403 2140 3473 2179 an
3502 2141 3611 2180 non
3636 2125 3665 2179 7

2071 2210 2141 2264 Et
2192 2209 2504 2281 singillatim
2561 2210 2833 2282 episcopis
2880 2212 3353 2283 respondentibus,
3408 2229 3468 2267 se
3515 2213 3665 2268 illum

2073 2314 2179 2352 una
2230 2314 2353 2353 cum
2412 2315 2477 2354 eo
2528 2300 2902 2367 judicaturos.
2958 2301 3283 2357 Hincmarus
3336 2302 3666 2357 Rhemorum

2077 2387 2366 2457 episcopus
2415 2387 2593 2441 dixit:
2627 2390 2694 2442 Et
2738 2396 3028 2460 postquam
3084 2405 3189 2461 ego
3217 2389 3425 2459 judicio
3473 2405 3673 2445 secun-

2076 2476 2206 2529 dum
2233 2491 2443 2529 morem
2500 2476 2926 2532 ecclesiasticum
2975 2477 3371 2547 subscripsero,
3424 2478 3669 2534 subscri-

2077 2563 2215 2617 betis
2270 2580 2484 2618 mecum
2530 2563 2705 2619 eidem
2747 2565 2997 2633 judicio?
3047 2566 3484 2635 Responderunt,
3540 2566 3671 2638 quia

2080 2652 2227 2722 quod
2255 2668 2376 2705 cum
2408 2668 2473 2706 eo
2522 2652 2897 2720 judicaverint,
2941 2670 3002 2708 se
3040 2654 3192 2722 juxta
3244 2670 3453 2709 morem
3484 2654 3661 2710 eccle-

2080 2739 2352 2795 siasticum
2387 2738 2500 2795 fore
2530 2741 2957 2811 subscripturos.
2986 2742 3056 2817 Et
3097 2749 3225 2797 tunc
3252 2741 3409 2798 lecta
3460 2750 3584 2797 sunt
3614 2743 3672 2798 in

2080 2829 2290 2898 synodo
2320 2829 2389 2881 ab
2408 2829 2701 2899 Adalgario
2722 2830 2953 2886 diacono
2975 2830 3257 2885 sententia
3282 2846 3569 2899 canonum,
3600 2831 3674 2886 ita

2082 2932 2148 2971 eo
2190 2916 2404 2971 dicente
2428 2960 2440 2971 .
2469 2917 2819 2973 Sardicenses
2849 2934 3088 2974 canones
3119 2920 3480 2974 decreverunt
3518 2921 3671 2988 (can.

2085 3006 2140 3074 3)
2171 3023 2183 3058 :
2215 3028 2235 3053 α
2270 3006 2338 3061 Ut
2358 3005 2404 3059 si
2426 3005 2621 3077 aliquis
2642 3007 2928 3077 episcopus
2942 3007 3212 3076 judicatus
3235 3006 3395 3062 fuerit
3410 3008 3465 3062 in
3492 3009 3677 3080 aliqua

2077 3109 2261 3157 causa,
2297 3102 2349 3148 et
2376 3102 2528 3163 putet
2558 3111 2617 3149 se
2666 3095 2866 3149 bonam
2924 3110 3145 3151 causam
3186 3097 3410 3166 habere,
3456 3105 3513 3152 ut
3567 3098 3673 3153 ite-

2073 3199 2187 3235 rum
2246 3182 2537 3237 concilium
2584 3190 2897 3250 renovetur,
2956 3183 3004 3237 si
3052 3185 3207 3240 vobis
3265 3186 3445 3256 placet
3498 3187 3674 3242 sancti

2073 3270 2216 3325 Petri
2269 3271 2587 3325 memoriam
2644 3272 2998 3339 honoremus,
3048 3282 3106 3328 ut
3160 3274 3429 3330 scribatur
3475 3276 3544 3329 ab
3592 3275 3677 3330 his

2074 3358 2165 3429 qui
2195 3374 2415 3414 causam
2458 3360 2846 3430 examinarunt,
2896 3361 3040 3416 Julio
3099 3363 3343 3419 Romano
3388 3364 3666 3434 episcopo,

2073 3456 2126 3502 et
2157 3449 2203 3502 si
2225 3448 2551 3516 judicaverit
2582 3450 2962 3504 renovandum
3006 3467 3129 3507 esse
3173 3452 3455 3521 judicium,
3509 3468 3673 3508 reno-

2073 3543 2249 3606 vetur,
2294 3545 2347 3591 et
2395 3538 2487 3592 det
2520 3538 2733 3605 judices
2765 3556 2777 3592 :
2810 3538 2857 3593 si
2900 3548 3088 3594 contra
3139 3541 3451 3610 probaverit
3507 3541 3673 3595 talem

2074 3641 2197 3680 esse
2227 3641 2468 3694 causam,
2500 3634 2556 3680 ut
2587 3642 2695 3681 non
2741 3626 3071 3683 refricentur
3115 3645 3177 3683 ea
3205 3645 3325 3700 qua
3356 3636 3481 3685 acta
3507 3639 3666 3696 sunt;

2073 3730 2195 3784 qua
2222 3713 2549 3781 decreverit,
2584 3713 2901 3771 conﬁrmata
2930 3724 3109 3771 erunt.
3149 3740 3171 3766 η
3222 3718 3293 3772 Et
3324 3718 3668 3773 Innocentius

2072 3818 2215 3873 papa
2244 3804 2483 3859 decrevit
2515 3805 2699 3876 (epist.
2744 3805 2819 3876 1),
2853 3812 2912 3859 ut
2940 3827 2961 3854 α
3022 3805 3079 3860 Si
3129 3806 3368 3875 majores
3406 3822 3587 3863 causa
3614 3807 3671 3862 in

2072 3892 2253 3948 medio
2283 3892 2484 3948 fuerint
2512 3894 2800 3958 devoluta,
2834 3894 2905 3949 ad
2924 3894 3113 3949 sedem
3134 3895 3511 3965 apostolicam,
3536 3896 3675 3952 sicut

2074 3983 2315 4053 synodus
2364 3983 2568 4048 statuit,
2622 3990 2673 4038 et
2727 3991 2880 4038 vetus
2938 3984 3455 4057 consuetudo[al.,
3515 3985 3669 4040 beata

2073 4071 2342 4142 consuet.]
2376 4071 2562 4142 exigit,
2581 4078 2705 4140 post
2728 4070 2990 4138 judicium
3012 4072 3323 4141 episcOpale
3343 4072 3617 4127 referatur.
3645 4097 3666 4121 ιι

2072 4159 2139 4213 Et
2171 4158 2478 4213 Bonifacius
2503 4174 2643 4228 papa
2671 4158 2799 4212 dicit
2829 4159 3017 4230 (epist.
3052 4161 3108 4229 2)
3145 4178 3156 4213 :
3183 4161 3297 4214 Nos
3354 4176 3454 4230 per
3483 4176 3674 4215 omnes

2072 4247 2385 4317 provincias
2415 4246 2626 4300 litteras
2657 4245 2978 4317 dirigemus,
3014 4262 3083 4301 ne
3131 4248 3537 4302 excusationem
3570 4248 3672 4303 sibi

2074 4334 2435 4405 ignorationis
2461 4335 2583 4402 jure
2612 4334 2880 4389 Maximus
2911 4335 3185 4401 obtendat,
3229 4342 3287 4390 ut
3333 4336 3404 4391 ad
3451 4336 3672 4406 provin-

367 4421 491 4477 dem
536 4424 698 4478 modo
750 4424 1157 4496 exsequendum
1202 4423 1566 4488 Innocentius,
1635 4424 1962 4492 Bonifacius,
1996 4416 2213 4479 Dciam
2245 4424 2429 4479 venire
2476 4432 2723 4496 cogatur,
2758 4431 2812 4479 et
2838 4423 2949 4480 illic
2978 4441 3037 4480 se
3080 4424 3373 4481 constituto
3426 4441 3671 4495 prasen—

373 4520 427 4566 et
470 4512 578 4566 Leo
612 4511 661 4566 ie
692 4511 925 4567 decretis
957 4513 1068 4567 suis
1100 4529 1164 4567 ex
1196 4511 1404 4567 eisdem
1436 4513 1607 4567 sacris
1666 4514 1967 4569 canonibus

372 4600 715 4670 apertissime
728 4602 1233 4672 promulgaverunt.
1273 4602 1428 4657 Unde
1443 4609 1496 4655 et
1512 4601 1761 4657 Gelasius
1783 4603 1970 4658 scribit

376 4690 564 4760 (epist.
600 4690 688 4758 11)
725 4707 736 4743 :
774 4712 795 4736 «
832 4688 1167 4744 Confidimus
1215 4692 1360 4762 quod
1417 4691 1599 4746 nullus
1649 4692 1764 4760 jam
1810 4707 1972 4747 vera-

370 4777 503 4832 citer
530 4777 866 4833 Christianus
895 4778 1111 4850 ignoret
1149 4779 1573 4851 uniuscujusque
1615 4781 1808 4852 synodi
1839 4795 1969 4837 con-

371 4865 630 4931 stitutum,
682 4867 828 4938 quod
891 4867 1211 4923 universalis
1258 4868 1521 4924 Ecclesia
1574 4869 1825 4939 probavit
1881 4884 1970 4924 as-

369 4969 563 5009 sensus
607 4955 807 5011 nullam
857 4954 991 5027 [al.,
1025 4971 1135 5012 non
1182 4956 1441 5029 aliquam]
1507 4958 1680 5028 magis
1744 4959 1968 5030 exsequi

369 5043 557 5098 sedem
594 5053 849 5115 Oportere
894 5044 1024 5116 [al.,
1059 5061 1173 5115 pra
1220 5044 1429 5100 caeteris
1463 5045 1759 5119 oportere],
1806 5061 1968 5119 quam

371 5131 602 5201 primam
649 5150 770 5204 qua
819 5141 869 5188 et
901 5149 1340 5206 unamquamque
1385 5135 1651 5205 synodum
1704 5151 1799 5189 sua
1874 5151 1968 5191 au-

365 5220 614 5275 ctoritate
672 5220 975 5291 confirmat,
1010 5230 1061 5277 et
1092 5222 1402 5277 continuata
1450 5222 1825 5279 moderatione
1864 5240 1951 5279 cu-

372 5308 551 5377 stodit,
604 5325 702 5380 pro
749 5326 848 5365 suo
919 5311 1125 5366 scilicet
1179 5310 1504 5381 principatu,
1566 5328 1729 5381 quem
1776 5312 1967 5369 beatus

373 5397 562 5451 Petrus
630 5398 907 5468 apostolus
977 5398 1194 5454 Domini
1250 5415 1384 5454 voce
1460 5407 1796 5471 perceptum,
1856 5400 1965 5455 Ec-

367 5484 535 5541 clesia
582 5486 931 5543 nihilominus
972 5493 1356 5561 subsequente,
1392 5494 1444 5543 et
1502 5488 1673 5545 tenuit
1723 5503 1958 5560 semper,

2074 4522 2191 4567 tare
2216 4512 2441 4581 judicio.
2476 4513 2753 4585 Quidquid
2783 4521 2962 4570 autem
2988 4522 3169 4570 vestra
3202 4514 3439 4571 charitas
3468 4514 3536 4569 de
3566 4515 3671 4571 hac

2072 4618 2235 4658 causa
2281 4602 2496 4657 duxerit
2545 4603 2972 4669 decernendum,
3025 4619 3150 4659 cum
3199 4604 3268 4657 ad
3312 4618 3415 4659 nos
3444 4602 3670 4659 relatum

2073 4691 2250 4757 fuerit,
2302 4699 2507 4757 nostra,
2553 4699 2609 4746 ut
2658 4692 2944 4758 condecet,
2992 4707 3220 4747 necesse
3252 4700 3334 4747 est
3353 4692 3674 4749 auctoritate

2072 4779 2334 4835 firmetur.
2392 4802 2413 4830 ν
2448 4781 2513 4835 Et
2575 4780 2632 4835 S.
2680 4781 2787 4834 Leo
2846 4794 2990 4850 papa
3016 4779 3258 4835 decrevit
3302 4780 3490 4852 (epist.
3522 4781 3661 4853 8'7):

2076 4890 2097 4919 κ
2133 4869 2189 4923 Si
2219 4885 2359 4940 qua,
2395 4868 2664 4941 inquiens,
2697 4868 2817 4923 alia
2845 4868 3170 4924 emerserint
3199 4884 3398 4938 causa,
3434 4886 3555 4942 qua
3594 4871 3664 4927 ad

2070 4964 2267 5011 statum
2298 4958 2685 5026 Ecclesiarum,
2747 4965 2800 5012 et
2848 4957 2918 5012 ad
2961 4957 3313 5013 concordiam
3358 4960 3666 5030 pertineant

2070 5047 2435 5112 sacerdotum,
2468 5046 2578 5102 illic
2625 5046 2725 5100 sub
2768 5046 2956 5101 timore
2985 5046 3203 5102 Domini
3232 5046 3484 5103 volumus
3532 5064 3665 5103 ven-

2070 5134 2314 5202 tilentur;
2376 5145 2428 5191 et
2473 5136 2542 5191 de
2582 5134 2972 5205 componendis
2999 5143 3161 5206 atque
3192 5137 3507 5207 compositis
3536 5154 3660 5193 om-

2068 5224 2227 5279 nibus
2275 5225 2343 5278 ad
2400 5240 2501 5279 nos
2546 5223 2741 5279 relatio
2779 5224 2941 5294 plena
2994 5224 3235 5280 mittatur
3268 5243 3281 5280 :
3312 5232 3368 5280 ut
3423 5242 3489 5280 ea
3545 5241 3665 5297 qua

2062 5313 2214 5380 juxta
2248 5312 2619 5368 Ecclesiarum
2640 5328 2851 5367 morem
2874 5313 3018 5382 juste
3059 5322 3112 5369 et
3131 5314 3527 5371 rationabiliter
3545 5314 3663 5369 fue-

2066 5401 2169 5454 rint
2215 5400 2462 5466 diﬂinita,
2520 5408 2703 5457 nostra
2761 5402 2857 5476 [aL
2883 5445 2896 5472 ,
2930 5403 3071 5476 mea]
3121 5419 3335 5477 quoque
3395 5402 3662 5459 sententia

2066 5490 2404 5545 roborentur.
2450 5511 2471 5540 »
