4174 6310
510 281 616 334 635

1486 270 1832 329 HINCMAPJ
1867 266 2267 328 RHEMENSIS
2305 268 2856 328 ARCHIEPISCOPI.

3704 272 3809 326 636

586 402 735 456 Tunc
760 398 1088 456 Hincmarus
1134 398 1583 471 metropolitanus
1629 395 1964 454 Rhemorum
1995 393 2116 466 epi-

2222 407 2373 463 sedis
2397 424 2572 479 papa,
2605 408 2952 475 Hinemarus,
2984 407 3311 475 Harduicus,
3343 406 3647 481 Remigius,
3669 407 3811 463 Fro-

513 503 709 561 scopus
737 487 951 559 legens,
976 487 1109 543 dixit
1133 505 1147 541 :
1181 486 1509 543 Hiucmarus
1539 490 1872 545 Rhemorum
1903 484 2117 556 episco-

511 592 616 649 pus
672 577 1027 633 Hincmarum
1090 575 1357 632 hactenus
1419 577 1685 634 Ecclesiae
1740 570 2116 631 Laudunensis

514 666 829 737 episcopum
886 663 1223 735 evangelicae
1296 664 1530 732 veritati,
1588 673 1752 736 atque
1806 659 2117 733 apostolicae

515 752 824 809 auctoritati
852 752 911 807 in
946 751 1247 823 pertinacia
1280 745 1722 824 praesumptionis
1768 749 1968 806 illicitae
2016 763 2115 803 ex-

516 840 1029 898 communicationis
1086 848 1546 913 repugnatorem;
1579 848 1632 895 et
1679 846 1991 895 sanctorum
2019 851 2113 892 ca-

516 945 722 984 nonum
770 928 1203 984 venerandorum
1258 927 1633 997 conciliorum,
1667 935 1722 983 et
1773 927 2116 982 decretorum

516 1017 665 1073 sedis
693 1016 1025 1087 apostolicae,
1060 1031 1127 1070 ex
1176 1014 1382 1070 eisdem
1432 1015 1606 1071 sacris
1632 1014 1936 1070 canonibus
1982 1028 2110 1083 pro-

516 1104 902 1176 mulgatorum,
936 1112 1437 1174 transgressorem;
1472 1111 1527 1159 et
1554 1103 1915 1159 ecclesiastici
1960 1100 2116 1157 ordi-

516 1193 603 1248 nis
632 1208 697 1248 ac
743 1190 1016 1264 regularis
1072 1189 1375 1262 disciplinae
1404 1191 1461 1246 in
1503 1198 1818 1262 contemptu
1846 1188 2119 1262 privilegii

515 1296 630 1337 suae
655 1279 975 1350 metropolis
1004 1287 1194 1336 contra
1223 1294 1439 1336 sacram
1477 1279 1767 1336 Ninaenam
1825 1278 2113 1351 synodum,

519 1376 818 1440 contraque
869 1374 1067 1424 caetera
1114 1375 1306 1424 sancta
1358 1368 1611 1435 concilia,
1660 1376 1715 1425 et
1771 1368 1995 1429 decreta
2031 1383 2117 1423 se-

515 1467 601 1522 dis
658 1464 971 1538 apostolicae
1018 1479 1219 1521 novum
1264 1464 1707 1539 impugnatorem
1757 1483 1771 1520 :
1813 1465 2117 1523 veternosis

516 1553 743 1611 faecibus
801 1560 1135 1625 corruptum,
1196 1553 1481 1609 seditionis
1524 1553 1731 1611 scilicet
1780 1554 1992 1623 Chorm,
2052 1569 2118 1611 ac

515 1648 642 1715 post
689 1642 928 1698 Nicaeum
984 1641 1178 1712 synodi
1225 1642 1696 1711 constitutionem,
1757 1641 2118 1716 quorumdam

2183 496 2405 563 .tarius,
2436 496 2749 564 Walfadus,
2780 496 3066 565 Bertulfus,
3108 495 3434 563 Adalardus,
3481 495 3807 568 Ansegisus,

2215 585 2446 651 France,
2476 585 2843 658 Hildegarius,
2876 584 3191 653 Adventius,
3225 582 3588 650 Gislebertus,
3623 584 3801 649 Hodo,

2214 672 2548 741 Rainelmus,
2581 672 2955 746 Engenoldus,
2988 673 3243 738 Joannes,
3274 671 3628 738 Waltharius,
3665 671 3812 726 Wil-

2214 760 2480 828 lebertus,
2501 760 2875 831 Hildeboldus,
2895 759 3526 832 Berardus,Ingilwinus,
3547 758 3812 830 episcOpi,

2217 848 2309 921 qui
2337 865 2457 904 eum
2480 849 2815 905 diversarum
2843 848 3201 905 ecclesiarum
3229 848 3425 920 legatis
3452 847 3508 902 in
3537 847 3808 919 synodum

2216 939 2362 1009 apud
2426 937 2719 993 Duziacum
2786 937 3110 993 Rhemensis
3154 935 3427 1009 parochiae
3485 935 3542 990 in
3588 935 3811 993 nomine

2216 1025 2417 1080 Christi
2446 1025 2820 1082 convenimus.

2288 1113 2542 1181 Diutinis,
2600 1128 2666 1170 ac
2708 1113 2913 1181 multis,
2962 1113 3431 1187 gravissimisque,
3490 1123 3658 1187 atque
3702 1112 3810 1168 fre-

2219 1201 2508 1274 quentibus
2524 1202 2594 1257 ab
2615 1201 2918 1258 insolentiis
2934 1202 3212 1258 Hincmari
3233 1203 3626 1270 Laudunensis,
3650 1217 3814 1257 vexa-

2218 1290 2456 1345 tionibus
2484 1289 2712 1362 fatigati,
2734 1307 2893 1363 quem
2924 1306 3028 1347 nec
3055 1291 3501 1362 metropolitanus
3530 1307 3683 1360 suus,
3715 1289 3811 1362 qui

2216 1380 2523 1450 orphanum
2575 1379 2812 1452 benigne
2852 1378 3004 1434 illum
3050 1379 3292 1450 nutrivit,
3332 1379 3388 1435 in
3429 1379 3694 1436 clericum
3720 1386 3812 1433 to-

2219 1467 2411 1534 tondit,
2425 1466 2619 1523 litteris
2636 1467 2891 1534 erudivit,
2910 1484 3007 1539 per
3022 1467 3268 1540 singulos
3288 1468 3516 1540 gradus,
3540 1466 3811 1523 electione

2219 1554 2355 1611 cleri
2386 1563 2439 1611 et
2467 1555 2644 1627 plebis
2673 1556 3049 1611 Laudunensis
3099 1556 3382 1625 Ecclesiae,
3440 1572 3566 1612 cum
3623 1555 3813 1611 favore

2217 1643 2404 1699 domui
2434 1644 2586 1717 regis
2607 1644 2804 1712 Caroli,
2840 1644 2909 1699 ad
2934 1643 3156 1715 apicem
3180 1645 3524 1716 episcopatus
3542 1642 3811 1715 provexit,

517 1730 894 1801 subjectorum
932 1729 1248 1786 rebellionis
1294 1738 1485 1788 contra
1530 1731 1774 1803 potiores
1804 1747 1934 1788 suos
1964 1747 2120 1788 resu-
2148 1731 2513 1804 Bmultifarie
2577 1732 2867 1804 multisque
2919 1732 3097 1788 modis
3145 1741 3199 1787 et
3226 1733 3428 1800 verbis,
3489 1740 3543 1788 et
3594 1731 3812 1803 scriptis

515 1818 867 1887 scitatorem;
927 1825 983 1874 et
1028 1826 1213 1875 contra
1259 1818 1510 1874 ordinem
1568 1819 2000 1876 ecclesiasticum
2056 1834 2122 1875 ac

520 1906 833 1981 regularem
861 1906 1204 1979 disciplinam
1258 1905 1633 1978 professorem
1675 1923 1741 1964 ac
1784 1907 2122 1980 subscripto-

516 2011 670 2062 rem;
721 2009 938 2051 necnon
979 2002 1035 2050 et
1080 1994 1354 2051 canonicaa
1384 1994 1738 2067 professionis
1766 2012 1830 2052 ac
1883 1996 2123 2053 subscri-

518 2082 721 2156 ptionis
769 2098 881 2139 suae
928 2083 1433 2154 praevaricatorem;
1496 2099 1777 2156 sacraeque
1826 2084 2122 2155 Scripturae

520 2170 968 2234 adulteratorem,
1000 2179 1055 2227 et
1097 2172 1388 2227 verborum
1420 2172 1810 2229 catholicorum
1856 2173 2123 2229 interver-

524 2275 727 2329 sorem,
784 2267 836 2315 et
877 2260 1369 2330 imposturatorem.
1431 2260 1621 2333 Hegias
1679 2261 1944 2333 siquidem
1995 2262 2125 2316 sub-

517 2347 765 2418 jectioni,
806 2354 858 2404 et
887 2346 1309 2404 honorificentia;
1365 2356 1559 2405 contra
1616 2349 1869 2421 regulam
1897 2357 2126 2422 aposto-

506 2444 672 2501 licam
708 2443 1128 2512 resultatorem;
1170 2445 1447 2516 perjurum
1477 2462 1715 2518 quoque,
1782 2447 2119 2514 seditiosum,

516 2541 572 2589 et
593 2549 778 2589 rerum
807 2532 1106 2589 alienarum
1153 2548 1219 2589 ac
1250 2532 1565 2589 facultatum
1608 2551 1986 2605 pervasorem,
2029 2550 2125 2592 ca-

519 2621 923 2689 lumniatorem,
977 2637 1041 2678 ac
1096 2622 1412 2692 injuriarum
1451 2639 1638 2689 reum;
1672 2632 1726 2679 et
1755 2632 1879 2695 post
1907 2624 2122 2681 tertiam

515 2710 854 2767 vocationem
884 2725 916 2765 a
964 2710 1380 2782 metropolitano
1436 2727 1537 2767 suo
1580 2712 1649 2767 ad
1696 2713 1967 2784 synodum
2002 2729 2126 2769 evo-

515 2805 702 2855 catum
726 2817 741 2865 ;
776 2799 1014 2869 itemque
1048 2799 1265 2870 abipsa
1285 2799 1495 2870 synodo
1522 2816 1624 2871 per
1653 2808 1757 2868 ter,
1807 2801 1978 2856 ternis
1999 2802 2123 2872 epi-

506 2886 723 2958 scopis,
756 2887 1035 2958 ternisque
1077 2887 1434 2959 presbyteris,
1483 2903 1550 2945 ac
1589 2888 1756 2943 ternis
1808 2889 2126 2946 diaconibus

521 2974 718 3030 iterum
774 2983 1081 3042 evocatum,
1141 2976 1198 3030 in
1253 2975 1458 3032 diutina
1504 2976 1841 3033 contumacia
1879 2993 1976 3032 sua
2002 2994 2126 3050 per-

500 3063 765 3119 tinaciter
792 3063 1197 3134 persistentem,
1244 3071 1298 3120 et
1338 3080 1447 3119 non
1488 3064 1937 3136 resipiscentem;
1969 3073 2022 3122 et
2053 3067 2122 3123 ad

524 3150 738 3221 objecta
785 3152 891 3207 sibi
933 3152 1257 3226 regulariter
1302 3153 1632 3224 respondere
1663 3162 2122 3212 contemnentem.

522 3239 628 3296 Per
652 3240 943 3297 Dominum
973 3249 1220 3297 nostrum
1248 3241 1435 3297 Jesum
1465 3242 1758 3307 Christum.
1783 3244 1939 3313 cujus
1956 3260 2123 3300 evan-

522 3328 715 3402 gelicae
742 3329 976 3399 veritati,
1007 3329 1276 3400 pertinaci
1322 3331 1746 3402 praesumptione
1801 3333 2126 3403 perniciosae

504 3417 1101 3489 excommunicationis
1159 3419 1502 3490 repugnavit,
1557 3419 1764 3489 judicio
1795 3421 1964 3477 sancti
1995 3422 2123 3493 Spi-

516 3506 675 3573 ritus,
731 3507 824 3578 qui
861 3506 1074 3563 locutus
1119 3514 1204 3562 est
1251 3507 1307 3561 in
1362 3507 1693 3564 beatissimis
1739 3509 2023 3580 apostolis,
2071 3518 2125 3567 et

514 3595 828 3665 apostolicae
871 3594 1018 3651 sedis
1073 3593 1299 3666 pontic
1313 3596 1453 3666 ibus,
1523 3612 1755 3668 quorum
1818 3598 2082 3655 doctrinae
2104 3642 2119 3667 ,

520 3690 685 3754 atque
716 3683 952 3739 decretis
982 3698 1147 3738 causa
1176 3700 1289 3739 suae
1316 3684 1529 3753 injuriae
1556 3686 1854 3743 crudeliter
1883 3694 1938 3743 et
1983 3702 2121 3744 con-

522 3771 807 3826 tumaciter
869 3771 1137 3838 obviavit,
1199 3772 1500 3827 secundum
1558 3788 1752 3830 sacros
1810 3783 2124 3831 sanctorum

519 3858 875 3915 conciliorum
904 3873 1146 3915 canones
1175 3859 1379 3931 Spiritu
1428 3860 1530 3916 Dei
1557 3862 1826 3930 conditos,
1861 3871 1914 3918 et
1960 3864 2123 3920 totius

518 3947 709 4003 mundi
750 3947 1052 4004 reverentia
1117 3956 1482 4015 consecratos,
1547 3950 1743 4022 quibus
1791 3968 1937 4023 saepe
1993 3968 2123 4009 cor-

521 4043 732 4108 reptus,
784 4043 838 4092 et
873 4052 986 4092 non
1027 4046 1324 4106 correctus,
1375 4037 1654 4095 multoties
1697 4040 1976 4097 resultavit
2021 4059 2037 4096 :
2070 4050 2123 4098 et

517 4133 645 4191 ideo
686 4133 808 4206 ipse
851 4142 1042 4191 contra
1082 4151 1143 4193 se
1189 4136 1371 4194 elicuit
1408 4137 1730 4194 canonicam
1759 4138 2124 4195 damnationis

517 4230 753 4303 proferri
781 4232 1110 4289 sententiam
1141 4251 1156 4289 :
1190 4234 1488 4306 episc0pali
1517 4236 1731 4291 honore
1768 4251 1834 4292 ac
1863 4237 2124 4310 dignitate

518 4321 791 4391 privatum
821 4321 1028 4393 judico,
1104 4330 1159 4379 et
1199 4323 1350 4378 omni
1395 4323 1722 4380 sacerdotali
1767 4325 1946 4381 oicio
1991 4341 2123 4397 spo-

516 4407 709 4465 liatum
754 4409 993 4465 decerno
1035 4428 1051 4466 :
1092 4418 1373 4466 reservato
1409 4427 1509 4482 per
1556 4412 1745 4477 omnia
1780 4414 1918 4481 juris
1949 4414 2123 4486 privi-

518 4496 668 4571 legio
704 4496 891 4554 damni
947 4504 1001 4553 et
1053 4498 1223 4553 Patris
1288 4499 1460 4554 nostri
1518 4500 1756 4566 Adriani,
1801 4502 2117 4572 apostolica

521 4599 589 4642 ac
652 4586 846 4658 primae
913 4586 1061 4643 sedis
1117 4602 1276 4660 papae
1327 4603 1340 4643 :
1390 4587 1531 4643 sicut
1579 4589 1722 4644 sacri
1770 4589 2126 4648 Sardicenses

531 4689 773 4731 canones
823 4674 1205 4742 decreverunt,
1259 4684 1313 4731 et
1354 4675 1599 4745 ejusdem
1638 4677 1950 4748 apostolicae
1978 4680 2125 4735 sedis

527 4761 813 4834 pontices
852 4764 1217 4834 Innocentius,
1266 4763 1593 4831 Bonifacius,
1633 4765 1762 4833 Leo,
1811 4782 1877 4822 ex
1916 4766 2126 4824 eisdem

525 4850 700 4906 sacris
734 4852 1565 4933 canonibuspromulgaverunt.

875 4976 1283 5040 EPISTOLA
1340 4976 1804 5040 SYNODALIS

1038 5106 1113 5148 AD
1126 5107 1417 5150 ADRIANUH
1444 5105 1631 5151 PAPAN

557 5202 667 5259 Sua
699 5198 932 5258 nomine
976 5196 1207 5253 concilii
1238 5196 1602 5253 Duziaccnsis
1644 5196 1712 5253 ab
1750 5198 2053 5254 Hincmaro

1029 5267 1331 5324 Rhcmensi
1373 5269 1608 5340 scripta.

1058 5354 1219 5411 (Apud
1242 5354 1411 5412 Labb.,
1435 5355 1569 5412 ibid.)

596 5459 831 5520 Domino
861 5456 1206 5516 sanctissimo
1224 5473 1292 5515 ac
1310 5457 1751 5515 reverentissimo
1770 5456 1916 5513 Patri
1935 5456 2129 5514 Adria-

522 5567 617 5625 no,
647 5557 848 5615 sancta
882 5547 1167 5611 catholica
1199 5554 1256 5605 et
1293 5546 1608 5623 apostolica
1643 5547 1906 5604 Romanae
1935 5546 2124 5620 prima;

2223 1820 2634 1886 commonitum,
2692 1820 2977 1893 corrigere
3018 1836 3129 1875 non
3159 1820 3350 1891 potuit.
3411 1819 3588 1889 Quem
3629 1818 3817 1874 domui

2221 1909 2393 1964 nostri
2414 1909 2564 1980 regis
2582 1908 2762 1965 Caroli
2779 1908 3086 1981 benignitas
3105 1909 3398 1963 multorum
3426 1907 3818 1964 beneciorum

2220 1997 2606 2071 largitionibus
2631 2040 2644 2064 ,
2678 2005 2731 2053 et
2787 1997 3263 2070 castigationibus,
3323 1998 3394 2053 ad
3448 1996 3817 2069 episcopalem

2220 2085 2710 2152 mansuetudinem,
2746 2093 2799 2143 et
2827 2086 3145 2159 gravitatem
3180 2086 3453 2142 attrahere
3499 2101 3612 2141 non
3664 2100 3815 2156 pra-

2220 2174 2389 2231 valuit
2423 2192 2437 2228 :
2471 2182 2524 2230 et
2552 2189 2656 2231 nec
2684 2175 2824 2245 ipse,
2868 2190 3046 2246 neque
3086 2173 3535 2245 metropolitanus
3589 2189 3722 2228 suus
3749 2173 3822 2229 ad

2224 2264 2331 2321 hoc
2361 2279 2487 2318 eum
2515 2262 2842 2334 compellere
2870 2269 3181 2333 potuerunt,
3212 2270 3272 2317 ut
3299 2261 3511 2318 clericis
3538 2276 3605 2317 ac
3634 2260 3811 2327 laicis,

2225 2351 2423 2424 quibus
2451 2351 2649 2421 injuste
2677 2350 2902 2418 fecerat,
2935 2351 3083 2423 quod
3111 2350 3220 2419 lex,
3252 2359 3305 2406 et
3324 2350 3528 2420 justitia
3557 2349 3815 2415 dictabat,

2222 2439 2548 2496 restitueret.
2594 2438 2703 2496 Sed
2725 2439 2908 2510 potius
2956 2439 3263 2511 quicunque
3293 2439 3363 2494 ad
3392 2454 3601 2511 regem,
3632 2437 3721 2494 vel
3749 2436 3823 2493 ad

2222 2529 2704 2599 metropolitanum
2752 2544 2910 2583 suum
2962 2543 3023 2583 se
3072 2534 3258 2584 contra
3307 2543 3431 2584 cum
3481 2525 3816 2595 reclamavit,

2222 2632 2571 2689 nequaquam
2585 2616 2839 2686 cessavit,
2869 2616 3045 2673 donec
3065 2631 3160 2671 eos
3188 2616 3405 2687 penitus
3424 2614 3817 2670 exterminavit.

2225 2704 2325 2761 Cui
2354 2704 2518 2760 etiam
2557 2704 2848 2776 synodales
2892 2703 3246 2772 iuvectiones,
3299 2712 3418 2758 uta
3472 2702 3818 2759 contumacia

2225 2800 2278 2848 et
2332 2793 2553 2849 levitate
2582 2808 2680 2848 sua
2740 2792 3105 2864 resipisceret,
3162 2793 3366 2847 bonum
3401 2806 3622 2857 nomen,
3675 2791 3822 2862 quod

2225 2881 2528 2952 apostolica
2551 2880 2746 2952 regula
2782 2881 3098 2951 episcopum
3146 2880 3304 2935 etiam
3343 2880 3415 2934 ab
3446 2879 3532 2934 his
3562 2878 3655 2950 qui
3679 2877 3813 2934 foris

2224 2977 2369 3036 sunt,
2404 2971 2607 3026 habere
2630 2970 2785 3040 jubet
2813 2969 2865 3041 (
2898 2971 3035 3025 Tim.
3067 2968 3171 3040 tu),
3197 2983 3409 3024 morum
3445 2967 3734 3039 probitate,
3768 2974 3822 3022 et

2239 3058 2449 3114 ordinis
2486 3058 2571 3114 sui
2598 3057 2865 3131 religione
2886 3057 3174 3124 obtinere,
3206 3064 3259 3112 et
3303 3057 3567 3112 bonorum
3595 3071 3822 3127 operum

2230 3148 2539 3219 exemplum
2581 3148 2958 3203 demonstrare
3004 3146 3272 3214 studeret,
3321 3144 3654 3217 persuadere
3707 3159 3820 3200 non

2225 3244 2536 3309 potuerunt.
2587 3235 2765 3305 Quem
2803 3235 2964 3291 etiam
3002 3235 3239 3289 humana
3286 3232 3612 3289 verecundia
3640 3247 3674 3287 a
3702 3231 3817 3287 suis

2227 3324 2764 3397 reprehensibilibus,
2797 3331 2851 3379 et
2878 3322 3329 3395 improbabilibus
3356 3321 3586 3387 actibus,
3617 3328 3676 3375 ut
3704 3336 3814 3375 non

2225 3415 2621 3485 vituperaretur
2647 3413 3010 3469 ministerium
3028 3419 3277 3467 nostrum
3305 3410 3593 3466 extrahere
3619 3408 3811 3481 nequi-

2224 3511 2437 3560 verunt.
2473 3502 2649 3572 Quem
2676 3509 2872 3560 vestrm
2909 3508 3186 3573 postremo
3217 3499 3532 3570 apostolica
3552 3497 3813 3569 epistolae,
3882 3510 3889 3515 '

2223 3591 2633 3660 obtestationes,
2693 3599 2744 3647 et
2799 3589 3249 3647 commonitiones
3302 3588 3601 3659 corrigere,
3647 3593 3702 3642 et
3746 3585 3816 3641 ad

2221 3680 2585 3737 obedientiam
2601 3680 2843 3736 debitam
2861 3678 3081 3735 ectere
3094 3693 3205 3734 non
3223 3683 3531 3749 potuerunt.

2292 3769 2535 3825 Tandem
2580 3769 2727 3841 quod
2774 3783 2886 3824 non
2932 3767 3049 3828 sine
3094 3766 3303 3840 gemitu
3341 3773 3394 3821 et
3413 3764 3597 3822 cordis
3628 3763 3819 3820 dolore

2221 3858 2473 3926 dicimus,
2526 3858 2781 3931 quoniam
2828 3857 2976 3913 aliud
3018 3856 3473 3912 medicamentum
3515 3869 3625 3925 quo
3656 3867 3822 3908 sana-

2222 3956 2387 4015 retur,
2437 3946 2683 4018 reperire
2727 3945 3089 4018 nequivimus,
3140 3945 3208 4000 ab
3255 3944 3449 4000 ordine
3491 3940 3819 3997 sacerdotali

2222 4036 2557 4093 removimus
2588 4035 2764 4092 :sicut
2798 4035 2851 4090 in
2890 4041 3169 4107 gestorum
3185 4032 3328 4089 serie
3361 4030 3619 4087 sanctitas
3640 4040 3825 4085 vestra

2220 4126 2477 4189 inveniet,
2511 4141 2676 4198 quam
2717 4140 2816 4196 per
2864 4124 3004 4180 hunc
3056 4122 3301 4192 fratrem,
3343 4127 3398 4176 et
3447 4118 3820 4176 venerabilem

2223 4213 2606 4285 coepiscopum
2636 4220 2886 4268 nostrum
2932 4211 3249 4277 Actardum,
3282 4208 3375 4282 qui
3403 4207 3691 4264 nobiscum
3739 4223 3827 4263 re-

2223 4302 2367 4358 sedit
2399 4301 2455 4357 in
2485 4301 2712 4373 synodo,
2745 4300 3052 4358 auctoritati
3105 4307 3304 4355 vestrae
3333 4296 3644 4369 dirigimus.
3678 4294 3824 4365 Quia

2223 4391 2423 4447 diutius
2451 4406 2555 4448 nec
2589 4391 2691 4446 sibi
2722 4390 3015 4446 commissa
3059 4388 3326 4455 Ecclesia,
3361 4403 3480 4459 qua:
3516 4385 3618 4440 sub
3646 4400 3712 4440 eo
3741 4401 3831 4441 ve-

2156 4458 2214 4523 D
2236 4480 2332 4536 luti
2360 4480 2459 4536 sub
2511 4479 2834 4554 gravissimo
2882 4478 3029 4535 fasce
3059 4477 3327 4549 gemebat,
3378 4458 3540 4532 illum
3567 4481 3826 4547 portare;

2223 4586 2324 4626 nec
2343 4570 2573 4625 aliarum
2592 4568 2961 4625 Ecclesiarum
2978 4574 3239 4632 rectores,
3260 4565 3378 4621 sine
3399 4562 3834 4636 reprehensione

2224 4658 2543 4714 insolentias
2572 4657 2689 4726 ejus
2716 4656 2893 4723 ferre;
2924 4670 3027 4712 nec
3056 4653 3226 4725 regia
3255 4653 3545 4727 dignitatis
3560 4658 3826 4724 potestas,

2224 4746 2313 4803 vel
2348 4746 2505 4819 regni
2532 4745 2879 4813 unanimitas,
2912 4744 3028 4813 ejus
3059 4742 3486 4815 inquietudinem
3544 4756 3608 4797 ac
3653 4740 3833 4795 deho-

2226 4833 2566 4891 norationem
2596 4833 2866 4889 sustinere
2914 4832 3146 4888 valebat.
3197 4832 3278 4886 De
3309 4831 3507 4903 quibus
3546 4828 3828 4902 quadam,

2227 4931 2281 4979 et
2322 4923 2473 4993 juxta
2499 4923 2859 4994 pluralitatem
2887 4921 3118 4977 aliorum
3145 4936 3488 4987 excessuum,
3518 4918 3575 4973 in
3603 4916 3826 4990 prafata

2231 5020 2519 5086 gestorum
2543 5012 2687 5068 serie
2715 5026 2891 5083 pauca
2918 5009 3205 5066 invenietis
3236 5026 3252 5064 :
3285 5008 3411 5080 quia
3429 5014 3484 5064 et
3501 5022 3598 5079 pro
3617 5014 3833 5077 tempo-

2229 5101 2305 5156 ris
2337 5100 2619 5168 brevitate,
2652 5100 2910 5173 quoniam
2936 5098 3114 5154 isdem
3156 5097 3479 5153 Hincmarus
3535 5095 3834 5151 constituta

2228 5188 2334 5245 sibi
2364 5188 2453 5245 die
2498 5189 2667 5245 noluit
2712 5188 2900 5244 venire
2928 5187 3000 5243 ad
3027 5187 3327 5260 synodum;
3361 5193 3415 5242 et
3447 5185 3683 5240 domnus
3731 5198 3831 5238 rex

2229 5294 2353 5335 cum
2382 5278 2711 5351 quibusdam
2731 5276 3002 5349 episcopis
3047 5276 3117 5331 ad
3132 5273 3463 5347 colloquium
3502 5271 3690 5329 fratris
3712 5269 3833 5337 sui,

2232 5384 2331 5440 pro
2360 5354 2796 5425 reconciliatione
2824 5364 3059 5422 filiorum
3089 5364 3226 5435 ejus,
3255 5363 3323 5418 ad
3352 5370 3566 5434 patrem
3614 5359 3835 5416 illorum

2229 5464 2283 5513 et
2308 5456 2527 5514 fratrem
2554 5472 2713 5512 suum
2740 5454 2998 5512 festinare
3027 5452 3376 5511 accelerabat
3401 5470 3415 5518 ;
3447 5466 3516 5506 ne
3549 5455 3833 5506 commota

2231 5546 2470 5604 editione
2512 5560 2680 5604 carne
2740 5542 3079 5616 propinquos
3108 5541 3258 5599 inter
3304 5555 3364 5597 se
3404 5544 3841 5612 compugnantes
