4174 6296
332 325 438 378 637

1048 323 1288 382 OPUSC.
1347 325 1436 381 ET
1483 325 1698 382 EPIST.
1759 325 1833 380 IN
1887 323 2112 380 CAUSA
2158 323 2500 382 HINCMARI
2562 326 2873 385 LAUDUN.

3525 333 3627 385 638

347 463 774 520 Christianorum
795 465 1139 536 parricidalis
1163 467 1388 540 sanguis
1409 466 1778 522 effunderetur
1797 465 1945 539 [leg..

2121 448 2230 504 Sed
2261 457 2314 505 et
2341 449 2500 521 plura
2530 459 2652 506 sunt
2682 451 2940 524 aliaque
2961 454 3354 527 nobislongum
3383 461 3466 510 est
3495 453 3633 510 scri-

341 551 704 625 eﬂ'underet];
738 561 790 608 et
837 554 940 609 hac
983 554 1052 608 de
1095 570 1261 610 causa
1307 555 1661 610 ecclesiarum
1708 555 1808 609 Dei
1851 571 1941 610 res

342 641 704 707 scinderetur,
737 650 787 696 et
835 643 1178 697 sacerdotum
1215 659 1282 698 ac
1329 659 1612 698 servorum
1642 644 1741 698 Dei
1772 643 1940 698 facul-

342 737 480 784 tates
511 730 894 800 diriperentur,
928 739 980 785 et
1016 747 1284 802 pauperes
1329 731 1803 801 depopularentur.
1836 732 1940 787 Vc-

345 833 467 872 rum
498 825 552 872 et
578 817 755 888 ipsum
775 817 1122 872 Hincmarum
1153 819 1224 873 ad
1256 820 1360 874 hoc
1381 820 1683 889 perducere
1713 819 1941 874 multum

343 904 661 960 laborantes
695 921 800 960 non
832 907 1124 976 potuimus,
1159 914 1215 960 ut
1253 908 1552 962 secundum
1586 907 1854 963 rationem
1889 915 1942 963 et

344 993 724 1048 auctoritatem
754 993 824 1048 ad
855 994 1070 1062 objecta
1097 994 1200 1048 sibi
1232 995 1485 1049 redderet
1514 995 1796 1050 rationem.
1832 996 1940 1050 Sed

344 1081 715 1151 obstrependo
767 1082 1114 1150 clamoribus,
1150 1091 1202 1137 et
1249 1082 1540 1138 inconditis
1584 1083 1842 1151 vocibus,
1876 1100 1941 1138 ea

345 1185 466 1241 qua
495 1169 680 1225 verbis
708 1168 1082 1236 confitebatur,
1108 1178 1161 1226 et
1189 1171 1246 1224 in
1276 1170 1491 1241 scriptis
1519 1171 1633 1226 suis
1659 1171 1941 1242 professus

343 1256 542 1325 fuerat,
573 1258 767 1312 iterum
800 1258 1124 1331 denegabat,
1159 1266 1211 1314 et
1241 1275 1306 1314 ea
1335 1276 1454 1331 quae
1482 1268 1800 1332 negaverat,
1835 1261 1940 1316 ite-

345 1362 467 1401 rum
487 1345 771 1401 fatebatur.

419 1435 714 1504 Propterea
759 1434 1055 1504 praemissis
1099 1434 1520 1508 [praetermissis]
1551 1435 1692 1503 aliis,
1737 1453 1858 1508 qua:
1887 1437 1942 1491 in

353 1530 628 1594 gestorum
680 1522 822 1577 serie
867 1523 1171 1588 invenietis,
1207 1532 1410 1596 etquae
1457 1524 1514 1578 in
1568 1524 1816 1594 plurimis
1860 1525 1943 1580 sui

346 1610 756 1682 metropolitani
785 1611 1048 1681 epistolis,
1093 1619 1144 1666 et
1197 1628 1318 1683 quae
1368 1612 1424 1666 in
1468 1611 1640 1683 ipsius
1669 1613 1944 1668 Hincmari

343 1700 559 1770 scriptis
598 1700 865 1754 habentur
899 1717 912 1754 :
946 1700 1271 1755 intermissis
1319 1700 1480 1755 etiam
1535 1701 1943 1772 quamplurimis

2040 535 2167 591 bere
2201 555 2214 590 :
2246 545 2449 592 tantum
2475 539 2544 593 de
2571 539 2658 593 his
2689 557 2808 611 quae
2837 540 2892 594 in
2938 542 3196 611 petitione
3244 542 3430 597 domui
3482 542 3634 615 regis

2041 633 2227 680 contra
2255 641 2375 681 cum
2406 627 2462 680 in
2487 627 2697 698 synodo
2727 628 2856 682 data
2898 629 3260 699 continentur,
3282 630 3489 699 judicia
3514 638 3633 685 ter-

2039 713 2700 771 minavimus:reservato
2768 732 2866 786 per
2927 717 3106 771 omnia
3153 718 3291 786 juris
3346 717 3633 789 privilegio

2039 802 2352 871 apostolicae
2382 803 2549 869 sedis,
2582 819 2646 858 ac
2678 811 2859 858 vestro
2881 804 3087 872 judicio
3121 821 3133 860 :
3165 805 3301 860 sicut
3332 807 3475 861 sacri
3505 806 3636 862 Sar-

2040 888 2289 945 dicenses
2320 905 2579 959 canones,
2611 899 2664 945 et
2692 891 2916 947 decreta
2945 892 3092 946 sedis
3120 893 3432 964 apostolica;
3451 893 3636 963 ponti-

2038 975 2201 1032 ﬁcum
2221 1019 2235 1044 ,
2266 978 2582 1044 Innocenti,
2632 977 2919 1045 Bonifacii,
2972 988 3025 1034 et
3073 980 3302 1045 Leonis,
3332 997 3398 1035 ex
3431 980 3638 1036 eisdem

2041 1065 2209 1120 sacris
2231 1066 2528 1121 canonibus
2555 1066 2899 1139 promulgata
2928 1067 3250 1123 decernunt.
3269 1069 3349 1123 Ea
3362 1082 3490 1123 vero
3519 1083 3640 1140 qum

2040 1153 2492 1224 metropolitanus
2523 1170 2652 1209 suus
2702 1162 2755 1209 et
2777 1155 2892 1224 jam
2949 1155 3004 1209 in
3049 1156 3236 1210 altera.
3270 1157 3416 1227 (Non
3446 1160 3640 1211 exstat

2041 1241 2313 1298 schedula
2343 1242 2530 1298 oblata
2558 1243 2763 1313 synodo
2793 1243 2945 1314 apud
2975 1243 3371 1314 Attiniacum),
3397 1251 3450 1300 et
3470 1259 3642 1315 nuper

2042 1330 2098 1383 in
2125 1329 2230 1383 ista
2260 1330 2470 1400 synodo
2499 1330 2570 1384 ad
2599 1331 2998 1386 correctionem
3032 1331 3177 1386 illius
3195 1375 3208 1397 ,
3246 1348 3409 1402 quem
3451 1348 3554 1403 per
3583 1347 3645 1386 se

2041 1432 2151 1472 non
2180 1416 2398 1472 valebat
2427 1417 2726 1490 corrigere,
2758 1419 2991 1491 legenda
3023 1419 3236 1488 obtulit,
3266 1419 3436 1475 idciro
3465 1428 3647 1475 aucto-

2043 1505 2186 1559 ritati
2205 1513 2402 1561 vestrae
2431 1505 2738 1578 dirigimus,
2771 1514 2829 1560 ut
2873 1506 3187 1578 expressius
3209 1515 3260 1562 et
3289 1508 3509 1574 certius,
3542 1524 3640 1563 seu

2041 1593 2272 1664 plenius,
2308 1592 2504 1648 fastum
2534 1602 2588 1649 et
2616 1594 2780 1648 animi
2809 1595 2925 1664 ejus
2954 1595 3228 1665 duritiam,
3261 1604 3313 1651 et
3358 1596 3643 1652 irrevoca-

2043 1680 2208 1736 bilem
2237 1681 2406 1752 ipsius
2454 1682 2733 1737 Hincmari
2772 1683 3128 1754 pertinaciam
3170 1684 3555 1755 cognoscatis;
3589 1692 3644 1738 et

345 1766 705 1860 plurimorum
726 1788 983 1860 querelis,
1018 1789 1109 1859 qui
1139 1789 1275 1843 datis
1295 1766 1645 1860 petitionibus
1666 1766 1720 1844 in
1736 1791 1944 1861 synodo
1965 1798 2018 1858 Β
2048 1781 2158 1861 Ποξι
2187 1766 2675 1861 Pr$Pr°Perey_Vel
2730 1767 3036 1861 immutare,
3098 1783 3161 1824 ac
3189 1768 3510 1861 inconsulte,
3547 1769 3644 1824 sed

347 1877 614 1931 adversus
643 1892 768 1931 eum
798 1877 1182 1948 querebantur,
1215 1886 1322 1931 tam
1354 1877 1422 1931 de
1454 1878 1666 1933 clericis
1697 1887 1750 1933 et
1795 1879 1947 1934 laicis

347 1964 594 2020 ecclesiae
625 1980 756 2029 sum,
805 1981 967 2035 quam
999 1973 1050 2019 et
1078 1965 1146 2020 de
1200 1965 1547 2035 parochianis
1589 1967 1943 2037 presbyteris,

347 2060 400 2108 et
416 2053 603 2107 liberis
624 2053 955 2118 hominibus,
974 2069 1083 2108 non
1105 2053 1280 2108 solum
1303 2070 1415 2108 suae
1430 2055 1725 2124 parochias,
1759 2071 1948 2109 verum

345 2149 397 2196 et
453 2141 676 2196 aliarum
757 2140 1169 2212 parochiarum.
1221 2142 1538 2197 Intermissa
1594 2142 1947 2199 nihilominus

347 2229 559 2284 ratione
589 2229 657 2284 de
687 2245 840 2296 auro,
876 2237 928 2284 et
959 2231 1192 2301 gemmis
1223 2230 1634 2301 quamplurimis
1665 2239 1717 2286 et
1745 2232 1947 2302 pretio-

345 2317 461 2384 sis;
495 2326 546 2372 et
573 2317 834 2372 multisac
863 2317 1027 2372 variis
1060 2318 1397 2372 ornamentis
1441 2335 1508 2372 ex
1540 2335 1676 2373 auro
1708 2327 1760 2374 et
1789 2335 1945 2389 gem-

346 2405 453 2460 mis
483 2405 818 2476 compositis,
855 2406 1050 2476 quibus
1085 2407 1350 2460 Pardulus
1373 2407 1661 2477 episcopus
1683 2408 1946 2462 decessor

348 2494 492 2548 illius
523 2495 688 2548 altare
710 2501 909 2549 sancta
941 2494 1124 2548 Mariae
1146 2495 1514 2549 Laudunensis
1534 2495 1796 2550 Ecclesiae
1826 2496 1947 2566 pul-

351 2583 484 2639 chre
514 2583 643 2637 satis
681 2582 893 2637 ornavit
926 2599 939 2638 :
975 2583 1120 2653 quod
1173 2582 1274 2638 iste
1305 2583 1656 2639 defabricavit
1691 2602 1702 2637 :
1737 2591 1790 2639 et
1810 2583 1948 2639 sicut

349 2671 732 2726 ministeriales
762 2671 932 2741 ipsius
980 2671 1226 2726 ecclesiae
1256 2672 1466 2737 dicunt,
1500 2671 1626 2727 inde
1653 2687 1848 2745 umgas
1877 2673 1947 2728 ad

350 2767 554 2830 spatas,
576 2767 630 2814 et
647 2759 876 2824 balteos,
911 2766 965 2813 et
1011 2759 1264 2829 calcaria,
1298 2769 1459 2832 atque
1488 2759 1747 2832 ligaturas
1777 2762 1946 2816 hosa-

349 2864 510 2916 rum,
546 2864 678 2920 quas
716 2847 1050 2902 hosobindas
1089 2848 1304 2914 dicunt,
1350 2846 1469 2903 ﬁeri
1506 2849 1705 2917 jussit;
1747 2857 1801 2904 et
1847 2865 1946 2904 suo

350 2936 500 2992 fratri
534 2979 547 3002 ,
581 2944 634 2990 et
677 2936 871 3007 quibus
909 2935 1012 2988 sibi
1058 2936 1258 3006 placuit
1288 2936 1454 2990 dedit.
1499 2937 1606 2992 Sed
1636 2945 1688 2992 et
1717 2938 1786 2992 de
1814 2953 1946 2993 auro

352 3025 643 3096 purissimo
693 3040 758 3079 ex
804 3024 993 3089 calice,
1041 3025 1184 3095 quod
1242 3024 1499 3096 praefatus
1527 3026 1790 3081 decessor
1818 3043 1946 3082 suus

354 3114 532 3169 eidem
581 3113 827 3168 ecclesiae
878 3113 1122 3168 contulit.
1180 3113 1406 3168 Necnon
1445 3122 1496 3168 et
1549 3113 1616 3168 de
1647 3115 1753 3170 alio
1786 3131 1940 3182 auro,
1968 3147 2016 3210 Ο

348 3219 538 3259 verum
578 3211 631 3257 et
658 3203 726 3256 de
757 3209 983 3273 argento
1014 3202 1185 3271 ipsius
1215 3202 1492 3268 ecclesiae;
1541 3203 1639 3257 sed
1672 3211 1724 3257 et
1751 3204 1820 3258 de
1851 3219 1949 3258 ca-

348 3291 482 3346 sulis
527 3291 784 3362 pretiosis
813 3332 826 3358 ,
862 3306 997 3362 quas
1046 3291 1192 3344 dedit
1237 3292 1432 3361 quibus
1465 3291 1570 3346 sibi
1620 3291 1795 3346 visum
1826 3291 1946 3347 fuit.

349 3382 580 3436 Necnon
609 3387 660 3434 et
687 3379 755 3434 de
785 3387 996 3434 sacrato
1009 3395 1192 3450 panno
1213 3379 1416 3450 optimo
1447 3395 1513 3434 ex
1543 3379 1714 3434 altare
1749 3388 1950 3437 sancta

351 3469 571 3535 Mariae,
630 3484 791 3540 quem
849 3469 916 3522 ad
969 3468 1260 3524 saeculares
1303 3484 1434 3522 usus
1502 3468 1651 3523 dedit
1686 3483 1700 3523 :
1734 3477 1789 3524 et
1845 3469 1951 3525 alia

349 3557 605 3628 plurima,
638 3573 760 3629 quae
814 3557 881 3610 ad
927 3556 1188 3612 rationem
1217 3563 1270 3612 et
1293 3556 1699 3625 judicationem
1729 3557 1946 3614 mittere

350 3663 461 3704 non
491 3646 886 3703 concurrimus.

427 3736 577 3792 Sicut
613 3751 716 3790 nec
755 3734 823 3790 de
879 3734 1234 3790 seditionibus
1263 3734 1402 3802 aliis,
1463 3744 1665 3807 praeter
1709 3750 1832 3793 eam
1879 3735 1948 3792 de

350 3840 460 3898 qua
514 3841 607 3878 rex
655 3840 780 3878 eum
825 3823 1098 3879 accusavit
1153 3840 1255 3894 per
1303 3823 1670 3895 scripturam,
1707 3841 1949 3897 praesens

348 3921 676 3985 praesentem
732 3913 789 3967 in
837 3913 1095 3984 synodo:
1146 3911 1202 3967 in
1251 3929 1478 3984 quarum
1538 3930 1644 3968 una
1689 3914 1808 3986 ipse
1852 3913 1950 3970 fuit

351 4011 405 4058 et
436 4002 658 4057 veniens
688 4017 811 4057 cum
841 4001 1085 4071 pluribus
1133 4001 1350 4056 armatis
1381 4002 1708 4067 hominibus,
1733 4010 1787 4057 et
1815 4019 1948 4073 per-

351 4091 515 4146 mista
567 4090 715 4163 vulgi
751 4090 1114 4153 multitudine,
1169 4105 1293 4145 cum
1348 4090 1547 4162 gladiis
1616 4097 1668 4144 et
1713 4090 1948 4146 fustibus

351 4181 420 4234 ad
451 4195 699 4234 mansum
731 4178 822 4233 ubi
851 4179 1044 4233 mulier
1082 4179 1297 4234 comitis
1329 4180 1496 4250 regis,
1533 4179 1752 4234 nomine
1783 4179 1949 4234 Nort-

355 4269 566 4335 manni,
600 4268 669 4323 de
698 4275 854 4338 partu
881 4267 1055 4339 {more
1104 4267 1339 4322 femineo
1362 4267 1599 4336 jacebat,
1647 4267 1805 4335 ejecit
1824 4282 1947 4322 eam

351 4358 498 4424 inde,
532 4364 586 4412 et
642 4356 825 4412 omnia
855 4372 974 4428 quae
999 4355 1073 4410 ibi
1121 4355 1326 4425 habuit,
1362 4371 1588 4423 aurum,
1632 4363 1941 4428 argentum,

351 4447 694 4508 vestimenta,
726 4459 936 4515 pannos
992 4443 1251 4515 plurimos
1277 4484 1290 4511 ,
1327 4459 1621 4508 annonam,
1652 4444 1856 4512 vinum,
1893 4452 1946 4500 et

355 4535 576 4609 generis
607 4533 810 4590 diversi
858 4548 922 4588 ac
957 4549 1120 4588 sexus
1157 4532 1465 4603 pecuniam,
1499 4533 1615 4587 sine
1644 4531 1832 4602 misso,
1866 4533 1953 4589 vel

351 4623 564 4689 litteris,
595 4631 686 4677 aut
713 4622 883 4678 verbo
942 4621 1111 4691 regis,
1145 4620 1200 4674 in
1230 4637 1323 4676 sua
1361 4621 1637 4692 parochia,
1670 4628 1724 4676 et
1750 4621 1953 4676 missa-

353 4712 479 4778 tico,
510 4711 588 4764 illi
619 4726 718 4781 per
747 4708 1057 4764 violentiam
1111 4709 1334 4764 abstulit
1369 4728 1381 4764 :
1416 4709 1553 4766 sicut
1581 4709 1635 4763 in
1693 4709 1952 4780 petitione

352 4799 524 4871 ipsius
553 4798 877 4854 Nortmanni
908 4797 1066 4852 nobis
1088 4805 1334 4868 porrecta
1363 4798 1419 4852 in
1466 4797 1675 4868 synodo
1707 4798 1951 4854 contine-

353 4897 460 4943 tur.
488 4889 546 4943 ln
567 4887 733 4942 altera
763 4901 895 4942 vero
934 4886 1198 4941 seditione
1239 4903 1360 4958 qua)
1391 4887 1561 4957 ipsius
1587 4886 1834 4956 jussione
1854 4886 1954 4942 fuit

357 4976 644 5042 concitata,
677 4977 816 5032 sicut
862 4975 939 5029 illi
969 4974 1154 5030 dicunt
1191 4974 1282 5046 qui
1310 4975 1365 5028 in
1412 4991 1476 5030 ea
1525 4975 1738 5030 luerunt
1767 5016 1780 5044 ,
1811 4991 1952 5031 unus

355 5067 520 5120 homo
552 5065 646 5120 fuit
689 5064 927 5120 occisus.
979 5065 1117 5119 Nam
1167 5064 1295 5134 quia
1349 5063 1583 5118 domnus
1613 5081 1706 5119 rex
1740 5063 1952 5119 cuidam

358 5153 598 5210 vassallo
609 5155 677 5208 de
693 5153 1040 5208 Laudunensi
1053 5152 1348 5223 episcopio,
1364 5152 1583 5207 nomine
1615 5153 1950 5218 Amalberto,

357 5243 445 5299 cui
492 5241 820 5297 beneficium
875 5241 1104 5296 reddere
1142 5240 1320 5309 jussit,
1355 5241 1500 5312 quod
1557 5241 1630 5294 ab
1661 5257 1726 5296 eo
1757 5241 1953 5310 injuste

354 5332 569 5397 tulerat,
602 5330 862 5401 pracepit
891 5329 1199 5385 hominibus
1234 5345 1347 5384 suis
1380 5328 1669 5383 etfamiliae
1689 5329 1953 5401 episcopii

360 5419 737 5480 Laudunensis
758 5419 884 5474 illuc
913 5417 990 5472 ire
1023 5433 1147 5473 cum
1184 5417 1346 5472 armis
1377 5425 1427 5472 et
1461 5417 1711 5481 fustibus,
1747 5424 1798 5471 et
1829 5417 1954 5472 inde

358 5507 512 5562 illum
562 5507 759 5576 ejicere
791 5524 804 5560 :
844 5507 982 5562 sicut
1016 5514 1070 5561 ct
1137 5505 1336 5562 factum
1387 5513 1470 5561 est
1507 5524 1522 5573 ;
1555 5513 1607 5562 et
1637 5504 1821 5577 fugato
1865 5522 1950 5572 eo,

357 5611 498 5650 unus
525 5596 690 5652 homo
718 5595 792 5651 ibi
823 5594 920 5652 fuit
939 5595 1172 5654 occisus.

2049 1853 2177 1908 satis
2207 1861 2392 1909 coacte
2428 1870 2531 1909 nos
2559 1854 2616 1908 in
2663 1870 2806 1921 eum,
2841 1856 2962 1926 ipso
3009 1855 3390 1926 compellente,
3417 1857 3646 1912 damna-

2047 1941 2211 1997 tionis
2243 1942 2564 1997 sententiam
2595 1943 2910 2013 protulisse.

2120 2030 2276 2086 Unde
2332 2029 2529 2086 obnixe
2574 2046 2860 2102 precamur
2887 2039 3126 2087 vestram
3163 2032 3555 2100 auctoritatem,
3588 2041 3648 2088 ut

2049 2133 2082 2173 a
2113 2125 2260 2174 tanto
2289 2120 2452 2188 hujus
2498 2119 2886 2192 incorrigibilis
2913 2120 3086 2191 pestis
3141 2120 3323 2188 tadio,
3354 2137 3456 2176 nos
3485 2122 3645 2176 etiam

2050 2223 2149 2262 suo
2173 2207 2409 2276 judicio,
2447 2223 2607 2278 quem
2651 2208 2871 2280 longius
2919 2215 3241 2279 supportare
3281 2209 3643 2280 nequivimus,

2047 2294 2242 2350 liberet
2277 2314 2289 2349 :
2324 2295 2622 2351 secundum
2683 2297 2905 2351 decreta
2935 2296 3194 2353 Bonifacii
3238 2305 3291 2352 et
3338 2297 3554 2367 Leonis,
3583 2313 3650 2353 ea

2048 2395 2168 2450 quae
2191 2380 2345 2448 juxta
2378 2380 2808 2435 ecclesiasticum
2827 2397 3057 2447 morem,
3081 2389 3242 2451 prout
3262 2381 3646 2438 intelleximus,

2047 2483 2156 2521 non
2184 2467 2404 2523 inimico
2435 2468 2646 2535 animo,
2675 2468 2761 2522 vel
2792 2468 2975 2539 aliqua
3002 2469 3324 2540 cupiditate,
3357 2477 3446 2524 aut
3476 2469 3650 2542 gratia

2047 2555 2348 2626 depravati,
2378 2555 2524 2624 juste
2551 2564 2605 2610 et
2631 2556 3023 2611 rationabiliter
3069 2556 3438 2625 diﬁinivimus,
3470 2565 3648 2614 vestra

2048 2660 2264 2716 quoque
2301 2643 2566 2698 sententia
2608 2644 3042 2700 roborando.‘Et
3090 2645 3136 2700 si
3165 2644 3326 2713 forte,
3361 2647 3507 2718 quod
3535 2662 3648 2701 non

2046 2740 2315 2802 putamus,
2341 2731 2517 2788 visum
2546 2733 2700 2788 vobis
2729 2733 3042 2788 necessario
3073 2732 3254 2800 fuerit,
3277 2740 3335 2788 ut
3354 2735 3653 2790 secundum

2049 2820 2408 2876 Sardicenses
2435 2835 2674 2876 canones
2704 2821 2981 2876 renovetis
3004 2821 3287 2890 judicium,
3321 2830 3375 2876 et
3403 2822 3544 2877 detis
3559 2823 3645 2891 ju-

2049 2908 2219 2978 dices,
2252 2908 2540 2964 scribendo
2569 2909 2842 2980 episcopis
2873 2909 2965 2981 qui
2994 2909 3050 2964 in
3105 2908 3345 2964 ﬁnitimis
3376 2918 3429 2965 et
3456 2910 3652 2966 vicinis

2048 2997 2346 3067 provinciis
2375 3004 2516 3063 sunt,
2549 3005 2608 3052 ut
2636 3006 2688 3052 et
2716 2997 2820 3068 ipsi
2875 2997 3167 3070 diligenter
3197 2998 3417 3054 omnino
3463 2999 3651 3070 requi-

2049 3092 2188 3152 rant,
2223 3093 2276 3140 et
2299 3086 2453 3154 juxta
2484 3084 2647 3140 fidem
2668 3085 2913 3140 veritatis
2938 3085 3221 3142 diﬂiniant.
3262 3085 3358 3141 Vel
3384 3086 3429 3140 si
3446 3085 3647 3142 decre-

2051 3173 2234 3229 veritis
2263 3173 2478 3244 mittere
2508 3188 2542 3228 a
2568 3173 2738 3228 latere
2767 3181 2950 3228 vestro
2988 3174 3250 3229 habentes
3280 3174 3652 3230 auctoritatem

2050 3269 2310 3331 vestram,
2358 3261 2606 3332 quicum
2664 3261 2937 3333 episc0pis
2979 3262 3244 3330 judicent,
3295 3263 3444 3317 eoin
3476 3263 3652 3335 gradu

2051 3350 2229 3405 adhuc
2258 3365 2368 3405 non
2424 3351 2688 3417 restituto,
2736 3350 2876 3406 sicut
2905 3350 3047 3406 sacri
3103 3350 3452 3408 Sardicenses
3482 3366 3651 3408 cano-

2049 3454 2148 3494 nes
2177 3438 2518 3509 praecipiunt,
2541 3455 2650 3494 non
2679 3439 2984 3494 abnuimus.
3017 3439 3194 3506 Licet,
3227 3447 3482 3512 quantum
3516 3455 3651 3510 pos-

2050 3543 2256 3596 sumus,
2289 3526 2463 3582 redire
2494 3527 2561 3581 ad
2592 3526 2839 3582 laborem
2895 3542 3002 3599 quo
3059 3527 3152 3583 diu
3196 3531 3376 3583 vexati
3429 3543 3651 3598 sumus,

2049 3615 2307 3688 refugere
2338 3615 2618 3686 cupiamus
2657 3632 2670 3669 :
2701 3622 2756 3670 et
2785 3630 2850 3670 ea
2879 3631 3001 3688 quae
3030 3623 3253 3687 propter
3272 3616 3652 3672 verecundiam

2050 3704 2405 3760 sacerdotalis
2435 3703 2753 3759 reverentiae
2788 3704 2898 3776 tegi
2927 3705 3133 3775 potius,
3169 3720 3334 3776 quam
3389 3703 3655 3776 publicari

2048 3801 2320 3864 optamus,
2354 3792 2400 3846 si
2430 3792 2777 3859 valuerimus,
2803 3793 2872 3847 ad
2901 3791 3261 3864 plurimorum
3280 3793 3525 3849 notitiam
3555 3794 3652 3849 de-

2049 3881 2181 3937 ferri
2211 3881 2388 3937 modis
2421 3881 2673 3937 omnibus
2689 3882 3034 3937 resultemus.
3055 3883 3439 3938 Verumtamen
3457 3889 3654 3954 quanta

2049 3986 2342 4042 possumus
2370 3971 2676 4026 devotionis
2705 3971 3004 4026 humilitate
3033 3971 3400 4042 deposcimus,
3425 3971 3654 4027 utetiam

2043 4059 2101 4114 in
2120 4060 2224 4114 hac
2252 4074 2418 4114 causa
2473 4060 2632 4113 nobis
2685 4059 3002 4114 canonicam
3031 4059 3404 4115 diﬁinitionem
3454 4076 3648 4116 serve-

2051 4148 2140 4202 tis.
2175 4147 2438 4202 Videlicet
2460 4154 2518 4200 ut
2554 4146 2619 4211 si,
2659 4147 2802 4217 quod
2833 4161 2942 4201 non
2989 4146 3294 4216 credimus,
3328 4164 3392 4202 ea
3421 4164 3540 4219 quae
3568 4164 3654 4204 re-

2045 4235 2312 4308 gulariter
2342 4234 2691 4290 didinivimus
2719 4241 2881 4304 prout
2910 4249 3096 4290 sacras
3118 4235 3335 4307 regulas
3379 4235 3654 4291 intellexi-

2051 4340 2195 4390 mus,
2229 4323 2386 4379 vobis
2414 4322 2811 4394 praesentaliter
2839 4338 2951 4378 non
2977 4323 3244 4394 placuerit
3288 4331 3470 4380 vestra
3517 4339 3650 4380 sen-

2043 4412 2216 4468 tentia
2253 4412 2538 4479 roborare,
2572 4427 2681 4467 non
2710 4419 2870 4468 antea
2901 4412 3282 4469 communione
3304 4412 3646 4480 sacerdotali,

1981 4503 2031 4563 D
2051 4517 2083 4558 a
2113 4517 2221 4574 qua
2251 4508 2532 4572 separatus
2580 4508 2662 4557 est
2691 4501 3045 4568 restituatur,
3104 4509 3416 4574 antequam,
3448 4501 3649 4557 securi-

2050 4591 2181 4646 dum
2227 4589 2453 4662 regulas
2508 4597 2561 4646 et
2608 4589 2782 4663 leges,
2816 4590 2872 4644 in
2904 4589 3202 4661 provincia,
3235 4591 3290 4646 in
3337 4606 3446 4662 qua
3472 4605 3653 4648 causa

2051 4687 2240 4751 gestae,
2275 4687 2330 4734 et
2369 4679 2628 4748 judicatae
2678 4685 2819 4748 sunt,
2876 4678 3233 4752 requirantur.
3286 4678 3431 4746 Quia
3486 4695 3661 4751 usque

2052 4769 2120 4823 ad
2150 4775 2338 4822 nostra
2368 4775 2610 4838 tempora
2639 4767 2790 4821 nulla
2820 4767 3034 4821 Patrum
3067 4765 3384 4822 diffinitione
3410 4767 3515 4824 hoc
3543 4769 3653 4824 Ec-

2052 4857 2234 4913 clesiis
2269 4855 2564 4912 Gallicanis
2615 4863 2666 4911 et
2695 4855 2929 4927 Belgicis
2959 4862 3042 4910 est
3095 4855 3420 4928 derogatum
3452 4875 3466 4911 :
3499 4873 3649 4928 prae-

2052 4946 2234 5000 sertim
2277 4945 2400 5016 quia
2468 4945 2688 5001 decreta
2742 4944 2999 5012 Nicasna,
3028 4942 3143 4998 sive
3199 4943 3473 5002 inferioris
3513 4962 3649 5018 gra-

2051 5034 2153 5088 dus
2207 5033 2435 5091 clericos
2468 5075 2481 5099 ,
2543 5032 2658 5088 sive
2689 5033 2978 5103 episcOpos
3021 5031 3190 5104 ipsos,
3240 5042 3300 5088 ut
3339 5034 3651 5092 Africanum

2052 5123 2241 5179 scribit
2305 5122 2636 5189 concilium,
2682 5121 2795 5176 suis
2868 5121 3299 5192 metropolitanis
3370 5124 3649 5195 aptissime

2052 5211 2458 5268 commiserunt.
2494 5210 2644 5266 Sicut
2672 5216 2726 5265 et
2775 5209 2831 5265 S.
2878 5209 3188 5266 Bonifacius
3249 5212 3490 5283 exponit,
3514 5212 3653 5268 scri-

2053 5300 2188 5355 bens
2220 5299 2290 5355 ad
2342 5297 2602 5353 Hilarium
2644 5298 3058 5354 Narbonensem
3106 5299 3425 5372 episcopum
3465 5301 3653 5373 (epist.

2055 5389 2110 5458 3)
2145 5404 2157 5442 :
2195 5411 2215 5434 «
2298 5386 2563 5442 Convenit
2608 5401 2709 5442 nos
2742 5430 2755 5453 ,
2786 5387 2988 5458 inquit,
3070 5396 3424 5458 paternarum
3513 5405 3648 5444 san-

2054 5478 2294 5534 ctionum
2362 5474 2653 5547 diligentes
2698 5491 2823 5531 esse
2876 5476 3154 5532 custodes.
3224 5476 3373 5531 Nulli
3453 5475 3651 5531 etenim

2055 5572 2270 5630 videtur
2307 5571 2588 5647 incognita
2631 5572 2827 5646 synodi
2881 5572 3194 5630 constitutio
3247 5571 3502 5644 Nicena,
3535 5589 3656 5649 quas
