4174 6298
538 288 641 343 639

1424 286 1762 342 HINCMARI
1818 282 2218 339 RHEMENSIS
2271 280 2816 339 ARCHIEPISCOPI.

3731 279 3836 333 640

538 412 611 466 ita
637 412 913 482 praecepit,
947 419 1005 466 ut
1032 412 1223 467 eadem
1252 410 1470 482 proprie
1496 411 1667 466 verba
1695 425 1976 480 ponamus.
2027 410 2131 463 Per
2150 408 2206 468 A
2236 408 2320 463 xel
2347 407 2725 478 postulatione,
2760 390 3077 478 apostolica
3106 406 3223 461 sedi
3273 406 3589 477 subreptum
3638 405 3820 472 fuerit,

538 516 974 572 unamquamque
999 499 1335 572 provinciam
1360 501 1449 568 jus
1480 499 1921 568 metropolitanos
1951 497 2138 569 singu-

538 587 623 643 los
643 588 846 643 habere
867 588 1105 654 debere;
1124 604 1228 644 nec
1257 588 1504 660 cuiquam
1535 587 1672 641 duas
1702 587 2136 661 esseh[al.,posse

538 675 683 748 esse]
713 677 1005 746 subjectus.
1039 675 1199 745 Quod
1230 677 1326 743 illi,
1359 676 1487 747 quia
1503 675 1661 730 aliter
1679 674 2007 729 credendum
2027 688 2135 728 non

540 772 643 830 est,
679 773 864 820 sancto
894 764 1093 835 Spiritu
1119 772 1451 836 suggerente
1482 763 1715 827 sibimet,
1737 769 2082 817 censuerunt.
2109 781 2131 810 ν

539 852 610 906 Et
634 852 795 922 paulo
823 861 947 923 post
978 870 989 907 :
1029 874 1050 903 ι
1088 851 1248 920 Quod
1278 852 1480 907 idcirco
1509 850 1761 916 dicimus,
1798 857 1855 904 ut
1886 850 2135 904 advertat

539 940 777 995 charitas
805 947 914 1006 tua,
945 941 1085 995 adeo
1127 956 1228 994 nos
1266 954 1533 994 canonum
1587 945 1863 1009 pracepta
1894 953 2131 1003 servare,

539 1035 598 1082 ut
651 1028 725 1081 ita
771 1028 1078 1083 constitutio
1124 1042 1339 1099 quoque
1365 1035 1549 1081 nostra
1589 1024 1836 1092 diﬂiniat,
1869 1033 2136 1097 quatenus

538 1116 939 1186 metropolitani
986 1116 1069 1169 sui
1097 1130 1435 1186 unaquaque
1489 1114 1771 1185 provincia
1800 1114 1856 1168 in
1884 1112 2137 1169 omnibus

542 1203 707 1258 rebus
749 1203 1139 1258 ordinationem
1187 1219 1405 1273 semper
1459 1210 1754 1273 exspectet.
1812 1201 2133 1257 Prudentis-

545 1290 681 1346 sime
708 1291 852 1346 enim
873 1291 1041 1346 sancti
1066 1292 1255 1346 Patres
1319 1289 1489 1345 nostri
1528 1290 1935 1361 justissimeque
1977 1289 2134 1345 vide-

542 1387 686 1445 runt,
716 1400 739 1429 ι
774 1387 830 1433 ut
858 1379 1169 1435 Africanum
1217 1379 1506 1435 concilium
1535 1379 1608 1433 ad
1640 1378 1993 1434 Caelestinum
2030 1394 2134 1450 pa—

542 1482 669 1537 pam
700 1465 917 1538 scripsit
941 1467 1118 1540 [οοηο.
1138 1466 1224 1521 Af.
1258 1483 1345 1538 ep.
1379 1467 1450 1522 ad
1479 1465 1721 1538 Ca1est.]
1757 1487 1779 1517 ι
1813 1465 2135 1538 Quicunque

538 1554 754 1625 negotia
784 1554 839 1608 in
867 1555 980 1610 suis
996 1556 1131 1611 locis
1150 1555 1273 1610 urbi
1293 1564 1413 1610 orta
1430 1562 1572 1621 sunt,
1596 1554 1833 1609 finienda
1857 1573 1870 1609 :
1895 1571 1996 1610 nec
2016 1554 2135 1608 uni-

535 1643 729 1714 cuique
759 1643 1053 1714 provincia
1076 1644 1309 1715 gratiam
1337 1643 1512 1698 sancti
1538 1643 1771 1713 Spiritus
1803 1642 2131 1707 defuturam,

2241 504 2295 550 ut
2323 497 2468 551 idem
2496 503 2833 567 contemptor
2861 504 2913 550 et
2939 495 3285 551 conculcator
3313 511 3595 551 sacrorum
3651 511 3821 550 cano-

2237 601 2365 639 num
2394 585 2447 639 in
2477 585 2650 657 gradu
2677 584 2970 653 restitutus,
2990 592 3078 639 aut
3097 584 3149 638 in
3173 591 3390 639 nostras
3406 583 3719 655 provincias
3750 584 3823 638 ad

2235 673 2562 727 audientiam
2592 673 2913 741 remittatur,
2948 680 3039 727 aut
3066 673 3183 728 sine
3228 672 3505 736 audientia
3549 672 3606 727 in
3651 671 3817 727 resti-
3896 675 3904 683 '

2237 761 2440 816 tutione
2469 777 2688 816 manere
2722 762 2996 831 jubeatur,
3021 768 3079 815 ut
3107 777 3229 815 cum
3250 760 3405 816 venia
3436 768 3617 816 vestra
3662 760 3823 816 dica-

2236 866 2376 915 mus,
2411 850 2639 904 ulterius
2671 850 2814 922 quod
2835 850 3008 904 isdem
3037 849 3105 903 ab
3132 849 3266 920 ipsis
3310 848 3663 904 ordinationis
3712 865 3826 905 sua

2237 936 2552 1009 primordiis
2583 954 2802 1009 semper
2829 937 3095 1009 quasivit,
3130 946 3187 991 ut
3206 936 3263 991 in
3282 937 3483 992 nostris
3503 937 3827 1008 provinciis,

2236 1035 2434 1089 nullius
2464 1034 2807 1091 coercitionis
2837 1042 3087 1104 respectu
3118 1033 3379 1105 quidquid
3409 1034 3589 1101 vellet,
3649 1033 3828 1089 licen-

2238 1131 2320 1177 ter
2350 1139 2518 1194 agere
2541 1130 2749 1193 posset,
2785 1121 2962 1178 sciens
2990 1138 3092 1177 nos
3123 1122 3190 1176 de
3208 1121 3436 1193 singulis
3456 1122 3685 1177 Romam
3708 1121 3831 1176 mit-

2239 1220 2351 1267 tere
2381 1228 2490 1266 non
2518 1227 2681 1282 posse
2714 1228 2727 1266 :
2762 1227 3044 1282 usquequo
3071 1211 3237 1265 iidem
3275 1210 3449 1266 sancti
3487 1212 3670 1266 Patres
3721 1225 3827 1265 no—

2236 1300 2353 1365 stri,
2401 1299 2493 1370 qui
2534 1300 2710 1354 adhuc
2753 1299 3039 1353 nobiscum
3084 1298 3140 1353 in
3188 1298 3300 1352 suis
3348 1298 3828 1353 constitutionibus

2236 1386 2438 1457 vivunt,
2470 1394 2523 1441 et
2554 1387 2855 1442 secundum
2884 1387 3158 1442 tramitem
3184 1394 3495 1442 sanctarum
3544 1386 3826 1442 Scritura—

2235 1492 2377 1541 rum,
2409 1475 2861 1547 traditionemque
2888 1475 3278 1546 apostolorum,
3319 1475 3597 1545 praeventi,
3632 1490 3697 1531 ac
3743 1474 3827 1529 in-

2235 1564 2465 1634 spiritati
2496 1564 2667 1634 gratia
2697 1564 2870 1618 sancti
2899 1563 3150 1633 Spiritus,
3184 1563 3252 1619 de
3281 1563 3628 1632 hujusmondi
3649 1562 3826 1630 factis,

2236 1669 2356 1723 qua
2383 1653 2642 1717 insolens,
2663 1660 2715 1707 et
2736 1660 3116 1725 transgressor
3136 1668 3413 1707 sacrarum
3431 1651 3635 1723 legum,
3656 1666 3719 1707 ac
3740 1668 3827 1707 re-

538 1747 659 1823 qua
680 1732 904 1803 aquitas
935 1748 968 1786 8.
1006 1732 1217 1823 Christi
1240 1731 1608 1788 sacerdotibus
1643 1732 2018 1823 etprudenter
2045 1731 2133 1786 νὶ-
2161 1763 2215 1823 Β
2237 1741 2492 1813 gularum
2520 1741 2893 1795 Laudunensis
2950 1740 3275 1796 Hincmarus
3331 1740 3570 1795 noscitur
3623 1756 3825 1811 perpe-

535 1819 746 1886 deatur,
780 1827 833 1874 et
875 1820 1312 1875 constantissime
1354 1827 1616 1875 teneatur.
1647 1840 1669 1869 ι
1704 1820 1932 1874 Maxime
1952 1827 2132 1874 autem

543 1923 665 1963 cum
701 1906 1018 1965 diﬂinitione
1048 1925 1110 1963 ac
1147 1908 1449 1978 patrocinio
1507 1914 1706 1963 sancta
1748 1916 1801 1962 et
1825 1907 2136 1978 apostolica

538 1995 685 2050 sedis
717 1996 1017 2050 secundum
1046 1996 1201 2068 leges
1232 2004 1285 2050 et
1315 1995 1509 2052 Africa
1547 1995 1847 2067 provincia
1874 2010 2132 2064 canones,

538 2083 674 2138 illud
703 2091 874 2138 ratum
904 2084 1096 2139 haberi
1123 2099 1285 2154 posse
1303 2085 1617 2140 ostendatur
1638 2082 1958 2153 judicatum,
1996 2106 2017 2130 ιι
2043 2082 2134 2137 ubi

538 2170 759 2226 testium
787 2172 1109 2227 necessaria
1127 2188 1378 2242 persona
1397 2173 1605 2244 absque
1627 2188 1809 2237 sexus,
1831 2170 1918 2226 vel
1941 2186 2133 2227 senec-

536 2259 682 2329 tutis,
717 2276 812 2315 seu
838 2259 1181 2328 infirmitatis,
1204 2261 1292 2316 vel
1319 2261 1609 2316 multorum
1647 2261 1872 2316 aliorum
1901 2275 2133 2316 excusa-

535 2348 682 2404 tione
719 2348 1251 2420 impedimentorum,
1282 2357 1508 2420 possunt
1543 2348 1757 2404 adduci.
1810 2371 1831 2393 ι
1866 2347 2133 2417 Quoniam

535 2453 696 2492 nemo
750 2437 856 2492 nisi
884 2445 976 2492 aut
1027 2437 1314 2508 scriptura,
1374 2446 1464 2491 aut
1521 2438 1763 2502 testibus,
1797 2436 2044 2508 legaliter
2071 2452 2135 2491 ac

538 2524 856 2597 regulariter
892 2533 1072 2596 potest
1115 2525 1364 2582 convinci
1411 2543 1425 2580 :
1474 2526 1610 2580 sicut
1652 2525 1977 2580 Hincmarus
2022 2524 2134 2579 suis

538 2613 775 2684 scriptis,
808 2629 873 2669 ac
902 2614 1417 2685 subscriptionibus,
1451 2621 1503 2669 et
1533 2613 1745 2669 idoneis
1791 2613 2023 2668 testibus
2052 2620 2135 2668 est

535 2700 592 2756 in
622 2702 831 2772 synodo
863 2717 1043 2758 coram
1060 2702 1218 2758 nobis
1249 2702 1546 2759 convictus.

612 2788 751 2858 Quia
807 2806 969 2863 ergos
1021 2806 1139 2857 nos,
1202 2798 1458 2862 quantum
1515 2790 1716 2847 scimus
1762 2797 1815 2846 et
1842 2806 2134 2862 possumus

536 2877 881 2951 privilegium
912 2885 1113 2935 sancta
1142 2894 1204 2935 ac
1233 2879 1425 2951 prima
1453 2879 1598 2934 sedis
1628 2880 1902 2945 Romana,
1924 2887 1976 2934 et
2005 2894 2136 2935 con-

538 2981 762 3023 servare
783 3008 798 3032 ,
835 2975 888 3022 et
936 2966 1226 3034 obaudire,
1261 2974 1314 3023 et
1360 2967 1622 3023 extollere
1668 2967 1937 3037 cupimus,
1971 2974 2134 3038 atque

538 3054 868 3127 satagimus,
897 3077 919 3105 (
951 3071 1052 3127 pro
1090 3071 1189 3111 suo
1241 3055 1445 3112 scilicet
1486 3055 1794 3127 principatu
1819 3098 1832 3122 ,
1866 3070 2028 3127 quem
2070 3056 2129 3109 B.

540 3142 728 3200 Petrus
756 3144 1035 3215 apostolus
1063 3143 1280 3200 Domini
1308 3160 1442 3201 voce
1496 3151 1833 3216 perceptum,
1880 3143 2131 3199 Ecclesia

530 3230 881 3288 nihilominus
925 3233 1293 3304 subsequente
1337 3241 1389 3287 et
1406 3232 1576 3288 tenuit
1613 3218 1841 3303 semper;
1885 3239 1939 3287 et
1996 3231 2131 3287 reti-

538 3326 631 3374 net
662 3337 676 3374 :
708 3338 737 3372 »
770 3328 948 3375 servet
976 3327 1157 3375 vestra
1183 3320 1501 3391 paternitas,
1534 3328 1587 3375 et
1641 3336 1674 3375 a
1711 3322 1828 3375 Deo
1858 3319 1913 3374 in
1954 3321 2132 3390 prima

540 3406 672 3463 sede
719 3408 1006 3464 constituta
1049 3408 1356 3478 auctoritas,
1389 3409 1567 3475 nobis,
1600 3407 1726 3463 filiis
1773 3415 1826 3463 et
1874 3408 2132 3476 subjectis

541 3494 646 3550 sibi
676 3495 945 3567 episcopis
974 3497 1339 3554 ecclesiastica
1368 3496 1673 3570 privilegia,
1706 3513 1739 3551 a
1770 3496 1942 3552 sacris
1969 3511 2131 3552 cano-

540 3584 720 3652 nibus,
754 3592 807 3640 et
833 3586 1030 3641 vestris
1058 3586 1463 3652 decessoribus,
1510 3602 1575 3641 ac
1631 3584 2131 3657 pradecessoribus

541 3681 883 3730 conservata.
918 3674 1196 3742 Quatenus
1225 3682 1277 3728 et
1305 3674 1605 3746 apostolica
1635 3675 1796 3730 sedes
1852 3674 2132 3745 proprium

542 3760 789 3832 vigorem
818 3761 1070 3829 retineat,
1096 3769 1150 3818 et
1169 3778 1200 3816 a
1229 3779 1287 3818 se
1307 3777 1575 3819 concessa
1605 3762 1727 3818 aliis
1756 3779 1850 3817 sua
1871 3762 1995 3831 jura
2022 3778 2131 3818 non

541 3849 767 3905 minuat.
802 3848 952 3905 Sicut
979 3850 1039 3904 B.
1076 3850 1380 3922 Gregorius
1413 3851 1661 3906 Scribens
1690 3851 1760 3906 ad
1788 3850 2132 3907 Dominicum

542 3937 1031 4011 Carthaginensem
1059 3939 1375 4010 episcopum
1405 3938 1588 4012 [epist.
1622 3938 1735 4012 39.]
1769 3957 1781 3994 :
1811 3961 1832 3990 α
1859 3941 1938 3995 De
1955 3939 2133 3995 eccle-

546 4026 797 4093 siasticis,
830 4027 1023 4099 inquit,
1056 4027 1359 4101 privilegiis
1407 4029 1549 4100 quod
1594 4036 1777 4084 vestra
1824 4028 2131 4084 fraternitas

541 4115 747 4183 scribit,
767 4117 870 4172 hoc
887 4116 1189 4188 postposita
1217 4117 1554 4173 dubitatione
1583 4125 1779 4185 teneat,
1814 4117 1938 4189 quia
1996 4116 2132 4173 sicut

541 4212 729 4260 nostra
759 4205 1123 4271 defendimus,
1155 4206 1225 4260 ita
1256 4206 1486 4280 singulis
1514 4207 1815 4279 quibusque
1869 4206 2130 4262 Ecclesiis

540 4310 635 4349 sua
685 4295 809 4364 jura
866 4310 1193 4350 servamus:
1244 4312 1345 4350 nec
1393 4295 1610 4350 cuilibet
1668 4295 1882 4350 favente
1931 4296 2126 4367 gratia,

539 4383 683 4438 ultra
711 4399 873 4454 quam
902 4391 1146 4438 meretur
1174 4383 1494 4453 impertior;
1527 4400 1628 4439 nec
1674 4383 1769 4438 ulli
1822 4384 1927 4439 hoc
1985 4386 2130 4455 quod

540 4471 624 4526 sui
648 4470 787 4541 juris
816 4478 920 4537 est,
953 4471 1156 4526 ambitu
1184 4470 1491 4526 stimulante
1535 4471 1814 4544 derogabo
1863 4470 1984 4543 [al.,
2034 4472 2131 4528 de—
2157 4474 2211 4535 D

540 4559 696 4633 rogo]
722 4578 736 4628 ;
761 4559 858 4615 sed
888 4558 1087 4614 fratres
1117 4574 1270 4614 meos
1298 4561 1566 4614 honorare
1596 4576 1695 4629 per
1721 4558 1903 4614 omnia
1946 4560 2125 4630 cupio,

541 4648 728 4720 sicque
758 4648 949 4703 studeo
978 4660 1073 4703 eos
1099 4648 1154 4702 in
1185 4648 1424 4703 honores
1453 4647 1681 4702 subvehi
1729 4646 1859 4719 [al.,
1922 4649 2131 4704 honore

543 4735 789 4807 singulos
819 4735 1089 4809 subvehi],
1124 4735 1417 4790 dummodo
1471 4751 1579 4790 non
1640 4735 1728 4802 sit,
1788 4735 1933 4807 quod
1980 4735 2132 4791 alteri

537 4825 662 4893 jure
691 4825 758 4879 ab
783 4825 954 4881 altero
984 4825 1157 4896 possit
1198 4824 1416 4896 apponi.
1445 4844 1467 4874 ι
1499 4824 1569 4878 Et
1597 4824 1665 4878 ad
1695 4824 1938 4879 Natalem
1970 4825 2131 4880 Salo-

543 4912 785 4967 nitanum
816 4913 1130 4984 episcopum
1166 4930 1178 4967 :
1214 4912 1434 4984 [indicit
1486 4916 1571 4967 10.
1631 4929 1717 4985 ep.
1775 4912 1887 4986 37.]
1922 4935 1944 4965 (ι
1976 4913 2133 4983 Quod

472 5035 477 5039 -
544 5016 677 5058 vero
698 5001 875 5057 dicitis
906 5002 1102 5057 vestris
1133 5000 1463 5073 temporibus
1495 5000 1617 5074 [al.,
1657 5002 1858 5057 nostris
1916 5010 2131 5074 tempo-

543 5088 719 5162 ribus]
749 5089 953 5145 debere
1000 5090 1224 5160 servari,
1256 5106 1376 5162 qua
1402 5106 1434 5145 a
1476 5090 1860 5146 decessoribus
1916 5107 2132 5163 quoque

545 5177 666 5251 [al.,
696 5194 726 5232 a
755 5178 892 5233 meis
913 5194 1131 5250 quoque
1145 5178 1383 5252 decess.]
1404 5178 1598 5234 tradita
1619 5187 1672 5234 et
1691 5179 1961 5235 custodita
1982 5187 2108 5234 sunt
2121 5198 2139 5247 :_

543 5267 684 5322 absit
702 5282 733 5321 a
759 5283 848 5322 me
877 5283 946 5322 ne
974 5274 1171 5323 statuta
1198 5269 1466 5338 majorum
1495 5268 1977 5325 consacerdotibus
1997 5268 2135 5324 meis

545 5355 603 5410 in
632 5355 873 5428 qualibet
902 5356 1135 5412 ecclesia
1160 5356 1451 5430 infringam
1481 5376 1495 5413 :
1529 5358 1654 5429 quia
1697 5357 1827 5412 mihi
1880 5357 2135 5428 injuriam

540 5444 704 5517 jacio,
738 5444 783 5500 si
811 5444 1038 5502 fratrum
1067 5462 1315 5501 meorum
1340 5448 1466 5516 jura
1495 5447 1769 5518 perturbo.
1808 5467 1830 5496 ι

617 5541 686 5603 Et
716 5541 762 5597 si
790 5540 944 5611 forte,
978 5544 1124 5616 quod
1152 5543 1308 5615 absit,
1357 5545 1725 5621 cujuscunque
1781 5544 2135 5616 suggestione

2163 3116 2211 3179 C

2236 1836 2429 1895 trasse,
2463 1837 2605 1884 certa
2632 1828 2917 1899 prafixcre
2938 1828 3162 1898 judicia,
3198 1844 3322 1884 cum
3351 1828 3572 1883 domino
3599 1828 3826 1897 indeju-

2236 1916 2467 1972 dicaturi
2479 1917 2785 1984 adveniant,
2819 1918 2888 1972 de
2912 1916 3083 1987 ipsius
3113 1917 3167 1970 in
3197 1916 3494 1987 episcopali
3523 1932 3647 1972 cum
3666 1933 3821 1972 ma...

2235 2005 2425 2059 ordine
2456 2006 2796 2076 perpetratis,
2830 2021 2892 2061 ac
2921 2005 3301 2076 perpetrandis
3330 2005 3663 2072 excessibus,
3687 2005 3828 2060 sicut

2236 2094 2497 2148 hactenus
2525 2094 2737 2149 actibus
2769 2094 2882 2162 ejus
2911 2094 3255 2150 conhibendo
3304 2109 3410 2148 non
3450 2093 3822 2149 communica-

2236 2181 2449 2249 vimus;
2480 2182 2553 2236 ita
2572 2182 2627 2236 in
2655 2182 3001 2252 postmodum
3032 2182 3178 2237 nulla
3206 2182 3274 2237 de
3304 2197 3370 2237 eo
3395 2181 3600 2250 judicia
3629 2182 3821 2237 decer-

2234 2286 2448 2337 nemus,
2467 2270 2552 2326 vel
2582 2286 2960 2342 quamcunque
2990 2271 3462 2341 proclamationem
3474 2270 3618 2341 apud
3634 2286 3822 2342 quem-

2235 2373 2450 2429 cunque
2481 2358 2758 2414 faciemus.
2791 2359 2949 2415 Vivat
2978 2359 3025 2413 si
3053 2359 3158 2413 sibi
3187 2359 3322 2415 sicut
3351 2358 3480 2424 vult,
3505 2359 3822 2415 consolante

2234 2447 2393 2501 nobis
2435 2462 2499 2502 ac
2536 2447 2851 2502 consulente
2908 2447 3190 2519 Apostolo,
3235 2448 3327 2520 qui
3379 2447 3554 2503 dicit:
3638 2449 3817 2503 Nolite

2235 2538 2654 2592 communicare
2696 2537 2950 2608 operibus
3016 2537 3389 2607 infructuosis
3434 2535 3811 2601 tenebrarum,

2234 2626 2412 2695 magis
2429 2628 2485 2679 et
2502 2624 2821 2695 redarguite
2843 2625 3063 2697 (Ephes.
3086 2623 3190 2695 v.).
3214 2623 3440 2697 Egimus
3469 2624 3614 2679 enim
3642 2624 3711 2679 de
3730 2624 3820 2679 illo

2233 2728 2334 2784 pro
2362 2712 2583 2768 modulo
2612 2711 2967 2782 nostro.Quia
2992 2711 3124 2769 sicut
3150 2712 3209 2768 B.
3233 2713 3565 2785 Augustinus
3583 2712 3818 2783 exponit,

2241 2823 2261 2850 α
2296 2802 2507 2856 duobus
2536 2800 2710 2856 modis
2738 2816 2839 2857 nos
2867 2817 2977 2856 non
3005 2801 3240 2857 maculat
3270 2801 3464 2868 malus,
3501 2801 3726 2868 scilicet,
3776 2801 3822 2856 si

2234 2906 2342 2945 non
2373 2890 2775 2946 consentiamus
2804 2891 2921 2959 ejus
2950 2890 3204 2961 operibus
3233 2890 3428 2957 malis;
3458 2898 3512 2945 et
3540 2890 3586 2944 si
3614 2906 3681 2946 ea
3727 2906 3817 2945 re-

2234 2978 2585 3051 darguamus.
2624 2998 2646 3029 r
2680 2979 2802 3033 Non
2844 2978 3222 3033 consensimus
3279 2978 3498 3049 quidem
3531 2995 3544 3031 :
3604 2977 3713 3033 imo
3770 2987 3823 3034 et

2234 3067 2352 3136 ejus
2380 3081 2548 3138 opera
2575 3065 2949 3138 redarguimus
2973 3085 2988 3134 ;
3021 3074 3073 3122 et
3103 3082 3267 3138 quem
3295 3066 3574 3139 corrigere
3595 3082 3707 3123 non
3725 3082 3818 3138 po-

2231 3154 2447 3221 tuimus,
2474 3154 2770 3224 judicatum
2801 3170 2834 3209 a
2861 3154 3020 3209 nobis
3050 3154 3152 3209 Dei
3204 3154 3478 3210 mediante
3530 3155 3815 3226 sententia,

2229 3242 2559 3299 diﬂ‘lnitionis
2590 3251 2782 3299 vestra
2802 3242 3011 3312 judicio
3039 3243 3441 3300 reservavimus
3476 3261 3489 3298 :
3522 3244 3704 3299 et'sub
3723 3259 3819 3316 ge-

2230 3339 2436 3387 storum
2468 3331 2630 3399 serie,
2664 3348 2784 3403 qua
2804 3339 2925 3386 acta
2947 3331 3565 3403 suntpervenerabilem
3605 3331 3821 3402 episco-

2228 3437 2359 3491 pum
2386 3428 2634 3476 nostrum
2664 3420 2973 3487 Actardum,
3008 3420 3099 3491 qui
3142 3420 3495 3491 synodalibus
3538 3419 3819 3476 diﬁinitio-

2228 3509 2389 3563 nibus
2417 3509 2620 3565 nostris
2648 3507 2905 3579 interfuit,
2928 3508 3242 3579 paternitati
3287 3516 3484 3565 vestra
3531 3508 3820 3581 dirigimus

2230 3596 2425 3668 [Locus
2453 3596 2791 3669 corruptus].
2833 3596 2993 3665 Quod
3027 3604 3079 3652 et
3115 3596 3183 3652 de
3214 3597 3462 3653 Rothado
3490 3596 3817 3664 faceremus,

2230 3685 2277 3739 si
2306 3685 2499 3756 legatis
2527 3684 2729 3740 nostris
2757 3685 2985 3741 facultas
3015 3685 3326 3741 transeundi
3372 3685 3540 3755 Alpes
3595 3684 3652 3739 in
3705 3684 3821 3739 illis

2229 3773 2562 3845 temporibus
2592 3774 2999 3830 concederetur.
3033 3773 3247 3831 Credite
3275 3789 3410 3847 ergo
3438 3772 3566 3828 ﬁdei
3594 3780 3818 3843 nostra,

2230 3862 2358 3934 quia
2386 3878 2497 3917 non
2524 3861 2743 3919 inimico
2772 3862 2972 3929 animo,
3005 3862 3092 3917 vel
3138 3861 3321 3933 aliqua
3365 3861 3675 3932 cupiditate,
3729 3869 3821 3916 aut

2229 3951 2402 4023 gratia
2429 3951 2712 4022 depravati
2741 3967 2865 4006 eum
2905 3949 3271 4020 judicavimus
3304 3967 3316 4004 :
3365 3950 3463 4006 sed
3501 3950 3621 4021 ipso
3638 3949 3822 4005 multis

2230 4048 2284 4095 et
2311 4039 2580 4109 maximis,
2614 4047 2775 4111 atque
2804 4039 3024 4094 diutinis
3056 4040 3370 4095 excessibus
3418 4054 3518 4095 nos
3572 4038 3821 4109 compel-

2229 4128 2374 4185 lente
2406 4146 2419 4183 :
2453 4145 2516 4185 ac
2545 4145 2642 4200 per
2674 4130 2778 4184 hoc
2806 4128 3031 4197 credite,
3058 4129 3211 4197 juxta
3240 4127 3595 4183 Sardicenses
3650 4142 3821 4183 cano-

2230 4234 2348 4285 nes,
2380 4232 2544 4289 posse
2574 4216 2834 4284 suﬂicere,
2868 4217 3005 4272 sicut
3032 4216 3357 4289 regulariter
3386 4215 3606 4288 negotio
3634 4215 3826 4270 termi-

2229 4323 2360 4361 num
2384 4306 2761 4378 imposuimus,
2780 4313 3025 4361 nostrum
3041 4305 3301 4375 judicium
3323 4311 3502 4359 vestra
3524 4304 3821 4359 roborante

2231 4395 2514 4451 sententia.

2303 4482 2713 4555 (Flodoard.,{l.
2754 4498 2834 4553 In,
2877 4501 2925 4538 ο.
2966 4482 3080 4553 21.)
3148 4480 3533 4537 Venerabilem
3574 4480 3833 4552 'denique

2229 4571 2468 4641 fratrem,
2500 4580 2553 4627 et
2580 4571 2964 4643 coepiscopum
3005 4578 3251 4625 nostrum
3294 4569 3606 4638 Actardum,
3660 4585 3823 4641 quem

2230 4661 2406 4715 clerus
2434 4668 2487 4715 et
2514 4660 2673 4731 plebs
2702 4659 3018 4731 metropolis
3059 4658 3321 4716 Ecclesia
3366 4657 3722 4724 Turonensis,
3765 4657 3821 4712 in

2231 4749 2425 4803 eadem
2453 4749 2688 4805 ecclesia
2714 4748 3061 4819 baptizatum,
3095 4756 3331 4816 tonsum,
3365 4754 3419 4801 et
3446 4746 3729 4812 nutritum,
3753 4760 3819 4802 ac

2230 4853 2328 4906 per
2356 4837 2602 4908 singulos
2629 4837 2833 4910 gradus
2864 4838 2934 4892 ad
2960 4837 3208 4893 ordinem
3240 4837 3586 4908 episcopatus
3614 4849 3821 4906 prove—

2231 4933 2396 4992 ctum,
2447 4925 2549 4980 sibi
2595 4925 2930 4982 incardinari
2973 4925 3263 4997 deposcit:
3312 4940 3585 4997 quemque
3639 4930 3822 4980 vestra

2231 5014 2529 5086 paternitas
2558 5014 2715 5069 nobis
2745 5014 3214 5079 incardinandum,
3248 5013 3411 5068 etiam
3442 5013 3488 5068 si
3518 5012 3672 5068 locus
3702 5028 3823 5068 eve-

2230 5102 2369 5157 niret
2396 5103 2453 5156 in
2480 5103 2681 5158 nostris
2710 5103 3024 5176 regionibus
3051 5103 3108 5156 in
3136 5101 3421 5172 metropoli
3477 5115 3822 5157 recommen-

2233 5191 2400 5258 davit,
2423 5192 2728 5248 auctoritati
2758 5200 2951 5248 vestra
2980 5190 3322 5247 remittimus.
3358 5188 3641 5257 Quatenus
3671 5188 3825 5243 illum

2230 5280 2287 5334 in
2314 5279 2534 5351 praefata
2560 5279 2864 5352 metropoli,
2924 5295 3008 5346 eo,
3068 5279 3115 5333 si
3170 5278 3324 5333 vobis
3380 5278 3575 5348 placet,
3636 5285 3826 5332 tenore

2231 5368 2698 5440 archiepiscopum
2726 5367 3096 5434 incardinetis,
3128 5374 3185 5422 ut
3211 5374 3333 5438 post
3363 5366 3650 5422 decessum
3678 5364 3822 5420 illius

2234 5456 2469 5528 praefata
2497 5456 2781 5528 metropoli
2811 5454 3058 5513 ecclesia
3087 5455 3220 5513 cleri
3251 5471 3316 5511 ac
3336 5453 3512 5525 plebis
3529 5452 3819 5520 electione,

2235 5546 2368 5603 sicut
2396 5546 2603 5620 regulae
2631 5562 2799 5603 sacra
2828 5545 3165 5618 praecipiunt,
3202 5552 3255 5601 et
3285 5550 3440 5600 vetus
3481 5543 3823 5600 consuetudo
