4174 6304
350 271 450 326 641

1074 271 1314 327 OPUSC.
1347 272 1438 326 ET
1494 272 1709 327 EPIST.
1770 271 1842 325 IN
1899 269 2124 326 CAUSA
2176 271 2516 326 HINCMARI
2573 272 2877 329 LAUDUN.

3548 276 3652 331 642

349 393 538 466 exigit,
564 410 593 448 a
622 392 988 467 suffraganeis
1018 403 1070 449 et
1101 396 1524 466 provincialibus
1555 395 1823 467 episcOpis
1854 394 1948 449 ibi—
1976 394 2258 466 Atropoli,
2292 412 2376 464 eo,
2411 395 2456 449 si
2504 395 2660 450 vobis
2702 395 2894 466 placet,
2945 404 3135 452 tenore
3172 396 3640 468 archiepiscOpum

351 482 476 537 dem
528 483 958 554 metropolitanis
1017 484 1294 539 ordinetur
1351 485 1636 555 episc0pus
1685 484 1951 555 (Adrian,

350 587 437 642 ep.
473 575 504 627 2
536 572 607 626 ad
668 573 834 644 cpisc,
870 573 1059 644 synod.
1093 573 1400 644 Suession.)
1433 573 1606 641 Quem
1635 573 1778 638 licet,
1805 574 1955 642 juxta

351 659 726 715 Antiochenos
756 676 993 715 canones
1023 661 1260 732 perfecto
1292 661 1540 730 concilio,
1574 670 1735 733 atque
1767 677 1955 716 secun-

354 748 482 802 dum
515 749 844 819 apostolicas
865 759 1075 804 vestras
1105 750 1313 804 litteras
1342 751 1554 805 vacanti
1585 750 1844 805 Ecclesia
1875 749 1956 803 in-

358 837 647 891 cardinare
679 853 964 907 possemus
999 856 1011 892 :
1047 838 1174 909 quia
1205 847 1384 893 tamen
1415 839 1745 894 Turonensis
1773 839 1958 894 Eccle-

354 924 432 979 sia
463 941 527 979 ex
558 925 778 997 antiquo
821 926 1159 996 metropolis,
1211 934 1263 980 et
1303 927 1446 980 beati
1492 928 1701 980 Martini
1748 927 1957 982 meritis

351 1013 722 1068 famosissima
766 1023 818 1069 et
847 1015 1178 1070 honorabilis
1222 1031 1436 1085 semper
1477 1016 1694 1082 exstitit,
1729 1025 1781 1071 et
1808 1033 1956 1086 pra-

356 1101 498 1156 fatus
548 1103 710 1157 frater
756 1113 938 1158 noster
977 1104 1244 1159 Actardus
1292 1105 1618 1159 venerabilis
1665 1105 1956 1175 cpiscopus

353 1191 518 1262 genio
562 1191 711 1261 pallii
743 1201 766 1225 ³
796 1208 828 1246 a
877 1192 1208 1264 benignitate
1256 1201 1436 1247 vestra
1484 1201 1563 1247 est
1611 1195 1953 1248 honoratus:

359 1279 732 1334 rationabilius
788 1280 1039 1349 vidimus,
1101 1289 1158 1335 ut
1200 1281 1457 1352 petitione
1507 1281 1637 1337 cleri
1679 1298 1742 1336 ac
1781 1281 1958 1352 plebis

356 1366 529 1436 ipsius
559 1368 825 1436 ecclesia,
861 1377 912 1424 et
945 1385 1215 1424 consensu
1245 1378 1446 1425 nostra
1473 1369 1863 1436 unanimitatis,
1896 1387 1958 1424 ac

352 1453 538 1510 fovore
589 1456 775 1510 domni
804 1457 975 1512 nostri
1006 1457 1186 1512 Caroli
1216 1458 1363 1530 regis
1431 1458 1654 1530 gloriosi
1685 1459 1956 1529 (Adrian.,

355 1545 520 1615 epist.
553 1548 642 1610 28,
681 1545 752 1598 ad
785 1545 1010 1616 Carol.),
1070 1562 1132 1600 ac
1189 1555 1369 1600 vestra
1418 1546 1735 1602 auctoritate
1783 1547 1959 1602 eidem

355 1631 730 1688 incardinetur
786 1633 1066 1688 Ecclesia.
1147 1634 1296 1689 Deus
1370 1642 1557 1690 noster
1615 1636 1959 1690 sanctitatem

351 1728 588 1774 vestram
631 1737 748 1776 avo
781 1721 1030 1794 longiore
1075 1731 1318 1778 orantem
1347 1739 1448 1793 pro
1477 1723 1634 1778 nobis
1666 1724 1949 1792 custodiat,
1981 1749 2034 1807 B

354 1808 574 1863 domine
649 1811 1089 1866 reverentissime
1153 1813 1312 1866 Pater
1384 1811 1439 1865 in
1514 1813 1765 1868 Domino.
1817 1814 1954 1867 Data

351 1910 453 1950 vm
510 1897 636 1951 Idus
695 1898 997 1969 Septembr.
1046 1900 1329 1970 praesentis
1379 1908 1582 1971 quarta
1622 1901 1958 1957 indietionis.

576 2181 917 2240 EPISTOLA
955 2185 1297 2241 HINCMARI
1335 2183 1737 2240 RHEMENSIS

837 2340 910 2379 AD
950 2339 1243 2381 ADRIANUM
1279 2339 1462 2380 PAPAM
1469 2367 1481 2380 .

775 2467 936 2522 (Apud
966 2466 1218 2512 Labbeum
1242 2466 1329 2513 ubi
1358 2467 1548 2522 supra.)

428 2591 661 2647 Domino
722 2592 1064 2648 sanctissimo
1121 2600 1173 2648 et
1229 2591 1671 2648 reverentissimo
1737 2593 1955 2647 Patrum

355 2680 504 2735 Patri
548 2681 806 2747 Adriano,
857 2681 1048 2752 prima
1099 2680 1245 2736 sedis
1294 2681 1606 2752 apostolica
1654 2688 1707 2735 et
1732 2681 1957 2737 univer-

357 2768 485 2824 salis
557 2769 818 2825 Ecclesiae
887 2786 1061 2840 papa,
1141 2769 1484 2835 Hincmarus,
1559 2770 1776 2824 nomine
1849 2785 1956 2826 non

355 2857 552 2912 merito
573 2859 904 2913 Rhemorum
935 2859 1246 2930 episcOpus,
1278 2875 1339 2913 ac
1368 2858 1544 2929 plebis
1572 2858 1673 2914 Dei
1701 2858 1955 2914 famulus.

429 2945 811 3002 Venerabilem
868 2946 1114 3012 fratrem,
1166 2955 1218 3002 et
1269 2947 1652 3018 coepiscopum
1711 2956 1958 3003 nostrum

357 3035 676 3102 Actardum,
708 3035 846 3090 sicut
874 3044 1058 3091 vestra
1087 3036 1331 3108 dignatio
1353 3036 1632 3108 exiguitati
1659 3053 1796 3092 mea
1824 3037 1960 3092 litte-

355 3123 435 3178 ris
479 3123 592 3178 suis
637 3124 895 3195 praecepit
933 3118 1177 3196 (Adrian.
1213 3128 1373 3197 epist.
1412 3127 1460 3190 4,
1494 3127 1564 3181 ad
1599 3126 1868 3197 Βίτωνι),
1902 3126 1957 3179 in

359 3213 569 3286 gremio
601 3213 902 3268 dilectionis
933 3213 1167 3284 suscepi,
1199 3222 1250 3268 et
1269 3231 1299 3267 a
1318 3213 1550 3286 paganis
1580 3215 1952 3281 Nortmannis,

359 3316 575 3356 necnon
617 3310 667 3356 et
711 3318 740 3356 a
786 3302 1308 3373 pseudocbristianis
1349 3303 1676 3358 Brittonibus
1735 3304 1802 3357 de
1861 3318 1956 3357 sua

361 3390 491 3446 sede
524 3391 827 3461 expulsum,
855 3406 1124 3446 consensu
1155 3391 1602 3462 coepisc0porum
1633 3391 1957 3447 Rhemensis

359 3479 674 3550 provincia,
708 3497 770 3534 ac
798 3479 982 3535 favore
1013 3480 1200 3535 domui
1243 3481 1416 3535 nostri
1444 3479 1625 3535 Caroli
1651 3481 1799 3553 regis
1831 3481 1956 3553 glo-

355 3567 504 3633 riosi,
567 3568 621 3622 in
676 3577 902 3624 vacante
957 3568 1191 3624 ecclesia
1266 3568 1598 3641 [Morinensi]
1657 3569 1958 3625 diaceseos

356 3665 555 3711 nostra
583 3657 762 3713 locum
793 3657 1151 3725 sacrificandi,
1177 3665 1231 3728 et
1259 3657 1570 3728 episcopale
1598 3659 1959 3713 ministerium

355 3745 656 3818 peragendi
693 3747 941 3802 concessi
973 3766 990 3802 :
1020 3754 1072 3801 et
1121 3748 1415 3802 secundum
1460 3747 1814 3802 Sardicenses
1861 3762 1959 3803 ca-

356 3849 530 3889 nones
561 3834 710 3906 (can.
745 3839 796 3901 3,
831 3840 916 3902 l2,
947 3837 1040 3907 21)
1090 3835 1420 3891 immorandi
1463 3835 1739 3891 licentiam
1783 3837 1910 3892 dedi
1942 3856 1956 3892 :

358 3931 412 3978 et
440 3923 508 3978 de
538 3923 704 3978 rebus
736 3939 802 3978 ac
831 3923 1172 3980 facultatibus
1221 3926 1466 3993 ejusdem
1498 3926 1766 3992 ecclesia,
1801 3925 1961 3999 larga

359 4011 741 4068 benevolentia
769 4013 1156 4068 humanitatem
1183 4014 1427 4069 exhiberi
1469 4015 1706 4086 praecepi
1738 4034 1750 4069 :
1786 4031 1960 4088 usque

360 4099 491 4156 dum
539 4109 698 4172 aptus
743 4110 797 4157 et
838 4102 1170 4158 conveniens
1219 4102 1322 4157 sibi
1366 4102 1520 4158 locus
1567 4104 1824 4170 eveniret,
1869 4103 1962 4159 ubi

360 4191 659 4246 secundum
687 4192 1111 4263 praeceptionem
1140 4199 1377 4247 vestram
1400 4199 1587 4264 posset
1603 4193 1958 4248 incardinari.

360 4280 420 4333 In
451 4295 554 4350 qua
583 4288 808 4336 vacante
837 4280 1068 4337 ecclesia
1097 4281 1401 4336 dioeceseos
1430 4288 1633 4337 nostra
1664 4281 1963 4337 secundum

361 4369 692 4439 apostolicas
740 4369 943 4424 litteras
980 4377 1208 4439 vestras,
1259 4369 1586 4426 incardinari
1616 4385 1726 4426 non
1755 4370 1962 4441 potuit;

2055 482 2418 550 incardinetis,
2451 492 2508 538 ut
2535 492 2657 554 post
2706 485 2991 540 decessum
3033 485 3194 552 illius,
3246 486 3486 558 prafata
3530 502 3650 540 me-

2057 571 2251 642 tr0poli
2293 572 2561 639 ecclesia,
2613 573 2746 628 cleri
2775 581 2828 627 et
2855 573 3028 642 plebis
3078 573 3360 640 electione,
3395 574 3533 630 sicut
3563 590 3651 629 re-

2056 660 2200 732 gula
2251 676 2418 716 sacra
2460 661 2797 731 pracipiunt,
2832 669 2883 714 et
2913 669 3066 716 vetus
3096 663 3428 718 consuetudo
3459 662 3644 733 exigit,

2055 764 2086 800 a
2132 748 2490 819 suffraganeis
2539 757 2590 803 et
2634 749 3056 819 provincialibus
3114 749 3403 820 episc0pis,
3450 750 3653 804 ibidem

2055 837 2504 907 metropolitanus
2534 837 2813 892 ordinetur
2843 837 3150 908 episcopus.
3176 837 3351 906 Quem
3367 839 3657 907 licetjuxta

2057 926 2424 980 Antiochenos
2456 941 2694 980 canones
2722 925 2962 996 perfecto
2990 925 3240 992 concilio,
3272 934 3429 997 atque
3459 943 3656 982 secun-

2057 1014 2185 1067 dum
2212 1015 2540 1084 apostolicas
2569 1022 2782 1069 vestras
2811 1013 3021 1068 litteras
3046 1015 3262 1070 vacanti
3291 1015 3536 1069 ecclesia
3567 1015 3654 1068 in-

2058 1101 2346 1156 cardinare
2375 1118 2661 1172 possemus
2694 1121 2706 1156 :
2741 1110 2922 1156 tamen
2956 1102 3079 1173 quia
3109 1103 3438 1158 Turonensis
3468 1103 3660 1158 Eccle-

2059 1189 2139 1244 sia
2171 1206 2233 1244 ex
2268 1189 2485 1261 antiquo
2533 1190 2872 1261 metrOpolis,
2925 1198 2978 1244 et
3022 1191 3166 1245 beati
3214 1191 3424 1245 Martini
3453 1191 3658 1246 meritis

2059 1277 2440 1345 famosissima,
2473 1285 2524 1333 et
2553 1278 2886 1334 honorabilis
2916 1295 3132 1348 semper
3160 1279 3399 1346 exstitit;
3434 1287 3485 1334 et
3515 1295 3658 1350 pra-

2058 1365 2200 1420 fatus
2230 1366 2394 1422 frater
2421 1375 2607 1422 noster
2653 1367 2922 1422 Actardus
2967 1367 3297 1421 venerabilis
3342 1367 3656 1440 episcopus,

2058 1454 2220 1526 genio
2275 1454 2441 1524 pallii,
2483 1472 2512 1507 a
2544 1455 2876 1525 benignitate
2933 1462 3118 1509 vestra
3175 1463 3257 1510 est
3315 1457 3656 1510 honoratus:

2060 1541 2428 1598 rationabilius
2487 1542 2738 1608 vidimus,
2795 1549 2852 1596 ut
2898 1543 3155 1613 petitione
3205 1543 3334 1598 cleri
3380 1559 3440 1598 ac
3481 1543 3660 1613 plebis

2059 1629 2230 1700 ipsius
2261 1631 2526 1696 ecclesia,
2563 1638 2614 1686 et
2643 1647 2913 1686 consensu
2942 1639 3143 1686 nostra
3173 1631 3562 1697 unanimitatis,
3597 1647 3662 1686 ac

2057 1719 2240 1774 favore
2290 1719 2475 1774 domni
2520 1718 2693 1774 nostri
2745 1719 2925 1774 Caroli
2954 1719 3102 1790 regis
3135 1719 3379 1790 gloriosi,
3415 1736 3447 1773 a
3476 1727 3661 1775 vestra

2065 1808 2378 1863 auctoritate
2410 1808 2588 1862 eidem
2618 1808 2982 1885 incardinetur
3011 1807 3275 1863 ecclesia.

2132 1897 2212 1952 De
2242 1912 2410 1952 causa
2439 1913 2566 1951 vero
2598 1895 2784 1950 fratris
2814 1895 3110 1962 Hincmari,
3148 1894 3477 1952 sufficienter
3506 1896 3662 1952 vobis

2061 1992 2342 2058 gestorum
2389 1984 2582 2051 series,
2634 2000 2794 2054 quam
2837 2001 2935 2055 per
2959 1985 3103 2040 hunc
3142 1985 3511 2040 venerabilem
3542 1984 3660 2040 fra-

2061 2082 2197 2128 trem
2247 2081 2298 2127 et
2339 2073 2720 2144 coepiscopum
2769 2080 3011 2127 nostrum
3054 2073 3365 2140 Actardum,
3421 2073 3661 2144 synodus

2058 2161 2112 2215 in
2142 2161 2402 2232 parochia
2448 2160 2742 2216 Rhemensi
2787 2177 2962 2231 nuper
2989 2160 3194 2230 habita,
3246 2168 3440 2216 vestra
3470 2169 3663 2217 aucto-

2060 2249 2202 2304 ritati
2260 2249 2588 2319 transmittit,
2647 2249 2865 2320 plenam
2923 2248 3170 2303 notitiam
3226 2249 3510 2304 intimabit.
3564 2249 3662 2304 Cui

2059 2346 2182 2408 post
2228 2338 2411 2392 omnia
2458 2346 2634 2409 gesta,
2685 2354 2808 2408 qua
2835 2338 2903 2392 de
2932 2337 3024 2392 illo
3055 2337 3297 2409 gerenda
3327 2337 3500 2404 fuere,
3535 2353 3660 2394 cum

2059 2427 2179 2481 aliis
2210 2426 2480 2498 episcopis
2510 2435 2562 2481 et
2591 2425 2954 2482 confratribus
2982 2426 3202 2494 nostris,
3226 2426 3372 2497 apud
3398 2427 3658 2481 domuum

2059 2531 2251 2587 regem
2297 2515 2527 2568 obtinuit
2575 2514 2700 2586 [leg.
2734 2515 2958 2569 videtur
2986 2513 3234 2585 obtinui],
3267 2522 3322 2568 ut
3353 2514 3658 2586 quicunque

2058 2604 2126 2657 de
2155 2603 2322 2669 clero,
2359 2602 2445 2657 vel
2474 2603 2541 2656 de
2572 2601 2775 2656 familia
2821 2601 3196 2657 Laudunensis
3245 2602 3508 2658 Ecclesia
3538 2619 3663 2658 cum

2057 2691 2151 2747 illo
2180 2707 2411 2762 pergere
2440 2690 2619 2758 vellet,
2654 2689 2927 2745 licentiam
2970 2691 3216 2745 haberet.
3253 2689 3426 2759 Quem
3457 2689 3663 2746 utinam

2057 2795 2168 2834 non
2210 2779 2488 2848 vidissem,
2519 2779 2739 2833 minime
2789 2786 2972 2834 autem
3019 2779 3170 2833 illum
3199 2796 3287 2833 me
3317 2779 3574 2834 ordinare
3604 2779 3661 2834 in

2053 2868 2370 2938 episcopum
2402 2867 2740 2939 contigisset,
2774 2883 2874 2937 per
2906 2883 3067 2938 quem
3101 2874 3310 2921 tantum
3342 2867 3664 2923 scandalum

2049 2956 2106 3010 in
2153 2964 2464 3010 nostrarum
2494 2955 2892 3026 provinciarum
2941 2956 3209 3021 ecclesiis,
3243 2963 3295 3010 et
3325 2955 3379 3009 in
3409 2972 3584 3028 regno
3612 2955 3664 3011 in

2059 3060 2166 3114 quo
2212 3045 2481 3115 degimus,
2532 3043 2648 3098 sine
2691 3044 2798 3098 ulla
2846 3044 3172 3098 necessitate
3219 3052 3568 3113 commotum,
3609 3051 3663 3099 et

2058 3132 2266 3186 diutino
2313 3140 2558 3202 tempore
2589 3133 2853 3186 hactenus
2906 3140 2987 3186 est
3017 3132 3387 3201 perduratum.
3421 3132 3573 3186 Adeo
3603 3138 3662 3185 ut

2061 3237 2170 3276 non
2219 3220 2660 3275 ineonvenienter
2705 3220 2773 3274 de
2820 3235 2886 3274 eo
2933 3219 3116 3274 dicere
3155 3235 3421 3290 possem:
3455 3220 3661 3274 Bonum

2059 3316 2176 3363 erat
2207 3308 2276 3375 ei,
2307 3308 2353 3361 si
2382 3316 2539 3362 natus
2586 3323 2695 3362 non
2744 3307 2934 3362 fuisset
2981 3309 3145 3363 homo
3174 3307 3265 3362 ille
3297 3325 3310 3362 :
3346 3307 3438 3380 qui
3468 3324 3568 3378 pro
3597 3323 3662 3363 eo

2057 3405 2116 3451 ut
2172 3397 2241 3451 ad
2300 3396 2668 3467 episcopalem
2715 3397 2946 3467 gradum
2993 3404 3283 3466 provectus
3313 3395 3370 3450 in
3399 3396 3662 3468 religione

2056 3485 2367 3556 proficeret,
2403 3486 2502 3540 sub
2547 3501 2650 3556 qua
2697 3485 2927 3538 nutritus
2958 3485 3151 3550 fuerat,
3184 3500 3413 3555 pompas
3455 3493 3508 3540 et
3537 3485 3661 3539 ille-

2057 3574 2251 3629 cebras
2279 3574 2463 3629 saculi
2493 3574 2657 3643 coepit
2694 3573 2866 3644 sequi,
2899 3581 2952 3627 et
2981 3573 3395 3641 familiaritates,
3430 3588 3495 3628 ac
3519 3589 3661 3628 con-

2058 3663 2307 3718 tubernia
2355 3662 2693 3718 sacularium
2731 3661 3027 3730 delectari,-
3057 3662 3126 3716 de
3156 3662 3391 3734 negotiis
3421 3661 3654 3718 saecula-

2058 3751 2210 3806 ribus
2257 3751 2735 3807 sermocinationes
2782 3749 3162 3822 frequentare;
3214 3750 3564 3820 cupiditatem
3609 3757 3662 3806 et

2059 3840 2360 3902 avaritiam,
2393 3856 2504 3894 non
2531 3839 2708 3894 solum
2736 3839 2998 3910 pecunia,
3033 3839 3131 3893 sed
3159 3847 3211 3893 et
3240 3839 3556 3905 altitudinis,
3591 3854 3657 3895 ac

2061 3929 2231 4000 turpis
2262 3927 2396 3983 lucri
2428 3927 2792 3983 emolumenta
2837 3927 3072 3996 sectari;
3102 3943 3274 3994 meas,
3311 3935 3364 3982 et
3395 3943 3660 3998 quorum-

2061 4033 2275 4089 cunque
2345 4018 2714 4086 correptiones
2787 4024 3145 4086 aspernanter
3203 4025 3256 4070 et
3311 4015 3660 4087 indignanter

2061 4106 2332 4175 accipere,
2382 4113 2436 4160 et
2481 4106 2536 4159 in
2583 4121 2747 4158 sensu
2796 4119 2862 4159 ac
2904 4104 3166 4173 sapientia
3210 4120 3306 4158 sua
3345 4103 3661 4170 confidere;

2062 4194 2201 4250 sicut
2230 4192 2403 4259 multi,
2425 4193 2560 4263 proh
2591 4191 2774 4246 dolor!
2798 4191 2854 4245 in
2882 4191 3085 4246 nostris
3115 4191 3434 4262 regionibus
3463 4191 3656 4247 sciunt.

2061 4283 2130 4338 Et
2160 4290 2214 4336 ut
2268 4281 2377 4336 alia
2415 4280 2651 4351 plurima
2684 4278 2990 4350 specialiter
3038 4287 3350 4350 computare
3390 4279 3656 4349 omittam,

2064 4387 2185 4442 qua
2226 4386 2326 4441 per
2372 4369 2555 4440 plures
2599 4383 2770 4422 annos
2811 4367 2868 4422 in
2909 4367 3124 4438 timore,
3159 4375 3212 4423 et
3239 4367 3419 4423 cordis
3445 4367 3658 4434 dolore,

360 4456 487 4527 quia
517 4474 607 4512 res
643 4444 904 4513 Ecclesia
947 4459 1327 4513 Namnetensis
1358 4474 1391 4513 a
1421 4459 1652 4530 paganis
1698 4458 1953 4526 residua,
1986 4453 2036 4513 D
2056 4460 2125 4515 de
2154 4459 2297 4513 illius
2326 4458 2568 4513 moribus
2590 4465 2641 4512 et
2667 4457 3109 4528 improbabilibus
3147 4457 3375 4522 actibus,
3411 4463 3464 4510 et
3496 4455 3658 4510 etiam

361 4544 526 4618 longe
557 4546 628 4600 ab
657 4546 906 4602 Ecclesia
947 4547 1240 4602 Morinensi
1287 4548 1618 4603 Rhemorum
1665 4547 1960 4617 provincia

363 4634 582 4701 distant,
617 4642 666 4690 et
695 4635 751 4689 in
780 4635 989 4691 duabus
1018 4635 1316 4706 provinciis
1334 4636 1659 4709 regulariter
1690 4635 1963 4692 conscribi

360 4737 475 4778 non
503 4730 728 4794 poterat.
776 4725 937 4780 Nunc
983 4733 1164 4780 autem
1211 4725 1334 4796 quia
1361 4726 1542 4781 clerus
1573 4734 1624 4780 et
1653 4725 1810 4795 plebs
1840 4741 1961 4779 me-

360 4812 587 4883 tr0polis
642 4811 906 4868 Ecclesia
962 4813 1312 4882 Turonensis,
1373 4815 1428 4868 in
1485 4815 1675 4869 eadem
1730 4813 1964 4869 ecclesia

360 4900 710 4971 baptizatum,
754 4908 989 4971 tonsum,
1042 4910 1094 4957 et
1141 4902 1420 4970 nutritum,
1474 4918 1540 4958 ac
1567 4919 1668 4974 per
1718 4902 1963 4973 singulos

358 4990 568 5060 gradus
589 4991 659 5045 ad
688 4991 938 5047 ordinem
968 4990 1312 5062 episc0patus
1331 5000 1667 5062 provectum,
1702 4991 1805 5045 sibi
1836 5007 1960 5046 eum

360 5078 692 5135 incardinari
731 5081 993 5152 deposcit,
1048 5097 1212 5152 quem
1256 5087 1437 5135 vestra
1480 5080 1773 5150 paternitas
1801 5080 1960 5135 nobis

360 5166 835 5238 incardinandum,
896 5169 1056 5224 etiam
1105 5169 1151 5223 si
1197 5169 1351 5224 locus
1400 5169 1642 5224 eveniret
1671 5169 1727 5224 in
1754 5169 1956 5224 nostris

360 5255 680 5327 regionibus
735 5258 791 5311 in
843 5257 1146 5328 metropoli,
1198 5258 1614 5324 commendavit,
1657 5257 1961 5313 auctoritati

359 5352 556 5401 vestra
604 5345 928 5402 remittimus
962 5363 976 5401 :
1011 5353 1277 5418 quatenus
1321 5345 1474 5401 illum
1503 5345 1559 5400 in
1585 5346 1809 5416 prafata
1839 5361 1958 5402 me-

2060 4550 2293 4603 humana
2350 4546 2674 4602 verecundia
2729 4547 2798 4600 de
2854 4545 3156 4601 insolentiis
3215 4546 3330 4614 ejus
3378 4543 3656 4599 sustinui:

2063 4636 2362 4707 sapissime
2404 4636 2556 4690 illum
2599 4643 2653 4690 et
2695 4635 2895 4700 verbis,
2947 4643 3000 4690 et
3048 4633 3282 4704 scriptis,
3325 4631 3661 4686 familiariter

2063 4733 2117 4782 et
2143 4741 2243 4796 per
2269 4741 2376 4794 me,
2410 4732 2461 4779 et
2490 4741 2590 4795 per
2620 4739 2937 4780 communes
2957 4722 3255 4778 familiares
3285 4727 3508 4775 nostros
3531 4735 3658 4775 cor-

2063 4814 2289 4885 ripiens,
2323 4821 2377 4868 et
2418 4813 2485 4868 ad
2533 4812 2982 4885 recognitionem,
3015 4809 3102 4866 vel
3130 4809 3527 4865 correctionem
3555 4809 3658 4863 ad-

2065 4903 2263 4959 ducere
2309 4918 2420 4956 non
2466 4902 2688 4967 valens;
2721 4901 2790 4955 de
2837 4900 2922 4954 his
2968 4912 3145 4969 pauca
3192 4897 3658 4966 commemorabo,

2062 5009 2184 5062 qua
2230 4999 2351 5045 ante
2393 4990 2805 5062 quadriennium
2841 4989 2897 5042 in
2927 4987 3082 5058 pejus
3135 4985 3448 5057 proﬁciens,
3483 4994 3536 5040 et
3565 5002 3664 5041 ex-

2062 5094 2335 5144 crescens,
2370 5095 2494 5134 cum
2520 5079 2714 5134 virtute
2744 5077 2994 5132 laborare
3023 5075 3204 5146 capit,
3239 5083 3295 5129 ut
3325 5074 3567 5130 caderet.

2133 5168 2307 5240 Coepit
2338 5168 2482 5222 enim
2522 5167 2750 5221 clericos
2781 5174 2834 5222 et
2865 5165 3052 5232 laicos,
3087 5164 3178 5236 qui
3209 5180 3332 5218 eum
3362 5163 3660 5236 elegerant,

2060 5273 2160 5327 per
2205 5256 2383 5312 varias
2427 5254 2745 5310 occasiones
2792 5254 3070 5327 afﬂigere;
3103 5261 3156 5308 et
3185 5253 3254 5307 ab
3284 5252 3380 5322 eis,
3417 5268 3538 5324 qua
3562 5253 3664 5307 ha-

2061 5345 2282 5411 bebant,
2313 5343 2400 5399 vel
2428 5342 2714 5414 acquirere
2748 5351 3017 5416 poterant,
3050 5359 3150 5415 per
3180 5341 3398 5399 diversa
3445 5340 3664 5413 ingenia

430 5499 456 5529 ⁸
478 5499 684 5552 Genium
709 5499 841 5564 pallii
864 5500 1058 5553 vocavit
1079 5500 1339 5564 Gregorius
1375 5497 1489 5566 (lib.
1515 5513 1586 5565 γι,
1612 5499 1756 5563 epist.
1788 5496 1904 5563 131)
1929 5499 2068 5552 dotes
2091 5499 2196 5560 ejus
2221 5499 2270 5549 et
2292 5496 2692 5560 signiﬁcationes.
