4174 6320
508 206 611 264 643

1544 202 1886 264 HINCMARI
1942 201 2343 262 RHEMENSIS
2396 205 2949 263 ARCHIEPISCOPI.

3715 208 3823 265 644

517 330 819 403 subripere,
873 338 945 399 et,
975 328 1053 386 ‘ut
1099 329 1274 386 dicam
1313 330 1572 402 apertius,
1619 347 1809 403 rapere
1842 348 1855 386 :
1887 331 2123 403 indeque
2143 329 2199 390 A
2218 331 2391 402 potuit
2424 349 2437 386 :
2469 332 2566 387 sed
2612 339 2671 386 ut
2714 333 2877 387 homo
2921 330 3173 388 nesciens
3215 331 3364 402 quod
3411 330 3651 387 futurum
3679 340 3819 399 erat,

516 420 642 475 illos
685 419 753 475 de
796 418 938 485 loco,
989 419 1045 473 in
1089 434 1197 491 quo
1244 419 1427 474 nutriti
1474 419 1710 487 fuerant,
1743 420 2119 487 exterminare,

522 516 578 564 et
602 506 741 563 alios
772 524 957 578 prava
985 506 1255 578 opinionis
1284 525 1352 563 ex
1381 508 1616 565 diversis
1646 508 1944 580 provinciis
1976 507 2123 564 reci-

514 612 668 667 pere.
702 596 859 651 Unde
908 594 1089 652 aﬁlicti
1135 603 1248 651 tam
1299 595 1507 667 clerici,
1553 613 1717 670 quam
1759 595 1887 654 laici
1916 597 1986 652 de
2021 596 2124 651 sibi

513 683 803 739 commissa
851 683 1104 751 ecclesia,
1153 692 1430 756 coeperunt
1482 702 1541 740 se
1582 686 1887 741 reclamare
1917 686 1989 740 ad
2018 685 2123 740 do-

513 788 703 826 mnum
734 788 943 845 regem,
973 780 1027 828 et
1054 773 1125 827 ad
1156 788 1338 828 meam
1368 773 1721 846 exiguitatem
1753 791 1767 828 :
1801 789 1902 844 pro
1927 773 2123 845 quibus

513 859 642 915 satis
687 877 960 932 superque
1005 860 1289 924 laboravi;
1321 861 1419 916 sed
1468 868 1557 915 aut
1602 876 1820 932 parum,
1869 869 1961 916 aut
1987 860 2119 915 nihil

516 947 741 1020 profeci.
814 948 995 1004 Isdem
1065 956 1243 1004 autem
1296 964 1396 1019 pro
1450 949 1831 1005 reclamatione
1905 965 2124 1006 suorum

518 1035 800 1092 hominum
856 1043 1049 1092 contra
1104 1037 1364 1092 domuum
1420 1054 1612 1109 regem
1669 1045 1993 1105 commotus,
2055 1038 2124 1093 de

522 1124 687 1181 rebus
717 1141 749 1180 a
776 1125 1112 1180 Nortmanno
1140 1124 1361 1195 invasis,
1394 1140 1532 1197 quas
1560 1126 1677 1197 ipse
1706 1126 1824 1200 regi
1854 1126 1971 1182 sine
1998 1136 2124 1181 meo

521 1228 585 1269 ac
640 1212 1084 1285 coepiscoporum
1128 1228 1377 1268 meorum
1423 1229 1698 1269 consensu
1754 1221 2121 1289 concesserat,

519 1308 576 1356 ut
606 1317 701 1357 eas
729 1302 1065 1358 Nortmanno
1113 1300 1480 1370 beneficiaret,
1528 1302 1666 1358 sicut
1696 1310 1749 1357 et
1778 1303 1897 1374 ipse
1926 1303 1982 1357 in
2012 1302 2125 1358 suis

516 1389 730 1460 scriptis
780 1388 977 1445 fatetur
1010 1407 1023 1443 :
1055 1389 1203 1445 misit
1255 1390 1408 1446 illum
1452 1391 1597 1461 apud
1660 1399 1899 1447 vestram
1929 1398 2125 1449 aucto-

518 1477 755 1548 ritatem,
810 1492 900 1533 me
943 1477 1138 1545 inscio,
1185 1477 1305 1534 sine
1346 1478 1457 1534 ulla
1486 1480 1811 1536 necessitate
1842 1495 2122 1546 accusare,

518 1582 622 1638 per
668 1565 900 1621 missum
952 1582 1111 1622 suum
1158 1567 1469 1623 Celsanum.
1519 1568 1587 1623 Et
1638 1568 1916 1625 mandavit
1970 1569 2123 1638 mihi,

516 1654 661 1726 quod
710 1655 945 1710 domnus
993 1671 1090 1710 rex
1137 1671 1282 1723 eum,
1317 1664 1370 1711 et
1400 1672 1561 1712 omne
1614 1657 1953 1729 episcopium
1980 1658 2124 1712 Lau-

515 1742 776 1798 dunensis
824 1743 1104 1813 Ecclesiae,
1154 1745 1396 1816 exceptis
1452 1745 1744 1816 principali
1791 1745 2038 1813 ecclesia,
2073 1754 2127 1801 et

515 1831 779 1903 episc0pii
820 1833 1004 1902 domo,
1056 1840 1110 1888 et
1159 1833 1397 1889 claustro
1447 1832 1697 1900 fratrum,
1749 1834 2127 1905 proscripserit

509 1926 563 1974 et
591 1917 990 1987 confiscaverit,
1035 1919 1166 1992 quia
1214 1920 1333 1992 ipse
1385 1921 1651 1978 saeculare
1676 1921 1941 1991 judicium
1972 1922 2125 1978 adire

511 2007 761 2063 noluerit.
793 2009 915 2081 Ego
945 2016 1129 2064 autem
1164 2008 1244 2063 illi
1269 2016 1326 2064 ut
1358 2009 1615 2081 episcopo
1643 2010 1896 2076 credens,
1932 2010 2127 2081 scripsi

514 2095 642 2151 inde
672 2095 875 2151 domno
921 2096 1040 2167 regi
1077 2096 1255 2167 plura,
1290 2105 1343 2153 et
1372 2099 1551 2153 minus
1599 2106 1777 2166 caute,
1825 2098 2124 2169 reprehen-

515 2183 651 2238 dens
704 2183 857 2238 illum
909 2183 979 2239 de
1026 2184 1226 2254 injusto
1275 2185 1498 2254 judicio.
1550 2187 1619 2242 Et
1665 2186 1793 2259 quia
1822 2203 1932 2242 non
1962 2187 2036 2242 ita
2065 2202 2125 2242 se

516 2288 604 2328 res
651 2271 905 2339 habebat,
940 2272 1079 2328 sicut
1109 2273 1256 2329 idem
1307 2274 1633 2330 Hincmarus
1661 2274 1796 2330 mihi
1821 2275 2124 2331 mandave-

514 2367 622 2429 rat,
664 2367 717 2416 et
761 2368 955 2432 postea
1000 2361 1121 2432 ipse
1166 2361 1377 2419 dixerat
1410 2378 1424 2418 :
1457 2371 1736 2434 assumpto
1783 2379 1850 2418 eo
1888 2378 2122 2433 mecum,

514 2448 641 2504 veni
680 2449 750 2504 ad
796 2449 1055 2505 domuum
1104 2466 1316 2523 regem,
1363 2458 1418 2508 et
1463 2468 1574 2507 una
1630 2468 1753 2507 cum
1784 2451 2126 2523 coepiscopis

514 2536 730 2607 nostris,
783 2538 924 2594 sicut
970 2546 1150 2606 antea,
1187 2546 1239 2595 et
1267 2547 1462 2611 postea
1493 2540 1691 2611 saepius
1722 2541 1831 2613 egi,
1863 2542 2126 2597 domuum

517 2642 706 2698 regem
762 2626 814 2682 ei
867 2626 1196 2698 placabilem
1242 2627 1367 2684 feci.
1417 2629 1616 2684 Postea
1662 2646 1792 2686 vero
1837 2630 1955 2685 sine
2001 2645 2128 2686 mea

522 2713 874 2780 conscientia,
924 2715 1011 2771 vel
1053 2731 1346 2783 consensu,
1377 2716 1525 2772 misit
1554 2717 1754 2772 iterum
1786 2718 1856 2774 ad
1885 2725 2125 2774 vestram

522 2801 920 2870 auctoritatem,
951 2819 1063 2859 non
1108 2803 1286 2859 solum
1325 2821 1536 2877 regem,
1570 2806 1667 2861 sed
1698 2813 1753 2861 et
1779 2822 1868 2861 me
1896 2821 2125 2862 accusa-

522 2907 604 2957 re,
636 2889 775 2946 sicut
803 2891 861 2946 in
888 2892 1190 2948 sanctitatis
1220 2900 1414 2949 vestrae
1439 2892 1634 2950 litteris
1670 2894 1873 2950 inveni.
1907 2895 1967 2951 In
1999 2894 2126 2966 qui-

520 2978 626 3034 bus
683 2978 826 3035 inter
881 2987 1078 3036 caetera
1124 2980 1430 3037 continetur
1474 2998 1489 3036 :
1536 3004 1559 3031 α
1595 2981 1778 3051 Quare
1825 2982 2125 3038 ministerio

2220 418 2382 473 istum
2408 435 2509 490 per
2563 419 3033 491 improvidentiam
3061 419 3325 489 ordinavi,
3357 427 3409 475 et
3439 419 3609 475 divini
3633 419 3825 489 judicii

2219 523 2330 562 non
2358 507 2541 577 injusti
2586 508 2834 563 minister
2880 509 3058 564 exstiti
3093 527 3106 563 :
3138 509 3283 580 quia,
3315 508 3455 564 sicut
3485 508 3671 578 timeo,
3701 507 3825 562 aliis

2218 595 2459 666 peccatis
2486 596 2623 652 meis
2650 597 2756 653 hoc
2788 613 2910 652 esse
2937 597 3233 668 promerui.
3266 596 3585 669 Quanquam
3615 603 3670 651 et
3700 612 3828 651 san-

2221 684 2293 739 cti
2334 683 2565 755 apostoli
2611 700 2736 740 cum
2779 686 2837 739 B.
2889 685 3182 756 Stephano,
3232 692 3286 740 et
3313 685 3432 739 aliis
3478 685 3820 753 diaconibus,

2219 772 2504 827 Nicolaum
2551 772 2944 839 ordinaverint,
2996 789 3098 829 nec
3139 780 3320 828 tamen
3367 773 3523 829 dictis
3571 781 3625 828 et
3666 772 3825 828 factis

2222 860 2364 915 illius
2397 861 2847 932 improbabilibus
2871 870 3064 932 postea
3089 860 3410 927 manifestis,
3433 878 3535 932 per
3563 877 3824 915 manuum

2224 965 2446 1004 suarum
2496 950 2897 1021 impositionem
2943 950 3473 1006 communicaverunt
3513 950 3667 1021 .(Act.
3718 950 3823 1019 v1).

2224 1037 2375 1092 Sicut
2410 1053 2512 1094 nec
2560 1038 2780 1094 Samuel
2823 1038 3036 1110 culpam
3082 1038 3349 1094 contraxit
3388 1039 3443 1093 in
3482 1037 3826 1093 ordinatione

2226 1125 2356 1180 Saul
2404 1143 2418 1180 :
2467 1142 2630 1197 quem
2668 1126 2854 1181 divina
2890 1126 3136 1195 jussione
3166 1142 3199 1182 a
3228 1143 3287 1182 se
3336 1126 3665 1194 ordinatum,
3715 1134 3769 1182 et
3796 1141 3827 1180 a

2224 1213 2457 1269 Domino
2511 1222 2700 1284 postea
2753 1215 3023 1284 abjectum
3078 1215 3380 1271 diutissime
3434 1215 3600 1282 flevit,
3656 1214 3828 1271 veluti

2226 1317 2386 1358 sacra
2413 1310 2599 1356 narrat
2626 1302 2849 1357 historia
2878 1305 2928 1373 (Ι
2953 1307 3080 1375 Reg.
3110 1303 3232 1372 xv).
3269 1302 3409 1372 Quia
3456 1311 3644 1358 autem.
3667 1303 3826 1360 dice-

2225 1385 2356 1440 bant
2384 1387 2529 1458 quod
2572 1394 2828 1457 nepotem
2872 1404 3055 1450 meum
3085 1388 3397 1459 episcopum
3428 1387 3823 1454 ordinaverim,

2226 1490 2336 1529 non
2374 1475 2726 1530 attendebant
2772 1476 2901 1547 quia
2946 1484 3000 1531 et
3047 1475 3139 1531 alii
3181 1493 3283 1547 per
3310 1492 3397 1548 me
3428 1484 3554 1531 sunt
3582 1476 3829 1548 episcOpi

2226 1562 2476 1630 ordinati,
2511 1564 2602 1634 qui
2632 1579 2740 1619 non
2768 1571 2893 1619 sunt
2920 1564 3052 1618 mihi
3081 1581 3247 1620 carne
3275 1564 3596 1636 propinqui:
3622 1572 3674 1620 et
3703 1564 3828 1636 quia

2226 1666 2337 1705 non
2364 1650 2589 1721 impedit
2617 1652 2686 1706 ad
2734 1668 3061 1723 quemquam
3091 1652 3454 1708 ordinandum
3481 1652 3665 1709 carnis
3692 1669 3825 1723 pro-

2225 1738 2515 1810 pinquitas,
2575 1739 2621 1793 si
2678 1739 3012 1795 ordinandus
3067 1738 3229 1795 fuerit
3272 1741 3495 1808 electus,
3546 1748 3597 1796 et
3625 1741 3827 1812 petitus

2226 1827 2530 1883 secundum
2561 1826 2963 1887 ecclesiasticas
2990 1828 3230 1901 regulas.
3286 1830 3427 1885 Nam
3450 1837 3502 1884 et
3532 1829 3826 1890 Dominum

2225 1930 2259 1969 a
2288 1930 2413 1986 quo,
2447 1923 2499 1970 et
2524 1932 2625 1986 per
2673 1932 2834 1986 quem
2883 1916 3046 1987 coepit
3094 1917 3455 1988 episcOpatus,
3509 1932 3675 1973 carne
3722 1916 3827 1971 sibi

2224 2004 2565 2074 propinquos
2594 2004 2831 2076 legimus
2859 2004 3142 2059 ordinasse
3171 2005 3479 2076 episcopos.

2299 2093 2408 2147 Sed
2449 2091 2575 2147 licet
2618 2091 2674 2146 in
2703 2092 2808 2147 isto
2845 2101 3043 2164 nepote
3072 2109 3196 2149 meo
3223 2095 3433 2167 egerim
3462 2093 3607 2149 unde
3635 2081 3847 2167 gemo,-

2227 2180 2353 2252 quia
2398 2180 2585 2236 nescio
2633 2180 2867 2252 qualiter
2913 2181 2982 2236 de
3012 2181 3137 2249 hoc,
3170 2190 3224 2237 et
3254 2183 3321 2237 de
3351 2182 3472 2237 aliis
3499 2182 3638 2238 meis
3665 2182 3827 2239 factis

2229 2270 2496 2325 terribilis
2539 2271 2601 2324 in
2646 2270 2901 2325 consiliis
2938 2286 3106 2342 super
3136 2270 3284 2340 ﬁlios
3318 2272 3611 2328 hominum
3644 2271 3822 2343 (Psal.

2226 2359 2361 2428 va)
2389 2357 2445 2411 in
2472 2357 2685 2413 occulto
2715 2372 2814 2412 suo
2830 2357 3059 2427 judicio,
3088 2360 3185 2430 qui
3199 2360 3389 2431 posuit
3419 2360 3676 2415 tenebras
3700 2361 3832 2415 lati-

2227 2447 2425 2502 bulum
2444 2463 2613 2502 suum
2630 2446 2804 2515 (Psal.
2834 2447 2976 2517 xvn)
3001 2446 3253 2516 disponet
3272 2464 3286 2500 :
3313 2446 3426 2503 scio
3448 2456 3631 2503 tamen
3650 2447 3827 2503 omni-

2225 2542 2500 2605 potentem
2521 2534 2861 2600 advocatum,
2883 2542 2937 2590 et
2955 2534 3362 2591 misericordem
3377 2536 3637 2607 judicem,
3662 2558 3684 2588 ι
3701 2544 3827 2591 ante

2228 2639 2389 2693 quem
2419 2631 2502 2678 est
2530 2639 2691 2679 omne
2719 2623 3049 2678 desiderium
3085 2640 3265 2679 meum
3320 2633 3373 2679 et
3405 2625 3639 2697 gemitus
3669 2642 3824 2680 meus

2227 2726 2336 2767 non
2383 2719 2467 2766 est
2512 2711 2865 2767 absconditus
2911 2712 3086 2780 (Psal.
3136 2713 3385 2783 xxxvu).
3431 2733 3453 2763 ι
3503 2714 3825 2769 Consolatur

2228 2799 2373 2853 enim
2404 2815 2513 2866 me,
2549 2798 2676 2870 quia
2714 2798 2899 2869 recepi
2926 2815 3027 2870 pro
3054 2799 3148 2855 illo
3176 2808 3229 2855 et
3256 2816 3354 2870 per
3381 2800 3534 2855 illum
3562 2800 3819 2872 duplicia.

2228 2885 2497 2955 Quoniam
2528 2887 2668 2943 sicut
2696 2895 2916 2944 sanctus
2945 2888 3076 2943 dicit
3104 2888 3407 2961 Gregorius
3431 2906 3445 2943 :
3472 2910 3496 2940 α
3523 2888 3675 2959 Quos
3704 2889 3824 2961 plus

2230 2976 2440 3031 caeteris
2469 2975 2765 3046 diligimus,
2801 2992 2924 3032 cum
2954 2976 3023 3031 ab
3053 2977 3132 3031 eis
3160 2977 3395 3032 adversa
3421 2978 3679 3048 patimur,
3713 2994 3826 3033 ma-

516 3066 655 3137 juris
687 3066 1012 3140 episcopalis
1040 3069 1096 3124 in
1126 3069 1444 3143 regionibus
1483 3070 1601 3126 istis
1631 3071 1840 3139 abutar,
1875 3079 1928 3126 et
1956 3072 2128 3127 Hinc-
2157 3032 2403 3133 Cjol‘em
2449 3063 2694 3119 dolorem
2725 3064 2872 3120 mala
2916 3065 3076 3120 nobis
3102 3065 3378 3138 ingemat,
3413 3082 3575 3138 quam
3605 3083 3727 3138 quae
3756 3067 3825 3122 ab

521 3171 710 3212 marus
753 3173 947 3229 nepos,
982 3165 1035 3214 et
1063 3158 1376 3231 aequivocus
1423 3176 1597 3226 meus,
1630 3160 1959 3216 venerabilis
1987 3161 2131 3216 dun-

517 3251 668 3300 taxat
714 3245 1024 3317 episcopus,
1077 3245 1215 3303 sicut
1261 3246 1510 3315 audistis,
1545 3264 1657 3304 non
1695 3248 1920 3304 minima
1947 3248 2004 3303 in
2033 3264 2130 3306 ec-

521 3332 687 3389 clesia
743 3349 847 3389 sua
899 3335 1129 3390 sustinet
1184 3335 1557 3391 detrimenta:
1592 3336 1638 3391 si
1686 3354 1774 3393 me
1820 3345 2131 3409 tepescente

524 3421 728 3476 nullam
773 3420 946 3494 potuit
993 3422 1420 3480 consolationem
1468 3424 1733 3481 invenire.
1772 3445 1795 3475 ι
1831 3426 1987 3481 Unde
2008 3426 2131 3495 jure

524 3516 723 3566 vestrm
752 3510 1064 3567 auctoritati
1092 3512 1349 3583 rescripsi
1378 3512 1518 3583 (non
1550 3518 1744 3570 exstat
1777 3514 1893 3571 haec
1913 3514 2128 3587 epist.),

524 3598 673 3671 quod
701 3615 813 3655 non
843 3607 926 3655 est
953 3600 1118 3657 modo
1147 3616 1375 3658 necesse
1402 3609 1670 3673 repetere.

597 3712 706 3769 Sed
732 3713 850 3784 ipse
872 3714 1194 3771 Hincmarus
1225 3716 1371 3772 unde
1402 3717 1611 3772 cautior
1639 3725 1693 3773 et
1720 3717 1977 3773 humilior
2007 3734 2131 3774 esse

526 3800 811 3868 debuerat,
863 3802 1070 3860 scilicet
1116 3804 1187 3859 de
1230 3820 1357 3860 mea
1401 3804 1815 3875 intercessione,
1863 3815 1917 3861 et
1944 3806 2132 3861 domni

527 3888 679 3963 regis
710 3889 1067 3962 benignitate,
1102 3892 1228 3948 inde
1257 3893 1428 3948 elatus
1455 3892 1511 3948 in
1540 3894 1868 3966 superbiam,
1900 3902 1955 3950 et
1981 3911 2130 3950 ama-

523 3994 620 4034 rus
649 3978 833 4035 animo
868 3977 1112 4047 effectus,
1145 3997 1257 4036 non
1303 3981 1480 4038 solum
1509 3999 1570 4039 se
1597 3999 1707 4040 non
1747 3984 1997 4052 correxit,
2031 3985 2128 4041 sed

527 4067 688 4122 malis
735 4067 927 4139 pejora
972 4085 1188 4142 semper
1236 4071 1452 4141 adjecit.
1504 4072 1577 4128 Et
1621 4072 1750 4145 quia
1789 4073 1904 4128 suis
1949 4073 2130 4145 pravis

523 4156 737 4213 actibus
782 4165 835 4213 et
881 4157 1328 4230 improbabilibus
1373 4161 1619 4217 moribus
1668 4161 1975 4218 consentire
2019 4178 2131 4218 non

522 4244 689 4316 volui,
724 4253 783 4302 et-
809 4245 1024 4304 incaute
1053 4248 1169 4303 suis
1189 4249 1491 4307 mendaciis
1519 4248 1685 4305 ﬁdem
1713 4250 2131 4307 accommodare

524 4334 732 4402 vitavi;
765 4334 875 4390 imo
896 4344 948 4391 et
979 4336 1130 4391 illum
1161 4338 1495 4409 redarguere
1525 4339 1667 4410 coepi
1700 4357 1713 4394 :
1746 4340 1908 4395 etiam
1939 4348 2132 4396 contra

525 4438 615 4478 me
661 4422 1133 4480 irremediabiliter
1180 4441 1240 4480 se
1289 4426 1619 4490 commovit;
1650 4435 1705 4482 et
1748 4428 1905 4498 plura
1935 4436 1988 4483 et
2015 4445 2131 4483 ma-

520 4512 646 4581 jora
692 4511 958 4567 scandala
1005 4519 1058 4567 et
1088 4513 1227 4583 regi,
1262 4521 1315 4569 et
1339 4530 1533 4588 regno,
1568 4523 1618 4570 et
1647 4514 1800 4584 mihi,
1852 4532 1916 4572 ac
1942 4517 2133 4588 coepi-

527 4599 711 4671 scopis
751 4599 978 4667 nostris,
1029 4608 1082 4655 et
1130 4601 1380 4658 ecclesia:
1426 4619 1540 4659 sua:
1587 4611 1692 4658 tam
1722 4602 1938 4660 clericis
1970 4621 2133 4677 quam

526 4686 681 4743 laicis
709 4704 931 4760 semper
958 4689 1340 4746 accumulavit.

599 4801 671 4856 Et
696 4803 893 4857 horum
925 4804 1330 4873 scandalorum,
1365 4805 1493 4862 licet
1520 4821 1631 4861 non
1659 4806 1862 4878 apertis
1887 4807 2128 4875 vocibus,

531 4890 879 4946 scandalizati
928 4892 998 4946 ab
1052 4909 1137 4963 eo,
1187 4901 1248 4948 ut
1291 4893 1494 4960 audivi,
1542 4911 1630 4950 me
1681 4904 1960 4952 auctorem
2010 4914 2133 4953 esse

531 4977 787 5033 dicebant
827 4997 841 5034 :
884 4980 1139 5052 quoniam
1196 4998 1321 5038 eum
1377 4982 1584 5040 scilicet
1639 4994 1891 5056 nepotem
1947 5003 2132 5043 meum

532 5074 849 5147 episcOpum
880 5077 1280 5135 ordinaveram.
1313 5081 1436 5136 Non
1478 5083 1836 5153 attendentes,
1871 5084 1993 5156 quia
2022 5100 2133 5140 non

527 5179 588 5227 ut
628 5173 823 5228 Judam
869 5174 1097 5231 electum
1144 5179 1403 5248 praesenti
1451 5179 1659 5249 justitia
1698 5181 2025 5252 apostolum,
2080 5190 2134 5237 et

534 5269 661 5326 Saul
705 5286 891 5343 regem
949 5279 1138 5342 postea
1195 5276 1565 5346 reprobatum,
1615 5276 1684 5332 de
1725 5293 1834 5349 quo
1867 5277 2131 5348 scriptum

532 5375 614 5423 est
638 5384 651 5423 :
677 5371 815 5425 Erat
833 5372 920 5427 vir
934 5371 1147 5428 electus
1168 5377 1225 5428 et
1243 5374 1436 5441 bonus,
1458 5379 1514 5431 et
1529 5392 1643 5433 non
1665 5381 1790 5432 erat
1808 5376 1893 5432 vir
1908 5377 1973 5431 de
1992 5376 2131 5445 ﬁliis

533 5466 709 5523 Israel
728 5468 932 5523 melior
955 5468 1056 5527 illo
1085 5471 1137 5541 (ι
1151 5472 1275 5543 Reg.
1297 5472 1400 5544 1x).
1434 5473 1582 5528 Deus
1609 5472 1792 5529 omnia
1824 5473 2004 5529 sciens
2034 5489 2129 5529 or-

533 5563 756 5634 dinavit,
789 5572 843 5620 et
887 5564 1021 5621 nihil
1065 5566 1239 5639 culpae
1274 5571 1558 5638 contraxit,
1590 5570 1719 5643 quia
1758 5587 1989 5643 peccare
2019 5586 2131 5626 non

2230 3151 2469 3208 externis
2513 3151 2864 3208 inferuntur:
2899 3160 2952 3208 et
2978 3154 3100 3224 plus
3147 3154 3202 3208 in
3243 3154 3401 3210 nobis
3442 3170 3510 3210 ea
3556 3163 3826 3212 tormenta

2230 3240 2455 3296 saeviunt
2480 3257 2603 3312 quae
2629 3241 2697 3295 ab
2726 3240 2833 3296 illis
2878 3242 3133 3313 patimur,
3185 3243 3254 3298 de
3298 3259 3528 3315 quorum
3553 3244 3827 3299 mentibus

2228 3330 2691 3401 praesumebamus
2714 3348 2729 3397 ;
2763 3330 2888 3401 quia
2920 3346 3046 3386 cum
3070 3332 3270 3386 damno
3291 3332 3538 3403 corporis
3559 3332 3703 3388 mala
3723 3348 3824 3389 nos

2229 3418 2469 3474 cruciant
2513 3418 2728 3475 amissaa
2776 3418 3072 3475 charitatis.
3119 3420 3257 3475 Hinc
3286 3429 3367 3476 est
3405 3421 3551 3476 enim
3582 3421 3728 3493 quod
3756 3422 3825 3477 de

2228 3507 2365 3561 Juda
2392 3506 2648 3562 traditore
2692 3522 2792 3562 suo
2833 3523 2935 3579 per
2978 3508 3317 3579 psalmistam
3356 3508 3620 3565 Dominus
3648 3510 3779 3566 dicit
3810 3528 3824 3564 :

2228 3597 2300 3651 Et
2314 3596 2537 3668 quidem
2559 3598 2609 3652 si
2623 3597 2894 3653 inimicus
2912 3614 3072 3653 meus
3092 3598 3488 3654 maledixisset
3506 3599 3670 3666 mihi,
3693 3616 3829 3655 sus—

2230 3686 2531 3740 tinuissent
2564 3685 2787 3757 utique;
2811 3689 2867 3740 et
2886 3686 2937 3740 si
2968 3687 3018 3741 is
3047 3687 3143 3759 qui
3179 3687 3373 3742 oderat
3404 3703 3510 3753 me,
3553 3704 3720 3760 super
3736 3705 3827 3744 me

2228 3789 2438 3845 magna
2461 3773 2681 3830 locutus
2698 3774 2922 3845 fuisset,
2947 3775 3354 3831 abscondissem
3373 3792 3462 3832 me
3490 3777 3739 3847 forsitan
3759 3775 3827 3833 ab

2229 3877 2310 3918 eo.
2339 3863 2414 3917 Tu
2429 3877 2559 3917 vero
2597 3862 2756 3919 homo
2777 3865 3090 3933 unanimis,
3110 3863 3231 3920 dum
3263 3881 3441 3932 meus,
3464 3865 3562 3937 qui
3580 3868 3637 3920 et
3653 3869 3825 3922 notus

2228 3966 2407 4016 meus,
2430 3951 2606 4006 simul
2625 3967 2848 4007 mecum
2887 3951 3078 4008 dulces
3104 3954 3357 4023 cupiebas
3373 3954 3517 4009 cibos
3539 3971 3558 4009 :
3573 3954 3637 4008 in
3665 3953 3827 4010 domo

2228 4039 2459 4096 Domini
2491 4039 2905 4096 ambulavimus
2943 4057 3071 4097 cum
3092 4057 3370 4097 consensu
3394 4042 3569 4113 (Psal.
3589 4044 3725 4112 LIV),
3757 4043 3829 4097 Et

2229 4143 2446 4183 rursum
2471 4128 2673 4185 :Homo
2711 4129 2868 4201 pacis
2907 4146 3047 4185 mea:
3082 4131 3149 4195 in
3175 4146 3278 4202 quo
3316 4131 3626 4203 sperabam,
3657 4136 3714 4186 et
3731 4132 3829 4204 qui

2228 4216 2424 4273 edebat
2435 4233 2613 4289 panes
2646 4233 2816 4284 meos,
2841 4219 3230 4290 magniﬁcavit
3247 4219 3544 4275 adversum
3576 4236 3667 4275 me
3686 4237 3827 4292 sup-

2229 4307 2646 4378 plantationem
2695 4306 2868 4376 (Psal.
2909 4306 3024 4378 XL).
3073 4326 3095 4356 ιο
3130 4309 3210 4363 Ac
3241 4307 3286 4361 si
3319 4308 3388 4362 de
3426 4308 3684 4363 traditore
3724 4323 3826 4364 suo

2158 4390 2212 4451 D
2230 4393 2432 4465 apertis
2453 4395 2676 4450 vocibus
2692 4394 2837 4450 dicat
2857 4412 2870 4449 :
2891 4395 3379 4469 transgressionem
3397 4396 3512 4465 ejus
3533 4404 3680 4452 tanto
3699 4412 3828 4469 gra-

2231 4482 2351 4539 vius
2377 4483 2592 4554 pertuli,
2625 4490 2828 4555 quanto
2854 4484 2992 4540 hanc
3023 4485 3092 4539 ab
3121 4499 3187 4539 eo
3217 4484 3309 4556 qui
3336 4501 3493 4541 meus
3521 4501 3645 4540 esse
3674 4484 3826 4542 vide-

2231 4571 2407 4637 batur,
2443 4572 2609 4628 sensi.

2302 4677 2401 4733 Cui
2430 4678 2601 4735 multa
2629 4686 2681 4734 et
2696 4678 3063 4750 multipliciter
3080 4687 3137 4735 ut
3160 4696 3219 4736 se
3245 4680 3560 4753 corrigeret,
3592 4680 3786 4753 scripsi
3812 4698 3826 4738 :

2232 4783 2353 4838 quas
2383 4768 2429 4822 si
2457 4767 2511 4821 in
2540 4784 2706 4822 unum
2736 4783 2936 4839 corpus
2956 4767 3154 4824 fuerint
3181 4777 3534 4842 congregata,
3557 4787 3665 4826 non
3696 4778 3827 4841 puto

2230 4855 2454 4911 minoris
2500 4855 2614 4911 fore
2657 4856 2970 4925 voluminis,
3024 4874 3184 4929 quam
3232 4857 3471 4930 quinque
3526 4866 3650 4914 sunt
3707 4859 3829 4914 libri

2231 4945 2425 5016 Moysi.
2464 4946 2533 4999 Et
2577 4944 2702 5000 ideo
2729 4946 2799 5001 ad
2844 4946 3194 5002 scribendum
3223 4946 3302 5001 illi
3331 4963 3419 5003 me
3447 4947 3671 5015 contuli,
3706 4948 3828 5020 quia

2231 5032 2461 5089 sufferre
2490 5050 2600 5090 non
2647 5042 2880 5105 poterat,
2915 5051 3035 5107 quae
3063 5035 3141 5090 illi
3169 5052 3200 5090 a
3227 5053 3315 5092 me
3344 5036 3685 5093 dicebantur.
3721 5037 3827 5093 Sed

2230 5138 2333 5178 nec
2361 5122 2429 5176 de
2459 5122 2569 5178 ullo
2616 5124 2835 5179 homine
2868 5124 3139 5195 patienter
3176 5125 3382 5197 aliquid
3407 5133 3588 5196 potest
3614 5126 3823 5190 audire,

2230 5218 2288 5265 ut
2307 5227 2523 5282 semper
2542 5228 2651 5268 non
2678 5212 2797 5283 ipse
2825 5213 3077 5284 loquatur
3101 5213 3239 5279 ;nisi
3258 5229 3325 5269 ea
3343 5213 3420 5269 illi
3450 5215 3573 5286 quis
3602 5215 3826 5283 dixerit,

2232 5316 2354 5370 quae
2380 5299 2436 5354 in
2466 5316 2565 5357 suo
2593 5302 2757 5357 corde
2783 5310 3091 5358 versantur.
3124 5303 3321 5358 Contra
3349 5319 3471 5374 quae
3500 5304 3662 5359 etiam
3692 5303 3829 5360 scri-

2228 5395 2321 5457 pta
2348 5387 2464 5458 ipse
2506 5390 2671 5444 multa
2712 5390 3099 5461 multipliciter,
3134 5399 3187 5446 et
3216 5392 3650 5447 irrationabiliter
3696 5391 3829 5446 mihi

2229 5476 2510 5548 rescripsit
2541 5496 2555 5532 :
2589 5478 2783 5533 nolens
2813 5495 2875 5533 ea
2906 5495 3027 5550 quae
3054 5480 3132 5533 illi
3163 5479 3474 5536 scribebam
3516 5481 3595 5536 sic
3624 5480 3827 5535 intelli—

2229 5590 2378 5647 gere,
2413 5575 2550 5632 sicut
2587 5576 2791 5648 scripta
2837 5585 2990 5632 erant
3024 5595 3036 5632 :
3069 5578 3167 5634 sed
3209 5594 3317 5648 me,
3366 5585 3419 5633 et
3461 5578 3583 5650 ipsa
3626 5578 3829 5650 scripta
