4174 6306
337 264 444 318 645

981 261 1224 319 OPUSC.
1281 262 1374 317 ET
1418 261 1638 318 EPIST.
1695 261 1770 316 IN
1843 257 2073 315 CAUSA
2117 259 2460 320 HINCMARI
2505 263 2808 320 LAUDUN.

3538 267 3642 322 646

333 385 760 457 reprehendere,
793 393 845 441 et
887 385 1228 454 calumniari,
1279 393 1440 459 atque
1488 385 1747 442 refellere
1788 383 1950 440 labo-
1973 381 2028 444 A
2048 383 2267 457 pinquis
2298 395 2351 442 et
2374 387 2646 444 extraneis
2680 406 2694 454 ;
2727 403 2838 442 non
2883 395 3064 443 tamen
3093 402 3197 459 pro
3219 387 3410 444 eadem
3459 388 3650 444 chari—

343 474 520 529 rabat.

409 563 515 617 Per
560 579 683 634 quae
737 561 1050 635 intelligens
1093 562 1247 617 illum
1310 579 1434 618 esse
1489 561 1940 634 incorrigibilem,

339 650 505 705 statui
533 651 587 705 in
610 651 777 706 corde
804 650 1188 717 meo,ulterius
1218 667 1306 706 me
1335 651 1479 722 apud
1508 650 1655 704 illum
1675 665 1786 705 non
1837 649 1946 704 ina-

337 739 484 794 niter
511 737 886 794 laboraturum
918 757 931 793 :
982 739 1174 795 videns
1203 739 1258 794 in
1298 754 1364 794 eo
1392 737 1626 810 impleri,
1679 737 1824 810 quod
1875 737 1945 792 de

339 827 576 882 Domino
641 827 926 898 psalmista
965 827 1136 883 dicit:
1173 829 1553 884 Immissiones
1575 843 1680 900 per
1721 827 1946 899 angelos

338 916 541 982 malos,
577 917 727 972 viam
749 917 894 987 fecit
919 918 1139 972 semitae
1183 918 1286 972 ira:
1319 933 1437 972 sua:
1475 915 1651 986 (Psal.
1699 915 1943 981 Lxxvu).

345 1025 369 1055 α
406 1003 532 1071 Cor,
568 1003 743 1076 inquit
774 1003 1096 1077 Gregorius,
1130 1004 1394 1059 Dominus
1421 1003 1696 1075 prioribus
1735 1002 1948 1058 meritis

337 1099 722 1165 aggravatum,
747 1091 896 1161 juste
946 1091 1209 1163 permittit
1263 1092 1428 1148 etiam
1486 1091 1950 1164 subsequentibus

339 1180 705 1253 malignorum
759 1179 1040 1252 spirituum
1094 1179 1538 1252 persuasionibus
1609 1179 1766 1234 falli:
1803 1180 1952 1252 quod

341 1268 474 1324 dum
507 1268 674 1341 digne
721 1267 776 1322 in
807 1268 969 1340 culpa
999 1268 1248 1338 trahitur,
1297 1277 1482 1324 reatus
1531 1268 1644 1338 jam
1695 1268 1752 1323 in
1785 1284 1951 1340 paena

345 1357 676 1414 cumulatur.
710 1357 866 1413 Unde
893 1364 947 1412 et
982 1357 1080 1412 irae
1110 1373 1222 1412 suae
1251 1356 1485 1412 Domino
1535 1357 1680 1412 viam
1719 1355 1900 1412 facere
1933 1376 1947 1424 ;

346 1453 431 1501 est
463 1444 520 1500 in
549 1461 645 1501 eos
677 1444 770 1516 qui
801 1445 998 1516 punire
1036 1445 1090 1499 in
1123 1461 1182 1500 se
1224 1460 1422 1501 causas
1452 1452 1597 1501 recte
1638 1445 1949 1513 noluerunt,

344 1533 592 1590 districle
623 1532 924 1602 judicando
955 1533 1183 1588 dilatare
1217 1551 1230 1588 :
1263 1541 1322 1588 ut
1352 1533 1444 1606 qui
1470 1533 1756 1588 illuminati
1785 1549 1952 1607 agere

346 1630 500 1678 recta
527 1621 839 1692 noluerunt,
883 1621 1026 1691 juste
1073 1621 1262 1678 θεοειιί
1319 1622 1498 1678 adhuc
1554 1621 1756 1678 faciant
1809 1623 1952 1678 unde

343 1710 576 1782 amplius
596 1710 776 1782 puniri
805 1716 1133 1766 mereantur.
1168 1711 1248 1766 De
1279 1709 1475 1782 quibus
1523 1709 1654 1766 dicit
1710 1714 1917 1782 Aposto
1938 1741 1950 1752 -

345 1799 434 1855 lus
465 1817 479 1854 :
517 1801 583 1857 Ut
612 1800 891 1866 impleant
913 1803 1149 1872 peccata
1180 1815 1284 1855 sua
1315 1816 1536 1872 semper
1573 1799 1624 1869 (Ι
1654 1800 1834 1856 Thess.
1862 1800 1945 1871 ιι).

344 1888 416 1942 Et
443 1888 570 1944 hinc
598 1903 734 1944 voce
763 1887 948 1960 angeli
963 1887 1032 1942 ad
1058 1889 1325 1943 Joannem
1345 1887 1554 1942 dicitur
1574 1905 1586 1941 :
1609 1887 1717 1955 Qui
1761 1893 1950 1957 nocet,

347 1981 550 2034 noceat
569 1976 755 2032 adhuc
775 1996 794 2043 ;
811 1979 868 2032 et
879 1977 974 2049 qui
1002 1977 1064 2030 in
1085 1976 1338 2033 sordibus
1355 1975 1751 2043 est,sordescat
1767 1977 1952 2034 adhuc

347 2065 537 2138 (Apoc.
570 2065 736 2135 xxxi).
753 2065 822 2119 Et
853 2063 980 2120 hinc
996 2063 1170 2120 David
1190 2065 1266 2120 ait
1293 2081 1307 2118 :
1341 2065 1564 2137 Appone
1586 2065 1953 2138 iniquitatem

349 2170 522 2226 super
536 2153 904 2226 iniquitatem
920 2168 1136 2220 eorum,
1163 2157 1219 2208 et
1240 2169 1356 2208 non
1378 2154 1600 2208 intrent
1625 2154 1687 2208 in
1717 2155 1954 2226 justitia

353 2246 456 2297 tua
473 2240 648 2314 (Psal.
668 2242 890 2312 vam).
911 2242 978 2296 Et
1000 2240 1126 2296 hinc
1155 2257 1258 2312 per
1291 2241 1516 2313 Moysen
1544 2240 1742 2296 dicitur
1763 2259 1778 2295 :
1796 2243 1950 2300 Non-

349 2330 486 2386 du.»
503 2330 782 2402 completa
793 2333 933 2385 sunt
937 2333 1176 2402 peccata
1188 2330 1640 2402 Amorrhceorum
1651 2329 1811 2401 (Gen.
1827 2331 1952 2402 xv).

353 2417 496 2474 Hinc
515 2435 618 2490 per
649 2418 908 2473 eumdem
937 2419 1161 2490 Moysen
1181 2417 1448 2473 Dominus
1479 2417 1609 2474 dicit
1630 2435 1643 2472 :
1661 2420 1752 2474 Ex
1787 2421 1954 2476 vinea

351 2509 510 2564 enim
531 2507 918 2574 Sodomorum,
939 2508 1071 2562 vitis
1088 2523 1282 2563 eorum
1301 2510 1392 2575 ;et
1415 2524 1654 2580 propago
1667 2524 1861 2564 eorum
1877 2524 1952 2564 ex

355 2595 684 2652 Gomorrha.
711 2597 819 2652 Uva
833 2611 1028 2652 eorum
1043 2611 1153 2650 uva
1181 2595 1354 2666 fellis,
1376 2599 1434 2650 et
1460 2596 1650 2652 botrus
1679 2597 1954 2652 amaritu-

359 2683 514 2740 dinis
543 2684 700 2756 ipsis.
735 2684 915 2740 Furor
929 2683 1239 2740 draconum
1253 2685 1450 2740 vinum
1481 2699 1696 2751 eorum,
1715 2688 1771 2739 et
1790 2699 1954 2740 vene-

353 2789 498 2828 num
517 2771 780 2845 aspidum
808 2773 1147 2828 insanabile.
1180 2772 1374 2828 Nonne
1405 2771 1520 2828 haec
1550 2772 1778 2830 condita
1815 2775 1956 2828 sunt

355 2861 510 2932 apud
535 2877 646 2931 me,
681 2864 739 2917 et
753 2861 980 2932 signata
991 2861 1055 2915 in
1073 2861 1355 2916 thesauris
1371 2860 1511 2916 meis
1532 2865 1554 2915 .9
1580 2859 1647 2916 In
1659 2860 1748 2916 die
1775 2860 1954 2918 ultio-

350 2951 446 3005 nis
457 2949 689 3005 reddam
704 2949 784 3005 eis
801 2949 987 3021 (Deut.
1007 2947 1293 3019 xxxn).Et
1313 2947 1441 3020 quia
1456 2947 1622 3003 multa
1633 2964 1826 3004 eorum
1847 2963 1957 3002 ma-

352 3037 406 3092 la
432 3037 683 3106 narravit,
715 3045 896 3093 tamen
923 3037 1068 3093 illico
1107 3037 1372 3107 adjunxit.
1403 3037 1468 3092 In
1491 3042 1736 3110 tempore
1747 3053 1851 3110 quo
1865 3038 1954 3094 la-

353 3143 488 3200 psus
509 3127 690 3199 fuerit
706 3141 802 3200 pes
813 3143 1006 3183 eorum
1017 3125 1298 3198 (ibid.).Et
1311 3125 1645 3182 atrocissima
1656 3125 1954 3197 peccatail-

353 3215 537 3271 lorum
555 3215 938 3272 describuntur
954 3232 967 3268 :
983 3221 1035 3270 et
1053 3221 1237 3270 tamen
1251 3214 1322 3270 ad
1347 3213 1568 3270 ultionis
1595 3215 1742 3270 diem
1770 3213 1955 3270 adhuc

353 3304 699 3376 subsequens
739 3303 926 3376 lapsus
970 3302 1305 3374 adipiscitur,
1364 3319 1471 3376 quo
1535 3317 1726 3358 eorum
1780 3301 1955 3374 culpae

355 3392 720 3450 cumulentur.
751 3393 965 3448 Habent
999 3392 1116 3461 jam
1163 3391 1403 3464 quidem,
1461 3390 1607 3446 unde
1637 3389 1787 3447 feriri
1831 3407 1953 3446 me-

357 3490 584 3539 reantur
624 3497 637 3537 :
683 3481 782 3537 sed
835 3480 1132 3536 sustinetur
1199 3488 1384 3537 tamen
1438 3479 1616 3536 adhuc
1666 3486 1957 3552 peccatum

355 3586 632 3638 crescens,
660 3578 718 3626 ut
743 3577 1032 3642 peccantes
1060 3567 1235 3641 possit
1258 3567 1439 3624 acrior
1466 3567 1622 3640 culpa
1654 3567 1953 3624 cumulare.

361 3661 483 3716 Jam
515 3666 752 3716 meretur
771 3658 1098 3730 supplicium
1113 3665 1420 3730 peccatum,
1439 3665 1493 3713 et
1526 3673 1692 3714 causa
1711 3656 1920 3728 peccati
1939 3672 1953 3710 :

360 3747 460 3804 sed
490 3754 836 3820 exspectatur
863 3747 1136 3814 adhuc,ut
1163 3754 1516 3820 augmentum
1543 3745 1792 3817 supplicii
1819 3744 1954 3800 sub-

361 3845 524 3910 roget
549 3843 834 3908 peccatum
862 3843 916 3891 et
943 3851 1107 3908 poena
1133 3835 1366 3907 peccati.
1400 3833 1534 3904 Quae
1577 3833 1635 3888 in
1679 3833 1773 3890 illo
1801 3849 1958 3890 com-

359 3925 504 3998 pleri
533 3925 743 3994 videns,
776 3941 878 3996 pro
906 3923 1128 3980 modulo
1167 3939 1292 3980 meo
1347 3923 1503 3996 sequi
1555 3921 1774 3980 decrevi
1813 3921 1960 3995 quod

359 4013 628 4070 Dominus
646 4013 777 4070 dicit
807 4013 964 4070 :Non
992 4013 1211 4070 audivit
1265 4013 1502 4086 populus
1557 4002 1718 4069 meus
1771 4027 1960 4068 vocem

363 4119 572 4171 meam,
605 4107 662 4160 et
673 4103 974 4160 Israelnon
992 4101 1245 4158 intendit
1267 4102 1414 4157 mihi
1428 4105 1512 4157 :et
1537 4100 1734 4156 dimisi
1761 4115 1850 4156 eos
1873 4115 1960 4156 se-

363 4192 617 4250 cundum
646 4191 928 4248 desideria
943 4191 1130 4248 cordis
1157 4206 1351 4246 eorum
1367 4208 1386 4245 :
1404 4190 1572 4245 ibunt
1599 4190 1661 4244 in
1681 4187 1960 4244 adinven-

369 4282 620 4338 tionibus
651 4282 774 4337 suis
805 4281 981 4352 (Psal.
1013 4278 1338 4347 Lxxx).Et:
1369 4278 1563 4334 Vocavi
1581 4280 1640 4332 et
1666 4275 1961 4345 renuistis,

365 4373 426 4426 et
451 4369 792 4442 despexistis
815 4385 980 4426 omne
997 4369 1304 4426 consilium
1317 4382 1530 4436 meum,
1554 4369 1610 4421 et
1622 4365 1966 4436 increpatio-

365 4475 468 4515 nes
493 4475 644 4514 meas
673 4459 1032 4530 neglexistis.
1075 4457 1374 4514 Comedent
1403 4455 1582 4528 igitur
1625 4451 1952 4522 hujusmodi,
1974 4445 2029 4508 D

366 4549 594 4620 fructus
627 4548 730 4604 vice
763 4563 901 4613 suae,
941 4547 1166 4619 suisque
1234 4545 1491 4602 consiliis
1543 4542 1960 4602 saturabuntur

371 4636 557 4707 (Prov.
589 4636 650 4708 ι).
691 4659 712 4683 ι,

439 4725 507 4779 Et
527 4724 650 4796 quia
679 4723 797 4795 ipse
828 4723 1092 4778 Dominus
1113 4721 1244 4778 dicit
1265 4739 1279 4777 :
1303 4723 1365 4778 Si
1374 4722 1570 4779 oculus
1587 4724 1718 4776 tuus
1733 4719 1956 4785 dexter,

367 4814 457 4869 vel
471 4829 678 4869 manus
699 4817 796 4868 tua
817 4813 1054 4868 dextera
1065 4811 1423 4868 scandalizat
1445 4815 1516 4877 te,
1537 4809 1750 4882 profice
1770 4825 1837 4864 ea
1865 4808 1960 4864 abs

370 4905 425 4958 te
441 4903 734 4973 (Μαίων)
769 4919 782 4956 :
817 4909 870 4955 et
898 4899 1052 4956 odire
1080 4916 1181 4955 nos
1212 4898 1493 4970 proximos
1523 4905 1741 4953 nostros
1769 4895 1961 4968 prmci-

366 4989 464 5060 pit,
497 4989 677 5046 adhuc
707 4997 889 5044 autem
946 4996 998 5044 et
1035 4987 1274 5042 animam
1325 4995 1568 5042 nostram
1625 4986 1782 5056 (Luc.
1813 4983 1957 5052 xw).

365 5078 522 5134 Unde
548 5078 738 5134 beatus
758 5077 889 5134 dicit
919 5075 1218 5146 Gregorius
1249 5076 1466 5146 (homil.
1515 5077 1581 5129 57
1611 5075 1675 5129 in
1720 5071 1960 5144 Evang.)

366 5167 494 5238 quia
525 5167 795 5222 amandus
823 5165 1118 5238 quilibetin
1146 5165 1251 5219 hoc
1271 5164 1477 5218 mundo
1521 5162 1680 5218 nobis
1725 5169 1809 5216 est
1855 5161 1961 5215 ad-

365 5255 680 5311 versarius:
712 5255 808 5310 sed
843 5255 900 5309 in
929 5254 1021 5309 via
1066 5251 1161 5307 Dei
1203 5250 1504 5307 contrarius
1550 5267 1660 5306 non
1701 5249 1962 5305 amandus

365 5351 452 5400 est
479 5345 656 5414 nobis,
690 5344 855 5400 etiam
882 5341 1183 5415 proximus.
1245 5338 1388 5408 Quia
1413 5339 1541 5396 licet
1585 5339 1802 5394 amandi
1857 5337 1964 5393 sint

366 5439 617 5510 proximi,
653 5447 708 5494 et
743 5437 1112 5510 impendenda
1155 5432 1393 5490 charitas
1439 5432 1717 5499 omnibus,
1748 5439 1802 5488 et
1830 5446 1964 5503 pro-

2047 481 2153 529 tate
2182 474 2236 529 in
2265 474 2367 530 Dei
2393 483 2476 530 est
2505 490 2693 531 amore
2735 474 3082 531 ﬂectendum.
3134 475 3274 546 Quia
3300 492 3403 547 pro
3444 473 3641 531 affectu

2045 563 2269 629 carnali,
2303 563 2442 619 sicut
2472 579 2574 620 nec
2610 579 2793 620 vacem
2824 564 3100 636 quondam
3137 573 3415 636 portantes
3451 579 3640 621 arcam

2046 652 2382 722 Bethsames,
2414 667 2524 707 non
2552 651 2826 708 declinant
2847 667 2880 706 a
2910 660 3058 708 recto
3088 652 3278 708 itinere
3296 653 3348 724 (Ι
3371 655 3498 726 Reg.
3531 652 3634 724 v1),

2047 740 2140 811 qui
2168 756 2344 795 arcam
2365 739 2465 795 Dei
2495 748 2712 812 portant
2740 741 2795 794 in
2826 748 3008 796 mente
3042 759 3055 796 :
3089 748 3484 814 cognoscentes
3511 739 3642 812 quia

2048 829 2358 899 compassio
2387 828 2668 898 proximis,
2692 835 2745 883 et
2773 828 3038 884 rectitudo
3053 828 3280 896 debetur
3307 827 3472 885 vitiis.
3505 827 3642 896 Quae

2047 917 2254 973 idcirco
2273 925 2470 973 vestrae
2492 916 2856 973 sanctissimae
2885 917 3193 972 auctoritati
3219 915 3486 984 scribens,
3536 903 3642 972 do-

2052 1005 2171 1060 lore
2201 1005 2388 1061 cordis
2431 1005 2780 1072 constrictus,
2821 1005 2890 1060 de
2936 1005 3030 1062 illo
3085 1021 3189 1077 per
3231 1020 3424 1061 vocem
3467 1004 3644 1060 luctus

2049 1093 2236 1149 emitto
2270 1110 2283 1147 :
2313 1101 2372 1148 ut
2400 1093 2606 1158 sciatis,
2641 1101 2842 1165 quanta
2870 1109 2983 1150 non
3033 1091 3210 1148 solum
3249 1107 3376 1164 ego,
3435 1091 3536 1148 sed
3591 1099 3647 1148 et

2049 1181 2298 1238 ecclesia:
2326 1180 2724 1252 Cisalpinarum
2744 1180 3050 1253 regionum,
3083 1189 3137 1236 et
3173 1197 3292 1251 rex,
3317 1195 3384 1236 ac
3413 1195 3646 1253 regnum

2049 1278 2356 1326 nostrarum
2375 1270 2611 1341 partium
2631 1285 2731 1342 per
2745 1269 2894 1324 illum
2922 1269 3186 1325 hactenus
3248 1267 3644 1324 sustinuerunt.

2051 1358 2303 1432 Suggero
2332 1359 2476 1414 enim
2499 1358 2814 1430 paternitati
2861 1365 3078 1426 vestrae,
3127 1357 3256 1429 quia
3301 1356 3544 1428 quandiu
3589 1355 3648 1410 in

2049 1447 2154 1502 hac
2182 1446 2399 1503 mortali
2421 1462 2588 1503 carne
2615 1445 2822 1513 vixero,
2859 1445 2998 1502 sicut
3027 1444 3472 1516 metropolitanus
3521 1459 3647 1500 cum

2050 1533 2308 1605 episcopo
2330 1534 2596 1590 rationem
2620 1535 2828 1590 habere
2857 1534 3042 1600 debet,
3069 1540 3328 1605 quantum
3347 1549 3414 1588 ex
3433 1547 3521 1588 me
3539 1540 3642 1602 est,

2049 1639 2152 1679 nec
2181 1624 2250 1678 de
2278 1623 2560 1695 parochia,
2597 1639 2701 1680 nec
2728 1623 2797 1678 de
2861 1637 3184 1695 quacunque
3225 1636 3410 1685 causa,
3439 1628 3646 1676 metro-

1971 1738 2025 1798 B
2055 1711 2300 1783 politana
2329 1711 2714 1778 sollicitudine,
2775 1727 2898 1768 cum
2927 1710 3022 1767 illo
3049 1709 3213 1798 ullam
3243 1709 3507 1766 rationem
3534 1709 3648 1798 pha-

2057 1799 2228 1856 bebo:
2249 1817 2413 1872 quem
2441 1800 2638 1856 diutius
2677 1799 3000 1855 insolentem
3042 1796 3272 1854 sufferre
3310 1814 3421 1854 non
3461 1797 3640 1854 valeo.

2053 1890 2122 1945 Et
2149 1890 2484 1946 tolerabilius
2505 1888 2636 1944 mihi
2665 1896 2766 1959 est,
2800 1888 2960 1944 etiam
2983 1886 3358 1959 corporaliter,
3405 1886 3642 1954 oculum,

2053 1986 2146 2034 aut
2211 1995 2452 2047 manum,
2535 1985 2626 2034 aut
2697 1977 2897 2050 pedem
2992 1975 3302 2032 abscisione
3374 1975 3644 2046 amittere,

2054 2083 2220 2139 quam
2249 2083 2375 2124 cum
2404 2067 2520 2134 illo,
2569 2082 2734 2139 quem
2787 2081 2884 2137 spe
2940 2064 3188 2138 gaudens
3243 2062 3428 2130 dilexi,
3476 2071 3531 2119 et
3583 2079 3650 2120 ea

2053 2171 2284 2230 gemens
2341 2155 2512 2229 diligo
2567 2163 2792 2226 propter
2837 2155 3034 2220 Deum,
3075 2151 3171 2208 'de
3229 2151 3342 2207 suis
3399 2151 3646 2208 insolen-

2053 2244 2144 2300 tiis
2180 2244 2554 2300 contentiones
2579 2243 2697 2299 sine
2726 2242 2838 2298 ulla
2890 2241 3118 2297 utilitate
3173 2255 3488 2298 conserere.
3527 2241 3645 2296 1am

2053 2333 2201 2389 enim
2229 2333 2286 2388 in
2313 2332 2521 2400 multis,
2556 2340 2612 2389 et
2639 2347 2740 2404 per
2768 2331 2952 2403 plures
2981 2329 3052 2385 ab
3075 2345 3142 2385 eo
3171 2337 3386 2399 vexato,
3415 2344 3646 2385 necesse

2053 2430 2137 2478 est
2163 2421 2316 2490 mihi,
2339 2429 2398 2477 ut
2424 2437 2534 2477 non
2565 2421 2726 2486 rixas,
2760 2419 2859 2474 sed
2889 2417 3129 2491 quietem
3157 2417 3458 2488 exquiram.
3491 2415 3644 2486 Qua-

2051 2517 2212 2566 tenus
2233 2510 2328 2584 qui
2351 2510 2466 2580 jam
2492 2509 2785 2565 terminum
2819 2521 2997 2562 meum
3026 2513 3305 2576 exspecto,
3339 2505 3425 2562 vel
3460 2504 3517 2559 in
3544 2520 3644 2562 eo-

2055 2602 2182 2656 dem
2210 2598 2464 2665 termino,
2484 2614 2582 2670 per
2607 2596 2710 2652 Dei
2728 2592 3156 2651 misericordiam
3187 2593 3369 2650 dicere
3395 2591 3642 2665 possim:

2056 2689 2216 2745 Nunc
2273 2687 2519 2743 dimittis
2553 2702 2779 2742 servum
2797 2688 2983 2753 tuum,
3021 2683 3284 2750 Domine,
3331 2681 3645 2739 secundum

2051 2778 2279 2835 verbum
2309 2781 2474 2832 tuum
2493 2777 2553 2832 in
2577 2791 2712 2848 pace
2733 2774 2891 2846 (Luc.
2922 2772 2986 2844 1).

2125 2884 2393 2941 Ceterum
2421 2889 2620 2939 vestrm
2637 2878 2978 2952 paternitatis
2994 2877 3286 2935 auctoritas
3313 2892 3490 2950 nuper
3515 2875 3650 2932 mihi

2054 2972 2258 3029 litteras
2286 2971 2435 3027 misit
2463 2971 2532 3027 de
2573 2969 2896 3042 presbytero
2949 2967 3225 3039 parochias
3271 2974 3491 3036 nostrai,
3539 2980 3648 3022 no-

1986 3089 2037 3153 C
2055 3061 2202 3118 mine
2221 3061 2492 3132 Trisingo,
2525 3057 2850 3131 praecipiens
2895 3063 2953 3111 ut
2979 3055 3255 3153 plenariis.
3291 3053 3508 3126 scriptis
3565 3069 3650 3111 re-

2051 3150 2326 3205 mitterem
2370 3148 2528 3206 vobis
2554 3146 2800 3202 notitiam
2833 3143 2903 3200 de
2933 3159 3102 3200 causa
3153 3141 3344 3214 ipsius.
3401 3143 3485 3198 De
3557 3156 3652 3215 ιιιτ)

2055 3238 2196 3296 sicut
2231 3253 2292 3294 se
2340 3237 2418 3293 rei
2461 3234 2666 3293 veritas
2711 3233 2895 3300 habet,
2950 3239 3146 3290 vestra
3198 3229 3506 3288 auctoritati
3550 3245 3645 3286 re-

2056 3327 2261 3384 scribo.

2128 3431 2393 3502 Quaedam
2447 3430 2614 3486 libera
2657 3427 2878 3495 femina,
2909 3441 3067 3484 soror
3121 3423 3358 3482 hominis
3425 3422 3648 3481 nomine

2056 3519 2268 3592 Livulﬁ,
2329 3520 2398 3576 de
2448 3518 2569 3590 ipsa
2611 3517 2669 3573 in
2714 3531 2825 3590 qua
2877 3515 3135 3588 praefatus
3191 3513 3480 3587 Trisingus
3519 3528 3650 3584 pre-

2058 3611 2246 3682 sbyter
2283 3607 2457 3664 fuerat
2497 3606 2797 3672 ordinatus,
2847 3604 3058 3676 accepit
3111 3601 3362 3658 maritum
3419 3600 3647 3657 fratrem

2057 3699 2230 3770 ipsius
2297 3695 2534 3768 Trisingi
2609 3693 2918 3768 presbyteri
2950 3709 2963 3749 :
2995 3699 3050 3750 et
3101 3692 3206 3748 hac
3281 3689 3650 3748 familiaritate

2057 3787 2204 3844 idem
2233 3785 2517 3858 Trisingus
2561 3784 2727 3856 coepit
2773 3782 3124 3856 frequentare
3194 3780 3420 3837 domum
3469 3777 3652 3834 fratris

2060 3877 2166 3933 sui.
2194 3877 2284 3943 Et,
2317 3874 2455 3932 sicut
2479 3873 2628 3930 idem
2675 3871 2934 3940 Livulfus,
2972 3869 3066 3944 qui
3092 3871 3150 3926 in
3176 3869 3299 3942 ipsa
3352 3867 3484 3925 villa
3527 3881 3652 3923 ma-

2059 3965 2246 4033 nebat,
2279 3971 2332 4020 et
2359 3961 2682 4036 parochiani
2710 3969 2874 4034 atque
2902 3959 3067 4017 vicini
3083 3959 3328 4030 ejusdem
3339 3951 3654 4029 presbyteri

2060 4055 2330 4124 dicebant,
2363 4069 2485 4108 cum
2516 4051 2624 4106 filia
2651 4049 2834 4106 uxoris
2862 4048 3046 4104 fratris
3074 4047 3178 4115 sui,
3229 4060 3396 4118 quam
3451 4045 3521 4100 de
3576 4042 3656 4098 al-

2062 4150 2176 4200 tero
2217 4141 2416 4197 marito
2435 4146 2771 4210 susceperat,
2803 4136 2968 4208 coepit
2995 4135 3380 4192 concumbere.
3411 4133 3482 4188 Et
3513 4146 3654 4204 qua-

2062 4231 2192 4287 dam
2237 4229 2326 4285 die
2369 4228 2489 4300 ipse
2545 4227 2849 4299 presbyter,
2895 4233 3058 4296 atque
3107 4221 3362 4294 praefatus
3413 4218 3654 4276 Livulfus

2061 4323 2424 4390 perrexerunt
2451 4315 2522 4372 ad
2537 4314 2842 4382 castellum,
2891 4311 3036 4385 quod
3062 4311 3340 4366 Mosomus
3361 4307 3576 4374 dicitur,
3601 4313 3658 4390 et

2059 4389 2460 4464 inebriaverunt
2487 4421 2547 4460 se
2575 4403 2633 4459 in
2660 4403 2893 4477 quadam
2923 4401 3152 4456 taberna
3180 4406 3371 4456 contra
3408 4389 3659 4454 nostrum

2060 4495 2370 4568 episcopale
2396 4493 2743 4551 interdictum
2777 4508 2790 4547 :
2823 4490 2915 4564 qui
2951 4488 3287 4562 presbyteris
3343 4484 3543 4543 nostris
3601 4484 3658 4541 in

2060 4585 2315 4643 omnibus
2373 4582 2600 4655 synodis
2654 4580 3052 4647 interdicimus,
3111 4585 3169 4633 ut
3223 4577 3362 4633 sicut
3414 4587 3657 4630 canones

2061 4673 2304 4731 Africani
2359 4671 2623 4728 diﬁiniunt
2665 4670 2845 4742 (conc.
2879 4668 3082 4738 Afric.,
3115 4681 3164 4722 c.
3199 4667 3290 4736 40)
3319 4681 3333 4718 :
3369 4685 3392 4714 cr
3453 4661 3654 4718 Clerici

2062 4763 2282 4830 edendi,
2314 4761 2401 4818 vel
2430 4759 2651 4817 bibendi
2662 4774 2827 4816 causa
2842 4757 3098 4812 tabernas
3117 4769 3227 4809 non
3256 4750 3654 4824 ingrediantur,

2060 4852 2167 4907 nisi
2193 4848 2652 4924 peregrinationis
2681 4845 3004 4902 necessitate
3049 4840 3334 4913 compulsi.
3371 4860 3394 4891 ι
3429 4839 3499 4894 Et
3553 4837 3660 4895 iste

2060 4940 2370 5012 presbyter,
2401 4937 2545 5012 gulae
2573 4953 2682 4992 non
2711 4929 3162 5006 peregrinationis
3201 4927 3554 4996 necessitate,
3587 4927 3659 4983 ad

2063 5037 2445 5094 inebriandum
2477 5052 2538 5090 se
2585 5033 2864 5089 tabernam
2904 5029 3122 5084 intratrit
3155 5045 3168 5082 :
3200 5027 3328 5100 quia
3374 5026 3523 5082 idem
3569 5039 3661 5081 ca—

2064 5137 2282 5193 stellum
2309 5151 2418 5190 non
2447 5131 2677 5204 amplius
2707 5145 2867 5202 quam
2897 5133 3125 5200 quatuor
3163 5125 3418 5181 milliaria
3441 5141 3474 5181 a
3501 5139 3664 5179 man-

2063 5235 2219 5291 sione
2261 5232 2440 5305 ipsius
2485 5227 2790 5302 presbyteri
2825 5225 3012 5282 distat.
3073 5225 3427 5281 Revertentes
3481 5228 3661 5278 autem

2064 5333 2211 5388 idem
2239 5329 2526 5402 presbyter
2554 5333 2608 5382 et
2636 5322 2898 5390 Livulfus,
2952 5321 3109 5392 ebrii,
3159 5321 3228 5378 de
3285 5319 3514 5394 praefato
3559 5331 3662 5374 ca-

2067 5429 2245 5496 stello,
2278 5433 2562 5498 coeperunt
2615 5422 2908 5480 verbosare
2953 5421 3094 5477 inter
3151 5433 3212 5477 se
3253 5427 3298 5487 ³,
3331 5417 3472 5474 sicut
3527 5414 3666 5472 ebrii

451 5589 476 5617 α
523 5565 585 5617 Se
619 5565 839 5628 prendre
881 5565 942 5617 de
994 5563 1213 5628 paratas.
1257 5560 1390 5612 Dixit
1451 5559 1746 5624 Augustinus
1791 5555 2025 5613 Iuliano:
2073 5555 2298 5610 (nauiter
2341 5551 2639 5617 verbosaris,
2689 5551 2782 5602 hoc
2827 5552 2922 5614 est,
2973 5547 3138 5600 multis
3193 5543 3415 5610 nugaris,
3465 5540 3558 5592 lib.
3587 5553 3664 5600 ιιι.

369 5637 542 5686 contra
564 5633 684 5698 Jul.,
713 5644 766 5684 ιι.
792 5632 879 5684 ιϐ.
