4174 6296
520 265 627 319 647

1765 266 2085 323 JOANNES
2128 266 2309 321 ΡΑΡΑ
2356 266 2496 322 VIII.

3697 265 3802 320 648

523 386 701 442 solent
726 385 928 453 facere,
962 394 1011 441 et
1024 385 1241 442 illorum
1252 387 1560 443 verbosatio
1587 403 1652 444 eo
1682 404 1855 461 usque
1883 405 2108 461 proces-
2137 406 2194 466 Α
2214 389 2381 444 nulla
2405 405 2599 445 eorum
2628 405 2736 444 vox
2743 393 2940 461 postea
2961 389 3191 461 penitus
3221 388 3509 444 audiatur.
3538 388 3669 442 Post
3691 402 3798 442 an-

521 475 609 544 sit,
642 482 701 529 ut
727 474 797 530 de
816 474 937 546 ipsa
966 489 1067 530 sua
1098 483 1258 546 nepte
1300 476 1694 547 improperaret
1738 479 2057 549 presbytero
2092 497 2107 546 ;

522 570 623 618 ete
645 571 835 619 contra
864 563 982 635 ipse
1010 564 1299 635 presbyter
1336 565 1636 635 opprobria
1685 582 1806 637 qua
1863 566 2109 622 invenire

520 651 713 722 potuit,
747 651 923 707 eidem
953 651 1164 707 Livulfo
1193 652 1395 709 retulit.
1435 653 1583 707 Idem
1629 661 1807 708 autem
1864 654 2109 710 Livulfus

520 737 682 807 fuste,
712 756 874 812 quem
904 740 957 794 in
980 755 1145 795 manu
1174 741 1441 812 portabat,
1481 741 1565 795 bis
1602 741 1873 812 percussit
1905 743 2110 799 Trisin-

522 844 655 901 gum
700 829 1100 901 presbyterum.
1174 831 1323 885 Tunc
1367 829 1484 899 ipse
1546 830 1837 901 presbyter
1893 830 2111 886 irruens

521 932 689 989 super
718 914 888 971 ﬁlium
916 916 1126 986 Livulﬁ,
1162 916 1255 987 qui
1284 924 1489 988 spatam
1520 917 1588 972 ad
1621 918 1816 973 collum
1832 919 2106 990 portabat,

521 1005 752 1061 extraxit
773 1005 1020 1060 eamdem
1050 1012 1259 1075 spatam
1292 1023 1306 1070 ;
1340 1012 1393 1060 et
1413 1005 1604 1060 volens
1648 1015 1938 1077 percutere
1985 994 2111 1063 eum

520 1109 623 1164 per
649 1093 890 1148 medium
920 1100 1098 1164 caput,
1129 1100 1186 1147 ut
1207 1092 1361 1147 illum
1389 1093 1681 1160 oecideret,
1718 1094 1920 1150 levavit
1964 1095 2111 1150 idem

522 1180 763 1237 Livulfus
792 1196 1012 1236 manum
1042 1188 1233 1235 contra
1272 1188 1502 1251 spatam,
1550 1189 1604 1236 et
1652 1182 1892 1253 suscepit
1946 1191 2112 1254 spata

522 1269 709 1336 ictum,
742 1277 795 1325 et
823 1268 1051 1325 abscissi
1062 1275 1188 1323 sunt
1203 1268 1281 1324 illi
1310 1268 1417 1325 duo
1435 1269 1591 1342 digiti
1612 1271 1682 1325 de
1703 1271 1897 1326 eadem
1910 1286 2108 1327 manu:

523 1366 577 1414 et
606 1358 831 1414 cadente
859 1356 952 1412 illo
992 1356 1060 1413 de
1109 1357 1336 1423 caballo,
1389 1359 1597 1429 putavit
1650 1359 1910 1430 pesbyter
1963 1359 2114 1414 illum

523 1462 645 1502 esse
675 1453 968 1512 mortuum,
1002 1452 1055 1501 et
1083 1445 1286 1501 saliens
1308 1445 1364 1501 in
1400 1446 1673 1502 caballum
1703 1446 1848 1503 illius
1875 1448 2117 1519 perrexit

522 1533 747 1590 domum
778 1549 951 1589 suam.

591 1624 712 1696 Ego
742 1638 875 1680 vero
903 1638 1004 1694 per
1019 1622 1222 1678 multos
1250 1622 1357 1679 hoc
1386 1622 1634 1691 audiens,
1666 1624 1859 1680 vocavi
1889 1639 2015 1681 eum
2045 1625 2113 1681 ad

518 1728 628 1781 me,
657 1711 715 1766 in
769 1711 1063 1784 prasentia
1107 1710 1435 1767 clericorum
1494 1727 1557 1768 ac
1611 1712 2112 1769 comministrorum

521 1807 854 1865 nostrorum,
888 1809 941 1856 et
970 1800 1305 1873 interrogavi
1335 1815 1481 1868 eum,
1527 1815 1594 1856 ac
1649 1801 1952 1858 veritatem.
2011 1802 2116 1872 Qui

522 1888 594 1945 de
612 1888 814 1945 femina
842 1889 911 1944 de
943 1905 1047 1959 qua
1067 1888 1435 1959 reputabatur,
1469 1889 1693 1962 negavit
1721 1890 1867 1961 quod
1895 1906 2018 1946 cum
2053 1907 2118 1946 ea

520 1992 633 2034 non
688 1977 1060 2034 concubuerit.
1121 1978 1200 2031 De
1257 1976 1537 2033 voluntate
1595 1986 1773 2032 autem
1796 2020 1809 2045 ,
1873 1978 1995 2050 quia
2050 1994 2116 2035 eo

522 2066 716 2123 ordin‘e
772 2065 911 2122 sicut
965 2065 1206 2137 pramisi
1233 2108 1246 2133 ,
1296 2065 1475 2136 ipsum
1536 2066 1814 2122 hominem
1867 2067 2117 2123 occidere

520 2155 775 2222 voluerit,
813 2153 1099 2211 confessus
1126 2153 1225 2209 fuit
1257 2170 1270 2209 :
1306 2154 1399 2226 qui
1435 2155 1588 2224 juxta
1643 2170 1837 2212 vocem
1888 2156 2117 2212 Joannis

523 2242 755 2315 apostoli
798 2242 1068 2300 homicida
1126 2242 1487 2300 convincitur.
1543 2243 1667 2316 Ego
1723 2251 1919 2311 autem,
1979 2244 2117 2301 sicut

523 2332 717 2388 beatus
764 2332 1098 2403 Augustinus
1153 2330 1222 2386 de
1276 2331 1598 2403 presbytero
1654 2347 1767 2387 sua
1842 2333 2157 2402 parochia.

522 2420 802 2492 Xantippo
856 2420 1077 2491 primati
1132 2434 1231 2475 suo
1288 2419 1522 2490 scripsit,
1564 2436 1687 2491 qua
1713 2420 1955 2492 negavit,
1998 2423 2116 2477 Deo

524 2508 706 2565 dimisi
737 2528 751 2577 ;
785 2524 906 2581 qua
933 2507 1203 2565 occultare
1232 2507 1536 2579 permissus
1566 2523 1674 2563 non
1706 2515 1808 2577 est,
1835 2508 2111 2578 judicavi;

520 2604 575 2653 et
602 2613 728 2653 eum
757 2597 826 2653 ab
842 2596 1017 2652 oﬂicio
1037 2595 1359 2653 sacerdotali
1377 2596 1605 2666 removi,
1638 2596 1813 2653 donec
1843 2597 1915 2653 ad
1945 2613 2116 2669 syno-

524 2685 657 2741 dum
709 2684 1225 2757 comprovincialem
1272 2685 1503 2754 veniret,
1554 2693 1607 2739 et
1661 2684 1736 2740 ibi
1783 2701 1909 2741 cum
1965 2692 2115 2742 certo

523 2774 909 2847 episcoporum
938 2789 1190 2844 numero,
1223 2774 1364 2829 sicut
1403 2772 1864 2847 Carthaginenses
1917 2775 2115 2845 praci-

522 2862 676 2935 piunt
704 2877 944 2919 canones
972 2862 1197 2935 (canon.
1232 2863 1411 2933 Afric.
1447 2877 1494 2915 c.
1531 2865 1810 2928 95;conc.
1847 2864 2113 2935 Carthag.

527 2966 610 3019 ιιι,
640 2966 761 3008 can.
796 2951 872 3022 8),
914 2966 1080 3008 causa
1128 2950 1298 3022 ipsius
1348 2957 1559 3006 certum
1602 2948 1767 3007 ﬁnem
1816 2950 2112 3022 acciperet.

521 3040 707 3097 Isdem
737 3048 937 3106 autem,
971 3055 1095 3096 cum
1122 3039 1306 3111 plures
1335 3040 1575 3111 synodos
1605 3038 1657 3094 in
1689 3038 1971 3110 provincia
2017 3055 2116 3096 no-

2142 1762 2195 1821 B

2206 492 2333 532 num
2352 482 2404 531 et
2422 492 2517 532 sex
2529 492 2747 531 menses
2761 476 3181 531 reclamantibus
3192 474 3537 546 parochianis
3549 475 3799 531 ecclesia

2206 564 2394 634 ipsius,
2419 565 2474 618 in
2486 565 2749 636 quaidem
2760 564 3048 635 presbyter
3060 554 3233 618 fuerat
3263 563 3564 631 ordinatus,
3600 579 3661 619 se
3687 579 3801 619 non

2208 652 2408 707 habere
2419 652 2799 723 presbyterum
2819 653 2993 722 (deest
3014 652 3229 726 aliquid
3257 652 3330 707 ad
3355 651 3607 723 sensum)
3639 669 3652 704 :
3675 666 3802 706 nam

2210 739 2334 811 quia
2366 741 2591 795 Romam
2619 740 2932 811 perrexerit,
2990 740 3255 813 ignoravi,
3305 740 3479 796 donec
3509 748 3631 811 post
3688 747 3803 794 tres

2208 843 2445 894 menses,
2481 845 2642 900 quam
2671 829 2725 883 in
2745 829 2864 885 loco
2895 845 3010 898 ejus
3039 827 3136 883 fuit
3167 829 3454 899 presbyter
3489 828 3801 895 ordinatus,

2208 917 2379 972 Roma
2410 917 2634 972 veniens
2663 917 2795 972 mihi
2823 917 3034 973 litteras
3051 924 3248 972 vestra
3270 917 3570 973 sanctitatis
3600 916 3800 972 attulit.

2280 1005 2341 1058 In
2397 1005 2693 1069 canonibus
2740 1014 2922 1061 autem
2978 1004 3177 1061 Africa
3233 1005 3523 1076 provincia
3580 1004 3805 1060 concilii

2211 1092 2385 1164 quarti
2414 1093 2648 1163 capitulo
2681 1096 2769 1161 67,
2801 1094 2869 1149 de
2899 1093 3265 1149 seditionariis
3307 1100 3361 1149 et
3388 1093 3674 1160 usurariis,
3733 1109 3807 1148 ne

2210 1180 2395 1236 clerici
2426 1180 2556 1236 ﬁant
2584 1181 2846 1253 scriptum
2887 1189 2968 1236 est
2997 1181 3072 1237 ita
3101 1181 3283 1253 (conc.
3317 1182 3506 1237 Carth.
3540 1197 3620 1248 v1,
3676 1196 3803 1236 can.

2213 1269 2304 1339 66)
2325 1287 2338 1323 :
2358 1289 2380 1319 α
2399 1270 2803 1327 Seditionarios
2815 1287 3109 1342 nunquam
3121 1270 3463 1326 ordinandas
3481 1268 3580 1342 [αι.
3591 1312 3604 1337 ,
3619 1269 3802 1325 ordin.

2211 1356 2481 1429 clericos],
2500 1359 2587 1413 vel
2610 1358 2961 1430 injuriarum
2987 1375 3225 1415 suarum
3244 1359 3476 1414 ultores.
3514 1378 3538 1408 ι
3561 1359 3630 1413 Et
3650 1358 3697 1413 si
3718 1365 3807 1412 ta-

2210 1445 2292 1501 les
2323 1445 2614 1500 ordinandi
2645 1462 2753 1501 non
2786 1453 2930 1517 sunt,
2959 1445 3328 1520 colligendum
3357 1455 3456 1501 est.
3501 1446 3630 1517 quid
3684 1462 3808 1501 me-

2213 1542 2438 1589 reantur
2468 1534 2561 1606 qui
2581 1542 2705 1606 post
2731 1535 3152 1601 ordinationem,
3202 1534 3485 1590 admittere
3513 1534 3640 1589 talia
3697 1550 3809 1590 non

2213 1621 2522 1678 formidant.
2555 1624 2625 1677 Et
2654 1623 2860 1695 antiqui
2901 1624 3120 1678 Patrum
3167 1639 3408 1680 canones
3464 1623 3521 1677 in
3570 1623 3805 1694 synodo,

2215 1711 2303 1767 cui
2332 1710 2553 1781 plurimi
2583 1711 2982 1783 metropolitani
3012 1727 3133 1769 cum
3180 1711 3291 1766 suis
3337 1710 3695 1783 suﬂ'raganeis
3725 1712 3811 1767 in-

2217 1798 2539 1866 terfuerunt,
2590 1800 2919 1856 decernente
2980 1800 3318 1857 Antiocheno
3364 1800 3595 1856 concilio
3622 1799 3815 1871 perfe-

2216 1895 2362 1945 ctum
2380 1887 2515 1943 illud
2534 1904 2658 1944 esse
2675 1889 2990 1956 concilium,
3024 1889 3118 1943 ubi
3160 1888 3465 1944 interfuerit
3487 1887 3812 1960 metropoli-

2218 1984 2375 2032 tanus
2432 1975 2677 2044 antistes,
2738 1976 3031 2033 manifesta
3112 1977 3377 2033 sententia
3447 1977 3812 2033 decreverunt

2217 2065 2402 2137 (conc.
2453 2066 2622 2122 Tolet.
2658 2081 2734 2136 ιν,
2768 2081 2888 2122 can.
2922 2067 3010 2121 45.
3043 2064 3381 2134 Habetur23,
3415 2083 3468 2137 q.
3503 2071 3556 2133 8,
3607 2067 3814 2122 Clerici

2223 2155 2343 2226 qui)
2378 2169 2390 2209 :
2429 2175 2452 2205 ι
2486 2161 2544 2208 ut
2575 2153 2782 2223 clerici,
2815 2153 2913 2227 qui
2944 2154 3000 2208 in
3023 2170 3343 2226 quacunque
3364 2153 3627 2209 seditione
3657 2170 3816 2209 arma

2216 2241 2461 2298 volentes
2475 2241 2805 2313 sumpserint
2822 2243 3042 2313 reperti,
3077 2243 3282 2298 amisso
3297 2242 3504 2298 ordinis
3517 2242 3601 2297 sui
3620 2242 3801 2313 gradu

2215 2329 2272 2385 in
2300 2331 2634 2387 monasterio
2664 2330 2996 2401 poenitentia
3025 2331 3398 2386 detrudantur.
3429 2352 3451 2382 ιι
3488 2332 3557 2386 Ει
3595 2332 3810 2387 Zacha-

2218 2417 2326 2473 rias
2352 2434 2497 2490 papa
2524 2418 2799 2474 Bonifacio
2829 2418 3086 2491 episcopo
3117 2419 3434 2492 Moguntina
3485 2419 3719 2491 scripsit,
3755 2428 3815 2476 ut

2221 2507 2530 2577 episcopos,
2589 2508 2961 2579 presbyteros,
3022 2515 3112 2562 aut
3164 2508 3422 2565 diaconos
3482 2508 3807 2582 sanguinem

2220 2594 2651 2652 Christianorum
2683 2586 2781 2651 seu
2808 2611 3148 2669 paganorum
3171 2595 3429 2652 effudisse
3450 2604 3716 2669 repertos,
3739 2598 3807 2652 ab

2216 2684 2425 2741 eisdem
2451 2684 2834 2741 ecclesiasticis
2882 2684 3142 2756 gradibus
3198 2693 3524 2742 removeret.
3576 2686 3648 2741 Et
3695 2686 3806 2755 jam

2216 2772 2509 2845 plusquam
2539 2774 2645 2829 duo
2676 2781 2801 2828 sunt
2831 2773 2977 2840 anni,
3011 2789 3077 2828 ex
3105 2789 3211 2846 quo
3233 2773 3487 2844 prafatus
3516 2773 3800 2848 Trisingus

2216 2862 2649 2933 suprascriptum
2660 2861 2927 2918 Livulfum
2950 2861 3137 2918 volens
3158 2863 3426 2931 occidere,
3459 2863 3807 2920 demembra—

2216 2950 2310 3016 vit,
2356 2950 2576 3021 quando
2622 2951 2766 3006 hanc
2811 2950 3149 3017 relationem,
3216 2958 3273 3005 ut
3321 2951 3580 3020 jussistis,
3611 2961 3811 3009 vestra

2218 3038 2525 3094 auctoritati
2554 3039 2881 3094 transmitto.
2915 3040 2983 3095 Et
3011 3039 3134 3111 quia
3165 3039 3396 3110 populus
3427 3041 3543 3095 sine
3577 3041 3809 3113 presby-

520 3136 637 3186 stra
665 3128 1033 3198 habuerimus,
1065 3129 1135 3184 ad
1163 3128 1431 3200 synodum
1477 3136 1670 3199 postea
1720 3129 1928 3183 nullam
1947 3128 2114 3185 venit.
2148 3117 2197 3180 C
2218 3134 2331 3183 tero
2348 3126 2536 3182 tandiu
2558 3143 2783 3183 manere
2814 3127 2932 3183 sine
2958 3128 3206 3199 periculo
3234 3127 3430 3183 dimitti
3458 3145 3568 3185 non
3598 3137 3799 3201 potest,

524 3217 701 3288 Quem
728 3234 830 3290 per
858 3234 1060 3274 annum
1090 3225 1143 3273 et
1172 3233 1268 3273 sex
1306 3232 1529 3273 menses
1561 3217 1893 3288 exspectavi,
1938 3225 1992 3273 et
2016 3233 2114 3289 pro

523 3322 586 3363 se
614 3306 671 3362 in
701 3308 912 3379 synodo
941 3306 1076 3361 nihil
1106 3305 1318 3378 sategit.
1349 3306 1420 3359 Et
1466 3305 1883 3362 decernentibus
1942 3307 2114 3362 sacris

521 3396 824 3453 canonibus
845 3396 1022 3467 (conc.
1070 3395 1415 3467 Carthagev.
1442 3410 1566 3450 can.
1629 3394 1719 3464 12)
1751 3411 1763 3448 :
1801 3402 1860 3449 ut
1889 3397 2104 3467 quoties

518 3486 716 3542 clerici
731 3486 996 3551 convicti,
1021 3489 1078 3541 et
1094 3486 1340 3555 confessi
1360 3486 1424 3539 in
1442 3484 1630 3556 aliqua
1652 3484 1915 3550 crimine,
1934 3485 1989 3539 si
1997 3487 2115 3555 for-

524 3579 577 3631 te
598 3591 785 3631 causa
804 3575 998 3630 adesse
1012 3573 1316 3639 voluerint,
1337 3576 1393 3629 et
1414 3572 1807 3628 innocentiam
1828 3589 1991 3628 suam
2025 3589 2117 3628 as-

521 3679 708 3719 serere
717 3666 879 3719 intra
890 3679 1110 3718 annum
1123 3661 1734 3718 excommunicationis
1754 3661 1854 3717 hoc
1870 3662 2112 3732 faciant.

521 3751 582 3808 Si
598 3766 726 3806 vero
740 3753 899 3806 intra
914 3768 1135 3806 annum
1146 3767 1209 3806 ca
1215 3766 1381 3805 usam
1387 3765 1633 3822 purgare
1645 3749 2108 3821 contempserint,

2215 3223 2402 3273 vestra
2433 3215 2699 3287 sapientia
2746 3215 3202 3272 suﬂicientissime
3230 3217 3396 3272 novit.
3431 3218 3579 3273 Deus
3623 3218 3801 3274 omni-

2216 3312 2412 3376 potens
2444 3306 2786 3360 sanctitatem
2807 3313 3042 3361 vestram
3072 3305 3143 3360 ad
3171 3304 3476 3361 doctrinam
3515 3312 3565 3362 et
3611 3322 3799 3363 corre-

2217 3394 2450 3449 ctionem
2502 3401 2704 3449 sancta
2733 3410 2845 3449 sua
2873 3393 3136 3450 Ecclesia
3165 3393 3220 3447 in
3251 3410 3350 3449 suo
3379 3401 3557 3465 capto
3575 3394 3797 3452 servitio

2213 3498 2311 3553 per
2338 3497 2607 3537 annorum
2637 3482 2806 3538 multa
2852 3481 3121 3538 curricula
3153 3497 3481 3539 conservare
3526 3484 3798 3557 dignetur,

2215 3578 2435 3634 domine
2466 3579 2825 3647 sanctissime,
2857 3587 2910 3635 et
2930 3578 3381 3636 reverendissime
3416 3581 3631 3636 Patrum
3688 3581 3797 3636 Pa-

2214 3683 2297 3732 ter
2324 3675 2643 3733 inDomino.

1727 3999 1896 4043 ANNO
1938 3999 2160 4043 DOMINI
2200 3998 2578 4044 DGCGLXXXII.

1122 4133 2470 4345 JOANNES
2674 4133 3232 4338 VIII

1683 4418 1854 4479 PON
1865 4417 2117 4480 TIFEX
2169 4418 2596 4481 ROMANUS.

888 4653 1424 4764 NOTITIA
1510 4654 2113 4741 HISTORIC

2213 4731 2219 4741 .
2305 4655 2432 4741 IN
2513 4652 3090 4741 JOANNEM
3173 4650 3410 4737 VIII

1388 4814 1694 4891 Auctore,
1736 4820 1813 4874 ut
1857 4814 2172 4894 creditur,
2221 4815 2566 4876 PANDULFO
2623 4817 2916 4877 Pisana.

1083 4947 1266 5020 (Apud
1295 4945 1573 5013 Muratori,
1604 4946 1731 5002 Rer.
1767 4946 1886 5003 Ital.
1919 4946 2140 5019 Script.,
2174 4954 2306 5003 tom.
2340 4948 2433 5017 III,
2468 4962 2535 5003 ex
2564 4946 2752 5004 codice
2785 4962 2889 5002 ms.
2922 4944 3233 5016 Vaticano.)

589 5126 829 5182 Joannes
856 5126 992 5194 VIII,
1017 5125 1235 5182 natione
1263 5126 1560 5198 Romanus,
1594 5140 1669 5198 ex,
1687 5133 1841 5198 patre
1889 5125 2107 5198 Guyndo,
2127 5128 2180 5187 D
2211 5131 2547 5198 conquestus
2563 5132 2664 5180 est.
2696 5123 3098 5198 Monasterium
3122 5121 3277 5198 enim
3292 5120 3491 5198 ‘sancti
3522 5117 3695 5198 _Pe_tri
3740 5118 3794 5198 in

524 5198 665 5253 sedit
695 5212 869 5252 annos
899 5198 1108 5266 decem,
1141 5212 1364 5253 menses
1420 5197 1578 5253 duos.
1610 5197 1709 5252 Hic
1761 5196 2110 5252 beatissimus

519 5283 622 5341 pro
650 5267 879 5341 utilitate
907 5268 1147 5341 omnium
1165 5267 1547 5341 _Ecclesiarum
1576 5268 1697 5341 Dei,
1730 5275 1784 5341 et
1836 5267 2111 5341 pracipue

519 5336 621 5411 pro
652 5336 950 5396 Gallicana
967 5338 1540 5411 Ecclesia,Arelatem
1566 5336 1881 5411 maritimali
1915 5336 2110 5393 itinere

521 5410 787 5482 deductus
817 5419 941 5479 est;
973 5410 1067 5482 ubi
1094 5411 1202 5466 Leo
1228 5410 1464 5482 abbasin
1501 5410 1789 5482 prasentia
1836 5410 1952 5477 ejus
2008 5424 2109 5482 ve-

510 5481 701 5549 niens,
732 5481 1269 5538 contra'Gisbertum
1310 5480 1547 5549 [Baluz2,
1608 5486 1653 5538 t.
1712 5482 1802 5537 VII
1848 5480 2105 5546 Miscell.,

520 5552 852 5622 Gilbertum,
886 5554 976 5612 hic
1006 5558 1062 5611 et
1089 5552 1269 5628 infra]
1298 5550 1734 5611 Nemausensem
1787 5550 2105 5623 episcopum

2287 5213 2320 5252 o
2335 5190 2575 5269 ‘quiescit
2603 5211 2803 5266 corpus
2824 5194 2972 5269 beati
2981 5193 3181 5269 gEgid_i_i
3200 5192 3263 5269 in_
3285 5190 3483 5247 ﬁnibus
3514 5190 3727 5269 G_othia
3742 5190 3800 5244 in

2258 5262 2381 5324 alle’
2393 5268 2670 5331 Flaviana,
2698 5262 2860 5337 quam
2890 5262 3088 5321 vallem
3117 5263 3371 5337 Flaviusi
3383 5262 3680 5337 quondam
3700 5277 3796 5337 rex

2210 5339 2612 5412 beato/Egidio
2628 5331 2945 5412 donaverat,
2968 5343 3025 5390 et
3052 5343 3271 5412 sanctus
3291 5331 3560 5412 _/E_gidius
3597 5331 3796 5412 exinde

2210 5403 2856 5466 donationéminteariter
2876 5408 3136 5462 Romana
3177 5403 3439 5462 Ecclesia
3492 5412 3546 5460 et
3591 5403 3795 5458 domno

2210 5498 2366 5554 papa
2385 5480 2678 5554 Benedicto
2692 5476 2911 5554 fecerat,
2944 5476 3100 5554 etibi
3155 5477 3217 5554 in
3258 5476 3606 5554 veneratione
3654 5490 3795 5554 apo-

2208 5545 2472 5611 stolorum
2510 5551 2814 5625 principum
2869 5547 3016 5603 Petri
3073 5554 3127 5604 et
3182 5548 3335 5603 Pauli
3397 5545 3795 5603 monasterium
