4174 6324
261 300 368 355 649

1518 302 1568 357 Ν
1573 300 1807 357 OTITIA
1855 299 2246 389 HISTORICA.

3454 306 3558 359 650

266 421 653 507 aediﬁcaverat,
686 423 946 495 praefatus
967 426 1265 507 _Gi_sbertus
1294 426 1863 507 Nemausensisanti-
1891 425 1949 486 A
1972 409 2281 507 episcopus,
2324 432 2378 481 et
2415 425 2532 507 alii;
2562 425 2816 507 epiSCOp'i.
2840 427 3152 507 provinciae
3188 436 3298 507 ‘et_
3328 427 3563 496 judices,

270 502 384 570 stes
413 495 1154 570 prtedictum_monasteriu_m
1176 498 1410 570 quadam
1438 497 1742 570 temeritate
1783 498 1864 551 in-

269 565 503 632 vadens,
532 565 709 621 eidem
739 566 904 622 Leoni
933 568 1110 622 abbati
1136 565 1449 624 abstulerat.
1486 568 1692 623 Deinde
1724 585 1871 639 prae-

270 644 490 711 ceptum
522 653 587 691 ex
617 654 751 711 rege
782 639 1117 695 Francorum
1168 648 1477 711 exceperat,
1512 640 1569 693 in
1615 655 1723 711 quo
1769 654 1872 695 nec

272 706 582 781 firmitatem
613 706 864 781 credens,
921 711 1224 781 Romanum
1266 706 1577 781 pontificem
1613 706 1761 775 adiit,
1788 727 1874 775 su-

268 794 371 849 per
398 779 505 833 hoc
532 780 906 853 auctoritatem
935 780 1121 836 furtim
1153 779 1310 853 quasi
1339 782 1405 853 de
1440 781 1561 853 suis
1609 780 1870 850 apostoli-

271 865 393 921 cam
414 849 734 921 iexquisivit.
787 852 895 906 Sed
942 860 1141 908 sanctae
1170 849 1574 907 recordationis
1639 849 1871 907 domnus

272 919 534 994 Nicolaus
572 936 732 994 papa,
764 921 890 994 licet
915 923 1076 994 hujus
1104 922 1314 978 fraudis
1343 931 1490 977 esset
1518 922 1757 994 ignarus,
1791 923 1867 976 di-

270 990 395 1046 vino
427 990 607 1046 tamen
637 990 838 1063 Spiritu
893 990 1107 1064 plenus,
1168 1010 1357 1049 omnes
1413 994 1482 1047 de
1532 990 1635 1049 hoc
1690 993 1872 1065 legem

271 1070 579 1134 quaerentes
630 1078 891 1137 excusare
934 1066 1149 1137 sategit.
1202 1064 1309 1120 Sed
1357 1065 1590 1137 domnus
1632 1064 1871 1119 Joannes

271 1133 411 1203 papa
442 1149 568 1189 cum
597 1133 991 1189 munimentum
1022 1133 1333 1191 chartarum
1381 1135 1626 1204 ejusdem
1672 1151 1870 1190 mona-

276 1204 430 1277 sterii
462 1204 786 1277 requireret,
817 1204 1187 1277 privilegium,
1213 1206 1358 1277 quod
1380 1207 1565 1261 Romae
1584 1205 1702 1277 [id.,
1725 1206 1871 1277 quod

275 1274 578 1348 Romanus]
609 1274 953 1348 venerabilis
969 1274 1114 1348 papa
1142 1274 1467 1332 Benedictus
1498 1274 1687 1332 sancto
1716 1274 1871 1348 Egi-

276 1345 368 1401 dio
396 1345 752 1416 corporaliter
779 1345 1100 1417 tradiderat,
1133 1348 1184 1402 ei
1213 1348 1451 1402 oblatum
1482 1356 1584 1402 est.
1617 1349 1765 1401 Tunc
1781 1345 1874 1403 do-

267 1432 431 1471 mnus
486 1433 620 1489 papa
643 1418 881 1472 Joannes
901 1434 999 1489 per
1019 1420 1165 1473 Deus
1199 1418 1346 1473 dedit
1366 1419 1563 1474 ducem
1584 1419 1869 1474 Ravenna-

271 1495 405 1554 tem,
440 1490 762 1543 advocatum
796 1505 974 1555 suum,
1027 1497 1219 1544 contra
1262 1490 1577 1544 Gisbertum
1622 1490 1869 1544 Nemau-

278 1574 497 1613 sensem
545 1558 882 1630 episcopum,
928 1559 1106 1630 ipsum
1149 1560 1540 1630 monasterium
1597 1560 1865 1630 qumsivit.

274 1630 428 1684 Tunc
458 1629 742 1684 ambarum
769 1629 1003 1700 partium
1033 1630 1314 1686 advocatis
1347 1647 1447 1700 per
1496 1629 1870 1699 fidej’ussorem

276 1700 496 1781 legatis,
529 1700 1435 1781 exsecutionem[id.,_exsecutore]
1459 1701 1715 1781 duntaxat
1731 1702 1873 1781 Cre-

1975 495 2213 571 Joannes
2232 497 2369 571 dux,
2403 505 2456 551 et
2492 495 2721 571 Dativus
2738 495 2894 571 :[idg
2952 498 3231 571 Dat_urus]i
3263 495 3558 571 Ravennae,

1975 568 2175 628 Ardus,
2211 568 2502 634 Adbertus,
2538 567 2931 635 Guisalfredus,
2963 567 3325 635 Arderardus,
3358 567 3566 624 Codul-F

1972 637 2210 711 fusg[id.,
2256 638 2597 711 Gondalfus],
2657 646 2712 711 et
2762 638 2854 692 alii
2908 640 3148 711 nonnulli
3204 639 3565 710 provinciales

1966 708 2200 777 judices,
2231 716 2289 763 ut
2316 708 2649 833 praeceptum
2695 709 2895 765 lectum
2940 708 3244 779 audierunt,
3290 726 3416 765 mox
3463 726 3563 767 co-

1974 788 2278 833 gnoverunt
2304 788 2494 833 anosto
2518 780 2654 833 icam
2684 780 2870 833 domni
2897 780 3103 833 Nicolai
3134 796 3445 833 censuram.
3476 798 3563 833 cx-

1974 788 2278 851 gnoveruﬁnt
2304 780 2654 850 apostolicam
2684 780 2870 835 domni
2897 780 3103 836 Nicolai
3134 796 3445 848 censuram,
3476 798 3565 837 cx-

1974 850 2166 923 cusare
2196 850 2264 904 de
2293 852 2397 906 hoc
2428 851 2607 923 legem
2641 858 2966 923 quaerentes.
3001 852 3068 905 Et
3096 851 3351 923 dixerunt
3377 868 3468 923 per
3499 852 3567 906 il-

1972 920 2422 992 ludpraeceptum
2456 920 2559 977 hoc
2588 920 2973 977 monasterium
3005 937 3114 977 non
3144 938 3307 992 posse
3324 920 3561 991 defendi,

1966 990 2289 1059 judicantes’
2302 993 2478 1046 statim
2508 1000 2563 1046 ut
2591 992 2874 1063 praefatum
2902 990 3293 1047 monasterium
3334 990 3567 1048 Gisberé

1970 1069 2057 1135 tus
2089 1063 2378 1135 episcopus
2409 1063 2611 1118 domno
2632 1079 2790 1134 papae
2805 1064 3083 1135 redderet,
3109 1072 3161 1118 et
3179 1080 3397 1135 poenam
3416 1064 3568 1120 inva-

1973 1132 2141 1204 sionis
2202 1133 2305 1187 sibi
2358 1132 2730 1204 componeret“.
2784 1135 2933 1189 Tunc
2990 1132 3197 1204 ipsum‘
3242 1135 3564 1190 advocatum

1972 1203 2271 1276 Deusdedit
2308 1203 2510 1276 ducem
2554 1206 2924 1260 Ravennatem
2974 1203 3207 1259 domnus
3252 1221 3397 1276 papa
3439 1205 3568 1262 illuc

1971 1273 2287 1347 transmisit,
2326 1275 2415 1346 qui
2440 1292 2611 1347 super
2655 1277 2762 1347 hoc
2815 1273 3570 1347 corporalemtraditionem

1970 1344 2041 1399 de
2070 1345 2322 1399 omnibus
2345 1344 2539 1401 ‘rebus
2586 1346 2834 1417 praedicti
2888 1344 3205 1402 monasterii
3262 1354 3369 1402 tam
3424 1346 3571 1402 intus

1971 1430 2141 1489 quam
2167 1424 2333 1489 extra”
2356 1417 2676 1489 a___praefato
2716 1417 2994 1489 _Gisberto
3047 1417 3306 1489 episcopo
3337 1418 3565 1488 recepit.

1970 1485 2181 1540 Deinde
2208 1486 2262 1540 in
2293 1485 2527 1541 Galliam
2556 1487 2844 1542 transitum
2872 1485 3254 1544 faciens'anno"
3300 1485 3566 1543 Incarna-

1970 1556 2460 1630 tionisADominicae
2492 1561 2614 1626 879,
2646 1574 2725 1612 xv
2749 1559 3038 1630 Kalendas
3077 1558 3423 1630 Septembris
3467 1558 3561 1630 (b),

1969 1626 2262 1699 indictione
2289 1643 2368 1693 x1,
2420 1644 2566 1684 anno
2610 1629 2958 1699 pontificatus
3005 1629 3089 1684 sui
3133 1626 3187 1683 in
3233 1626 3570 1685 sanctissima

1971 1696 2676 1781 [id.,‘s_acratissima]_sede
2721 1700 2864 1781 beati
2909 1700 3049 1781 Petri
3119 1699 3350 1781 apostoli
3389 1708 3562 1781 sexto,

317 1768 434 1851 crio
459 1768 762 1851 s'criniario,
798 1780 852 1826 et
910 1768 1210 1827 Deusdedit
1252 1768 1468 1851 agente,
1518 1772 1872 1851 volpi_t__idem
1901 1768 2116 1851 B'a'pud
2146 1770 2349 1851 Trecas
2375 1847 2382 1851 _
2408 1768 2680 1851 civitatem
2737 1770 3065 1851 [ld.,.sex_to,
3088 1768 3561 1851 mépseiAugusto,

332 1842 565 1897 isbertus
596 1843 894 1924 episcopus
912 1859 1013 1924 per
1055 1842 1420 1924 praecepti.me
1435 1842 1623 1898 domni
1635 1913 1644 1924 ο
1658 1843 1872 1924 ῌίοοὶξιὶ

276 1913 384 1984 pia
412 1913 692 1985 memoriae
721 1913 797 1967 ibi
816 1913 1097 1985 relectum,
1131 1915 1276 1985 quod
1296 1913 1479 1968 furtim
1496 1913 1649 1985 quasi
1669 1913 1737 1968 de
1758 1913 1872 1968 suis

280 1982 347 2039 cx
377 1984 674 2055 apostolica
705 1984 835 2039 sede
883 1982 1244 2050 fraudaverat,
1296 1992 1349 2039 et
1392 2001 1493 2055 per
1513 1982 1873 2055 preceptum

280 2002 347 2039 ex
377 2002 674 2108 zyosronca
705 2002 835 2039 sede
883 2002 1244 2050 Irauaaverat,
1296 2002 1349 2039 et
1392 2002 1493 2109 per
1538 2002 1867 2055 praeceptum

278 2071 386 2127 quo
452 2071 517 2109 ex
548 2056 794 2127 quodam
812 2071 946 2127 rege
976 2057 1310 2111 Francorum
1340 2055 1392 2110 fa
1416 2072 1536 2127 sum
1558 2063 1867 2127 exceperat,

276 2125 334 2180 in
364 2142 470 2197 quo
500 2125 603 2182 nec
629 2127 741 2181 ulla
768 2125 990 2181 ﬁrmitas
1018 2127 1363 2191 subsistebat,
1397 2125 1709 2181 defendere.
1763 2127 1872 2182 Sed

278 2197 513 2268 domnus
540 2213 681 2268 papa
712 2214 901 2252 omnes
931 2197 1218 2268 episcOpos
1247 2206 1299 2252 et
1324 2198 1534 2266 judices
1556 2198 1760 2263 Romae,
1784 2197 1872 2268 vel

277 2267 643 2339 provinciales
672 2269 773 2323 sub
800 2267 1140 2323 anathemate
1171 2268 1743 2339 excommunicationis
1784 2267 1875 2322 ad-

279 2338 507 2406 monuit,
541 2340 610 2394 de
639 2340 742 2394 hoc
768 2348 977 2411 rectam
1004 2340 1186 2411 legem
1217 2340 1460 2395 dicturos
1517 2347 1570 2394 et
1612 2338 1868 2411 facturos.

277 2411 433 2481 Tunc
461 2411 772 2481 Rostagnus
800 2410 1137 2466 Arelatensis
1168 2410 1629 2481 archiepiscopus,
1662 2418 1714 2464 et
1743 2410 1872 2464 Ari—

278 2480 465 2536 bertus
495 2481 574 2551 (α)
603 2480 1011 2537 Ebredunensis
1031 2481 1490 2552 archiepiscopus,
1516 2481 1873 2536 Waldbertus

282 2552 597 2634 fortuensis
616 2553 929 2634 episcopus,
951 2552 1231 2634 Paschalis
1251 2553 1541 2634 Amerinus
1559 2552 1869 2634 episcopus,

277 2622 586 2695 Radbertus
616 2622 893 2695 valentia
926 2624 1235 2694 episcopus,
1281 2623 1595 2695 Litiduinus
1631 2622 1869 2695 [Βαίτων

278 2693 545 2766 Lituinus]
573 2694 932 2750 Massiliensis
959 2693 1269 2767 episcopus,
1293 2694 1518 2750 Ictarius
1539 2693 1874 2751 Vivariensis

351 2871 425 2941 (α)
474 2875 662 2927 Nomen
722 2875 939 2927 Ariberti

274 2960 405 3024 apud
428 2960 695 3012 Baluzium.

350 3069 424 3138 (b)
453 3071 595 3136 Apud
618 3071 804 3137 Baluz.,
853 3082 937 3122 an.
985 3071 1105 3136 878,
1151 3084 1219 3121 xv
1259 3070 1369 3122 Kal.
1418 3070 1551 3133 Sept.
1608 3071 1724 3121 Haac
1748 3070 1876 3121 idem

1015 2875 1378 2928 Ebredunensis
1442 2874 1657 2938 episcopi
1736 2873 1877 2925 deest

1973 1839 2177 1914 Trecas
2207 1840 2519 1914 civitatem],
2553 1841 2608 1895 in
2637 1839 2932 1914 praesentia
2961 1841 3147 1914 domui
3175 1839 3442 1914 Ludovici
3473 1856 3567 1896 se-

1981 1858 2177 1894 irecas
2207 1858 2519 1914 civuatemJ,
2553 1858 2608 1895 ιη
2636 1858 2932 1965 praesentia
2961 1858 3147 1896 domm
3175 1858 3433 1896 LuthVICI
3473 1858 3567 1896 se-

1971 1909 2257 1994 renissimi
2294 1912 2649 1994 regisﬁconci
2676 1913 2785 1966 ium
2846 1912 3276 1994 permaximum.
3310 1911 3567 1994 celebra-

1969 1981 2044 2053 vit
2073 1980 2173 2051 (ο).
2212 1980 2384 2053 Hujus
2426 1982 2585 2037 etiam
2632 1980 2968 2053 temporibus
3018 1982 3201 2037 ﬂoruit
3247 1981 3569 2038 Anastasius

1966 2051 2228 2124 Romanae
2255 2052 2520 2124 Ecclesiae
2551 2051 3011 2121 bibliothecarius,
3070 2053 3181 2124 qui,
3224 2060 3331 2124 tam
3370 2053 3565 2124 Graeco

1973 2138 2140 2195 quam
2166 2123 2352 2195 Latino
2383 2124 2598 2195 eloquio
2626 2125 2862 2195 pollens,
2896 2123 3182 2195 septimam
3202 2123 3570 2195 universalcm

1973 2193 2240 2263 synodum
2269 2194 2338 2248 de
2369 2193 2559 2250 Graeco
2588 2193 2644 2249 in
2670 2195 2915 2249 Latinum
2944 2193 3233 2249 transtulit.
3279 2193 3571 2250 Transtulit

1973 2264 2134 2318 etiam
2162 2264 2244 2336 de
2276 2263 2470 2320 Graeco
2508 2265 2564 2320 in
2609 2266 2856 2320 Latinum
2903 2263 3276 2321 Hierarchiam
3322 2264 3569 2336 Dionysii

1972 2334 2321 2417 areopagitae
2352 2337 2685 2417 Athenarum
2716 2336 2976 2417 episcopi,
3013 2336 3275 2417 scriptam.
3299 2336 3368 2415 ad
3395 2334 3573 2390 Timo-

1973 2405 2504 2478 theumgépiscopum
2562 2405 2790 2478 Ephesi,
2821 2415 2873 2462 et
2901 2405 3097 2462 direxit
3118 2405 3314 2478 Carolo
3338 2405 3570 2478 impera-

1975 2476 2079 2530 tori
2108 2476 2220 2531 filio
2250 2476 2541 2533 LudOvico.
2574 2476 2873 2533 Transtulit
2901 2478 3065 2532 etiam
3094 2478 3162 2532 de
3182 2477 3374 2532 Graeco
3394 2477 3450 2530 in
3471 2476 3574 2531 La-

1973 2546 2144 2618 tinum
2170 2547 2486 2602 Passionem
2517 2549 2692 2604 sancti
2739 2548 2885 2603 Petri
2900 2547 3256 2604 Alexandrini
3296 2546 3571 2618 archiepi-

1975 2617 2146 2690 scopi,
2206 2626 2283 2690 etr
2314 2619 2625 2674 Passionem
2682 2618 2852 2675 sancti
2896 2619 3101 2688 Acacii,
3189 2617 3569 2690 sociorumque

1975 2688 2111 2756 ejus,
2144 2696 2198 2743 et
2224 2689 2402 2746 Vitam
2432 2690 2606 2746 sancti
2635 2691 2860 2746 Joannis
2909 2688 3357 2761 Eleemosynarii.

1974 2862 2094 2927 879,
2140 2864 2309 2916 indict.
2361 2877 2431 2928 ix,
2481 2866 2531 2915 et
2575 2864 2835 2916 concilium
2905 2864 3156 2915 Trecense
3230 2861 3383 2913 fuisse
3452 2860 3583 2912 cele-

1975 2947 2170 3000 bratum
2194 2962 2361 3001 mense
2381 2950 2553 3013 Aprili.
2581 2951 2715 3011 Quod
2739 2961 2849 3000 cum
2890 2950 3116 2999 constare
3157 2959 3253 2999 non
3297 2946 3451 3010 possit
3469 2958 3581 2997 cum

1976 3036 2186 3087 veritate
2211 3034 2448 3098 historiae,
2478 3038 2618 3086 notas
2641 3035 2751 3086 illas
2775 3034 3094 3095 correximus,
3122 3036 3177 3084 ut
3200 3032 3251 3082 in
3278 3045 3333 3083 re
3356 3033 3514 3082 certa.
3549 3045 3571 3079 ι

278 3135 484 3209 adnotat
498 3135 522 3208 γε
573 3172 593 3205 ι
634 3157 690 3208 in
729 3135 889 3208 veteri
923 3156 1090 3208 codice
1133 3155 1310 3219 legitur
1348 3169 1407 3207 ea
1451 3158 1561 3208 acta
1600 3168 1709 3207 esse
1750 3167 1879 3207 anno
1907 3135 1956 3199 C
2046 3152 2109 3222 (ο)
2131 3156 2322 3207 Caetera
2344 3167 2451 3218 quae
2474 3158 2744 3219 sequuntur
2762 3153 3104 3233 desiderantur
3143 3152 3269 3217 apud
3303 3151 3573 3204 Baluzium.

281 3326 3569 3355 ww

1036 3441 1429 3527 ALTERA
1495 3441 1629 3525 DE
1687 3439 2064 3526 JOANNE
2135 3440 2305 3525 VIII
2380 3440 2812 3526 NOTITIA.

1621 3605 1727 3679 (Ex
1758 3604 2013 3662 Conciliis
2043 3603 2266 3677 Mansi.)

357 3840 595 3895 Joannes
624 3838 704 3909 (α)
735 3837 874 3894 sedit
919 3853 1093 3893 annos
1142 3837 1354 3904 decem,
1382 3836 1526 3909 dies
1572 3817 1728 3892 duos.
1784 3837 1885 3893 Hic

285 3911 514 3967 decreto
544 3926 642 3966 suo
673 3908 855 3965 Statuit
884 3917 939 3964 ut
970 3909 1104 3963 nulli
1133 3910 1330 3964 ducum
1377 3908 1886 3980 liceathquemlibet

290 3981 614 4053 episcopum
641 3981 697 4036 in
724 3981 1075 4052 praesentiam
1102 3980 1331 4036 Romani
1362 3978 1624 4050 praesulis
1640 3979 1885 4035 introdu-

357 4129 434 4197 (a)
459 4132 690 4185 Joannes.
742 4134 880 4183 Anno
926 4131 1262 4195 Redemptoris
1308 4128 1424 4192 872,
1499 4129 1690 4181 decimo
1758 4142 1886 4180 none

287 4200 533 4254 Kalendas

286 4273 339 4320 et
405 4268 603 4317 natione
666 4268 909 4317 Romanus
937 4305 950 4328 ,
1032 4278 1094 4315 ex
1161 4264 1503 4314 archidiacono
1569 4264 1727 4313 factus
1812 4267 1886 4313 est

282 4334 506 4400 pontifex
548 4332 691 4394 hujus
758 4332 967 4383 nominis
1027 4335 1275 4400 octavus,
1325 4329 1606 4400 electione,
1659 4329 1886 4400 unctione

286 4396 339 4453 et
386 4400 703 4451 coronatione
751 4400 911 4449 Caroli
958 4398 1112 4461 Calvi,
1163 4397 1393 4448 Ludovici
1438 4396 1575 4447 Balbi
1622 4398 1671 4445 et
1728 4396 1886 4446 Caroli

289 4468 453 4521 Crassi
501 4468 649 4517 trium
691 4466 1060 4529 imperatorum,
1110 4467 1220 4527 post
1265 4465 1447 4514 obitum
1520 4462 1752 4513 Ludovici
1823 4464 1885 4526 ll,

288 4536 459 4587 ordine
480 4534 717 4598 praadicto
741 4533 1103 4584 succedentium
1126 4532 1491 4582 celeberrimus.

354 4596 623 4663 Hicfcum
681 4599 913 4650 Saraceni
981 4602 1133 4649 totam
1204 4600 1306 4648 fere
1373 4598 1562 4647 Italiam
1623 4596 1886 4660 depopula-

287 4672 464 4720 rentur
490 4706 504 4730 ,
576 4667 707 4717 omni
786 4666 964 4716 auxilio
1032 4665 1302 4728 hominum,
1370 4664 1419 4714 in
1488 4663 1659 4727 quibus
1748 4676 1886 4726 spem

289 4735 685 4799 expellendorum
710 4734 1064 4784 Saracenorum
1085 4733 1429 4794 collocaverat,
1445 4731 1588 4793 plane
1609 4731 1886 4793 destitutus,

288 4816 320 4854 a
344 4801 566 4853 barbaris
592 4805 641 4850 et
666 4800 941 4850 inﬁdelibus
964 4812 1137 4861 pacem
1162 4803 1211 4849 et
1235 4800 1449 4861 quietem
1476 4810 1635 4847 annuo
1660 4809 1807 4847 censu
1832 4810 1889 4848 ac

287 4869 471 4920 tributo
495 4866 737 4917 redimere
760 4870 956 4917 coactus
978 4866 1107 4915 fuit:
1160 4865 1303 4927 idque
1345 4865 1478 4926 justo
1524 4865 1608 4914 Dei
1652 4864 1892 4926 permissu

287 4935 551 5001 contigisse
590 4934 798 5001 videtur,
823 4937 877 4984 ut
909 4933 1096 5001 scilicet
1118 4933 1213 5001 hoc
1246 4931 1468 5001 exemplo
1503 4943 1589 5001 suo
1627 4930 1890 5001 ipstructus

288 4997 581 5063 agnosceret
601 5012 656 5051 se
682 4998 787 5062 poSt
809 5000 995 5051 obitum
1032 4999 1263 5050 Ludovici
1289 4997 1599 5061 imperatoris
1644 4998 1705 5059 ll,
1748 5010 1893 5047 suasu

292 5067 589 5120 malesuadae
613 5068 826 5118 carnalis
849 5066 1140 5131 prudentiae,
1165 5066 1412 5126 Carolum,
1439 5076 1467 5113 a
1492 5076 1589 5131 quo
1609 5068 1777 5131 contra
1802 5066 1893 5114 Sa-

292 5148 500 5187 racenos
526 5133 715 5194 majora
739 5130 883 5197 quam
909 5147 938 5184 a
971 5133 1215 5184 Ludovico
1258 5133 1413 5182 fratre
1462 5130 1678 5180 subsidia
1722 5143 1895 5193 exspe-

288 5202 479 5266 ctabat,
510 5201 637 5251 male
664 5201 888 5264 elegisse,
934 5213 1127 5250 creasse
1155 5201 1204 5249 et
1246 5210 1503 5249 coronasse
1546 5197 1897 5266 imperatorem

291 5264 558 5331 (errat'hic
581 5268 637 5318 in
657 5268 824 5318 multis
877 5267 1093 5328 Binius),
1142 5278 1286 5328 quem
1329 5268 1530 5328 propter
1570 5264 1717 5331 alieni
1760 5264 1898 5326 regni

290 5329 622 5396 invasionem,
649 5335 872 5398 exemplo
895 5333 1270 5397 praadecessoris
1292 5332 1366 5381 sui
1388 5329 1592 5398 Adriani
1644 5330 1685 5398 ll
1737 5332 1900 5398 ecclef

289 5402 502 5455 siasticis
525 5402 746 5452 censuris
769 5396 942 5452 merito
967 5402 1238 5465 exagitasse
1262 5397 1485 5465 debebat.
1528 5397 1781 5465 Photium,
1803 5396 1899 5465 qui

290 5482 379 5533 per
423 5469 643 5520 fraudem
696 5470 745 5519 et
792 5463 1109 5533 imposturam
1157 5463 1510 5533 admirabilem,
1556 5476 1703 5533 quam
1766 5463 1901 5533 idem

290 5529 488 5588 Nicetes
521 5535 756 5600 prolixius
793 5529 1008 5595 enarrat,
1054 5533 1225 5597 cuique
1274 5531 1491 5597 lgnatius
1531 5529 1690 5581 adhuc
1729 5529 1902 5580 vivens

549 5672 795 5727 PATROL.
832 5672 1078 5728 CXXVI.

601 4200 838 4259 Januarii,
902 4202 1030 4250 teste
1100 4183 1343 4256 Aimoino,
1410 4183 1645 4258 Joannes,
1725 4197 1887 4259 patria
1912 4183 1964 4242 D

1984 3853 2130 3907 cere,
2164 3837 2251 3895 vel
2281 3855 2478 3895 census
2510 3839 2580 3895 ab
2608 3854 2674 3895 eo
2702 3838 2771 3895 ad
2795 3846 3044 3911 sumptus
3058 3838 3308 3911 publicos
3322 3854 3419 3895 seu
3436 3836 3577 3896 dona

1986 3911 2240 3981 quaelibet
2269 3912 2507 3982 exigere,
2542 3912 2640 3966 sed
2669 3926 2771 3967 nec
2815 3910 3004 3967 coram
3049 3910 3202 3966 laicis
3259 3911 3578 3982 episcopum

1984 3982 2273 4038 concessit.
2316 3982 2551 4038 Clericos
2615 3989 2667 4037 et
2732 3982 3187 4053 sanctimoniales,
3232 3982 3470 4054 pupillos
3526 3988 3582 4037 et

1987 4141 2197 4191 reditum
2222 4142 2282 4192 ad
2307 4141 2599 4202 Ecclesiam,
2621 4142 2761 4203 prout
2799 4141 2973 4190 octava
3013 4139 3197 4202 synodo
3256 4139 3577 4190 constitutum

1987 4205 2309 4269 fuerat,juste
2326 4208 2672 4269 denegaverat,
2712 4207 2921 4255 Joannes
2948 4218 3094 4269 papa,
3145 4206 3421 4269 petentibus
3464 4205 3581 4256 illud

1985 4274 2473 4336 Basiliiimperatoris
2512 4276 2560 4324 et
2584 4272 3009 4333 Hierosolymitani
3055 4273 3345 4335 patriarchae
3381 4272 3578 4335 legatis,

1985 4345 2095 4405 post
2141 4341 2322 4391 obitum
2371 4341 2543 4404 lgnatii
2590 4339 2651 4389 ad
2676 4339 3064 4390 communionem
3102 4339 3331 4390 Ecclesia:
3368 4340 3576 4404 recepit,

1987 4408 2185 4471 ejusque
2206 4407 2415 4457 reditum
2440 4407 2502 4457 ad
2541 4407 2709 4457 sedem
2740 4405 3121 4469 patriarchalem
3162 4418 3259 4456 non
3297 4406 3404 4456 sine
3445 4405 3583 4470 gravi

1988 4474 2363 4525 existimationis
2409 4487 2509 4524 suae
2547 4474 2738 4535 jactura
2771 4476 2985 4534 notaque
3032 4473 3277 4525 cathedrae
3320 4473 3583 4536 pontiﬁcia:

1988 4541 2268 4605 turpissima
2290 4539 2593 4603 approbavit.
2621 4542 2691 4591 Ne
2715 4540 2915 4591 Photius
2940 4542 3054 4590 ante
3077 4540 3222 4590 ﬁnem
3248 4541 3358 4590 vitae
3383 4542 3444 4592 ad
3478 4552 3583 4604 pm-

1986 4609 2241 4659 nitentiam
2312 4608 2635 4669 reciperetur,
2683 4608 2733 4657 in
2758 4606 2963 4657 concilio
3009 4606 3304 4657 cacumenico
3352 4621 3437 4656 vni
3484 4619 3582 4657 non

1985 4680 2177 4727 tantum
2221 4675 2558 4736 constitutum,
2601 4687 2771 4724 verum
2789 4674 2936 4724 etiam
2960 4674 3262 4737 singulorum
3297 4671 3582 4733 iuramento

1985 4743 2233 4793 ﬁrmatum
2268 4745 2389 4791 erat.
2413 4743 2512 4791 Non
2555 4742 2755 4805 ignarus
2803 4740 2946 4801 hujus
2989 4739 3345 4790 constitutionis
3411 4752 3584 4791 sacra-

1988 4809 2205 4866 tissimae.
2236 4821 2391 4870 neque
2415 4809 2670 4858 immemor
2690 4809 2896 4857 fortasse
2920 4807 2992 4855 sui
3009 4806 3158 4870 ipsius
3178 4805 3441 4867 juramenti
3463 4819 3585 4870 pon-

1989 4877 2130 4936 tifex,
2181 4879 2518 4925 contumacem
2577 4874 2859 4925 haereticum
2897 4872 3026 4922 nulla
3076 4871 3267 4922 ratione
3314 4872 3375 4923 ad
3423 4874 3583 4937 poeni-

1990 4944 2213 5004 tentiam,
2242 4943 2391 4994 multo
2418 4942 2575 4992 minus
2610 4941 2670 4991 ad
2712 4940 3000 5003 dignitatem
3025 4938 3404 5001 patriarchalem
3442 4954 3582 4991 rece-

1990 5010 2138 5072 pisse,
2163 5010 2250 5060 sed
2272 5010 2429 5071 potius
2452 5007 2784 5059 anathematis
2796 5005 3038 5072 sententia
3062 5005 3328 5069 perculisse
3348 5007 3580 5058 debebat.

1993 5071 2463 5141 lmpetraveratjsta
2486 5076 2682 5125 Photius
2707 5073 2813 5123 sine
2831 5071 3010 5141 dubio“
3028 5085 3117 5134 per
3172 5072 3585 5141 intercessionem

1994 5138 2181 5197 Basilii.
2210 5156 2297 5205 per
2321 5138 2531 5201 unionis,
2558 5141 2691 5204 pacis
2716 5144 2763 5189 et
2788 5138 3057 5189 concordiae
3083 5140 3448 5201 ecclesiasticae,
3499 5153 3585 5190 au-

1994 5210 2194 5272 xiliique
2219 5213 2384 5259 contra
2408 5211 2676 5260 Saracenos
2722 5205 2911 5255 ferendi
2957 5206 3348 5269 promissionem,
3399 5219 3585 5271 perque

1996 5277 2230 5327 falsorum
2253 5276 2462 5338 plurium
2508 5273 2887 5331 enarrationem,
2936 5273 3072 5335 quasi
3115 5286 3283 5324 omnes
3328 5273 3586 5325 orthodoxi

1996 5357 2085 5407 pro
2108 5343 2181 5393 sui
2205 5343 2511 5393 restitutione
2531 5340 2893 5391 intercederent
2917 5356 2937 5407 εξ
2953 5352 3121 5391 verum
3145 5340 3240 5391 ista
3265 5340 3454 5407 ratione
3474 5352 3587 5407 non

1998 5405 2096 5461 tam
2120 5411 2328 5460 Joannes
2358 5410 2633 5468 excusatur,
2661 5420 2807 5470 quam
2840 5405 3028 5466 majore
3052 5405 3315 5470 ignominia
3361 5406 3586 5469 afﬁcitur,

1999 5481 2053 5527 ut
2076 5476 2156 5540 qui
2181 5475 2242 5524 ab
2290 5476 2509 5525 eunucho
2534 5479 2583 5525 et
2603 5474 2832 5525 semiviro
2857 5474 2987 5523 omni
3011 5475 3183 5524 robore
3209 5476 3486 5540 enervatus,
3535 5484 3591 5540 se

2002 5537 2230 5594 feminam
2278 5542 2438 5607 potius
2479 5554 2626 5605 quam
2696 5541 2851 5592 virum
2909 5553 3014 5591 esse
3056 5539 3342 5592 declaravit.
3369 5538 3422 5589 Si
3483 5537 3590 5599 quis

3243 5659 3305 5714 21
