4174 6306
557 311 662 368 62⁸7

1449 304 1793 361 HINCMARI
1819 303 2218 360 BHEMENSIS
2245 300 2776 360 ARCHIEPISCOPI

3764 303 3868 358 628

554 432 786 488 debent:
819 444 922 486 nec
965 429 1174 501 aliquid
1213 429 1288 484 ibi
1329 437 1487 492 sonat
1515 429 1585 484 de
1623 427 1966 485 confessione
1995 428 2051 482 in
2081 428 2164 482 al—
2189 429 2246 490 A
2265 428 2538 484 dicentum
2553 443 2620 484 ex
2637 443 2732 482 sua
2745 441 3018 498 persona:
3047 447 3069 477 ι
3096 427 3256 482 Certe
3277 425 3324 480 si
3345 441 3454 482 non
3473 433 3856 482 nocetextorta

555 529 733 575 teram
762 526 977 590 partem
1010 533 1176 590 quam
1213 518 1428 589 debeat,
1459 534 1637 590 neque
1669 533 1771 588 pro
1800 533 2024 572 suarum
2050 532 2162 570 non

553 607 910 680 requisitione
955 623 1160 674 rerum,
1192 623 1370 680 neque
1400 607 1469 662 de
1508 606 1671 662 sectis
1710 605 1873 661 alieni
1918 605 2158 662 erroris:

553 711 658 752 nec
703 711 830 752 eum
895 695 1202 767 quisquam,
1252 703 1310 750 ut
1355 695 1742 760 subscriberet,
1795 701 1888 749 aut
1931 693 1986 748 in
2032 708 2162 750 car-

555 799 704 852 cere,
775 790 868 839 aut
931 783 989 838 in
1052 784 1332 856 ergastulo
1391 783 1635 848 reclusit,
1697 791 1756 836 ut
1803 781 1888 836 his
1944 781 2162 836 territus

559 871 794 941 insidiis,
841 871 1060 927 Domini
1106 871 1348 928 deviaret
1389 871 1670 938 sacerdos,
1702 877 1755 926 et
1796 869 2160 926 voluntatibus

564 958 757 1016 alienis
785 957 1012 1016 faveret.

1133 1065 1358 1121 CAPUT
1375 1063 1634 1120 XXXIV.

855 1151 1120 1224 Ejusdem
1145 1153 1514 1224 refutationis
1539 1152 1916 1209 continuatio.

559 1244 568 1250 ”
636 1241 719 1296 De
762 1255 828 1296 eo
875 1239 1020 1311 quod
1061 1238 1264 1294 ibidem
1309 1239 1698 1312 subsequitur:
1735 1261 1757 1286 α
1799 1239 1857 1295 Si
1885 1253 1994 1294 non
2035 1243 2160 1292 sunt

561 1335 773 1384 tantum
819 1327 1148 1382 attendenda
1177 1343 1296 1400 qua
1323 1326 1476 1394 fiunt,
1525 1333 1786 1398 quantum
1826 1341 1934 1398 quo
1977 1325 2158 1381 animo

560 1415 724 1484 ﬁant;
760 1431 866 1488 quo
903 1415 1086 1470 animo
1129 1430 1234 1488 ego
1277 1415 1412 1470 illud
1448 1414 1693 1484 fecerim,
1740 1430 1920 1487 neque
1960 1429 2158 1486 parum

563 1503 742 1560 sciens
771 1503 971 1574 poterit
998 1503 1295 1575 ignorare:
1329 1503 1423 1575 qui
1450 1503 1614 1559 etiam
1642 1502 1815 1558 multo
1841 1502 2004 1574 plura
2029 1509 2158 1558 tunc

563 1605 744 1648 essem
785 1589 1045 1658 facturus,
1073 1598 1132 1646 ut
1158 1606 1314 1647 meos
1344 1591 1437 1662 qui
1465 1591 1670 1646 innoxii
1707 1599 1882 1657 erant,
1914 1598 1966 1646 et
1995 1605 2158 1646 causa

561 1678 672 1734 mei
697 1678 1169 1750 opprimebantur,
1199 1695 1422 1750 possem
1448 1679 1702 1734 liberare.
1741 1699 1764 1730 ιν
1799 1679 1996 1733 Paulus
2025 1693 2156 1749 apo-

2263 516 2555 583 confessio,
2587 531 2698 571 non
2727 515 2885 572 obest
2914 521 3123 570 extorta
3153 514 3478 586 subscriptio
3503 532 3516 568 :
3555 534 3578 565 ι»
3611 514 3718 569 nisi
3745 530 3862 586 pa-

2261 604 2540 660 nitentiam
2572 603 2762 676 egerit,
2799 603 2966 659 credo
2995 603 3147 658 illum
3174 603 3316 658 inter
3343 602 3448 657 alia
3475 603 3544 658 de
3573 603 3680 658 hoc
3707 617 3860 658 men-

2263 692 2420 748 dacio
2449 693 2519 747 ab
2546 691 2755 747 eisdem
2785 691 2986 746 sanctis
3025 691 3296 762 episcopis
3337 690 3712 760 judicandum.
3747 691 3858 747 Sed

2262 788 2314 835 et
2341 797 2373 834 a
2400 781 2560 835 beato
2589 779 2860 852 Gregorio
2893 779 3382 844 condemnandum,
3418 779 3510 851 qui
3541 779 3758 850 scripsit
3788 779 3860 834 ad

2260 868 2623 924 Theoctistam
2649 867 2930 938 patriciam
2959 867 3024 938 (ι.
3057 883 3137 938 In,
3170 884 3254 940 ep.
3287 867 3379 938 39)
3412 885 3426 922 :
3465 887 3488 918 »
3523 867 3579 922 Si
3607 867 3703 939 qui
3730 875 3856 922 sunt

2261 957 2352 1028 qui
2380 956 2582 1022 dicunt,
2615 955 2740 1028 quia
2780 955 3093 1027 compulsus
3133 955 3399 1027 quispiam
3436 955 3766 1012 necessitate
3795 971 3856 1011 se

2259 1043 2817 1110 anathematizaverit,
2865 1044 3224 1099 anathematis
3265 1043 3481 1100 vinculo
3509 1059 3620 1099 non
3656 1043 3852 1104 teneri.

2257 1132 2363 1204 ipsi
2391 1132 2496 1187 sibi
2527 1140 2694 1188 testes
2734 1140 2876 1198 sunt,
2910 1133 3036 1204 quia
3077 1132 3363 1188 Christiani
3390 1148 3500 1188 non
3525 1140 3650 1186 sunt
3681 1149 3697 1186 :
3731 1132 3858 1204 quia

2256 1219 2556 1292 ligamenta
2582 1228 2785 1276 sancta
2811 1220 3076 1276 Ecclesia
3109 1220 3267 1276 vanis
3297 1236 3357 1276 se
3386 1219 3656 1276 aestimant
3683 1235 3856 1276 cona-

2256 1308 2399 1364 tibus
2429 1309 2645 1364 solvere
2677 1327 2690 1363 :
2725 1323 2791 1365 ac
2818 1325 2920 1380 per
2960 1309 3066 1364 hoc
3094 1325 3196 1364 nec
3224 1307 3620 1364 absolutionem
3651 1316 3860 1366 sancta

2256 1396 2540 1464 Ecclesia,
2573 1412 2733 1468 quam
2781 1403 3005 1468 prastat
3035 1395 3306 1466 ﬁdelibus,
3352 1412 3539 1452 veram
3565 1403 3777 1468 putant,
3811 1397 3859 1452 si

2255 1483 2516 1556 ligaturas
2545 1485 2661 1554 ejus
2679 1484 2865 1540 valere
2893 1500 3004 1539 non
3022 1485 3309 1541 astimant.
3343 1484 3545 1540 Contra
3561 1500 3700 1556 quos
3730 1485 3859 1540 diu-

2254 1571 2361 1626 tius
2377 1572 2762 1642 disputandum
2790 1588 2902 1628 non
2921 1580 3022 1640 est,
3047 1572 3177 1644 quia
3192 1584 3300 1644 'per
3318 1572 3498 1628 omnia
3517 1573 3858 1644 despiciendi

2254 1667 2309 1714 et
2327 1661 2816 1716 anathematizandi
2833 1669 2977 1731 sunt,
3011 1668 3064 1716 et
3089 1661 3234 1716 unde
3263 1677 3324 1716 se
3344 1660 3536 1717 fallere
3565 1661 3855 1717 veritatem

553 1748 752 1823 stolus
764 1748 894 1822 dicit
918 1785 931 1822 :
963 1769 1083 1823 Lex
1111 1748 1229 1823 non
1253 1771 1338 1823 est
1361 1769 1549 1840 posita
1569 1767 1764 1840 justi},
1797 1768 1893 1823 sed
1922 1748 2154 1838 injuatts

2257 1748 2508 1818 credunt,
2557 1749 2684 1808 inde
2709 1748 2766 1803 in
2793 1749 3031 1820 peccatis
3069 1749 3181 1804 suis
3223 1749 3470 1805 veracius
3513 1749 3782 1822 ligantur.
3825 1771 3849 1800 ι

558 1855 614 1928 (Ι
631 1857 769 1912 Tim.
802 1855 862 1926 ι).
895 1857 964 1910 Et
989 1855 1119 1911 hinc
1146 1854 1203 1910 S.
1247 1855 1357 1911 Leo
1387 1855 1515 1910 dicit
1554 1855 1802 1911 scribens
1822 1843 1901 1910 ad
1928 1854 2150 1910 Raven-

555 1943 709 1998 ‘nium
740 1943 928 2016 (epist.
954 1943 1046 2015 90)
1071 1961 1085 1998 :
1113 1964 1135 1994 α
1163 1944 1316 1998 Justo
1345 1943 1545 2014 quippe
1573 1943 1698 1998 ideo
1713 1943 1910 1998 dicitur
1937 1942 2023 1998 lex
2042 1957 2153 1998 non

563 2047 687 2088 esse
713 2031 911 2102 posita,
944 2031 1072 2102 quia
1098 2045 1349 2086 normam
1383 2030 1764 2102 praeceptionis
1791 2030 1979 2102 implet
2000 2029 2151 2100 judi-

560 2119 648 2176 cio
675 2118 984 2175 voluntatis.
1015 2139 1037 2169 υ
1067 2118 1126 2174 Si
1153 2118 1236 2174 sui
1265 2119 1356 2191 qui
1387 2135 1512 2174 eum
1547 2119 1616 2174 ad
1640 2118 1955 2174 Pauliacum
1983 2119 2154 2174 secuti

563 2205 802 2274 fuerunt,
824 2205 1264 2263 rewadiaverunt
1281 2223 1384 2278 per
1392 2206 1594 2280 legem,
1613 2207 1759 2279 quod
1770 2214 1956 2262 contra
1973 2207 2154 2278 legem

565 2294 970 2365 commiserunt,
1015 2293 1221 2350 innoxii
1257 2310 1368 2350 non
1409 2303 1563 2350 erant
1587 2313 1601 2361 ;
1631 2302 1684 2350 et
1713 2295 1944 2350 domnus
1973 2311 2068 2349 rex
2097 2301 2154 2348 ut

559 2381 756 2438 noxios
785 2382 1109 2454 distringere
1131 2382 1293 2452 jussit
1317 2399 1330 2437 :
1363 2390 1627 2454 quantum
1655 2383 1918 2438 audemus
1946 2381 2150 2450 dicere,

560 2478 756 2526 contra
796 2469 1012 2542 regium
1053 2469 1415 2525 ministerium
1464 2469 1608 2527 fecit.
1661 2471 1720 2526 Si
1758 2471 1970 2540 judices
2015 2470 2156 2542 regii

565 2565 757 2614 contra
783 2557 966 2630 legem
992 2558 1264 2626 innoxios,
1307 2557 1456 2615 velut
1483 2559 1695 2626 noxios,
1742 2558 2150 2628 distrinxerunt,

559 2646 1017 2721 pravaricatores
1059 2647 1202 2720 legis
1245 2647 1499 2702 fuerunt:
1549 2647 1596 2702 si
1641 2647 1879 2702 arbitros
1924 2645 2154 2719 [arbitri]

561 2733 832 2804 innoxios,
868 2735 1013 2790 velut
1041 2735 1232 2791 noxios
1259 2735 1659 2804 judicaverunt,
1691 2735 2070 2791 auctoritatem
2102 2741 2156 2788 et

561 2821 747 2878 locum
787 2819 978 2891 judicii
1021 2822 1262 2878 amittere
1304 2831 1636 2878 meruerunt.
1694 2823 1836 2892 Quia
1876 2838 2008 2878 vero
2053 2837 2157 2877 nec

559 2895 702 2983 ipse,
749 2925 853 2966 nec
897 2909 1094 2983 aliquis
1133 2925 1372 2982 suorum,
1421 2927 1481 2966 se
1526 2919 1656 2967 tunc
1695 2911 1753 2965 in
1793 2910 1998 2980 judicio
2043 2910 2156 2980 pati

555 2995 938 3070 ’prajudicium
965 2997 1315 3054 reclamavit:
1343 3006 1396 3054 et
1425 2999 1480 3055 S.
1516 2999 1810 3072 Gregorius
1840 3015 1984 3070 sape
2007 2998 2156 3068 juxta

564 3088 723 3161 leges
753 3094 804 3144 et
841 3102 1082 3144 canones
1127 3087 1410 3142 terminari
1447 3087 1686 3144 decrevit
1715 3087 1960 3157 judicia:
1994 3095 2048 3142 et
2089 3103 2154 3142 ex
2183 3134 2238 3198 Ο

564 3175 1002 3198 3..ι-....--ι-ιξ-..-
1052 3175 1188 3198 1--2..
1235 3175 1456 3198 ΪΪΑ-Αέξέ
1505 3182 1551 3198 ,ι
1603 3175 1887 3198 ητι.--.ι--εε
1941 3175 2132 3198 .12-}.--—

563 3175 1006 3248 interpretatione
1051 3175 1190 3248 legis
1233 3175 1460 3230 Honorii
1500 3182 1554 3231 et
1603 3175 1892 3231 Theodosii
1937 3175 2150 3241 dicitur,

570 3265 828 3337 quoniam
853 3286 876 3316 α
903 3265 1212 3337 quicunque
1229 3265 1376 3336 quod
1395 3263 1450 3318 in
1457 3263 1664 3334 judicio
1679 3263 1994 3320 adversario
2008 3279 2157 3334 pra-

567 3361 722 3410 sente
749 3368 860 3408 non
897 3353 1132 3424 repetiit,
1177 3360 1369 3424 postea
1397 3353 1465 3408 de
1496 3353 1688 3408 eadem
1719 3368 1778 3406 re
1807 3351 1956 3407 litem
1995 3351 2159 3406 aliam

567 3455 678 3497 non
706 3441 902 3513 poterit
948 3441 1226 3497 inchoare.
1267 3442 1472 3512 Legem
1517 3439 1818 3507 conculcat,
1859 3440 1949 3512 qui
1977 3447 2159 3511 contra

567 3530 769 3603 legem,
801 3529 1322 3603 legaliterjudicata,
1355 3529 1512 3585 etiam
1545 3528 1766 3600 scripto,
1799 3529 2044 3584 rediviva
2066 3528 2160 3584 lite

571 3619 917 3675 condemnat.
945 3638 969 3670 ι
1003 3620 1071 3673 Et
1107 3617 1232 3690 quia
1260 3604 1529 3690 personas
1557 3617 1792 3688 privatas
1822 3632 1950 3672 suos
1979 3615 2159 3671 homi-

571 3723 672 3762 nes
700 3714 886 3763 contra
912 3706 1093 3778 legem
1118 3705 1482 3775 distrinxisse,
1515 3704 1601 3760 vel
1611 3705 1884 3774 judicasse
1912 3705 2162 3760 Hincma-

572 3809 667 3850 rus
706 3795 940 3865 probare
984 3809 1093 3849 non
1142 3801 1321 3864 potest
1361 3811 1374 3848 :
1417 3800 1648 3860 constat,
1695 3793 1742 3847 si
1784 3792 1869 3848 sui
1913 3793 2160 3848 homines

569 3880 820 3956 legaliter
843 3879 1230 3949 'rewadiarunt,
1263 3882 1408 3954 quod
1439 3889 1629 3936 contra
1655 3881 1837 3952 legem
1865 3880 2159 3937 commise-

570 3977 713 4041 runt,
756 3969 960 4024 innoxii
1004 3985 1114 4026 non
1156 3969 1393 4026 fuerunt.
1436 3970 1505 4026 Et
1549 3969 1640 4040 qui
1677 3968 1894 4042 [supple
1923 3968 2068 4041 dicit]
2101 3985 2161 4024 se

571 4057 898 4116 conduxisse
942 4058 1084 4126 illos,
1119 4067 1176 4114 ut
1205 4075 1328 4115 eum
1358 4059 1426 4115 ad
1473 4059 1824 4115 commissum
1850 4057 1982 4112 illud
2014 4058 2161 4130 quod

570 4147 1018 4218 rewadiaverunt,
1059 4155 1436 4221 sequerentur,
1463 4147 1556 4220 qui
1575 4147 1720 4203 noxii
1736 4145 1888 4207 fuere
1912 4146 2158 4218 probati:

571 4236 824 4294 innoxius
851 4237 954 4293 rite
983 4237 1089 4294 dici
1126 4253 1236 4292 non
1263 4245 1462 4308 potest,
1492 4244 1545 4292 et
1573 4235 1768 4292 noxius
1795 4235 2044 4291 innoxios
2072 4233 2160 4290 fa-

569 4341 695 4383 cere
723 4342 821 4382 suo
849 4325 1159 4382 testimonio
1187 4325 1394 4397 nequit.

636 4415 718 4469 De
765 4415 872 4470 hoc
915 4415 1060 4485 quod
1104 4413 1252 4480 dicit,
1307 4414 1363 4468 S.
1411 4412 1763 4486 Gregorium~
1793 4412 2080 4482 scripsisse
2128 4427 2162 4466 a

2253 1837 2321 1891 Et
2351 1837 2624 1909 aliquanto
2670 1837 2957 1908 superius:
2997 1859 3022 1889 ε
3054 1838 3124 1892 Et
3153 1837 3278 1910 quia
3307 1837 3354 1892 si
3379 1837 3646 1909 compulsi
3690 1837 3857 1911 aliqui

2250 1925 2326 1980 de
2361 1925 2559 1996 quibus
2589 1925 3150 1997 reprehendebantur.
3197 1927 3647 1982 anathematizare
3678 1943 3739 1982 se
3767 1927 3857 1982 di-

2251 2021 2454 2080 cerent,
2485 2015 2768 2069 anathema
2781 2013 2848 2069 tis
2878 2014 3092 2070 vinculo
3123 2013 3271 2070 nullo
3299 2015 3464 2070 modo
3492 2015 3682 2070 teneri.
3714 2015 3786 2071 Et
3815 2016 3865 2072 si

2250 2109 2378 2156 sunt
2409 2101 2500 2174 qui
2539 2101 2846 2158 certissime
2889 2103 3016 2158 talia
3063 2102 3316 2168 sentiunt,
3362 2103 3451 2158 vel
3484 2110 3688 2172 tenent,
3733 2103 3862 2176 quia

2249 2189 2542 2244 Christiani
2571 2205 2680 2246 non
2712 2197 2854 2258 sunt,
2878 2189 3104 2246 dubium
3131 2207 3242 2246 non
3269 2198 3384 2246 est:
3409 2206 3612 2263 eosque
3645 2199 3698 2246 et
3728 2207 3856 2264 ego,

2250 2285 2304 2332 et
2333 2293 2526 2333 omnes
2559 2278 2810 2334 catholici
2841 2279 3101 2351 episcopi,
3135 2288 3294 2352 atque
3322 2279 3578 2336 universa
3605 2280 3864 2336 Ecclesia

2253 2367 2784 2436 anathematizamus,
2833 2368 2962 2439 quia
3005 2367 3218 2423 veritati
3265 2368 3538 2424 contraria
3597 2369 3860 2435 sentiunt,

2255 2462 2309 2510 et
2336 2455 2606 2510 contraria
2635 2455 2950 2527 loquuntur.
2982 2476 3005 2506 ι
3032 2457 3139 2512 Sed
3161 2464 3213 2512 et
3227 2456 3361 2511 mihi
3389 2456 3497 2512 alia
3522 2457 3863 2513 mendaciter

2255 2543 2545 2615 impingit:
2571 2544 2668 2599 sed
2699 2552 2752 2600 et
2781 2561 2946 2615 super
2972 2545 3235 2616 scriptum
3263 2547 3510 2618 quadam
3534 2545 3684 2615 dicit,
3720 2561 3862 2601 con-

2255 2638 2340 2686 tra
2369 2648 2491 2704 qua
2535 2631 2760 2704 longum
2791 2640 2873 2688 est
2904 2632 3035 2688 mihi
3075 2633 3333 2703 scribere,
3367 2642 3420 2690 et
3447 2633 3604 2691 vobis
3647 2634 3858 2692 audire.

2829 2751 3052 2808 CAPUT
3088 2753 3319 2810 XXXV.

2266 2837 2416 2906 Quod
2447 2839 2872 2916 tertio‘tgocatus
2899 2841 2971 2916 ad
2996 2842 3284 2916 [synodum
3314 2858 3439 2916 non,
3460 2843 3772 2916 respondit,
3804 2847 3864 2900 et

2614 2909 2734 2965 ideo
2768 2912 3006 2966 tractari
3035 2909 3192 2967 debet
3218 2916 3284 2968 ut
3311 2909 3642 2970 contumax.

2337 2996 2482 3052 Ecce
2529 2996 2734 3053 audivit
2775 3005 2956 3053 vestra
3004 2997 3334 3068 fraternitas,
3389 3002 3662 3073 quomodo
3705 3009 3759 3058 et
3806 3003 3864 3058 in

2274 3083 2490 3156 quantis
2537 3084 2803 3156 scriptura
2843 3086 3018 3141 fratris
3066 3089 3339 3144 Hincmari
3381 3089 3450 3144 sit
3496 3090 3748 3146 mendax.
3793 3091 3866 3146 Et

2253 3172 2404 3228 sicut
2423 3188 2593 3229 sacra
2605 3173 2759 3247 leges
2781 3175 2986 3242 dicunt,
3012 3178 3139 3248 quia
3165 3177 3271 3233 hoc
3299 3176 3356 3231 in
3383 3178 3635 3234 omnibus
3677 3179 3860 3235 causis

2256 3268 2514 3316 statutum
2559 3269 2660 3331 est,
2695 3269 2751 3317 ut
2792 3263 3112 3334 scripturam
3161 3265 3400 3336 prolator
3435 3265 3702 3322 afﬁrmet:
3732 3283 3860 3323 nam

2258 3349 2304 3404 si
2334 3349 2381 3403 is
2414 3349 2505 3421 qui
2534 3350 2862 3422 scripturam
2888 3353 3130 3423 protulit,
3162 3353 3280 3422 ejus
3309 3369 3418 3410 non
3449 3357 3737 3412 astruxerit
3764 3373 3861 3412 ve-

2253 3437 2493 3504 ritatem,
2538 3446 2595 3492 ut
2637 3437 2885 3494 falsitatis
2932 3457 3084 3495 reum
3125 3457 3246 3497 esse
3287 3441 3650 3498 retinendum.
3697 3444 3767 3498 Et
3805 3443 3862 3498 in

2253 3525 2486 3582 concilio
2507 3525 2805 3598 Ephesino,
2831 3536 2884 3583 et
2908 3529 3360 3598 Chalcedonensi,
3387 3532 3486 3587 sed
3507 3539 3558 3587 et
3577 3531 3632 3586 in
3649 3533 3855 3604 quinta,

2255 3628 2320 3670 ac
2349 3622 2502 3669 sexta
2547 3616 2776 3686 synodo,
2823 3617 3062 3688 propriis
3106 3619 3390 3690 scripturis
3419 3627 3472 3675 et
3500 3621 3862 3692 subscriptio-

2260 3701 2422 3757 nibus
2454 3703 2568 3758 suis
2599 3705 2896 3772 convictos,
2945 3706 3324 3779 nullorumque
3371 3708 3598 3764 aliorum
3631 3723 3862 3766 accusa-

2259 3790 2466 3846 tionem
2519 3791 2608 3847 vel
2664 3791 3096 3850 testiﬁcationem
3153 3795 3496 3868 requisitam,
3558 3799 3864 3854 secundum

2261 3894 2444 3935 sacras
2489 3879 2664 3953 leges,
2715 3881 2960 3938 dicentes
3017 3899 3368 3957 quoscunque
3418 3885 3669 3942 convinci
3715 3887 3861 3944 scri-

2259 3975 2418 4038 ptura
2444 3967 2532 4022 vel
2561 3969 2809 4036 testibus,
2839 3969 3073 4044 legimus
3102 3972 3389 4028 damnatos
3417 3973 3607 4030 fuisse.

2332 4055 2438 4111 Sed
2494 4064 2548 4112 et
2603 4059 2760 4113 tertio
2821 4066 3061 4128 vocatos,
3115 4069 3170 4116 et
3225 4063 3412 4118 venire
3468 4063 3856 4132 detractantes,

2243 4143 2488 4216 '(quanto
2537 4145 2712 4218 magis
2758 4155 2882 4218 post
2911 4155 2988 4202 tot
3017 4164 3081 4204 ac
3111 4157 3286 4204 tantas
3329 4151 3778 4208 commonitiones
3809 4153 3863 4224 7)

2259 4232 2408 4287 omni
2453 4235 2777 4290 sacerdotali
2805 4235 2983 4292 officio
3031 4237 3196 4292 etiam
3240 4239 3498 4295 absentes
3545 4240 3857 4296 invenimus

2259 4319 2376 4377 fore
2397 4323 2654 4393 privatos.
2691 4323 2798 4379 Sed
2819 4333 2871 4379 et
2890 4327 3152 4382 Joannem
3187 4327 3486 4384 Antiochia
3520 4329 3691 4384 tertia
3707 4328 3857 4384 sedis

2261 4411 2594 4482 episcOpum,
2621 4413 2742 4484 quia
2774 4413 3140 4484 blasphemias
3159 4423 3346 4472 contra
3371 4416 3634 4488 Cyrillum
3665 4433 3867 4474 secun-

568 4501 829 4573 Pompeio
873 4501 1130 4572 episcopo
1154 4522 1176 4551 α
1208 4500 1468 4566 cruciato,
1513 4507 1865 4572 crematoque
1895 4499 2038 4554 fame
2067 4489 2232 4556 ex-D
2249 4499 2334 4554 da
2359 4499 2504 4554 sedis
2551 4500 3019 4574 archiepiscOpum
3061 4519 3162 4574 per
3191 4504 3406 4560 libellos
3453 4505 3653 4577 emisit,
3699 4506 3860 4562 tertio

569 4598 712 4648 torta
739 4588 1082 4646 confessione
1111 4588 1390 4661 [extortam
1422 4587 1878 4660 confessionem]:
1917 4609 1939 4638 ι
1975 4605 2076 4643 nos
2102 4589 2160 4642 in

567 4678 662 4734 illa
690 4678 900 4750 synodo
931 4677 1060 4732 satis
1090 4691 1366 4748 superque
1403 4676 1556 4730 illum
1601 4665 1835 4731 vidimus
1863 4675 2158 4746 corpulen-

566 4774 700 4833 tum,
760 4763 922 4839 atque
977 4765 1328 4832 confessum;
1377 4771 1433 4818 et
1476 4779 1586 4820 non
1638 4763 1932 4818 cruciatum
1981 4780 2158 4836 neque

567 4862 816 4911 necatum
845 4855 988 4911 fame
1017 4861 1075 4909 ut
1113 4851 1458 4924 proﬁteretur
1485 4867 1550 4908 ac
1592 4851 1976 4922 subscriberet,
2019 4852 2157 4909 vidi-

569 4957 692 4997 mus
722 4943 810 4998 vel
839 4942 1162 4998 audivimus.

637 5031 719 5086 De
760 5031 865 5086 hoc
908 5031 1052 5102 quod
1086 5029 1248 5085 dicit:
1286 5051 1308 5080 α
1345 5029 1502 5084 Certe
1533 5029 1578 5084 si
1609 5045 1718 5085 non
1761 5037 1918 5086 nocet
1958 5037 2162 5086 extorta

569 5117 861 5188 confessio,
893 5133 1002 5174 non
1033 5120 1189 5174 obest
1218 5124 1427 5174 extorta
1457 5105 1800 5190 subscriptio.
1829 5139 1852 5169 ν
1885 5120 2020 5174 Puto
2049 5118 2157 5174 cla-

563 5221 715 5262 mare
757 5221 900 5262 nunc
942 5213 1129 5262 contra
1170 5205 1317 5261 illum
1358 5206 1425 5262 de
1463 5207 1619 5286 calo,
1653 5214 1706 5262 et
1734 5207 2058 5262 clamaturos
2101 5205 2156 5259 in

565 5294 750 5351 divino
761 5294 964 5363 judicio
992 5295 1254 5351 ducentos
1277 5295 1681 5368 quatuordecim
1711 5302 1926 5350 sanctos
1951 5293 2156 5366 episco-

560 5399 684 5456 pos,
731 5383 825 5454 qui
866 5383 924 5438 in
963 5383 1378 5456 Carthaginensi
1409 5385 1644 5440 concilio
1690 5383 2066 5448 decreverunt,
2100 5391 2156 5437 ut

566 5495 588 5520 «
615 5471 662 5528 si
692 5471 813 5544 quis
841 5479 1030 5528 contra
1056 5487 1208 5527 suam
1235 5471 1653 5544 professionem,
1687 5472 1775 5528 vel
1807 5471 2157 5543 subscriptio-

557 5575 689 5622 nem
717 5559 928 5618 venerit
957 5560 1012 5616 in
1041 5560 1244 5634 aliquo,
1278 5560 1394 5634 ipse
1425 5577 1483 5616 se
1509 5562 1717 5618 honore
1747 5560 1999 5632 privabit.
2029 5581 2050 5610 υ
2087 5560 2154 5615 Et

2258 4595 2524 4653 vocatum,
2559 4596 2613 4642 et
2641 4604 2750 4644 non
2779 4589 3069 4646 adeuntem
3116 4593 3443 4662 Ephesinam
3473 4595 3744 4666 synodum
3772 4595 3860 4650 le-

2258 4675 2439 4748 gimus
2481 4675 2686 4731 ibidem
2728 4675 2896 4734 fuisse
2941 4681 3486 4739 excommunicatum.
3538 4684 3766 4740 Necnon
3806 4692 3863 4739 et

2257 4763 2582 4818 Dioscorum
2625 4766 2879 4822 secunda
2920 4767 3066 4823 sedis
3110 4769 3491 4826 Alexandrina
3540 4770 3858 4843 episcopum

2254 4850 2397 4906 inter
2425 4860 2640 4923 catera,
2675 4855 2930 4925 quoniam
2971 4857 3231 4913 adversus
3259 4858 3576 4932 regularem
3607 4859 3861 4916 ordinem

2257 4947 2311 4996 et
2357 4939 2792 4999 ecclesiasticam
2815 4944 2990 5017 egerit
3036 4945 3660 5020 disciplinamzinsuper
3701 4949 3870 5004 etiam

2255 5029 2380 5100 quia
2409 5029 2607 5086 multos
2658 5031 2872 5088 libellos
2905 5033 3098 5104 plenos
3145 5035 3518 5106 iniquitatibus
3549 5044 3742 5092 contra
3769 5053 3857 5092 ar-

2255 5117 2662 5188 chiepiscOpum
2691 5136 2846 5175 suum
2875 5121 3068 5194 prima
3095 5122 3244 5178 sedis
3271 5139 3488 5197 magna
3515 5125 3703 5180 Roma
3733 5141 3856 5180 san-

2255 5204 2552 5260 ctissimum
2581 5215 2633 5263 et
2663 5209 3115 5280 sapientissimum
3148 5213 3404 5282 Leonem,
3441 5213 3641 5285 sapius
3665 5213 3853 5270 eccle-

2255 5293 2501 5352 siasticos
2559 5298 2886 5354 conculcans
2943 5315 3180 5356 canones
3230 5291 3286 5354 in
3339 5301 3570 5360 concilio
3626 5303 3859 5370 obtulit;

2252 5383 2518 5454 privatum
2575 5386 2721 5441 omni
2779 5388 3107 5444 sacerdotali
3160 5389 3484 5458 ministerio,
3535 5390 3604 5445 ab
3666 5391 3862 5446 eodem

2251 5471 2565 5529 beatissimo
2595 5475 2775 5530 Leone
2807 5491 2904 5546 per
2931 5475 3163 5532 vicarios
3194 5493 3321 5533 suos
3350 5477 3407 5532 in
3435 5479 3626 5534 eadem
3656 5495 3860 5554 magna

2253 5561 2464 5632 synodo
2512 5561 2940 5620 Chalcedonensi
2961 5584 2982 5632 ;
3031 5573 3084 5621 et
3113 5565 3272 5622 tertio
3314 5573 3584 5638 vocatum,
3618 5567 3745 5642 quia
3777 5584 3871 5641 sy-
