4174 6378
361 317 465 371 629

1069 313 1318 372 OPUSC.
1384 317 1473 372 ET
1527 317 1743 373 EPIST.
1803 318 1878 372 IN
1924 317 2150 375 CAUSA
2204 321 2545 378 HINCMARI
2598 323 2910 382 LAUDUN.

3569 329 3670 383 630

364 438 528 493 modo
557 453 618 492 se
647 445 987 508 praesentare
1018 440 1361 511 contempsit,
1405 440 1686 495 absentem
1733 440 1967 513 legimus
1987 441 2046 504 Α
2076 444 2121 497 si
2151 461 2267 500 rem
2297 446 2606 516 probasset,
2641 449 2868 503 alterum
2898 449 2943 503 si
2971 465 3080 505 non
3096 458 3242 507 esset
3260 451 3331 506 ab
3348 459 3663 509 accusatore

357 525 529 581 fuisse
576 526 910 582 damnatum.
968 528 1172 581 Verum
1225 529 1292 582 de
1351 529 1489 582 trina
1539 529 1961 584 commonitione

360 629 535 670 sacrae
562 614 717 686 leges
747 615 951 684 dicunt,
989 615 1294 686 quicunque
1335 617 1508 670 tribus
1551 617 1961 671 auctoritatibus

353 701 556 770 judicis
587 710 906 768 conventus,
942 702 1031 757 vel
1058 703 1233 756 tribus
1261 703 1450 758 edictis
1481 704 1551 757 ad
1573 704 1813 772 judicem
1839 703 1960 759 fue-

360 791 428 845 rit
452 797 804 861 provocatus,
837 799 930 844 aut
961 807 1069 845 uno
1101 807 1198 861 pro
1229 791 1480 845 omnibus
1497 791 1884 862 peremptorio,
1907 791 1962 846 id

358 887 439 933 est
469 879 615 950 quod
647 893 866 934 causam
898 879 1213 950 exstinguit,
1237 877 1400 933 fuerit
1424 886 1700 948 evocatus,
1734 887 1787 933 et
1815 895 1961 949 prae-

359 967 591 1022 sentiam
620 983 769 1020 suam
799 967 945 1036 apud
974 982 1098 1022 eum
1136 967 1394 1035 judicem,
1447 983 1477 1020 a
1526 983 1634 1038 quo
1662 967 1713 1021 ei
1751 967 1961 1022 denun-

356 1056 544 1109 tiatum
574 1062 674 1120 est,
709 1055 967 1110 exhibere
997 1054 1252 1124 noluerit,
1285 1055 1548 1110 adversus
1577 1070 1699 1110 eum
1731 1055 1885 1126 quasi
1906 1053 1959 1108 in

359 1151 735 1198 contumacem
801 1142 1035 1211 judicari
1081 1150 1276 1212 potest.
1328 1142 1583 1211 Quinimo
1625 1158 1728 1198 nec
1777 1150 1957 1197 retra-

357 1231 493 1287 ctari
523 1247 621 1302 per
648 1230 1063 1301 appellationem
1090 1231 1308 1302 negotia
1349 1239 1596 1301 possunt,
1644 1230 1855 1302 quoties
1903 1230 1958 1284 in

360 1327 737 1375 contumacem
766 1317 922 1372 fuerit
946 1319 1247 1386 judicatum
1289 1319 1355 1372 ab
1409 1334 1476 1374 ea
1522 1319 1788 1374 sententia
1842 1335 1958 1389 quae

357 1409 622 1464 adversus
685 1415 1031 1462 contumaces
1085 1407 1209 1461 data
1258 1415 1377 1472 est;
1429 1423 1606 1478 neque
1672 1406 1952 1477 appellari,

356 1512 534 1568 neque
563 1496 620 1549 in
650 1496 872 1566 duplum
903 1495 1150 1551 revocari
1179 1503 1374 1565 potest.
1414 1497 1482 1549 Et
1529 1495 1655 1550 hinc
1704 1495 1759 1549 S.
1810 1495 1957 1550 Gre-

359 1585 549 1658 gorius
579 1585 646 1638 ad
676 1584 963 1638 Maximum
995 1583 1366 1638 Salonitanum
1397 1583 1715 1654 episcopum
1763 1583 1828 1654 (l.
1898 1599 1954 1652 v,

357 1674 523 1745 epist.
586 1671 754 1742 103):
838 1695 860 1719 ιι
922 1671 1016 1736 Ita,
1075 1671 1268 1743 inquit,
1310 1670 1414 1737 fac,
1481 1679 1540 1725 ut
1576 1671 1644 1725 ad
1727 1671 1957 1726 venien-

357 1761 488 1815 dum
520 1760 752 1830 amplius
776 1761 886 1829 jam
931 1775 1117 1814 moras
1159 1776 1267 1814 non
1315 1760 1580 1832 ingeras:
1627 1775 1696 1814 ne
1743 1759 1859 1830 ipsa
1906 1766 1956 1814 te

355 1848 536 1919 magis
563 1848 806 1903 absentia
853 1847 1146 1902 obnoxium
1193 1847 1278 1901 his
1322 1864 1444 1920 quae
1484 1848 1757 1916 dicuntur,
1805 1847 1949 1901 assi—

356 1945 488 2009 gnet
521 1954 536 1991 :
571 1945 622 1992 et
652 1952 754 1990 nos
783 1936 922 1990 inter
949 1937 1066 1991 haec
1096 1951 1187 1990 reo
1219 1934 1339 2007 [al.,
1373 1935 1428 1988 in
1457 1943 1509 1990 te
1539 1935 1653 1990 haec
1685 1935 1794 2007 res]
1843 1951 1952 1990 non

354 2026 533 2082 solum
561 2033 785 2096 propter
812 2023 958 2078 dicta
986 2023 1216 2078 crimina
1246 2040 1366 2094 quae
1395 2040 1634 2096 purgare
1681 2022 1952 2078 subterfu-

355 2115 461 2188 gis,
497 2114 595 2168 sed
625 2113 788 2167 etiam
817 2119 1038 2183 propter
1064 2111 1445 2167 inobedientia:
1474 2112 1709 2182 culpam,
1739 2111 1948 2180 durius,

355 2200 561 2256 scilicet
590 2208 648 2255 ut
676 2201 731 2254 in
761 2207 1136 2256 contumacem
1165 2207 1327 2272 cogat
1357 2216 1423 2254 ex
1453 2199 1683 2255 concilio
1713 2198 1852 2254 ferre
1867 2199 1955 2267 ju-

351 2288 572 2344 dicium.
611 2312 634 2337 ››
685 2290 751 2343 Et
795 2288 851 2342 S.
899 2287 1221 2342 Coelestinus
1268 2288 1337 2342 de
1384 2288 1519 2341 trina
1561 2287 1841 2342 vocatione
1887 2287 1955 2340 ad

352 2378 672 2433 Nestorium
700 2377 776 2430 ita
801 2376 1019 2447 scripsit
1048 2376 1236 2448 (epist.
1271 2376 1326 2447 5)
1360 2393 1372 2429 :
1414 2397 1435 2426 ε
1475 2377 1662 2447 Itaque
1709 2375 1957 2446 quamvis

347 2465 461 2534 jam
487 2465 651 2520 frater
681 2464 910 2536 Cyrillus
941 2464 1195 2520 secundis
1227 2470 1277 2518 te
1308 2463 1552 2534 epistolis
1571 2463 1691 2534 [al.,
1714 2462 1958 2533 epistolis

355 2553 490 2626 suis]
519 2561 729 2609 asserat
773 2569 894 2607 esse
937 2559 1283 2621 conventum,
1343 2551 1616 2624 intelligas
1664 2550 1790 2605 volo
1836 2557 1959 2620 post

352 2642 586 2713 primam
617 2649 669 2695 et
713 2641 1007 2696 secundam
1051 2640 1214 2708 illius,
1267 2647 1319 2694 et
1375 2640 1517 2694 hanc
1564 2638 1958 2709 correptionem

354 2738 621 2795 nostram,
645 2746 804 2800 quam
821 2737 1035 2784 constat
1067 2744 1190 2782 esse
1215 2728 1331 2796 jam
1361 2727 1591 2795 tertiam,
1643 2727 1711 2780 ab
1742 2726 1960 2781 univer-

351 2818 506 2875 sitate
536 2817 752 2889 collegii
781 2825 833 2871 et
863 2825 1130 2872 conventu
1170 2815 1599 2870 Christianorum
1651 2821 1700 2869 te
1733 2829 1960 2886 prorsus

352 2923 477 2962 esse
509 2907 850 2976 sejunctum;
882 2905 988 2958 nisi
1013 2919 1137 2958 mox
1177 2920 1239 2958 ea
1288 2921 1408 2975 quae
1455 2903 1594 2957 male
1640 2889 1783 2957 dicta
1840 2909 1964 2955 sunt

353 2994 717 3066 corrigantur,
739 2993 844 3047 nisi
865 2993 920 3046 in
941 3008 1062 3047 eam
1093 2992 1237 3048 viam
1268 2991 1484 3056 redeas,
1521 3006 1684 3060 quam
1714 2989 1960 3044 Christus

354 3099 478 3138 esse
509 3081 630 3154 [al.,
664 3098 722 3136 se
755 3081 996 3137 Christus
1028 3079 1171 3152 esse]
1205 3086 1440 3134 testatur.
1483 3099 1505 3129 κ
1541 3079 1609 3132 Et
1629 3078 1755 3132 item
1785 3077 1840 3130 in
1872 3093 1962 3131 ea-

2064 534 2364 600 convictus,
2397 551 2506 589 non
2537 535 2588 588 id
2620 537 2762 607 quod
2797 537 3017 604 justitim
3046 547 3128 594 est
3159 539 3327 607 judex
3375 547 3654 612 sequatur;

2061 621 2158 675 sed
2187 621 2316 675 dum
2345 622 2635 677 miseretur
2664 624 2762 688 rei,
2799 624 3016 680 damnet
3044 627 3385 696 probantem,
3406 636 3497 682 aut
3527 629 3656 683 dum

2059 710 2361 764 accusatori
2390 708 2532 765 favet
2561 711 2654 782 qui
2681 711 2909 781 probare
2936 728 3044 767 non
3072 714 3262 783 possit,
3312 714 3524 770 addicat
3569 715 3658 770 in-

2059 796 2301 852 noxium.
2335 799 2457 852 Non
2486 806 2665 868 potest
2692 799 2856 871 igitur
2883 801 3000 855 haec
3030 801 3135 855 dici
3155 801 3300 868 justa
3347 802 3658 863 misericor-

2059 883 2169 937 dia:
2221 884 2279 938 in
2324 884 2440 954 ipsa
2483 886 2729 940 Ecclesia
2769 887 2863 940 ubi
2907 887 3143 943 maxime
3183 888 3430 944 misereri
3477 890 3654 957 decet,

2059 971 2230 1026 teneri
2260 987 2423 1043 quam
2451 973 2684 1028 maxime
2731 973 2892 1029 debet
2930 974 3104 1030 forma
3139 976 3377 1044 justitiae,
3426 992 3495 1032 ne
3539 977 3659 1048 quis

2058 1075 2091 1113 a
2120 1059 2391 1115 consortio
2417 1061 2812 1116 communionis
2839 1063 3139 1130 abstentus,
3173 1064 3325 1120 brevi
3343 1064 3657 1134 lacrymula,

2060 1155 2221 1218 atque
2250 1149 2319 1202 ad
2353 1156 2562 1218 tempus
2591 1157 2797 1219 parata,
2829 1151 2916 1205 vel
2948 1151 3107 1205 etiam
3133 1151 3482 1206 uberioribus
3517 1151 3660 1206 ﬂeti-

2059 1235 2162 1290 bus
2193 1236 2650 1305 communionem,
2685 1253 2848 1308 quam
2874 1237 3124 1308 plurimis
3173 1239 3337 1294 debet
3377 1238 3660 1311 postulare

2059 1323 2414 1393 temporibus,
2449 1323 2689 1378 facilitati
2728 1326 3027 1380 sacerdotis
3074 1334 3413 1398 extorqueat.
3462 1327 3658 1382 Nonne

2057 1426 2181 1466 cum
2210 1411 2303 1465 uni
2331 1411 2577 1482 indulget
2607 1411 2851 1484 indigno,
2883 1413 3147 1484 plurimos
3179 1413 3308 1470 facit
3351 1414 3421 1469 ad
3467 1415 3660 1485 prola-

2056 1499 2264 1569 psionis
2297 1499 2606 1571 contagium
2636 1501 2975 1570 provocari?
3004 1500 3234 1556 facilitas
3263 1502 3409 1556 enim
3457 1503 3651 1570 veniae,

2058 1586 2383 1641 incentivum
2413 1586 2598 1641 tribuit
2644 1587 3013 1659 delinquendi.
3066 1589 3183 1644 Hoc
3210 1603 3276 1644 eo
3303 1589 3509 1645 dictum
3549 1598 3650 1656 est,

2058 1681 2116 1728 ut
2148 1675 2380 1729 sciamus
2410 1675 2706 1730 secundum
2737 1676 2962 1731 verbum
2992 1676 3112 1746 Dei,
3144 1677 3442 1732 secundum
3481 1677 3654 1734 ratio-

1985 1786 2039 1846 B
2059 1777 2205 1827 nem,
2236 1763 2658 1833 dispensandam
2689 1779 2812 1818 esse
2840 1763 3269 1819 misericordiam
3298 1765 3654 1821 debitoribus.

2057 1851 2300 1905 Medicus
2329 1850 2448 1921 ipse
2478 1849 2524 1904 si
2554 1851 2823 1920 serpentis
2853 1850 3073 1905 interius
3121 1851 3360 1907 vulneris
3405 1853 3646 1908 inveniat

2055 1938 2383 2003 cicatricem,
2417 1954 2540 1994 cum
2568 1939 2764 1992 debeat
2793 1953 3040 1994 resecare
3089 1938 3287 1994 ulceris
3326 1939 3531 2009 vitium,
3579 1956 3648 1996 ne

2053 2027 2214 2081 latius
2244 2034 2448 2097 serpat,
2479 2033 2661 2081 tamen
2693 2041 2726 2080 a
2773 2027 2991 2081 secandi
3045 2026 3345 2098 urendique
3374 2029 3654 2099 proposito

2056 2114 2314 2185 lacrymis
2343 2114 2573 2168 inﬂexus
2602 2114 2796 2186 mgroti
2833 2114 3244 2170 medicamentis
3286 2122 3452 2186 tegat,
3507 2117 3653 2186 quod

2057 2202 2202 2258 ferro
2233 2202 2587 2273 aperiendum
2620 2210 2734 2257 erat
2767 2220 2780 2256 :
2826 2218 3006 2258 nonne
3052 2202 3158 2258 ista
3196 2202 3398 2258 inutilis
3439 2203 3657 2259 miseri-

2059 2291 2246 2346 cordia
2276 2297 2376 2355 est,
2414 2291 2460 2344 si
2489 2298 2710 2360 propter
2736 2290 2960 2345 brevem
2988 2290 3267 2346 incisionis
3296 2290 3382 2345 vel
3427 2290 3657 2346 ustionis

2060 2379 2306 2435 dolorem
2335 2395 2532 2449 corpus
2561 2378 2780 2433 omnino
2810 2379 3074 2445 tabescat,
3092 2379 3216 2433 vitae
3229 2395 3360 2433 usus
3383 2379 3610 2435 intereat
3628 2381 3656 2435 τ

2059 2469 2222 2523 Recte
2251 2466 2415 2539 igitur
2444 2473 2496 2520 et
2526 2466 2781 2521 sacerdos
2811 2467 3026 2534 vulnus,
3059 2481 3128 2520 ne
3167 2466 3328 2520 latius
3376 2473 3576 2537 serpat,
3627 2481 3661 2521 a

2059 2563 2171 2609 toto
2203 2570 2434 2624 corpore
2463 2553 2744 2623 Ecclesiae,
2777 2553 2933 2624 quasi
2962 2553 3136 2608 bonus
3165 2553 3429 2619 medicus,
3493 2553 3656 2609 debet

2061 2642 2366 2710 abscidere,
2415 2649 2468 2696 et
2517 2642 2749 2712 prodere
2795 2641 2946 2696 virus
2995 2640 3238 2696 criminis
3284 2641 3430 2712 quod
3471 2640 3652 2706 lateat,

2061 2746 2170 2785 non
2201 2729 2388 2785 fovere
2423 2748 2436 2784 :
2470 2746 2539 2784 ne
2569 2730 2698 2783 dum
2725 2745 2892 2783 unum
2923 2727 3317 2784 excludendum
3349 2744 3459 2783 non
3485 2736 3654 2799 putat,

2063 2819 2246 2889 plures
2278 2818 2474 2888 dignos
2505 2816 2688 2884 faciat,
2721 2832 2859 2888 quos
2892 2815 3143 2872 excludat
3170 2817 3238 2870 ab
3260 2816 3512 2872 ecclesia.
3533 2817 3660 2872 Jure

2064 2922 2198 2978 ergo
2230 2907 2522 2976 Apostolus
2553 2905 2736 2961 divino
2765 2920 2866 2959 nos
2887 2905 3128 2959 hortatur
3141 2904 3410 2975 exemplo,
3434 2903 3655 2960 dicens:

2075 2995 2201 3049 Vide
2227 3010 2351 3065 ergo
2373 2995 2680 3050 bonitatem
2701 2997 2756 3048 et
2775 2994 3132 3048 severitatem
3155 2994 3295 3059 Dei;
3324 2993 3387 3047 in
3417 3009 3506 3048 eos
3528 2994 3655 3063 qui—

2065 3083 2189 3137 dem
2206 3084 2300 3154 qui
2320 3081 2664 3147 ceciderunt,
2684 3081 3042 3136 severitatem
3074 3081 3138 3134 in
3178 3083 3232 3135 te
3277 3083 3470 3134 autem
3503 3080 3656 3135 boni-

357 3129 477 3138 ----
664 3129 721 3136 η
761 3129 994 3137 ---η-η-
1033 3129 1171 3152 -_._-,
1207 3129 1439 3134 --νην-ν-
1880 3129 1933 3131 η
2065 3129 3038 3154 κρατηηηη-.--.--,----.--ηη.--
3178 3129 3224 3135 --
3279 3129 3464 3134 πη-.-
3504 3129 3628 3135 η---

353 3173 477 3226 dem
511 3171 776 3240 epistola:
805 3191 826 3219 α
860 3171 1165 3240 Persequar
1200 3168 1358 3239 plane
1402 3166 1618 3221 Domini
1664 3166 1769 3220 mei
1820 3165 1950 3237 [al.,
1997 3129 2045 3191 Ο
2073 3174 2268 3233 tatem,
2300 3172 2349 3223 si
2383 3169 2763 3240 permanseris
2797 3169 2861 3222 in
2895 3169 3144 3222 bonitate
3177 3169 3350 3236 (Rom.
3387 3166 3492 3236 χι).
3525 3186 3546 3215 ι
3587 3167 3655 3221 Et

351 3258 482 3314 boni
509 3257 745 3329 Domini]
779 3256 956 3311 ﬁdelis
987 3272 1180 3311 servus
1210 3255 1459 3310 inimicos
1493 3273 1507 3308 :
1534 3270 1654 3310 cum
1689 3254 1964 3324 Propheta

349 3355 577 3413 asserat,
612 3362 706 3402 eos
736 3345 862 3400 odio
892 3362 950 3400 se
968 3343 1403 3414 odisseperfecto
1426 3343 1601 3413 (Psal.
1646 3341 1950 3412 cxxxvm).

355 3436 580 3490 Moneor
614 3451 806 3488 rursus
837 3434 1009 3488 altero
1053 3433 1330 3504 loquente,
1382 3448 1451 3486 ne
1494 3446 1736 3501 parcam.
1791 3428 1965 3496 Quem

351 3523 436 3578 vis
465 3539 600 3594 ergo
630 3522 919 3593 respiciam
949 3520 1072 3593 [al.,
1107 3537 1271 3591 quem
1302 3519 1390 3574 hic
1421 3535 1526 3591 ego
1577 3516 1826 3589 respic.],
1879 3517 1966 3572 cui

349 3611 570 3667 honoris
599 3609 802 3682 aliquid
832 3625 1069 3675 servem,
1103 3608 1318 3680 quando
1349 3607 1531 3679 agitur
1563 3613 1619 3660 ut
1649 3605 1782 3659 mihi
1799 3604 1964 3659 totius

351 3700 618 3772 speimem
638 3715 803 3755 causa
838 3697 1100 3754 tollatur?
1128 3718 1150 3747 ι»
1197 3695 1373 3766 Ipsius
1389 3695 1442 3748 in
1468 3694 1769 3765 Evangelio
1796 3693 1961 3748 verba

352 3796 478 3844 sunt
509 3787 744 3852 Domini,
769 3787 964 3858 quibus
994 3786 1066 3839 ait
1096 3801 1206 3839 non
1233 3783 1334 3838 sibi
1381 3792 1606 3853 patrem,
1667 3797 1774 3836 non
1830 3797 1957 3834 ma-

367 3885 528 3941 trem,
550 3891 660 3930 non
689 3873 849 3940 ﬁlios,
886 3890 994 3930 non
1025 3873 1265 3944 aliquam
1286 3870 1745 3928 necessitudinem
1763 3869 1964 3924 debere

361 3965 615 4037 praeponi
643 3963 862 4034 (Matth.
895 3963 976 4029 χ).
1007 3963 1106 4016 Est
1139 3961 1282 4015 enim
1313 3959 1622 4031 frequenter
1643 3959 1764 4012 talis
1784 3957 1964 4028 pietas

371 4071 437 4110 ex
467 4070 571 4125 qua
601 4060 856 4107 nascatur
883 4051 1132 4121 impietas
1165 4067 1177 4104 :
1209 4065 1333 4104 cum
1363 4048 1614 4104 vincente
1645 4063 1832 4102 earum
1879 4045 1962 4098 af-

350 4142 494 4199 fectu
542 4142 723 4198 carnis
771 4140 1017 4196 charitati
1059 4139 1134 4193 illi
1180 4155 1302 4208 quae
1355 4139 1502 4192 Deus
1555 4143 1657 4201 est,
1724 4134 1963 4189 charitas

352 4230 685 4303 praeponitur
711 4228 1026 4299 corporalis.
1063 4228 1132 4282 Et
1182 4227 1238 4281 S.
1289 4224 1606 4279 Ambrosius
1645 4222 1700 4275 in
1747 4221 1961 4292 psalmo

351 4335 527 4374 cxvm
561 4337 574 4372 :
614 4341 635 4368 α
669 4319 766 4372 Est
791 4317 937 4386 justa
965 4314 1358 4379 misericordia,
1395 4320 1448 4367 et
1480 4319 1562 4366 est
1583 4309 1963 4376 etiaminjusta

347 4406 745 4462 misericordia.
771 4405 1018 4476 Denique
1050 4404 1105 4458 in
1133 4403 1257 4474 lege
1288 4401 1554 4471 scriptum
1588 4407 1670 4453 est
1704 4399 1771 4452 de
1824 4413 1960 4467 quo-

2069 3264 2281 3311 sanctus
2305 3256 2604 3327 Gregorius
2622 3255 2676 3308 in
2697 3254 2902 3326 Regula
2922 3253 3181 3323 pastorali
3197 3253 3383 3325 (parte
3405 3269 3485 3320 m,
3527 3271 3648 3325 cap.

2069 3349 2120 3410 1,
2145 3345 2367 3400 admon.
2388 3343 2513 3413 23):
2543 3364 2565 3392 ιι
2584 3343 2874 3410 Μαῐοπυηι,
2898 3341 3087 3413 inquit,
3105 3357 3227 3396 cum
3265 3340 3479 3396 incaute
3513 3341 3654 3395 ami-

2067 3432 2205 3488 citiis
2235 3431 2522 3502 cingimur,
2547 3431 2720 3500 culpis
2738 3430 2992 3501 ligamur.
3014 3429 3166 3485 Unde
3187 3428 3445 3499 Josaphat
3466 3429 3558 3500 qui
3585 3436 3662 3484 tot

2066 3521 2135 3575 de
2156 3527 2404 3575 anteacta
2419 3519 2525 3573 vita
2555 3518 2838 3589 praeconiis
2868 3517 3142 3582 attollitur,
3173 3516 3242 3570 de
3280 3516 3465 3572 Achab
3513 3515 3658 3587 regis

2061 3597 2314 3663 amicitiis
2345 3623 2482 3677 pene
2511 3607 2784 3677 periturus
2814 3605 3123 3676 increpatur
3155 3620 3168 3657 :
3218 3603 3305 3658 cui
3348 3621 3378 3657 a
3425 3603 3656 3658 Domino

2065 3713 2165 3767 per
2180 3696 2494 3766 prOphetam
2515 3694 2741 3749 dicitur:
2775 3693 2949 3764 Impia
2981 3693 3187 3764 praebes
3218 3692 3528 3757 auxilium,
3598 3695 3656 3746 et

2067 3786 2152 3841 his
2174 3784 2270 3857 qui
2289 3784 2530 3840 oderunt
2553 3783 2851 3838 Dominum
2871 3781 3129 3836 amicitia
3158 3780 3451 3851 jungeris;
3473 3783 3529 3834 et
3563 3779 3656 3834 id-

2065 3875 2212 3929 eirco
2232 3875 2381 3928 iram
2397 3872 2620 3944 quidem
2632 3871 2857 3927 Domini
2871 3868 3173 3925 merebaris
3195 3888 3212 3934 ;
3229 3868 3324 3923 sed
3341 3868 3481 3923 bona
3492 3883 3660 3938 opera

2066 3964 2296 4017 inventa
2317 3964 2453 4015 sunt
2473 3962 2535 4014 in
2558 3964 2632 4024 te,
2656 3975 2716 4014 eo
2737 3959 2878 4030 quod
2897 3957 3196 4012 abstuleris
3228 3957 3377 4011 lucos
3407 3955 3472 4009 de
3505 3959 3660 4010 terra

2062 4049 2225 4105 Iuda.
2260 4049 2336 4116 (II
2387 4051 2516 4102 Par.
2580 4047 2724 4116 xxx).
2763 4067 2784 4094 ιο
2845 4046 2912 4099 Et
2968 4045 3022 4098 in
3079 4043 3297 4098 homilia
3326 4041 3655 4113 Evangelii:

2068 4157 2089 4184 α
2124 4136 2369 4200 Multum,
2401 4133 2592 4204 inquit,
2627 4140 2741 4196 est,
2771 4131 2916 4202 quod
2946 4130 3196 4185 carnales
3225 4128 3447 4184 affectus
3473 4129 3654 4182 inten-

2063 4222 2263 4276 tionem
2310 4220 2504 4274 mentis
2550 4219 2916 4282 diverberant,
2968 4217 3192 4286 ejusque
3233 4217 3407 4271 aciem
3447 4216 3652 4269 obscu-

2061 4317 2178 4362 rant
2203 4328 2216 4374 ;
2251 4309 2347 4362 sed
2378 4323 2486 4361 non
2509 4306 2783 4360 declinant
2813 4319 2846 4358 a
2876 4311 3025 4358 recto
3053 4302 3278 4367 itineris,
3330 4302 3420 4373 qui
3463 4316 3650 4357 arcam

2062 4397 2158 4451 Dei
2189 4403 2403 4467 portant
2435 4395 2489 4448 in
2517 4401 2717 4448 mente.
2748 4413 2770 4442 ι

345 4497 488 4551 dam.
520 4497 643 4549 Non
674 4473 1020 4548 miserebitur
1050 4473 1213 4546 illius:
1246 4491 1314 4544 Et
1346 4490 1401 4543 in
1449 4489 1590 4542 libro
1637 4488 1952 4556 Regnorum
1980 4473 2031 4533 D
2124 4486 2191 4539 Et
2221 4500 2288 4538 ne
2329 4482 2450 4554 quis
2494 4482 2656 4547 dicat,
2719 4481 2936 4536 beatum
2985 4478 3338 4534 Caelestinum
3385 4478 3453 4533 de
3499 4477 3659 4532 tertia

349 4583 508 4656 legis,
544 4581 672 4654 quia
704 4581 833 4638 Saul
864 4588 1152 4651 propterea
1184 4577 1450 4634 contraxit
1499 4575 1784 4640 offensam,
1837 4573 1959 4644 quia

349 4672 638 4726 miseratus
668 4678 751 4725 est
779 4673 940 4741 Agag
969 4668 1206 4722 hostium
1236 4683 1442 4739 regem,
1478 4681 1637 4737 quem
1667 4663 1961 4734 prohibue-

349 4768 436 4816 rat
465 4757 728 4815 sententia
761 4757 946 4813 divina
977 4757 1189 4812 servari
1247 4755 1296 4827 (l
1323 4758 1450 4827 Reg.
1484 4755 1606 4825 xv).
1641 4754 1710 4808 Et
1738 4753 1783 4806 si
1839 4751 1960 4822 quis

347 4848 577 4904 latronis
606 4846 729 4901 filiis
761 4845 1181 4916 deprecantibus
1210 4851 1412 4908 motus,
1449 4849 1501 4896 et
1536 4840 1788 4912 lacrymis
1832 4854 1962 4893 con-

347 4937 497 5009 jugis
528 4937 647 5004 ejus
677 4935 870 5001 ﬂexus,
908 4932 1303 4988 absolvendum
1333 4937 1507 5000 putet,
1539 4929 1625 4984 cui
1653 4928 1793 4982 adsit
1808 4928 1964 4981 latro-

352 5024 573 5080 cinandi
604 5022 850 5089 affectus,
886 5037 1066 5077 nonne
1095 5021 1411 5074 innocentes
1434 5017 1596 5072 tradit
1624 5016 1805 5081 exitio,
1870 5016 1961 5086 qui

353 5113 547 5169 liberet
576 5112 868 5167 multorum
898 5111 1058 5166 exitia
1097 5105 1470 5180 cogitantem?
1518 5105 1676 5160 Certe
1740 5093 1786 5158 si
1836 5103 1960 5174 gla-

355 5201 506 5257 dium
551 5199 814 5270 reprimit,
867 5199 1044 5254 vincla
1091 5194 1379 5260 dissolvit;
1415 5208 1510 5248 cur
1559 5193 1705 5247 laxat
1752 5191 1958 5260 exsilia,

357 5304 457 5345 cur
502 5286 862 5344 latrocinandi
920 5302 1026 5358 qua
1076 5290 1254 5356 potest
1301 5280 1649 5337 clementiore
1707 5279 1794 5335 via
1852 5294 1961 5333 non

363 5375 524 5447 eripit
553 5375 878 5444 facultatem,
939 5374 1031 5446 qui
1087 5372 1421 5427 voluntatem
1479 5375 1801 5437 extorquere
1853 5381 1964 5421 non

361 5464 582 5536 potuit?
605 5463 815 5519 Deinde
839 5463 980 5518 inter
999 5462 1157 5527 duos,
1189 5461 1292 5515 hoc
1321 5465 1421 5524 est,
1479 5462 1851 5511 accusatorem
1910 5461 1963 5509 et

359 5570 535 5620 reum,
567 5552 686 5624 pari
717 5551 960 5624 periculo
990 5551 1059 5606 de
1090 5548 1264 5621 capite
1295 5547 1675 5611 decernentes,
1716 5543 1961 5598 alterum

2060 4571 2478 4629 commonitione
2526 4570 2811 4640 scripsisse
2856 4569 2923 4622 ad
2963 4567 3270 4624 Nestorium
3300 4565 3650 4621 haereticum:

2059 4660 2447 4716 attendendum
2477 4667 2558 4714 est
2589 4659 2733 4730 quod
2763 4657 2980 4711 Hilarus
3004 4671 3144 4726 papa
3171 4654 3299 4709 dicit
3329 4653 3515 4725 (epist.
3558 4655 3647 4723 2):

2065 4771 2087 4800 α
2124 4749 2260 4817 Quia
2291 4764 2399 4803 non
2429 4749 2607 4801 minus
2637 4747 2692 4800 in
2722 4753 3026 4800 sanctarum
3071 4742 3416 4796 traditionum
3473 4739 3652 4795 delin-

2063 4839 2242 4910 quitur
2271 4836 2596 4900 sanctiones,
2631 4849 2793 4906 quam
2823 4833 2877 4886 in
2921 4831 3175 4899 injuriam
3223 4829 3394 4899 ipsius
3437 4828 3654 4884 Domini

2059 4925 2356 4996 prosilitur.
2397 4946 2416 4971 ιι
2453 4924 2519 4977 Et
2547 4920 2851 4989 hujusmodi
2883 4926 3259 4989 praesumptor,
3295 4917 3386 4988 qui
3417 4917 3472 4971 in
3518 4932 3651 4970 san-

2062 5022 2268 5070 ctarum
2298 5010 2643 5066 traditionum
2668 5006 3014 5078 pertinaciter
3043 5005 3349 5060 sanctiones
3366 5004 3649 5074 delinquit,

2060 5116 2170 5156 non
2199 5100 2339 5154 inter
2367 5098 2660 5154 catholicos
2691 5103 2742 5150 et
2771 5093 3184 5164 computandus,
3221 5093 3319 5148 sed
3349 5109 3474 5149 cum
3501 5092 3650 5147 schi-

2061 5188 2246 5244 smatis
2277 5194 2359 5242 est
2388 5183 2874 5241 condemnandus:
2935 5181 3060 5253 quia
3119 5181 3256 5235 sicut
3311 5181 3366 5235 in
3419 5179 3654 5236 decretis

2061 5276 2372 5347 apostolicae
2401 5271 2546 5327 sedis
2575 5271 2836 5342 scriptum
2867 5277 2967 5339 est,
3017 5269 3263 5341 quisquis
3309 5266 3653 5323 schismatico

2061 5361 2370 5425 assenserit,
2387 5359 2760 5415 schismaticus
2781 5374 2902 5413 esse
2916 5358 3100 5431 negari
3120 5373 3227 5412 non
3242 5356 3457 5428 poterit.
3489 5353 3648 5423 Quod

2063 5452 2163 5506 etsi
2192 5465 2380 5505 omnes
2411 5447 2775 5513 sarcerdotes,
2810 5454 2861 5502 et
2876 5447 3108 5502 mundus
3126 5446 3406 5512 assentiat,
3429 5445 3649 5498 damna-

2058 5541 2129 5596 tio
2158 5536 2558 5594 consentientes
2587 5535 2830 5606 involvit,
2858 5551 2967 5591 non
2988 5532 3486 5605 praevaricationem
3517 5544 3648 5584 con-
