4174 6330
545 221 642 276 631

1320 211 1664 270 HINCMARI
1689 209 2092 268 RHEMENSIS
2118 207 2665 265 ARCHIEPISCOPI.

3725 210 3831 263 632

547 357 741 398 sensus
768 338 1018 396 absolvit.
1036 337 1159 394 Non
1188 337 1335 394 enim
1363 337 1568 394 crimen
1598 336 1876 402 minuitur,
1906 335 2002 390 sed
2043 349 2131 389 ro-
2156 332 2406 396 Atribus
2451 331 2824 404 promulgatas
2886 330 3167 398 habemus,
3218 344 3330 384 non
3406 329 3669 385 debemus
3725 344 3826 384 no-

543 428 798 495 borescit,
830 443 954 483 cum
982 426 1241 499 generale
1268 424 1326 480 ﬁt
1357 442 1424 481 ex
1442 426 1672 497 privato.
1692 426 1805 479 Hoc
1822 424 1967 478 enim
1986 424 2135 477 Deus

543 516 780 572 omnium
806 515 1088 585 judicavit,
1121 516 1213 586 qui
1243 521 1589 584 peccatorem
1607 513 1867 595 mundum
1889 511 2138 582 generali

547 604 751 660 diluvio
778 602 1073 659 interemit.
1106 604 1175 657 Et
1202 602 1287 656 his
1315 602 1506 657 beatus
1536 600 1785 656 Gelasius
1816 598 2054 655 concinit
2081 598 2137 652 in

545 691 782 747 decretis
836 690 994 745 suis:
1046 690 1184 745 sicut
1229 688 1518 745 manifeste
1563 704 1629 743 ex
1672 688 1787 756 ejus
1826 686 2005 742 verbis
2048 685 2139 740 hic

543 794 762 850 possem
791 779 1095 845 ostendere,
1156 779 1201 833 si
1245 777 1609 850 prolixitatem
1654 791 1765 830 non
1813 774 2134 829 devitarem.

555 885 847 941 Conclusio
862 901 970 958 qua
990 887 1341 958 monstratur
1359 898 1474 958 non
1490 882 1744 958 obstante
1760 880 2141 953 appellatione

980 955 1125 1026 ferri
1149 969 1307 1026 posse
1336 952 1702 1007 sententiam.

616 1053 747 1109 Haec
775 1050 953 1107 omnia
983 1049 1365 1120 suprascripta,
1399 1055 1456 1103 ut
1502 1063 1648 1118 saepe
1693 1043 2140 1111 commemoravi,

499 1122 509 1133 ’
549 1157 661 1197 non
702 1154 868 1196 causa
913 1153 1152 1192 mearum
1200 1135 1537 1204 injuriarum,
1588 1135 1686 1190 sed
1748 1133 2143 1189 evindicatione

549 1226 824 1301 dignitatis
852 1225 981 1279 mihi
1013 1224 1321 1280 commissae
1345 1223 1682 1294 metropolis,
1716 1229 1904 1279 contra
1926 1220 2145 1275 fratrem

550 1315 900 1371 Hincmarum
925 1311 1178 1368 contexui
1209 1329 1222 1365 :
1253 1327 1357 1367 nec
1385 1326 1574 1367 sacras
1621 1311 1775 1382 leges
1823 1318 1876 1364 et
1921 1307 2146 1380 regulas

551 1401 748 1472 collegi
777 1400 1041 1455 adversus
1073 1415 1198 1455 eum
1226 1399 1280 1453 in
1328 1399 1507 1454 causis
1549 1397 1787 1469 propriis
1830 1395 2146 1451 intentando

551 1489 825 1559 judicium,
862 1487 960 1542 sed
979 1486 1317 1542 ostendendo
1351 1486 1684 1557 qualitatem,
1702 1501 1765 1541 ac
1802 1485 2148 1557 quantitatem

548 1591 774 1633 suorum
802 1590 1142 1642 excessuum,
1177 1581 1229 1630 et
1248 1589 1488 1630 mearum
1519 1573 2037 1630 commonitionuum
2059 1589 2074 1639 ;
2099 1578 2152 1628 et

2237 438 2366 477 vum
2393 421 2531 476 inire
2562 427 2865 486 tractatum,
2893 419 2981 475 vel
3024 434 3224 474 novum
3273 425 3589 488 exspectare
3639 416 3827 473 consi-

2233 510 2385 565 lium.

2310 599 2453 668 (Lib.
2484 613 2556 651 LV
2575 614 2723 670 cap.,
2744 612 2794 653 c.
2820 596 2934 666 34.)
2954 596 3072 652 Nec
3093 595 3255 650 etiam
3277 595 3463 650 sedem
3477 593 3832 665 apostolicam

2236 686 2291 740 in
2321 686 2646 756 requirendo
2674 685 2998 755 inquietare,
3030 684 3170 739 sicut
3199 683 3254 739 S.
3288 683 3636 739 Innocentius
3688 682 3828 738 scri-

2237 774 2372 828 bens
2392 774 2459 827 ad
2475 772 2797 828 Macedones
2818 773 3106 843 episcopos
3127 771 3257 827 dicit
3278 773 3465 844 (epist.
3480 772 3574 840 27)
3596 789 3610 825 :
3641 792 3664 822 ι
3692 771 3830 826 Cum

2240 861 2456 932 saepius,
2491 860 2679 932 inquit,
2714 860 2883 931 repeti
2914 859 3169 915 fecissem
3197 860 3352 931 (quin
3381 859 3587 930 scripta
3627 859 3833 928 vestra)

2240 948 2448 1004 adverti
2478 949 2595 1003 sedi
2623 947 2955 1019 apostolicae,
2983 949 3054 1003 ad
3092 963 3256 1019 quam
3300 947 3509 1014 relatio,
3560 947 3713 1019 quasi
3761 947 3834 1001 ad

2241 1045 2399 1108 caput
2424 1037 2817 1102 Ecclesiarum,
2848 1036 3014 1091 missa
3063 1036 3339 1102 currebat,
3390 1034 3508 1091 fieri
3552 1035 3831 1104 injuriam,

2242 1126 2396 1194 cujus
2439 1124 2616 1180 adhuc
2663 1124 2718 1178 in
2766 1124 3085 1196 ambiguum
3131 1123 3394 1179 sententia
3452 1120 3768 1179 duceretur.
3808 1142 3830 1176 ι

2243 1214 2312 1268 Et
2340 1212 2409 1267 ad
2438 1212 2674 1268 Felicem
2705 1212 3075 1267 Nucerianum
3123 1211 3436 1282 episcopum
3501 1211 3686 1283 (epist.
3719 1212 3776 1282 3)
3820 1229 3835 1265 :

2249 1322 2272 1352 ι
2308 1300 2619 1372 Stupuimus
2646 1301 2966 1372 prudentem
2993 1299 3169 1355 virum
3199 1300 3268 1354 de
3296 1299 3381 1353 his
3419 1299 3659 1355 voluisse
3706 1314 3840 1354 con-

2246 1388 2444 1456 sulere,
2477 1404 2597 1460 quae
2625 1388 2878 1443 omnibus
2902 1395 3026 1443 sunt
3054 1394 3203 1443 certa
3230 1387 3440 1443 ratione
3467 1394 3769 1457 comperta.
3815 1410 3837 1436 ιι

2247 1478 2316 1531 Et
2344 1475 2400 1531 S.
2433 1476 2674 1531 Zosimus
2706 1476 2891 1548 (epist.
2927 1476 2981 1548 1)
3015 1494 3028 1530 :
3067 1496 3089 1525 α
3116 1475 3259 1531 Sciat
3278 1474 3523 1546 quisquis
3542 1476 3666 1543 hoc,
3689 1482 3842 1546 post-

2247 1564 2423 1635 posita
2450 1565 2686 1630 Patrum,
2727 1571 2778 1619 et
2821 1564 3129 1635 apostolicae
3177 1563 3322 1618 sedis
3370 1562 3687 1619 auctoritate
3733 1579 3838 1619 ne-

548 1664 745 1736 quibus
773 1678 837 1718 ac
866 1662 1079 1736 quantis
1137 1662 1606 1718 constitutionibus
1661 1661 1996 1732 pertinacem
2053 1661 2149 1715 ob-
2176 1681 2232 1743 B
2251 1652 2748 1743 glex‘erit,‘a_n_obis
2769 1652 3069 1743 districtius
3094 1652 3464 1743 judicandum,
3513 1660 3567 1706 et
3604 1651 3711 1743 loci
3735 1652 3845 1743 sui

435 1808 441 1813 .
543 1752 675 1821 jecit
703 1758 1090 1822 contemptum.
1136 1751 1329 1805 Vestra
1367 1764 1500 1805 vero
1543 1751 1659 1804 Deo
1705 1749 1905 1819 placita
1947 1747 2146 1804 unani-

550 1839 733 1905 mitas,
766 1853 951 1894 coram
980 1853 1040 1892 se
1088 1837 1308 1892 recitata
1351 1836 1597 1908 vigilanti
1657 1837 1931 1892 discernat
1976 1836 2148 1890 libra-

550 1927 699 1982 mine
732 1943 745 1979 :
779 1925 907 1997 quia
935 1924 1062 1980 licet
1093 1924 1465 1980 sacerdotibus
1496 1940 1733 1980 canones
1762 1925 2021 1995 ignorare
2038 1938 2148 1978 non

553 2014 746 2080 liceat;
770 2013 939 2068 levior
969 2019 1151 2067 tamen
1178 2011 1353 2067 fuerat
1381 2028 1553 2078 error,
1584 2012 1629 2066 si
1658 2028 1759 2083 per
1787 2011 2148 2084 ignorantiam

557 2101 896 2173 deliquisset,
917 2115 1077 2172 quam
1106 2116 1269 2166 nunc,
1303 2100 1426 2172 quia
1454 2100 1634 2157 sciens
1664 2108 1718 2156 et
1761 2100 2005 2171 prudens
2050 2116 2149 2155 ex-

557 2188 784 2245 consilio
813 2197 867 2243 et
896 2188 1076 2244 studio
1100 2202 1382 2243 sacrarum
1411 2188 1726 2261 regularum
1754 2204 1853 2259 per
1881 2195 2152 2244 contuma-

558 2276 699 2332 ciam
727 2283 1103 2348 transgressor
1130 2275 1326 2342 existit,
1360 2291 1588 2347 quarum
1616 2277 1920 2331 custodiam
1950 2283 2003 2331 et
2055 2277 2155 2331 ob-

492 2404 500 2413 .
559 2364 922 2419 uenationem
956 2362 1296 2434 professione
1351 2378 1418 2419 ac
1464 2363 1855 2435 subscriptione
1903 2380 2003 2418 sua
2054 2362 2153 2418 ﬁr—

559 2451 743 2507 mavit.
775 2450 989 2522 Duplici
1019 2465 1154 2523 ergo
1183 2458 1337 2507 reatu
1364 2458 1581 2507 tenetur
1608 2452 1898 2517 astrictus;
1934 2452 2026 2523 qui
2044 2467 2153 2507 non

560 2539 735 2594 solum
767 2545 953 2594 contra
980 2539 1371 2595 venerabilium
1402 2540 1644 2605 Patrum,
1670 2540 1769 2595 sed
1784 2540 1942 2595 etiam
1965 2548 2155 2596 contra

560 2643 659 2682 sua
698 2627 915 2683 venisse
956 2627 1176 2682 decreta
1222 2635 1425 2682 temere
1489 2629 1893 2699 comprobatur.
1962 2629 2155 2685 Utrum

563 2714 730 2786 igitur
774 2716 891 2770 Deo
928 2715 1110 2770 medio
1155 2715 1367 2785 prolata
1414 2715 1703 2781 sententia,
1769 2732 1893 2770 eum
1955 2716 2154 2771 debeat

562 2801 901 2873 percellere;
931 2816 1003 2856 an
1027 2801 1297 2856 veraciter
1324 2811 1832 2875 recognoscentem,
1874 2811 1927 2858 et
1973 2802 2154 2858 humi-

561 2888 688 2944 liter
716 2888 1109 2959 supplicantem
1137 2889 1440 2955 absolvere,
1475 2890 1640 2945 salvis
1670 2898 1983 2946 sanctorum
2025 2906 2158 2946 con-

563 2975 804 3032 ciliorum
834 2976 1066 3043 statutis,
1099 2984 1163 3049 et
1181 2976 1495 3048 apostolicae
1542 2978 1691 3033 sedis
1733 2976 2049 3049 pontiﬁcum
2088 2994 2155 3034 ex

560 3063 767 3120 eisdem
795 3064 965 3120 sacris
991 3064 1287 3121 canonibus
1328 3065 1702 3137 promulgatis,
1763 3074 1816 3121 et
1873 3074 2154 3123 reservato

562 3167 664 3224 per
691 3152 875 3207 omnia
902 3152 1094 3223 primae
1124 3160 1178 3207 et
1207 3152 1520 3224 apostolicae
1549 3154 1696 3208 sedis
1724 3153 2032 3228 privilegio,
2084 3169 2151 3211 ac

503 3314 505 3317 ι
560 3239 894 3295 Rhemorum
912 3240 1230 3311 metropolis
1251 3241 1374 3309 jure
1405 3258 1419 3295 :
1455 3242 1601 3312 quod
1631 3258 1696 3297 ex
1725 3258 1814 3297 me
1862 3251 1964 3310 est,
2011 3258 2150 3298 con-

553 3326 698 3393 silio,
730 3334 783 3383 et
805 3328 1011 3397 judicio
1040 3336 1235 3384 vestrae
1263 3329 1634 3384 unanimitatis
1682 3331 1998 3385 committo:
2046 3347 2148 3402 pro

546 3413 769 3470 modulo
794 3430 919 3470 meo
952 3431 1187 3487 sequens
1214 3416 1359 3471 dicta
1386 3417 1446 3470 B.
1480 3416 1755 3472 Coalestini
1783 3418 1853 3472 ad
1893 3419 2149 3488 Cyrillum

551 3501 869 3574 episcOpum
899 3502 968 3558 de
986 3503 1242 3559 Nestorio
1262 3503 1584 3574 (Coelestin.,
1609 3520 1696 3577 ep.
1739 3508 1825 3571 10,
1849 3506 1994 3576 apud
2046 3507 2149 3561 Ba-

560 3605 681 3644 ron.
715 3606 812 3645 an.
845 3590 972 3661 431)
1005 3607 1018 3644 :
1056 3612 1079 3642 α
1116 3591 1341 3657 Studeo,
1372 3590 1565 3663 inquit,
1615 3592 1781 3664 quieti
1845 3592 2143 3661 catholicae,

556 3676 749 3732 studeo
778 3677 1055 3747 pereuntis
1081 3678 1255 3748 saluti,
1290 3679 1337 3733 si
1365 3687 1544 3733 tamen
1589 3681 1819 3735 voluerit
1859 3680 2147 3752 aegritudi-

551 3779 680 3818 nem
708 3762 974 3819 conﬁteri.
998 3764 1157 3833 Quod
1177 3766 1301 3821 ideo
1335 3766 1585 3833 dicimus,
1617 3784 1687 3823 ne
1731 3768 1934 3824 volenti
1971 3768 2146 3824 corri-

550 3866 685 3924 gere
712 3850 810 3923 [al.
862 3867 922 3906 se
967 3853 1288 3925 corrigere],
1338 3854 1562 3910 forsitan
1611 3856 1806 3911 deesse
1832 3857 2137 3912 videamur.

550 3938 692 3994 Nam
721 3938 768 3992 si
797 3947 850 3994 et
878 3939 1035 3995 nobis
1080 3939 1203 4012 [al.,
1264 3941 1365 3997 etsi
1423 3950 1476 3997 et
1519 3943 1698 4015 nobis]
1756 3944 2144 4001 sustinentibus

549 4040 728 4093 uvam,
763 4025 948 4097 spinas
978 4027 1080 4082 sibi
1109 4027 1395 4096 addiderit,
1436 4030 1724 4101 impleatur
1776 4032 2139 4101 manentibus,

553 4113 767 4168 statutis
792 4114 1068 4185 prioribus
1122 4116 1204 4173 sui
1235 4116 1408 4174 fructu
1450 4119 1655 4188 judicii,
1721 4119 1941 4191 colligat
1996 4121 2141 4192 quod

550 4201 703 4257 sulco
733 4201 1002 4259 diabolico
1033 4205 1337 4273 seminavit,
1370 4222 1481 4262 non
1507 4216 1696 4263 nostro
1742 4208 1991 4276 consilio,
2042 4209 2141 4265 sed

546 4304 607 4344 se
637 4289 913 4360 periturus
942 4300 1184 4348 auctore.
1217 4294 1416 4349 Probat
1464 4295 1584 4366 [al.,
1627 4296 1842 4367 probet]
1890 4312 1992 4352 nos
2035 4314 2136 4353 ve-

2252 1741 2472 1795 minime
2501 1740 2709 1795 dubitet
2737 1740 2841 1794 sibi
2868 1755 2979 1795 non
3015 1748 3265 1796 constare
3312 1739 3593 1808 rationem,
3644 1739 3689 1793 si
3735 1740 3843 1795 hoc

2245 1836 2395 1900 putat
2425 1836 2548 1899 post
2577 1836 2655 1883 tot
2703 1828 3100 1899 prohibitiones
3146 1828 3365 1898 impune
3407 1843 3570 1898 posse
3617 1828 3838 1883 tentari.

2248 1916 2599 1972 Contumelias
2642 1917 2787 1972 enim
2831 1917 3008 1972 studio
3045 1915 3121 1986 ﬁt,
3173 1916 3434 1988 quidquid
3495 1915 3844 1972 interdictum

2247 2005 2409 2061 toties
2438 2011 2747 2075 usurpatur.
2786 2025 2808 2054 ιο
2853 2005 2922 2059 Et
2969 2005 3024 2059 S.
3077 2003 3403 2059 leestinus
3448 2006 3636 2077 (epist.
3688 2004 3840 2074 lt):

2253 2115 2276 2145 α
2313 2092 2448 2161 Quae
2477 2093 2620 2147 enim
2648 2109 2678 2146 a
2705 2092 2864 2148 nobis
2893 2108 2983 2146 res
3013 2092 3181 2163 digna
3207 2091 3532 2160 servabitur,
3567 2091 3615 2146 si
3643 2093 3842 2148 decre-

2249 2181 2438 2236 talium
2466 2196 2657 2235 norma
2702 2180 3136 2248 constitutorum,
3180 2196 3278 2250 pro
3314 2179 3618 2250 aliquorum
3661 2179 3841 2246 libitu,

2250 2268 2464 2324 licentia
2484 2267 2699 2339 populis
2714 2268 2982 2338 permissa
2999 2267 3277 2341 frangatur
3290 2269 3319 2323 ?
3346 2291 3367 2315 »
3386 2268 3454 2322 Et
3472 2268 3600 2322 item
3621 2268 3807 2340 (ibid.)
3829 2286 3845 2323 :

2256 2378 2279 2408 ι
2314 2356 2447 2427 Quae
2474 2356 2620 2411 enim
2648 2355 2764 2411 sola
2791 2356 3177 2411 admonitionis
3206 2356 3526 2412 auctoritate
3562 2372 3674 2411 non
3711 2371 3844 2413 cor-

2252 2444 2500 2516 rigimus,
2516 2460 2741 2500 necesse
2757 2452 2839 2498 est
2856 2460 2955 2515 per
2974 2444 3315 2500 severitatem
3336 2452 3732 2516 congruentem
3753 2460 3846 2500 re-

2252 2533 2396 2603 gulis
2422 2532 2777 2588 vindicamus.
2804 2554 2827 2583 ι
2849 2533 2919 2586 Ει
2940 2533 3090 2602 (Leo,
3114 2549 3201 2605 ep.
3226 2536 3279 2603 1)
3305 2549 3318 2586 :
3344 2554 3366 2583 α
3391 2533 3519 2588 Ideo
3539 2533 3721 2587 omnia
3746 2533 3847 2589 de-

2253 2619 2475 2677 cretalia
2505 2622 2790 2676 constituta
2818 2628 2929 2676 tam
2957 2621 3132 2676 beatas
3162 2619 3547 2677 recordationis
3575 2622 3847 2677 Innocen-

2254 2709 2332 2779 tii,
2363 2724 2527 2780 quam
2554 2709 2793 2765 omnium
2822 2709 3177 2765 decessorum
3220 2716 3533 2765 nostrorum
3592 2725 3715 2780 quae
3771 2709 3842 2765 de

2256 2797 2644 2853 ecclesiasticis
2685 2797 2984 2867 ordinibus,
3054 2805 3125 2862 et,
3202 2813 3471 2853 canonum
3499 2798 3842 2869 promulgata

2257 2892 2382 2939 sunt
2408 2884 2732 2954 disciplinis,
2768 2885 2843 2940 ita
2898 2901 2932 2939 a
2988 2893 3172 2941 vestra
3227 2885 3518 2942 dilectione
3577 2885 3846 2942 custodiri

2256 2972 2458 3027 debere
2485 2971 2808 3027 mandamus
2838 2990 2852 3027 :
2883 2981 2957 3040 ut,
3007 2972 3052 3027 si
3096 2972 3216 3045 quis
3261 2973 3315 3027 in
3357 2973 3451 3029 illa
3487 2973 3843 3042 commiserit,

2253 3060 2465 3116 veniam
2494 3060 2595 3115 sibi
2620 3061 2878 3132 deinceps
2907 3061 3116 3117 noverit
3135 3062 3420 3135 denegari.
3459 3082 3481 3112 ι
3504 3063 3569 3116 Et
3588 3062 3843 3119 Gelasius

2251 3165 2336 3221 ep.
2371 3149 2460 3221 11)
2490 3166 2504 3204 :
2539 3172 2561 3197 «ε
2600 3148 2739 3204 Satis
2768 3150 3052 3223 indignum
3081 3158 3182 3216 est,
3216 3166 3542 3223 quemquam
3571 3151 3660 3207 vel
3702 3167 3843 3222 pon-

2250 3236 2468 3303 tificem,
2508 3237 2597 3294 vel
2642 3238 2895 3293 ordinum
2944 3239 3410 3310 subsequentium,
3461 3241 3601 3296 hanc
3642 3240 3842 3311 obser-

2249 3326 2483 3380 vantiam
2512 3325 2767 3393 refutare,
2801 3342 2962 3398 quam
2988 3328 3049 3381 B.
3081 3327 3227 3382 Petri
3256 3327 3443 3383 sedem
3473 3328 3653 3383 videat
3700 3328 3841 3384 edo-

2249 3429 2373 3469 cere
2405 3432 2418 3468 :
2451 3414 2693 3486 satisque
2721 3415 3052 3470 conveniens
3081 3415 3169 3484 sit,
3198 3423 3255 3470 ut
3284 3423 3448 3471 totum
3479 3432 3680 3487 corpus
3726 3418 3843 3474 Ec-

2248 3492 2431 3557 clesiae
2459 3501 2514 3556 in
2542 3503 2641 3557 hac
2671 3502 2885 3558 sibimet
2913 3503 3296 3559 observatione
3325 3504 3640 3571 concordet,
3675 3520 3841 3576 quam

2245 3588 2356 3645 illic
2387 3588 2576 3662 vigere
2603 3591 2919 3661 conspiciat,
2953 3592 3046 3646 ubi
3073 3591 3336 3647 Dominus
3367 3592 3630 3649 Ecclesia:
3673 3593 3842 3649 totius

2245 3677 2426 3748 posuit
2454 3678 2836 3751 principatum.
2872 3698 2894 3729 ι
2928 3681 3000 3734 Et
3054 3679 3231 3736 item:
3293 3702 3315 3731 α
3376 3681 3500 3736 Non
3552 3697 3691 3752 opus
3746 3681 3846 3737 fuit

2245 3780 2388 3821 nova
2417 3765 2626 3837 synodo
2651 3785 2665 3833 ;
2694 3782 2819 3823 cum
2846 3767 3045 3823 veteris
3074 3768 3350 3823 constituti
3378 3768 3706 3825 sufficienter
3724 3769 3846 3826 hac

2243 3852 2414 3908 forma
2442 3854 2840 3925 praescriberet.
2869 3875 2891 3906 »
2926 3856 3173 3912 Etitem:
3217 3879 3240 3909 ι
3286 3857 3579 3929 Nunquam
3607 3858 3846 3915 cessisse

2241 3942 2588 3997 manifestum
2637 3950 2740 4011 est,
2788 3943 3026 4015 qualibet
3072 3945 3398 4001 necessitate
3445 3954 3697 4019 cogente,
3743 3963 3844 4003 no-

2243 4030 2398 4098 viter,
2429 4047 2551 4102 quae
2581 4030 2800 4087 fuerant
2830 4033 3116 4089 salubriter
3135 4034 3446 4101 constituta,
3467 4043 3782 4092 temerasse.
3813 4057 3837 4085 ι

2238 4119 2307 4174 Et
2334 4119 2390 4173 S.
2426 4119 2725 4190 Gregorius
2755 4120 2825 4176 ad
2847 4121 3101 4193 Sergium
3120 4122 3465 4179 defensorem
3486 4124 3680 4197 (epist.
3711 4124 3802 4195 10)
3826 4142 3841 4179 :

2243 4230 2265 4254 ι
2297 4206 2354 4263 Si
2400 4209 2562 4263 homo
2619 4225 2791 4276 esses,
2841 4218 2930 4264 aut
2978 4211 3216 4281 aliquam
3261 4211 3654 4268 districtionem
3701 4213 3826 4285 (aL,

2248 4295 2654 4368 discretionem]
2695 4297 3014 4365 habuisses,
3072 4298 3145 4353 ita
3199 4300 3462 4373 regularis
3541 4301 3845 4371 disciplinae

542 4376 694 4432 loces
722 4377 890 4447 pedes
938 4379 1007 4432 ad
1058 4378 1444 4435 effundendum
1501 4383 1825 4455 sanguinem
1878 4400 1986 4439 non
2043 4386 2145 4439 ha-
2174 4376 2535 4440 Ddebuisses
2562 4392 2743 4441 custos
2772 4386 3025 4453 existere,
3080 4394 3140 4442 ut
3195 4404 3258 4443 ea
3312 4404 3434 4459 quae
3490 4388 3602 4445 illic
3655 4388 3845 4445 illicita

544 4464 698 4531 bere,
730 4464 949 4534 quando
979 4466 1081 4519 sibi
1110 4466 1269 4521 etiam
1302 4468 1601 4523 remedium
1645 4479 1941 4542 cognoscat
1986 4471 2144 4527 obla-
2243 4470 2670 4538 committuntur,
2729 4481 2853 4528 ante
2908 4473 3144 4529 vindicta
3199 4474 3519 4546 corrigeret,
3577 4492 3744 4548 quam
3772 4477 3842 4531 ad

547 4559 681 4606 tum.
722 4573 744 4599 ιι
770 4551 837 4605 Et
863 4552 979 4607 haec
1009 4553 1130 4608 dico
1160 4570 1270 4609 non
1297 4556 1659 4624 praejudicans
1690 4566 1882 4613 vestra:
1930 4560 2141 4616 delibe—
2241 4574 2343 4614 nos
2376 4575 2566 4614 eorum
2598 4560 2821 4616 nuntius
2875 4562 3200 4632 perveniret.
3238 4583 3260 4613 »
3320 4563 3387 4617 Et
3443 4572 3566 4634 post
3619 4579 3792 4634 pauca
3825 4582 3839 4618 :

544 4638 760 4704 rationi,
789 4646 969 4693 utrum
992 4640 1143 4709 juxta
1171 4642 1287 4697 hac
1321 4643 1374 4696 Β.
1419 4643 1694 4698 ΟωΙεεῐίοί
1746 4646 1913 4700 verba
1976 4663 2141 4703 vera-

545 4725 681 4782 citer
707 4741 1127 4798 recognoscens,
1162 4738 1215 4785 et
1245 4730 1518 4785 humiliter
1546 4732 1873 4802 supplicans,
1892 4734 2136 4804 absolvi;

544 4827 616 4866 an
643 4828 741 4883 pro
771 4822 883 4869 tam
912 4815 1118 4871 diutina
1162 4816 1425 4889 pertinaci
1461 4818 1519 4873 in
1563 4829 1872 4893 contemptu
1917 4832 2138 4879 sancta-

542 4915 663 4954 rum
689 4902 1000 4973 regularum
1050 4905 1427 4974 permansione
1471 4906 1667 4962 debeat
1709 4910 1950 4979 percelli.
1999 4910 2138 4979 Quia

544 4986 684 5042 sicut
721 5003 756 5042 a
801 4990 1008 5060 regulis
1054 4991 1368 5061 praestitutis
1410 4994 1479 5049 de
1525 4995 1690 5051 certis
1737 5005 1791 5053 et
1836 4998 2136 5057 manifestis

539 5074 718 5130 causis
750 5091 872 5144 qum
902 5076 959 5131 in
1003 5078 1151 5134 nullo
1188 5079 1344 5135 nobis
1389 5090 1512 5137 sunt
1557 5083 1722 5139 dubia
1767 5086 1853 5141 vel
1901 5088 2136 5144 obscura

536 5160 684 5216 nulla
738 5169 832 5216 aut
886 5164 1219 5237 negligentia
1274 5176 1366 5223 aut
1410 5172 1826 5243 praesumptione
1871 5174 2132 5230 debemus

534 5248 840 5314 discedere,
873 5250 1009 5306 sicut
1030 5252 1139 5307 Leo
1167 5254 1239 5309 ad
1268 5257 1607 5313 Anastasium
1638 5260 1888 5316 scribens
1936 5262 2125 5334 (epist.

534 5336 625 5407 84)
656 5337 899 5394 decrevit
931 5355 945 5392 :
974 5338 1050 5394 ita
1078 5340 1146 5396 de
1193 5342 1391 5413 quibus
1442 5344 1751 5402 diﬂinitivas
1809 5350 2123 5417 sententias,

2245 4667 2267 4697 α
2302 4648 2443 4702 Nam
2474 4648 2520 4702 si
2549 4649 2791 4719 quolibet
2821 4649 2985 4705 modo
3014 4650 3070 4704 in
3110 4651 3213 4707 hac
3266 4667 3324 4706 re
3382 4651 3692 4723 negligens,
3755 4652 3840 4708 vel

2237 4734 2416 4790 lentus
2443 4736 2732 4805 exstiteris,
2765 4737 2841 4792 ita
2877 4738 2933 4793 in
2960 4745 3013 4794 te
3058 4737 3467 4795 districtissime
3487 4740 3844 4795 noverisvin-

2237 4822 2548 4889 dicandum,
2580 4832 2638 4878 ut
2668 4825 2813 4896 quod
2842 4841 2909 4881 ex
2956 4834 3010 4883 te
3055 4826 3255 4894 nescis,
3305 4844 3470 4898 pmna
3516 4828 3698 4899 possis
3746 4845 3839 4884 se-

2237 4917 2392 4965 cante
2450 4910 2571 4982 [aI.,
2633 4912 2937 4985 reserante]
2993 4928 3346 4986 cognoscere.
3390 4939 3412 4963 ιι
3472 4917 3538 4970 Ει
3606 4915 3840 4971 domnus

2236 4997 2504 5053 Adrianus
2534 5014 2675 5070 papa
2705 5000 2761 5055 in
2791 5001 3037 5071 epistola,
3063 5002 3203 5058 sicut
3233 5003 3478 5071 audistis,
3525 5005 3842 5075 nuperrime

2233 5084 2440 5140 directa
2475 5104 2488 5140 :
2527 5107 2549 5137 ι
2585 5087 2869 5159 Fidelium,
2900 5089 3091 5160 inquit,
3130 5090 3403 5147 relatione
3448 5093 3835 5162 comperimus,
3886 5126 3887 5129 η

2232 5172 2379 5243 quod
2409 5181 2500 5229 tua
2530 5173 2837 5231 fraternitas
2869 5177 3112 5234 debitum
3160 5177 3409 5252 vigorem
3453 5180 3509 5235 in
3555 5180 3841 5250 provincia

2230 5260 2522 5317 Rhemensi
2552 5280 2661 5319 non
2692 5264 2927 5336 agitans,
2958 5266 3127 5322 multa
3156 5267 3583 5337 reprehensione
3615 5269 3833 5341 dignis-

2231 5347 2365 5402 sima
2394 5366 2425 5404 a
2454 5351 2559 5406 tuis
2607 5353 3154 5423 comprovincialibus
3208 5355 3610 5411 convalescant.
3662 5357 3833 5425 Cujus

532 5440 654 5497 (ιιιεε
682 5424 827 5481 nulla
854 5434 1082 5499 possunt
1131 5430 1334 5487 ratione
1389 5434 1640 5503 convelli,
1672 5451 1706 5491 a
1759 5437 1963 5493 sanctis
2018 5439 2126 5494 Pa-
2227 5448 2305 5503 rei
2335 5450 2505 5522 gratia
2535 5451 2922 5525 negligentiam
2952 5461 3189 5511 vestram
3216 5453 3301 5510 his
3330 5454 3644 5526 apostolicis
3692 5424 3833 5512 aifa-
