4174 6300
361 244 464 296 633

1096 240 1336 298 OPUSC.
1380 243 1470 296 ET
1531 242 1743 297 EPIST.
1800 240 1872 295 IN
1926 238 2151 297 CAUSA
2209 239 2553 296 HINCMARI
2599 241 2904 305 LAUDUN,

3560 246 3662 299 634

368 373 513 427 tibus
542 368 858 436 excitamus,
898 376 955 422 ut
1003 369 1303 424 secundum
1334 367 1772 423 venerandorum
1802 380 1965 420 cano—
1995 364 2050 424 A
2069 372 2120 418 et
2150 364 2367 418 retinet.
2405 387 2426 411 »
2480 364 2655 433 Quam
2709 365 2974 434 synodum
3024 365 3404 422 Sardicensem
3435 376 3662 438 aposto-

363 476 494 515 num
525 457 770 530 regulas,
805 457 875 510 ita
903 456 1142 511 omnium
1175 455 1415 511 omnimo
1437 453 1975 525 comprovincialium

361 557 578 603 tuorum
610 545 890 616 synodice,
923 544 1072 599 salvo
1123 553 1329 600 sancta
1388 545 1648 599 Romana
1704 541 1973 597 Ecclesia

363 634 674 707 privilegio,
711 648 929 688 reseces
958 632 1104 701 vitia,
1138 641 1195 687 ut
1217 632 1491 703 privilegii
1519 632 1595 685 tui
1616 646 1796 686 coram
1834 632 1971 689 Deo,

368 731 667 794 nostroque
690 721 893 790 judicio
924 736 1032 775 non
1050 721 1311 776 merearis
1335 721 1605 775 sustinere
1620 720 1912 788 jacturam.
1948 739 1968 767 ι

366 814 435 867 Et
485 810 610 882 quia
655 809 822 864 frater
871 809 1196 863 Hincmarus
1247 824 1391 879 sape
1436 823 1546 863 non
1600 808 1654 862 in
1713 807 1973 862 canonico

361 899 585 969 judicio,
622 912 723 952 nec
758 912 859 967 pro
907 897 1072 951 certis
1114 897 1317 966 causis,
1368 896 1465 950 sed
1515 911 1614 966 pro
1665 895 1831 949 animi
1890 895 1972 949 sui

367 986 608 1042 motibus
636 985 1015 1056 irregulariter
1042 985 1227 1039 sedem
1260 984 1614 1054 apostolicam
1645 983 1960 1054 appellavit,

372 1084 425 1130 et
462 1073 722 1145 prosequi
747 1074 1164 1143 appellationem
1190 1089 1361 1141 suam,
1394 1073 1556 1127 etiam
1600 1072 1968 1144 irregularem

379 1162 617 1235 neglexit
648 1180 660 1215 :
705 1161 749 1216 si
770 1162 1098 1232 regulariter
1127 1177 1270 1216 nunc
1302 1161 1578 1231 appellare
1609 1160 1857 1229 voluerit,
1892 1160 1971 1215 sic

374 1251 644 1307 submisse
672 1258 727 1305 et
756 1257 1058 1320 temperate
1086 1250 1269 1321 legum
1300 1258 1353 1304 et
1399 1265 1667 1305 canonum
1726 1256 1848 1303 sunt
1880 1264 1971 1303 ex-

377 1338 674 1411 sequenda
703 1338 1004 1405 sententia,
1039 1346 1095 1392 ut
1124 1346 1175 1393 et
1204 1338 1320 1408 ipse
1350 1339 1601 1393 comedat
1630 1337 1833 1392 fructus
1864 1336 1968 1393 via

369 1444 502 1493 sua,
537 1426 760 1497 suisque
789 1426 1030 1481 consiliis
1062 1434 1349 1492 saturetur,
1384 1434 1434 1480 et
1465 1425 1625 1481 sedes
1673 1426 1971 1496 apostolica

372 1516 672 1571 secundum
704 1530 890 1570 sacros
919 1530 1173 1579 canones,
1209 1522 1266 1569 ut
1313 1514 1538 1585 dignum
1587 1522 1687 1584 est,
1732 1515 1969 1569 honore-

369 1612 492 1670 tur;
525 1610 578 1657 et
606 1619 707 1657 nos
744 1618 842 1673 pro
873 1603 1226 1657 dissolutione
1263 1602 1526 1673 regularis
1558 1602 1859 1672 disciplina
1891 1618 1973 1658 re-

2073 452 2175 507 lica
2206 453 2366 507 sedes
2422 469 2521 522 per
2576 452 2766 507 Osium
2824 453 3252 523 Cordubensem,
3311 463 3363 510 et
3411 456 3661 512 Gentium

2075 541 2436 611 Capuensem,
2469 549 2522 594 et
2577 540 2929 611 Calepodium
2973 543 3390 613 Neapolitanum
3440 545 3659 615 episco-

2074 644 2194 698 pos,
2228 645 2355 683 suos
2376 629 2611 684 vicarios
2640 628 2978 684 conﬁrmavit
3012 647 3025 682 :
3066 637 3121 684 et
3166 631 3413 687 Ecclesia
3458 633 3662 689 nihilo-

2073 717 2250 771 minus
2295 718 2660 789 subsequente
2690 716 3068 773 conﬁrmatam
3126 719 3295 773 tenuit
3342 736 3579 791 semper,
3612 729 3665 777 et

2075 806 2285 861 retinet.

2354 965 2813 1027 SENTENTIA
2856 967 3425 1031 DEPOSITIONIS

2518 1086 2791 1125 IIINCMARI
2820 1086 3206 1127 LAUDUNENSIS

2072 1168 2147 1222 Ab
2166 1170 2463 1223 Hincmaro
2494 1170 2929 1239 metropolitano
2976 1170 3277 1226 Rhemensi
3318 1173 3383 1226 in
3427 1174 3666 1230 concilio

2496 1241 2832 1295 Duziacensi
2876 1243 3283 1311 pronuntiata.

2432 1342 2591 1397 (Apud
2610 1343 2775 1397 Labb.,
2798 1344 2974 1389 conci].
3003 1347 3121 1389 tom.
3144 1346 3292 1400 Vill.)

2143 1422 2464 1478 Hincmarus
2495 1424 2829 1479 Rhemorum
2858 1424 3145 1496 episcOpus
3164 1426 3298 1480 dixit
3331 1444 3344 1480 :
3376 1428 3667 1499 Nunquam

2071 1511 2268 1566 vellem
2322 1512 2376 1565 in
2424 1529 2545 1567 eum
2593 1529 2680 1567 me
2720 1514 2967 1582 judicare
3024 1522 3335 1584 oporteret;
3370 1522 3421 1571 et
3464 1516 3669 1571 utinam

2070 1615 2170 1654 nec
2199 1601 2450 1655 ordinare
2480 1601 2819 1673 contigisset,
2853 1602 2921 1657 de
2953 1618 3061 1672 quo
3087 1619 3306 1673 semper
3325 1603 3495 1673 timui,
3521 1605 3669 1676 quod

370 1692 565 1764 dargui
593 1706 702 1747 non
730 1707 1061 1747 mereamur.
1090 1693 1228 1745 Nam
1274 1692 1341 1745 de
1404 1691 1768 1761 appellatione
1819 1691 1965 1746 Con-
1996 1704 2216 1776 Bnunc
2272 1689 2451 1757 video,
2514 1698 2798 1761 postquam
2846 1707 2970 1745 eum
3018 1691 3120 1745 sibi
3165 1692 3423 1747 saculum
3469 1693 3665 1763 rapuit,

379 1780 642 1834 stantinus
689 1782 831 1851 Aug.
874 1779 1263 1834 adCatulinum
1313 1780 1559 1834 decrevit
1609 1780 1713 1834 hoc
1764 1780 1955 1834 modo.

378 1889 401 1918 α
440 1868 762 1923 Moratorias
792 1867 1097 1933 dilationes,
1159 1867 1637 1939 frustratoriasque
1699 1884 1808 1923 non
1866 1876 1974 1923 tam

372 1956 766 2027 appellationes
796 1972 961 2027 quam
989 1954 1390 2011 ludiﬁcationes
1420 1956 1632 2010 admitti
1678 1971 1787 2010 non
1836 1972 1973 2011 con-

379 2045 540 2101 venit.
565 2045 702 2099 Nam
724 2044 862 2099 sicut
894 2045 1032 2099 bene
1068 2044 1465 2115 appellantibus
1492 2044 1682 2117 negari
1713 2044 1977 2100 auxilium

372 2149 482 2188 non
510 2139 759 2204 oportet;
792 2133 863 2186 ita
898 2133 981 2187 his
1022 2140 1213 2187 contra
1268 2148 1404 2204 quos
1435 2132 1627 2188 merito
1676 2133 1978 2202 judicatum

370 2230 472 2286 est,
504 2221 735 2276 inaniter
762 2221 1183 2292 provocantibus
1231 2220 1439 2276 differri
1472 2222 1609 2276 bene
1668 2230 1822 2291 gesta
1869 2238 1980 2277 non

374 2310 548 2365 decet.
588 2330 610 2359 ι
672 2311 739 2364 Et
783 2325 847 2363 ex
896 2309 1339 2379 interpretatione
1386 2309 1526 2382 legis
1586 2310 1973 2377 Valentiniani,

374 2398 639 2467 Valentis,
670 2405 722 2452 et
768 2397 1010 2452 Gratiani
1054 2400 1193 2467 Aug.
1229 2398 1298 2452 ad
1344 2397 1627 2452 Claudium
1660 2416 1674 2451 :
1708 2399 1816 2454 Lex
1876 2399 1980 2453 ista

369 2488 475 2541 hoc
495 2486 623 2542 dicit
655 2503 669 2540 :
703 2486 1035 2557 Cronopium
1068 2486 1384 2557 episcOpum
1414 2502 1444 2540 a
1475 2486 1658 2541 multis
1707 2487 1982 2557 episcopis

370 2572 539 2629 fuisse
576 2575 909 2639 damnatum,
940 2582 991 2629 et
1023 2575 1295 2631 studuisse
1326 2591 1468 2641 eum,
1521 2582 1647 2630 ante
1695 2575 1977 2659 judicium,

371 2662 692 2718 sententiam
724 2680 845 2734 qua
873 2662 1274 2733 proferebatur,
1329 2662 1691 2734 appellatione
1752 2680 1985 2734 suspen-

374 2752 504 2806 dere
537 2768 551 2806 :
583 2767 613 2804 a
643 2767 748 2822 qua
780 2751 1062 2819 sententia,
1099 2750 1226 2822 quia
1240 2751 1387 2819 juste
1418 2752 1627 2821 prolata
1658 2750 1851 2821 fuerat,
1886 2768 1984 2823 ap-

368 2839 577 2910 pellare
597 2839 819 2894 minime
836 2839 1131 2894 debuisset.
1166 2840 1224 2893 In
1243 2856 1351 2910 qua
1372 2856 1495 2894 eum
1514 2839 1667 2912 gravi
1687 2840 1906 2906 mulcta,
1930 2841 1985 2895 id

372 2937 453 2982 est
497 2928 887 3000 quinquaginta
938 2927 1107 2981 libras
1137 2928 1345 2998 argenti
1380 2929 1656 2984 addictum
1686 2927 1856 2984 fuisse
1897 2929 1977 2983 di-

375 3017 465 3073 cit.
516 3015 648 3084 Qua
690 3023 874 3071 tamen
916 3031 1129 3070 summa
1166 3015 1335 3086 ipsius
1394 3016 1628 3079 mulcta.
1678 3033 1788 3072 non
1844 3015 1979 3073 ﬁsco

375 3105 637 3176 prodesse
671 3106 825 3174 jussa
870 3112 971 3170 est,
1004 3105 1105 3159 sed
1153 3104 1488 3176 pauperibus
1538 3105 1768 3178 erogari.
1823 3107 1979 3162 Unde

373 3194 672 3264 apostolica
732 3194 891 3249 sedes
938 3193 1232 3257 discernet,
1268 3193 1313 3247 si
1354 3192 1638 3264 appellans
1690 3194 1978 3266 episcOpus

375 3283 575 3338 bonam
599 3298 821 3339 causam
867 3283 1107 3351 habebit,
1157 3282 1303 3337 velut
1349 3282 1593 3338 decrevit
1649 3283 1978 3339 Sardicense

374 3371 665 3427 concilium
695 3372 844 3443 (can.
880 3372 934 3441 3)
970 3389 982 3424 :
1021 3392 1043 3421 ι
1066 3371 1141 3437 Si,
1164 3371 1435 3442 inquiens,
1461 3370 1657 3443 aliquis
1690 3371 1977 3442 episcopus

365 3460 642 3528 judicatus
683 3459 841 3514 fuerit
871 3459 927 3513 in
951 3459 1129 3531 aliqua
1160 3474 1342 3525 causa,
1378 3466 1430 3514 et
1463 3467 1614 3530 putat
1662 3476 1722 3514 se
1779 3460 1980 3516 bonam

376 3564 597 3604 causam
627 3548 848 3615 habere,
882 3556 935 3602 ut
980 3548 1172 3603 iterum
1221 3548 1507 3603 concilium
1555 3556 1870 3616 renovetur,
1934 3549 1979 3605 si

373 3637 526 3692 vobis
607 3638 867 3707 placeat,
931 3636 1106 3692 sancti
1174 3637 1316 3691 Petri
1376 3636 1609 3707 apostoli
1658 3637 1978 3693 memoriam

373 3726 722 3791 honoremus,
755 3733 812 3779 ut
841 3724 1113 3781 scribatur
1143 3724 1210 3779 ab
1243 3725 1326 3779 liis
1377 3725 1471 3797 qui
1520 3741 1743 3780 causam
1774 3727 1979 3781 exami-

374 3822 588 3879 narunt,
624 3813 765 3870 Julio
818 3814 1063 3869 Romano
1121 3813 1382 3885 episcopo
1434 3821 1531 3869 :et
1561 3814 1607 3868 si
1654 3814 1980 3883 judicaverit

373 3903 748 3958 renovandum
777 3919 901 3958 esse
938 3902 1219 3971 judicium,
1280 3910 1591 3970 renovetur,
1654 3911 1707 3958 et
1746 3904 1837 3959 det
1887 3905 1978 3973 ju-

375 3991 546 4047 dices.
581 3991 638 4046 Si
666 3999 846 4046 autem
880 3991 1197 4062 probaverit
1244 3992 1407 4047 talem
1456 4008 1579 4047 esse
1630 4007 1870 4062 causam,
1922 4001 1980 4048 ut

286 4102 291 4103 ί
376 4096 487 4135 non
515 4079 836 4135 refricentur
884 4095 950 4134 ea
1008 4096 1130 4151 qua
1189 4088 1307 4135 acta
1359 4088 1484 4134 sunt
1542 4098 1555 4135 :
1601 4098 1723 4151 qua
1779 4082 1977 4138 decre-

377 4168 530 4237 verit,
581 4168 899 4223 conﬁrmata
947 4176 1120 4223 erunt.
1173 4188 1195 4217 »
1243 4169 1310 4222 Ει
1354 4168 1479 4223 hinc
1525 4168 1579 4222 in
1629 4184 1751 4225 can.
1803 4172 1833 4224 4
1864 4178 1916 4224 et
1945 4174 1977 4225 7

377 4257 513 4312 ordo
570 4257 947 4327 appellationis
997 4256 1237 4327 episcopi
1294 4264 1417 4327 post
1470 4256 1781 4328 episcopale
1832 4258 1977 4327 judi-

377 4345 519 4400 cium
549 4346 617 4400 ad
648 4346 1001 4417 apostolicam
1048 4346 1234 4400 sedem
1292 4345 1634 4401 describitur.
1682 4345 1853 4415 Quem
1884 4362 1976 4402 eo-

2010 3068 2060 3133 Cl

2075 1785 2128 1831 et
2157 1777 2206 1831 ei
2237 1776 2546 1852 frequenter
2589 1779 2848 1848 scriptum
2878 1779 3106 1849 pradixi
3140 1798 3152 1833 :
3187 1780 3292 1846 Qui
3338 1784 3548 1837 mentis
3579 1786 3665 1837 est

2073 1866 2249 1931 dum},
2287 1871 2514 1921 corruet
2546 1867 2610 1920 in
2630 1868 2850 1922 malum
2872 1868 3021 1937 (Pro.
3045 1868 3257 1939 xxvm).
3284 1868 3392 1924 Sed
3409 1869 3538 1939 quia
3556 1869 3674 1940 ipse

2076 1952 2179 2007 sibi
2202 1954 2465 2021 judicium
2493 1953 2621 2008 ferri
2653 1956 2833 2026 exegit
2865 1974 2879 2010 :
2912 1963 3093 2011 vestra
3131 1956 3459 2011 unanimitas
3503 1957 3665 2025 dicat,

2077 2042 2122 2095 si
2147 2058 2252 2113 ego
2279 2058 2380 2112 pro
2417 2043 2714 2113 pramissis
2770 2044 2947 2099 causis
2978 2044 3453 2112 eumjudicavero,
3486 2053 3668 2100 utrum

2078 2146 2175 2185 vos
2226 2130 2377 2184 illum
2405 2146 2618 2186 mecum
2665 2132 2991 2187 unanimiter
3040 2132 3370 2201 judicabitis,
3407 2148 3477 2188 an
3506 2149 3616 2189 non
3640 2133 3669 2187 ?

2076 2220 2146 2273 Et
2196 2219 2509 2291 singillatim
2566 2220 2837 2291 episcopis
2885 2221 3358 2291 respondentibus,
3413 2238 3472 2277 se
3519 2222 3669 2276 illum

2078 2324 2183 2361 una
2234 2324 2358 2363 cum
2417 2324 2482 2363 eo
2533 2308 2907 2376 judicaturos.
2963 2310 3288 2366 Hincmarus
3341 2310 3671 2365 Rhemorum

2082 2396 2371 2466 episcopus
2420 2396 2598 2451 dixit:
2632 2399 2699 2451 Et
2743 2405 3032 2468 postquam
3089 2414 3195 2469 ego
3223 2398 3429 2467 judicio
3478 2414 3677 2454 secun-

2082 2485 2211 2538 dum
2239 2501 2448 2538 morem
2505 2485 2932 2541 ecclesiasticum
2980 2486 3376 2556 subscripsero,
3429 2486 3674 2542 subscri-

2082 2572 2221 2627 betis
2276 2588 2489 2627 mecum
2535 2572 2711 2628 eidem
2752 2573 3001 2642 judicio?
3052 2575 3489 2643 Responderunt,
3545 2574 3675 2646 quia

2085 2661 2232 2731 quod
2261 2677 2381 2715 cum
2413 2677 2478 2715 eo
2527 2661 2902 2729 judicaverint,
2946 2678 3007 2717 se
3045 2662 3198 2730 juxta
3249 2678 3458 2717 morem
3489 2662 3666 2718 ecclev

2085 2748 2357 2805 siasticum
2392 2747 2505 2803 fore
2536 2750 2962 2820 subscripturos.
2992 2751 3061 2805 Et
3102 2758 3230 2806 tunc
3257 2750 3413 2806 lecta
3465 2758 3588 2805 sunt
3619 2751 3677 2806 in

2086 2838 2295 2907 synodo
2326 2838 2395 2891 ab
2414 2838 2707 2908 Adalgario
2728 2838 2958 2895 diacono
2980 2838 3263 2894 sententia
3287 2854 3574 2907 canonum,
3606 2839 3679 2894 ita

2088 2942 2153 2981 eo
2195 2926 2409 2981 dicente
2434 2969 2445 2980 .
2474 2927 2824 2982 Sardicenses
2854 2943 3094 2983 canones
3124 2928 3485 2983 decreverunt
3523 2928 3677 2997 (can.

2090 3016 2146 3084 3)
2176 3033 2188 3068 :
2221 3038 2241 3062 «
2277 3016 2343 3070 Ut
2363 3015 2410 3069 si
2431 3014 2627 3086 aliquis
2648 3017 2934 3086 episcopus
2948 3016 3218 3085 judicatus
3240 3015 3401 3071 fuerit
3415 3017 3471 3070 in
3498 3018 3683 3088 aliqua

2082 3118 2267 3167 causa,
2303 3111 2355 3158 et
2382 3110 2534 3173 putet
2564 3120 2623 3157 se
2671 3104 2872 3158 bonam
2929 3120 3151 3160 causam
3191 3105 3416 3174 habere,
3461 3113 3519 3160 ut
3572 3106 3679 3161 ite-

2079 3208 2194 3245 rum
2253 3191 2543 3246 concilium
2589 3199 2903 3259 renovetur,
2963 3192 3009 3246 si
3058 3194 3213 3249 vobis
3271 3194 3451 3265 placet
3504 3195 3679 3251 sancti

2080 3280 2222 3335 Petri
2275 3280 2593 3334 memoriam
2650 3281 3004 3348 honoremus,
3054 3290 3112 3337 ut
3166 3283 3435 3338 scribatur
3482 3284 3550 3338 ab
3597 3283 3683 3339 his

2080 3368 2172 3439 qui
2202 3384 2421 3423 causam
2463 3370 2852 3439 examinarunt,
2903 3370 3047 3425 Julio
3105 3372 3349 3428 Romano
3395 3371 3672 3443 episcopo,

2079 3465 2133 3511 et
2163 3458 2209 3511 si
2231 3457 2557 3526 judicaverit
2588 3459 2968 3513 renovandum
3012 3476 3136 3515 esse
3180 3461 3462 3529 judicium,
3515 3476 3679 3516 reno-

2079 3554 2255 3616 vetur,
2300 3554 2353 3601 et
2401 3547 2493 3601 det
2526 3547 2739 3614 judices
2771 3565 2784 3601 :
2816 3548 2863 3602 si
2906 3556 3095 3603 contra
3145 3549 3458 3618 probaverit
3514 3549 3679 3603 talem

2081 3651 2204 3690 esse
2234 3650 2473 3703 causam,
2506 3644 2562 3689 ut
2594 3652 2702 3690 non
2748 3635 3077 3691 refricentur
3122 3653 3184 3692 ea
3211 3654 3332 3708 qua
3362 3645 3487 3693 acta
3514 3647 3672 3703 sunt;

2080 3740 2202 3795 qua
2229 3723 2556 3790 decreverit,
2590 3722 2908 3781 conﬁrmata
2937 3732 3116 3780 erunt.
3155 3749 3178 3774 »
3230 3726 3299 3780 Et
3331 3726 3675 3781 Innocentius

2079 3828 2222 3883 papa
2250 3814 2489 3869 decrevit
2522 3814 2705 3885 (epist.
2750 3814 2826 3885 t),
2859 3821 2919 3868 ut
2946 3836 2968 3864 α
3029 3814 3085 3869 Si
3136 3815 3376 3884 majores
3413 3831 3594 3871 causa
3620 3815 3678 3870 in

2080 3902 2261 3957 medio
2290 3902 2490 3957 fuerint
2518 3903 2806 3967 devoluta,
2841 3903 2911 3958 ad
2931 3903 3119 3959 sedem
3141 3904 3518 3973 apostolicam,
3542 3904 3682 3960 sicut

2081 3992 2322 4063 synodus
2372 3992 2575 4058 statuit,
2628 4000 2680 4047 et
2733 4000 2887 4047 vetus
2945 3993 3462 4065 consuetudo[al.,
3522 3994 3676 4049 beata

2079 4081 2349 4151 consuet.]
2382 4080 2568 4151 exigit,
2588 4088 2712 4149 post
2734 4080 2997 4147 judicium
3019 4081 3330 4151 episcopale
3350 4081 3625 4136 referatur.
3652 4106 3673 4129 η

2079 4170 2146 4223 Et
2177 4168 2485 4223 Bonifacius
2509 4183 2650 4237 papa
2678 4167 2806 4221 dicit
2836 4168 3024 4239 (epist.
3060 4170 3115 4238 2)
3152 4186 3164 4222 :
3190 4170 3304 4223 Nos
3361 4185 3461 4239 per
3490 4185 3681 4224 omnes

2080 4256 2392 4327 provincias
2422 4255 2633 4310 litteras
2664 4254 2985 4326 dirigemus,
3021 4272 3090 4310 ne
3139 4257 3545 4311 excusationem
3577 4256 3680 4311 sibi

2081 4344 2442 4415 ignorationis
2468 4344 2590 4412 jure
2619 4343 2887 4399 Maximus
2919 4344 3192 4410 obtendat,
3236 4352 3295 4399 ut
3340 4345 3411 4400 ad
3458 4345 3679 4414 provin-

375 4433 499 4489 dem
544 4435 705 4489 modo
757 4436 1164 4507 exsequendum
1208 4433 1573 4498 Innocentius,
1642 4434 1969 4502 Bonifacius,
2004 4426 2221 4489 Dciam
2252 4434 2437 4488 venire
2484 4441 2731 4505 cogatur,
2765 4441 2818 4489 et
2845 4433 2956 4489 illic
2985 4450 3045 4489 se
3088 4433 3380 4490 constituto
3432 4449 3679 4504 prasen-

381 4530 435 4577 et
478 4524 586 4577 Leo
620 4522 669 4577 ie
700 4522 932 4579 decretis
964 4524 1075 4577 suis
1107 4540 1171 4578 ex
1204 4522 1411 4578 eisdem
1443 4523 1615 4577 sacris
1673 4524 1975 4579 canonibus

380 4611 723 4681 apertissime
736 4612 1240 4683 promulgaverunt.
1281 4612 1436 4668 Unde
1451 4619 1504 4666 et
1520 4611 1768 4667 Gelasius
1791 4613 1977 4668 scribit

384 4701 572 4772 (epist.
608 4701 696 4770 11)
733 4718 744 4754 :
781 4723 802 4748 «
840 4699 1174 4755 Conﬁdimus
1222 4702 1367 4773 quod
1424 4701 1607 4756 nullus
1656 4702 1772 4770 jam
1817 4717 1979 4757 vera-

378 4788 510 4844 citer
538 4788 874 4845 Christianus
902 4790 1118 4861 ignoret
1156 4790 1581 4861 uniuscujusque
1623 4790 1816 4862 synodi
1847 4805 1977 4847 con-

379 4876 638 4941 stitutum,
691 4878 835 4948 quod
898 4878 1218 4934 universalis
1266 4878 1529 4934 Ecclesia
1582 4880 1833 4949 probavit
1889 4894 1978 4934 as-

377 4981 571 5020 sensus
615 4966 815 5021 nullam
864 4966 960 5039 [aL
987 5010 999 5033 ,
1033 4982 1142 5023 non
1190 4967 1449 5039 aliquam]
1514 4968 1688 5038 magis
1752 4968 1976 5040 exsequi

377 5055 565 5109 sedem
603 5063 856 5125 oportere
902 5054 1032 5127 [al.,
1067 5072 1180 5126 pra
1227 5055 1437 5111 cateris
1471 5056 1768 5129 oportere],
1813 5071 1977 5129 quam

378 5142 610 5213 primam
657 5160 778 5215 qua
827 5152 877 5199 et
909 5160 1347 5217 unamquamque
1393 5145 1659 5215 synodum
1712 5162 1807 5200 sua
1882 5161 1975 5200 au-

373 5231 623 5286 ctoritate
680 5231 983 5301 confirmat,
1018 5241 1069 5287 et
1100 5234 1409 5288 continuata
1458 5233 1833 5289 moderatione
1872 5250 1960 5289 cuo

380 5320 559 5389 stodit,
612 5336 710 5391 pro
758 5337 856 5376 suo
927 5322 1134 5377 scilicet
1186 5321 1512 5392 principatu,
1574 5338 1737 5391 quem
1785 5322 1975 5379 beatus

380 5408 569 5463 Petrus
638 5409 915 5479 apostolus
985 5410 1203 5465 Domini
1258 5426 1393 5466 voce
1467 5417 1804 5481 perceptum,
1865 5411 1973 5466 Ec-

375 5495 543 5552 clesia
589 5496 940 5553 nihilominus
981 5504 1364 5572 subsequente,
1400 5506 1453 5554 et
1511 5498 1681 5555 tenuit
1731 5514 1967 5570 semper,

2081 4532 2199 4577 tare
2224 4523 2448 4591 judicio.
2483 4523 2761 4594 Quidquid
2790 4531 2969 4580 autem
2995 4531 3177 4579 vestra
3209 4523 3446 4580 charitas
3476 4523 3544 4577 de
3574 4523 3679 4579 hac

2080 4627 2243 4667 causa
2288 4612 2503 4666 duxerit
2552 4612 2979 4678 decernendum,
3033 4628 3158 4669 cum
3207 4612 3276 4667 ad
3320 4627 3423 4667 nos
3451 4610 3678 4667 relatum

2080 4700 2258 4767 fuerit,
2310 4709 2515 4766 nostra,
2561 4709 2617 4756 ut
2666 4702 2952 4767 condecet,
2999 4716 3228 4756 necesse
3259 4709 3342 4756 est
3361 4701 3682 4757 auctoritate

2080 4788 2342 4844 ﬁrmetur.
2400 4811 2421 4839 »
2456 4790 2521 4844 Et
2583 4790 2640 4845 S.
2687 4790 2795 4844 Leo
2854 4804 2998 4859 papa
3024 4788 3265 4844 decrevit
3310 4788 3497 4861 (epist.
3530 4790 3668 4861 87):

2084 4900 2105 4929 α
2141 4879 2197 4933 Si
2227 4896 2367 4950 qua,
2402 4878 2672 4950 inquiens,
2705 4878 2825 4933 alia
2853 4877 3178 4933 emerserint
3207 4893 3406 4946 causa,
3442 4894 3563 4950 qua
3602 4879 3672 4935 ad

2078 4974 2275 5021 statum
2305 4968 2693 5035 Ecclesiarum,
2755 4974 2808 5022 et
2856 4966 2926 5021 ad
2969 4965 3322 5022 concordiam
3366 4968 3674 5038 pertineant

2079 5056 2443 5122 sacerdotum,
2476 5056 2587 5111 illic
2632 5056 2733 5109 sub
2777 5055 2965 5110 timore
2994 5055 3211 5111 Domini
3240 5055 3492 5112 volumus
3540 5072 3673 5111 ven-

2078 5144 2323 5211 tilentur;
2384 5154 2437 5200 et
2482 5146 2550 5200 de
2590 5144 2981 5214 componendis
3008 5152 3169 5215 atque
3200 5145 3515 5216 compositis
3545 5162 3668 5201 om-

2077 5234 2235 5288 nibus
2283 5235 2352 5288 ad
2409 5249 2509 5288 nos
2555 5233 2750 5288 relatio
2787 5234 2949 5304 plena
3002 5233 3243 5289 mittatur
3276 5251 3290 5289 :
3320 5241 3377 5289 ut
3432 5250 3498 5289 ea
3554 5250 3674 5306 qua

2070 5322 2223 5390 juxta
2256 5322 2628 5377 Ecclesiarum
2648 5337 2859 5377 morem
2882 5323 3026 5391 juste
3068 5331 3120 5378 et
3140 5322 3536 5379 rationabiliter
3554 5322 3672 5378 fue-

2074 5411 2177 5464 rint
2224 5409 2470 5476 diﬂinita,
2529 5418 2711 5467 nostra
2769 5412 2905 5486 [al.,
2939 5412 3079 5487 mea]
3129 5428 3344 5486 quoque
3404 5410 3671 5468 sententia

2075 5500 2413 5555 roborentur.
2458 5520 2479 5548 υ
