4174 6296
508 278 613 331 635

1484 269 1829 327 HINCMARI
1864 265 2264 326 RHEMENSIS
2303 267 2854 327 ARCHIEPISCOPI.

3702 271 3807 325 636

584 398 732 454 Tunc
759 395 1086 453 Hincmarus
1131 395 1580 468 metropolitanus
1627 393 1962 452 Rhemorum
1992 392 2113 464 epi-
2145 391 2200 452 A
2221 406 2370 462 sedis
2395 423 2570 478 papae,
2602 407 2949 474 Hincmarus,
2982 406 3308 473 Ηαιοάιιίοιιε,
3341 405 3643 479 Remigius,
3666 406 3808 463 pro-

510 500 707 558 scOpus
735 484 948 557 legens,
973 484 1106 541 dixit
1130 503 1144 539 :
1178 484 1507 541 Hincmarus
1536 487 1869 543 Rhemorum
1900 481 2115 553 episco-

508 590 613 646 pus
670 574 1025 630 Hincmarum
1087 573 1355 629 hactenus
1416 574 1682 632 Ecclesia
1738 569 2114 629 Laudunensis

512 662 827 734 episcopum
884 660 1220 733 evangelica
1293 661 1528 730 veritati,
1585 670 1750 734 atque
1804 657 2115 731 apostolica

512 750 821 806 auctoritati
850 750 908 804 in
943 749 1244 820 pertinacia
1277 751 1720 821 prasumptionis
1766 748 1966 804 illicita
2013 761 2113 801 ex-

513 837 1026 895 communicationis
1083 846 1543 910 repugnatorem;
1577 846 1630 893 et
1676 845 1988 893 sanctorum
2016 850 2111 890 ca-

513 942 719 981 nonum
766 925 1201 982 venerandorum
1256 925 1630 994 conciliorum,
1665 933 1719 981 et
1771 925 2113 980 decretorum

513 1014 661 1070 sedis
690 1013 1021 1085 apostolica,
1057 1029 1125 1068 ex
1173 1012 1380 1068 eisdem
1429 1013 1603 1069 sacris
1629 1013 1933 1069 canonibus
1980 1026 2108 1082 pro-

513 1101 900 1174 mulgatorum,
933 1109 1434 1172 transgressorem;
1470 1108 1524 1157 et
1551 1100 1912 1158 ecclesiastici
1958 1098 2114 1155 ordi-

513 1189 600 1245 nis
629 1205 694 1245 ac
740 1188 1013 1262 regularis
1069 1187 1372 1260 disciplina
1401 1189 1458 1243 in
1501 1196 1816 1261 contemptu
1843 1187 2115 1260 privilegii

511 1293 626 1334 sua
652 1276 971 1348 metropolis
1001 1284 1192 1333 contra
1220 1292 1435 1334 sacram
1474 1277 1764 1335 Ninanam
1823 1277 2111 1349 synodum,

515 1373 815 1438 contraque
867 1371 1064 1422 catera
1112 1373 1303 1422 sancta
1356 1366 1608 1433 concilia,
1657 1374 1712 1422 et
1767 1367 1992 1429 decreta
2028 1381 2115 1422 se-

512 1464 597 1519 dis
655 1462 968 1535 apostolica
1015 1477 1216 1518 novum
1262 1462 1704 1537 impugnatorem
1754 1481 1768 1519 :
1811 1463 2114 1520 veternosis

512 1551 739 1608 facibus
798 1557 1132 1623 corruptum,
1193 1551 1479 1607 seditionis
1522 1551 1727 1609 scilicet
1777 1553 1990 1622 Chora,
2049 1568 2115 1609 ac

511 1646 638 1712 post
686 1639 924 1696 Nicana
980 1639 1175 1710 synodi
1222 1640 1693 1710 constitutionem,
1753 1640 2115 1714 quorumdam

2211 495 2403 562 tarius,
2434 494 2747 562 Walfadus,
2777 494 3064 563 Bertulfus,
3106 494 3432 562 Adalardus,
3478 494 3804 568 Ansegisus,

2213 583 2443 650 France,
2473 583 2841 657 Hildegarius,
2873 584 3188 652 Adventius,
3221 581 3586 650 Gislebertus,
3621 583 3798 649 Hodo,

2212 670 2546 740 Rainelmus,
2578 672 2952 744 Engenoldus,
2985 672 3240 738 Joannes,
3271 670 3626 737 Waltharius,
3662 671 3808 726 Wil-

2212 758 2477 827 lebertus,
2498 760 2873 830 Hildeboldus,
2893 759 3524 831 Berardus,[ngilwinus,
3545 758 3807 830 episcopi,

2214 847 2306 919 qui
2335 864 2455 903 cum
2477 848 2811 904 diversarum
2841 847 3197 904 ecclesiarum
3227 846 3423 919 legatis
3449 846 3506 901 in
3535 846 3804 919 synodum

2214 937 2360 1007 apud
2423 936 2717 992 Duziacum
2783 936 3108 992 Bhemensis
3151 934 3425 1008 parochia
3483 934 3541 990 in
3586 934 3807 992 nomine

2213 1023 2413 1079 Christi
2443 1024 2818 1081 convenimus.

2284 1111 2539 1179 Diutinis,
2597 1127 2664 1169 ac
2706 1112 2910 1180 multis,
2959 1112 3427 1186 gravissimisque,
3487 1121 3654 1186 atque
3698 1111 3807 1168 fre-

2216 1200 2505 1272 quentibus
2522 1201 2591 1256 ab
2612 1201 2915 1257 insolentiis
2932 1201 3208 1257 Hincmari
3230 1201 3623 1269 Laudunensis,
3648 1216 3810 1258 vexa-

2215 1289 2453 1344 tionibus
2481 1288 2709 1361 fatigati,
2731 1305 2890 1362 quem
2921 1305 3024 1346 nec
3051 1291 3498 1361 metropolitanus
3527 1306 3680 1359 suus,
3712 1288 3808 1361 qui

2213 1378 2520 1448 orphanum
2572 1378 2809 1451 benigne
2849 1378 3001 1433 illum
3046 1378 3289 1449 nutrivit,
3328 1378 3385 1434 in
3426 1379 3691 1435 clericum
3717 1385 3808 1432 to-

2215 1465 2407 1533 tondit,
2422 1465 2616 1522 litteris
2633 1466 2888 1533 erudivit,
2907 1483 3004 1538 per
3019 1466 3265 1539 singulos
3285 1467 3513 1539 gradus,
3536 1466 3808 1523 electione

2216 1553 2352 1610 cleri
2383 1563 2436 1610 et
2464 1554 2641 1626 plebis
2670 1554 3045 1610 Laudunensis
3095 1555 3379 1624 Ecclesia,
3437 1571 3563 1612 cum
3619 1554 3810 1610 favore

2214 1641 2401 1697 domni
2431 1643 2582 1716 regis
2604 1643 2801 1712 Caroli,
2836 1643 2905 1698 ad
2941 1643 3152 1715 apicem
3177 1645 3520 1715 episcopatus
3539 1642 3808 1715 provexit,

513 1727 891 1797 subjectorum
929 1727 1245 1784 rebellionis
1291 1736 1482 1785 contra
1527 1729 1770 1801 potiores
1801 1746 1931 1786 suos
1961 1745 2116 1786 resu-
2145 1730 2509 1802 Bmultifarie
2573 1731 2863 1803 multisque
2916 1731 3094 1787 modis
3142 1739 3195 1786 et
3223 1732 3424 1799 verbis,
3486 1740 3540 1788 et
3591 1731 3809 1803 scriptis

512 1815 864 1885 scitatorem;
924 1823 979 1871 et
1025 1823 1210 1872 contra
1256 1816 1507 1872 ordinem
1564 1817 1997 1875 ecclesiasticum
2052 1833 2119 1874 ac

516 1903 830 1978 regularem
858 1904 1202 1976 disciplinam
1254 1903 1628 1976 professorem
1671 1921 1737 1962 ac
1780 1906 2118 1978 subscripto-

513 2008 666 2059 rem;
718 2006 935 2048 necnon
975 2000 1031 2048 et
1076 1991 1350 2049 canonica
1380 1992 1735 2065 professionis
1762 2010 1826 2050 ac
1880 1994 2120 2051 subscri-

514 2079 718 2153 ptionis
766 2096 878 2136 sua
924 2081 1430 2152 praevaricatorem;
1493 2097 1773 2155 sacraque
1823 2082 2119 2154 Scriptura

517 2168 965 2233 adulteratorem,
996 2176 1050 2224 et
1093 2169 1385 2225 verborum
1417 2170 1806 2227 catholicorum
1852 2171 2119 2228 interver-

521 2272 724 2327 sorem,
780 2264 834 2312 et
874 2257 1366 2328 imposturatorem.
1427 2258 1617 2332 Regia
1676 2259 1941 2331 siquidem
1991 2260 2121 2315 sub-

513 2344 761 2416 jectioni,
802 2353 855 2401 et
884 2343 1306 2402 honoriﬁcentia
1361 2354 1555 2403 contra
1612 2347 1866 2419 regulam
1893 2356 2122 2420 aposto-

502 2441 668 2498 licam
705 2440 1124 2510 resultatorem;
1166 2443 1444 2514 perjurum
1473 2459 1711 2516 quoque,
1779 2445 2115 2512 seditiosum,

513 2537 569 2586 et
588 2546 774 2586 rerum
803 2529 1102 2587 alienarum
1149 2546 1215 2587 ac
1245 2530 1561 2587 facultatum
1604 2548 1982 2603 pervasorem,
2025 2548 2122 2590 ca—

516 2618 919 2686 lumniatorem,
973 2635 1038 2675 ac
1092 2619 1409 2689 injuriarum
1448 2637 1634 2687 reum;
1669 2630 1723 2677 et
1751 2630 1875 2693 post
1902 2623 2118 2679 tertiam

511 2707 849 2764 vocationem
879 2722 913 2762 a
959 2708 1376 2779 metropolitano
1433 2725 1534 2765 suo
1576 2710 1646 2765 ad
1692 2711 1963 2781 synodum
1998 2727 2122 2767 evo-

511 2802 697 2852 catum
722 2815 737 2864 ;
770 2796 1011 2867 itemque
1044 2796 1261 2868 ab.ipsa
1281 2797 1492 2868 synodo
1518 2814 1620 2869 per
1651 2806 1753 2866 ter,
1804 2799 1974 2855 ternis
1995 2800 2119 2871 epi-

502 2884 718 2955 scopis,
753 2884 1031 2956 ternisque
1073 2884 1429 2957 presbyteris,
1479 2901 1546 2942 ac
1584 2886 1751 2941 ternis
1804 2887 2122 2944 diaconibus

516 2971 713 3028 iterum
769 2980 1077 3039 evocatum,
1137 2973 1194 3028 in
1249 2973 1454 3029 diutina
1500 2974 1837 3030 contumacia
1875 2992 1971 3030 sua
1997 2992 2121 3048 per-

497 3060 762 3117 tinaciter
788 3060 1193 3132 persistentem,
1240 3069 1294 3118 et
1334 3078 1443 3117 non
1484 3062 1933 3133 resipiscentem;
1964 3071 2018 3121 et
2048 3065 2118 3121 ad

519 3147 734 3218 objecta
781 3149 886 3205 sibi
928 3149 1252 3223 regulariter
1297 3151 1627 3222 respondere
1658 3160 2117 3210 contemnentem.

518 3236 623 3293 Per
648 3238 940 3294 Dominum
968 3246 1215 3294 nostrum
1243 3239 1431 3295 Jesum
1461 3240 1753 3305 Christum.
1779 3242 1934 3310 cujus
1951 3258 2118 3298 evan-

517 3326 711 3399 gelica
737 3327 972 3397 veritati,
1003 3327 1271 3398 pertinaci
1317 3329 1740 3399 prasumptione
1797 3331 2122 3401 perniciosa

515 3414 1096 3472 excommunicationis
1154 3417 1497 3488 repugnavit,
1552 3417 1759 3486 judicio
1790 3419 1960 3475 sancti
1990 3420 2119 3491 Spi-

512 3503 670 3569 ritus,
726 3503 819 3576 qui
857 3503 1069 3560 locutus
1114 3512 1199 3560 est
1245 3504 1301 3559 in
1357 3505 1688 3562 beatissimis
1735 3507 2019 3579 apostolis,
2065 3515 2120 3565 et

510 3592 824 3662 apostolica
865 3592 1014 3649 sedis
1068 3591 1448 3663 pontiﬁcibus,
1518 3611 1750 3666 quorum
1813 3596 2077 3653 doctrina
2100 3639 2114 3665 ,

514 3687 680 3751 atque
710 3680 948 3736 decretis
977 3695 1142 3736 causa
1171 3698 1283 3737 sua
1311 3682 1524 3751 injuria
1551 3684 1849 3742 crudeliter
1878 3692 1933 3741 et
1978 3700 2117 3742 con-

518 3768 802 3823 tumaciter
863 3768 1132 3835 obviavit,
1194 3770 1495 3825 secundum
1553 3786 1747 3828 sacros
1805 3781 2119 3830 sanctorum

514 3856 870 3912 conciliorum
899 3871 1141 3913 canones
1170 3856 1373 3928 Spiritu
1422 3858 1524 3915 Dei
1552 3860 1821 3928 conditos,
1855 3870 1909 3917 et
1955 3862 2118 3919 totius

513 3944 704 3999 mundi
745 3944 1047 4002 reverentia
1111 3954 1476 4013 consecratos,
1541 3948 1738 4020 quibus
1785 3966 1932 4022 sape
1989 3966 2118 4008 cor-

517 4039 727 4105 reptus,
779 4041 833 4089 et
868 4049 981 4090 non
1022 4044 1318 4104 correctus,
1370 4035 1648 4093 multoties
1691 4038 1971 4095 resultavit
2016 4058 2031 4094 :
2065 4049 2118 4097 et

512 4130 640 4189 ideo
680 4131 802 4203 ipse
846 4140 1036 4188 contra
1076 4148 1137 4190 se
1183 4133 1365 4191 elicuit
1403 4136 1724 4192 canonicam
1753 4136 2118 4193 damnationis

512 4226 748 4299 proferri
776 4230 1103 4286 sententiam
1135 4248 1151 4286 :
1184 4232 1482 4303 episc0pali
1511 4234 1726 4289 honore
1763 4249 1828 4291 ac
1858 4235 2118 4308 dignitate

514 4317 785 4388 privatum
817 4318 1022 4390 judico,
1098 4327 1153 4376 et
1193 4321 1344 4376 omni
1390 4321 1716 4378 sacerdotali
1761 4322 1940 4379 oﬁicio
1985 4340 2119 4396 spo-

511 4404 704 4461 liatum
750 4406 987 4462 decerno
1030 4425 1044 4463 :
1086 4416 1368 4464 reservato
1403 4425 1503 4479 per
1549 4411 1740 4475 omnia
1774 4412 1912 4480 juris
1944 4412 2118 4484 privi-

514 4492 663 4567 legio
698 4493 885 4550 domui
941 4502 995 4550 et
1047 4496 1216 4551 Patris
1281 4497 1454 4552 nostri
1511 4498 1750 4565 Adriani,
1796 4500 2111 4570 apostolica

516 4595 584 4638 ac
646 4583 840 4654 prima
906 4583 1055 4639 sedis
1111 4600 1270 4657 papa
1321 4601 1334 4640 :
1384 4585 1524 4641 sicut
1573 4587 1716 4642 sacri
1765 4586 2120 4647 Sardicenses

526 4684 768 4727 canones
817 4671 1198 4740 decreverunt,
1253 4681 1306 4729 et
1349 4673 1593 4742 ejusdem
1631 4675 1944 4746 apostolica
1972 4678 2119 4734 sedis

521 4758 807 4830 pontiﬁces
846 4761 1211 4832 Innocentius,
1260 4761 1587 4830 Bonifacius,
1627 4763 1756 4830 Leo,
1805 4780 1871 4820 ex
1910 4765 2120 4823 eisdem

518 4846 693 4902 sacris
728 4850 1557 4931 canonibuspromulgaverunt.

868 4973 1276 5037 EPISTOLA
1333 4973 1798 5038 SYNODALIS

1032 5103 1107 5145 AD
1120 5104 1411 5148 ADRIANUN
1438 5103 1623 5149 ΡΛΡΔΠ

512 5224 521 5233 κ
550 5198 660 5255 Suo
692 5195 926 5254 nomine
969 5193 1200 5251 concilii
1231 5194 1595 5251 Duziacch
1637 5195 1704 5252 ab
1743 5196 2047 5253 Hincmaro

1023 5265 1323 5321 Rhemcnsi
1367 5267 1514 5338 scrip
1522 5269 1601 5323 ta.

1051 5351 1212 5410 (Apud
1235 5352 1404 5409 Labb.,
1427 5353 1562 5409 ibid.)

589 5455 824 5516 Domino
855 5454 1200 5514 sanctissimo
1217 5470 1285 5513 ac
1303 5455 1744 5514 reverentissimo
1763 5454 1908 5511 Patri
1928 5454 2122 5512 Adria-

515 5564 610 5623 no,
639 5554 842 5612 sancta
876 5544 1160 5608 catholica
1193 5552 1248 5604 et
1285 5544 1600 5620 apostolica
1636 5545 1899 5603 Romana
1928 5544 2118 5619 prima

2220 1819 2630 1885 commonitum,
2689 1820 2973 1892 corrigere
3015 1834 3125 1875 non
3155 1820 3346 1891 potuit.
3408 1818 3584 1888 Quem
3625 1818 3814 1874 domui

2217 1907 2390 1963 nostri
2411 1907 2560 1978 regis
2578 1908 2759 1963 Caroli
2776 1907 3082 1980 benignitas
3101 1908 3394 1963 multorum
3422 1907 3814 1964 beneﬁciorum

2217 1996 2602 2068 largitionibus
2627 2038 2640 2064 ,
2674 2003 2727 2052 et
2782 1996 3227 2069 castigationibus
3246 2039 3260 2063 ,
3320 1997 3390 2052 ad
3444 1995 3813 2068 episcopalem

2216 2084 2707 2151 mansuetudinem,
2742 2092 2795 2141 et
2824 2085 3141 2157 gravitatem
3177 2086 3449 2141 attrahere
3495 2101 3608 2141 non
3660 2100 3810 2156 pra-

2216 2172 2386 2229 valuit
2419 2191 2433 2227 :
2467 2182 2520 2229 et
2548 2188 2652 2229 nec
2680 2173 2820 2244 ipse,
2865 2189 3041 2245 neque
3082 2173 3531 2244 metropolitanus
3586 2188 3718 2227 suus
3746 2172 3817 2229 ad

2220 2262 2327 2320 hoc
2357 2277 2483 2316 eum
2510 2261 2839 2332 compellere
2867 2268 3177 2333 potuerunt,
3208 2268 3269 2316 ut
3295 2261 3506 2318 clericis
3535 2276 3602 2317 ac
3630 2260 3807 2327 laicis,

2221 2350 2419 2423 quibus
2447 2350 2645 2419 injuste
2673 2349 2898 2416 fecerat,
2932 2350 3079 2421 quod
3106 2348 3215 2418 lex,
3248 2358 3301 2405 et
3321 2349 3524 2419 justitia
3552 2348 3810 2415 dictabat,

2218 2438 2545 2494 restitueret.
2590 2437 2699 2495 Sed
2721 2438 2904 2509 potius
2952 2437 3258 2510 quicunque
3288 2437 3359 2493 ad
3387 2453 3598 2511 regem,
3628 2436 3717 2493 vel
3746 2436 3819 2493 ad

2218 2527 2700 2597 metropolitanum
2747 2543 2906 2582 suum
2957 2543 3019 2582 se
3069 2534 3255 2583 contra
3303 2542 3426 2583 cum
3476 2525 3812 2595 reclamavit,

2188 2670 2197 2675 ,
2218 2631 2566 2687 nequaquam
2581 2614 2834 2685 cessavit,
2864 2615 3040 2671 donec
3061 2630 3155 2671 eos
3183 2614 3400 2686 penitus
3419 2613 3813 2670 exterminavit.

2221 2703 2320 2759 Cui
2350 2703 2514 2759 etiam
2552 2703 2843 2775 synodales
2888 2702 3242 2771 invectiones,
3294 2710 3413 2758 uta
3468 2702 3813 2758 contumacia

2220 2799 2274 2847 et
2327 2791 2548 2848 levitate
2578 2807 2675 2847 sua
2736 2791 3101 2863 resipisceret,
3159 2792 3361 2846 bonum
3396 2805 3618 2857 nomen,
3671 2790 3817 2862 quod

2221 2879 2523 2950 apostolica
2548 2879 2742 2951 regula
2779 2879 3094 2950 episcopum
3141 2879 3300 2935 etiam
3339 2879 3413 2934 ab
3442 2879 3528 2933 his
3558 2878 3652 2951 qui
3674 2877 3809 2934 foris

2220 2976 2365 3035 sunt,
2399 2970 2603 3025 habere
2625 2969 2780 3038 jubet
2808 2969 2861 3040 (Ι
2893 2969 3031 3024 Tim.
3062 2967 3167 3040 ιιι),
3193 2983 3405 3024 morum
3440 2967 3730 3041 probitate,
3762 2974 3818 3023 et

2235 3056 2444 3113 ordinis
2482 3056 2566 3113 sui
2594 3055 2861 3129 religione
2882 3056 3169 3124 ‘obtinere,
3202 3064 3254 3112 et
3298 3056 3562 3111 bonorum
3590 3070 3819 3127 operum

2225 3146 2535 3218 exemplum
2576 3147 2953 3201 demonstrare
2999 3145 3267 3214 studeret,
3317 3144 3650 3216 persuadere
3704 3159 3816 3200 non

2220 3243 2531 3307 potuerunt.
2583 3234 2760 3303 Quem
2797 3233 2959 3289 etiam
2998 3234 3234 3289 humana
3281 3232 3608 3289 verecundia
3635 3247 3669 3287 a
3698 3231 3813 3287 suis

2222 3323 2760 3395 reprehensibilibus,
2792 3330 2846 3378 et
2874 3321 3324 3393 improbabilibus
3352 3321 3581 3387 actibus,
3612 3328 3671 3375 ut
3699 3336 3811 3376 non

2220 3413 2616 3484 vituperaretur
2642 3412 3005 3468 ministerium
3024 3418 3271 3466 nostrum
3300 3410 3588 3466 extrahere
3614 3409 3807 3481 nequi-

2219 3509 2432 3558 verunt.
2468 3500 2643 3571 Quem
2671 3508 2868 3558 vestra
2904 3507 3182 3571 postremo
3213 3499 3527 3571 apostolica
3547 3497 3809 3570 epistola,
3873 3511 3881 3515 ·

2218 3590 2628 3659 obtestationes,
2688 3597 2739 3645 et
2794 3589 3244 3645 commonitiones
3297 3588 3596 3659 corrigere,
3643 3593 3696 3642 et
3741 3586 3811 3641 ad

2216 3679 2581 3735 obedientiam
2596 3679 2838 3735 debitam
2855 3678 3076 3735 ﬂectere
3089 3693 3199 3733 non
3218 3682 3525 3749 potuerunt.

2287 3768 2529 3824 Tandem
2575 3768 2721 3840 quod
2769 3782 2881 3824 non
2927 3767 3044 3828 sine
3088 3766 3298 3840 gemitu
3337 3772 3389 3822 et
3408 3764 3592 3822 cordis
3622 3763 3813 3821 dolore

2216 3857 2468 3925 dicimus,
2521 3857 2775 3929 quoniam
2823 3857 2971 3911 aliud
3013 3856 3468 3912 medicamentum
3511 3869 3620 3925 quo
3651 3868 3815 3908 sana-

2216 3954 2381 4014 retur,
2432 3946 2677 4017 reperire
2722 3944 3084 4018 nequivimus,
3135 3945 3202 4000 ab
3250 3943 3444 3999 ordine
3486 3940 3811 3997 sacerdotali

2217 4035 2552 4092 removimus
2582 4035 2759 4091 :sicut
2793 4034 2846 4088 in
2884 4040 3165 4106 gestorum
3179 4031 3322 4088 serie
3355 4030 3614 4088 sanctitas
3636 4040 3816 4086 vestra

2215 4124 2473 4189 inveniet,
2505 4139 2671 4196 quam
2712 4139 2811 4194 per
2857 4123 2999 4179 bunc
3050 4121 3296 4192 fratrem,
3338 4127 3393 4176 et
3442 4118 3811 4175 venerabilem

2218 4212 2600 4283 coepiscopum
2630 4219 2881 4267 nostrum
2926 4211 3243 4277 Actardum,
3277 4208 3369 4281 qui
3398 4207 3684 4263 nobiscum
3732 4223 3817 4262 re-

2218 4301 2361 4356 sedit
2394 4300 2450 4356 in
2480 4299 2706 4372 synodo,
2739 4299 3046 4357 auctoritati
3100 4306 3299 4355 vestra
3327 4295 3638 4369 dirigimus.
3672 4294 3814 4365 Quia

2217 4390 2417 4445 diutius
2445 4404 2549 4447 nec
2583 4389 2685 4445 sibi
2717 4389 3009 4446 commissa
3052 4388 3320 4454 Ecclesia,
3355 4403 3475 4459 qua
3510 4386 3613 4440 sub
3640 4400 3706 4440 eo
3734 4401 3820 4441 ve-

2151 4457 2209 4521 Ῑ)
2230 4478 2327 4534 luti
2355 4479 2454 4534 sub
2506 4478 2829 4553 gravissimo
2876 4478 3022 4534 fasce
3053 4476 3322 4548 gemebat,
3373 4457 3534 4532 illum
3562 4481 3814 4547 portare;

2217 4584 2318 4624 nec
2337 4568 2568 4624 aliarum
2586 4567 2954 4624 Ecclesiarum
2973 4573 3234 4631 rectores,
3255 4565 3373 4621 sine
3393 4562 3822 4636 reprehensione

2218 4656 2537 4713 insolentias
2566 4657 2683 4726 ejus
2710 4655 2887 4723 ferre;
2918 4669 3021 4711 nec
3050 4653 3221 4725 regia
3249 4653 3539 4726 dignitatis
3554 4658 3815 4724 potestas,

2218 4745 2306 4802 vel
2342 4745 2499 4818 regni
2526 4744 2872 4811 unanimitas,
2906 4745 3023 4812 ejus
3053 4742 3480 4815 inquietudinem
3539 4756 3603 4797 ac
3646 4740 3821 4795 deho-

2219 4833 2560 4890 norationem
2590 4832 2860 4888 sustinere
2908 4831 3140 4888 valebat.
3190 4832 3273 4886 De
3303 4830 3501 4902 quibus
3540 4828 3817 4902 quadam,

2220 4929 2275 4978 et
2316 4922 2466 4991 juxta
2494 4921 2853 4993 pluralitatem
2881 4920 3112 4976 aliorum
3139 4935 3482 4986 excessuum,
3512 4918 3569 4973 in
3596 4916 3816 4990 praefata

2224 5019 2511 5084 gestorum
2536 5010 2681 5066 serie
2709 5025 2884 5082 pauca
2911 5008 3198 5065 invenietis
3230 5025 3246 5063 :
3278 5007 3405 5080 quia
3424 5014 3478 5063 et
3495 5022 3593 5079 pro
3611 5013 3822 5075 tempo-

2222 5099 2298 5155 ris
2331 5099 2612 5165 brevitate,
2646 5099 2903 5171 quoniam
2929 5098 3108 5154 isdem
3149 5097 3472 5153 Hincmarus
3528 5094 3823 5151 constituta

2222 5187 2327 5243 sibi
2358 5187 2447 5243 die
2491 5187 2660 5243 noluit
2706 5187 2893 5243 venire
2921 5186 2993 5243 ad
3021 5186 3321 5259 synodum;
3354 5192 3409 5241 et
3440 5184 3675 5239 domnus
3723 5198 3822 5238 rex

2222 5292 2347 5333 cum
2375 5276 2705 5349 quibusdam
2725 5276 2996 5348 episcopis
3040 5275 3110 5331 ad
3126 5272 3457 5345 colloquium
3495 5271 3684 5328 fratris
3708 5269 3825 5337 sui,

2225 5381 2323 5438 pro
2353 5352 2790 5423 reconciliatione
2817 5363 3052 5420 ﬁliorum
3082 5363 3218 5434 ejus,
3248 5362 3316 5417 ad
3345 5369 3560 5433 patrem
3607 5359 3827 5415 illorum

2222 5461 2276 5511 et
2302 5453 2520 5512 fratrem
2547 5471 2706 5511 suum
2734 5452 2992 5511 festinare
3020 5451 3370 5509 accelerabat
3394 5468 3408 5517 ;
3440 5465 3510 5504 ne
3541 5456 3826 5504 commota

2224 5544 2462 5602 editione
2504 5559 2673 5602 carne
2734 5541 3072 5615 propinquos
3101 5540 3251 5598 inter
3297 5555 3357 5596 se
3396 5544 3834 5610 compugnantes
