4174 6300
540 295 645 348 639

1426 292 1766 347 HINCMARI
1821 288 2221 345 RHEMENSIS
2275 286 2819 344 ARCHIEPISCOPI.

3732 283 3836 338 640

541 418 613 473 ita
641 417 916 489 praecepit,
951 425 1008 472 ut
1035 418 1227 473 eadem
1254 417 1473 488 proprie
1498 416 1671 472 verba
1698 430 1979 486 ponamus.
2029 415 2134 468 Per
2152 414 2208 474 A
2238 413 2323 469 xel
2350 412 2727 483 postulatione,
2763 394 3080 482 apostolicae
3109 411 3226 466 sedi
3277 411 3592 482 subreptum
3641 409 3821 476 fuerit,

541 521 977 578 unamquamque
1002 506 1337 578 provinciam
1363 506 1452 574 jus
1482 505 1925 575 metmpolitanos
1954 503 2141 574 singu-

540 593 625 649 los
646 594 850 649 habere
870 595 1107 660 debere;
1127 610 1231 650 nec
1261 594 1507 666 cuiquam
1538 593 1676 647 duas
1705 593 2139 665 esse_[al.,posse

541 681 685 754 esse]
716 683 1008 752 subjectas.
1043 681 1203 751 Quod
1233 682 1329 749 illi,
1362 682 1489 753 quia
1505 681 1664 736 aliter
1683 680 2011 735 credendum
2031 693 2138 733 non

543 778 646 836 est,
682 779 868 826 sancto
898 770 1096 842 Spiritu
1122 778 1453 843 suggerente
1485 768 1718 833 sibimet,
1740 774 2085 823 censuerunt.
2112 786 2133 816 ι»

542 858 612 912 Et
638 858 799 928 paulo
827 867 950 929 post
981 876 993 914 :
1032 881 1054 910 ε
1092 857 1250 927 Quod
1281 858 1483 913 idcirco
1512 856 1764 921 dicimus,
1802 863 1859 909 ut
1889 855 2139 910 advertat

541 946 780 1001 charitas
808 954 917 1013 tua,
949 948 1089 1001 adeo
1130 962 1231 1001 nos
1269 960 1536 1001 canonum
1590 951 1865 1014 praecepta
1897 958 2134 1008 servare,

542 1041 601 1088 ut
654 1034 727 1087 ita
775 1034 1081 1089 constitutio
1127 1049 1342 1105 quoque
1367 1041 1552 1087 nostra
1593 1030 1839 1097 diﬂiniat,
1872 1038 2139 1102 quatenus

540 1122 941 1192 metropolitani
989 1122 1072 1175 sui
1100 1136 1438 1192 unaquaeque
1491 1120 1774 1191 provincia
1804 1120 1859 1174 in
1888 1118 2139 1173 omnibus

545 1210 711 1265 rebus
753 1209 1142 1266 ordinationem
1191 1224 1408 1279 semper
1462 1215 1758 1278 exspectet.
1815 1206 2137 1262 Prudentis-

548 1296 684 1352 sime
711 1297 855 1353 enim
876 1296 1044 1352 sancti
1069 1298 1258 1352 Patres
1322 1295 1491 1351 nostri
1531 1296 1939 1367 justissimeque
1982 1295 2138 1350 vide-

545 1393 690 1453 runt,
720 1405 742 1435 ι
778 1393 834 1440 ut
861 1385 1172 1441 Africanum
1221 1384 1509 1440 concilium
1538 1385 1611 1439 ad
1644 1384 1998 1440 Caelestinum
2034 1399 2138 1455 pa-

545 1489 672 1544 pam
704 1472 920 1545 scripsit
945 1472 1227 1546 [conc.Af.
1262 1488 1348 1543 ep.
1383 1473 1453 1527 ad
1482 1471 1724 1544 C(elest.]
1760 1493 1781 1523 ι
1816 1470 2139 1543 Quicunque

541 1560 758 1631 negotia
787 1561 842 1615 in
871 1560 983 1615 suis
999 1562 1134 1617 locis
1153 1560 1276 1615 urbi
1296 1569 1417 1615 orta
1433 1568 1576 1627 sunt,
1600 1559 1836 1615 ﬁnienda
1860 1579 1873 1614 :
1898 1576 1999 1615 nec
2020 1559 2139 1614 uni-

538 1649 732 1720 cuique
762 1648 1057 1720 provincia:
1079 1649 1313 1721 gratiam
1341 1649 1515 1704 sancti
1541 1648 1774 1719 Spiritus
1806 1648 2134 1713 defuturam,

2244 509 2299 555 ut
2326 502 2472 556 idem
2498 508 2836 573 contemptor
2864 508 2916 555 et
2942 500 3288 556 conculcator
3316 515 3597 556 sacrorum
3653 515 3821 555 cano-

2240 606 2368 644 num
2396 590 2451 643 in
2480 590 2652 662 gradu
2680 589 2974 658 restitutus,
2994 596 3081 644 aut
3100 589 3153 643 in
3177 597 3393 644 nostras
3409 588 3721 659 provincias
3752 588 3824 643 ad

2238 677 2565 732 audientiam
2595 678 2917 747 remittatur,
2952 685 3041 731 aut
3070 679 3187 732 sine
3231 676 3507 732 audientia
3552 677 3609 730 in
3654 677 3817 731 resti-
3894 679 3902 685 ’

2240 766 2443 821 tutione
2472 782 2691 821 manere
2725 767 3000 836 jubeatur,
3024 773 3083 820 ut
3111 782 3232 819 cum
3253 765 3409 821 venia
3439 772 3619 820 vestra
3663 765 3823 820 dica-

2239 870 2378 919 mus,
2414 854 2643 909 ulterius
2674 855 2818 927 quod
2838 854 3012 909 isdem
3040 854 3108 908 ab
3136 854 3269 924 ipsis
3313 852 3665 909 ordinationis
3714 870 3826 909 sure

2240 942 2555 1014 primordiis
2586 958 2806 1013 semper
2833 942 3099 1014 quaesivit,
3134 949 3191 996 ut
3209 941 3267 995 in
3285 942 3487 996 nostris
3506 941 3827 1012 provinciis,

2240 1040 2437 1094 nullius
2467 1039 2811 1096 coercitionis
2841 1046 3091 1109 respectu
3121 1037 3381 1110 quidquid
3412 1038 3592 1106 vellet,
3651 1037 3829 1093 licen-

2241 1136 2323 1183 ter
2353 1144 2521 1199 agere
2544 1136 2753 1198 posset,
2788 1127 2966 1183 sciens
2994 1143 3096 1182 nos
3127 1128 3194 1181 de
3211 1126 3439 1198 singulis
3459 1127 3688 1182 Romam
3711 1126 3832 1180 mit-

2242 1225 2354 1272 tere
2384 1233 2493 1271 non
2521 1232 2684 1287 posse
2719 1232 2730 1271 :
2765 1231 3048 1286 usquequo
3074 1215 3240 1270 iidem
3278 1215 3452 1270 sancti
3491 1216 3674 1270 Patres
3723 1230 3828 1269 no-

2239 1305 2357 1371 stri,
2404 1304 2497 1376 qui
2537 1304 2713 1359 adhuc
2758 1304 3043 1358 nobiscum
3089 1303 3145 1357 in
3192 1303 3303 1357 suis
3352 1303 3829 1358 constitutionibus

2238 1392 2441 1463 vivunt,
2474 1400 2527 1446 et
2558 1392 2859 1447 secundum
2888 1391 3161 1447 tramitem
3188 1398 3498 1447 sanctarum
3546 1391 3827 1446 Scritura-

2238 1497 2380 1547 rum,
2414 1480 2865 1552 traditionemque
2893 1479 3282 1550 apostolorum,
3323 1479 3601 1550 praeventi,
3635 1494 3700 1535 ac
3745 1479 3829 1533 in-

2239 1569 2469 1639 spiritati
2500 1568 2671 1639 gratia
2701 1569 2874 1623 sancti
2903 1567 3154 1638 Spiritus,
3188 1568 3256 1622 de
3284 1568 3632 1636 hujusmondi
3651 1566 3827 1635 factis,

2239 1674 2360 1728 quae
2386 1658 2646 1722 insolens,
2667 1665 2718 1712 et
2738 1665 3120 1730 transgressor
3140 1672 3417 1711 sacrarum
3435 1656 3639 1727 legum,
3660 1671 3722 1711 ac
3742 1672 3828 1711 re-

541 1753 663 1828 quae
684 1737 908 1809 aequitas
938 1753 972 1791 8.
1009 1737 1205 1793 Christi
1243 1737 1612 1794 sacerdotibus
1647 1744 1698 1791 et
1728 1737 2021 1828 prudenter
2049 1736 2135 1791 νί-
2165 1768 2218 1828 Β
2240 1746 2495 1818 gularum
2525 1746 2896 1800 Laudunensis
2953 1744 3279 1800 Ilincmarus
3334 1744 3574 1799 noscitur
3626 1760 3827 1815 ρεφε-

539 1824 750 1892 deatur,
783 1832 837 1879 et
878 1825 1315 1880 constantissime
1360 1832 1620 1881 teneatur.
1651 1845 1673 1874 ι
1708 1824 1936 1879 Maxime
1956 1832 2135 1879 autem

547 1929 669 1969 cum
704 1912 1021 1969 diﬂinitione
1052 1930 1113 1969 ac
1150 1913 1453 1984 patrocinio
1511 1919 1710 1968 sancte
1751 1921 1805 1968 et
1828 1912 2140 1982 apostolicae

541 2000 689 2056 sedis
720 2002 1021 2056 secundum
1050 2002 1205 2074 leges
1236 2009 1289 2056 et
1318 2001 1513 2056 Africa:
1551 2000 1850 2072 provinciae
1878 2016 2135 2070 canones,

541 2089 678 2144 illud
707 2097 879 2143 ratum
907 2090 1099 2144 haberi
1126 2105 1289 2160 posse
1307 2090 1621 2145 ostendatur
1642 2087 1962 2158 judicatum,
2000 2111 2020 2135 «ι
2047 2087 2138 2143 ubi

541 2176 762 2232 testium
792 2177 1112 2233 necessaria
1130 2194 1382 2248 persona:
1401 2178 1609 2249 absque
1631 2193 1813 2242 sexus,
1835 2176 1922 2231 vel
1945 2191 2137 2232 senec-

539 2265 686 2334 tutis,
720 2282 817 2321 seu
843 2265 1184 2332 infirmitatis,
1208 2267 1296 2321 vel
1322 2266 1613 2321 multorum
1650 2265 1875 2321 aliorum
1905 2279 2137 2320 excusa-

540 2353 686 2410 tione
723 2353 1255 2425 impedimentorum,
1286 2362 1511 2426 possunt
1547 2354 1761 2409 adduci.
1813 2376 1835 2398 ι
1869 2352 2137 2422 Quoniam

538 2458 700 2497 nemo
754 2442 860 2497 nisi
887 2450 980 2498 aut
1031 2442 1317 2513 scriptura,
1377 2451 1468 2497 aut
1525 2443 1767 2507 testibus,
1800 2441 2048 2514 legaliter
2076 2457 2139 2497 ac

542 2530 861 2603 regulariter
895 2538 1076 2602 potest
1119 2531 1368 2587 convinci
1415 2549 1428 2585 :
1478 2530 1614 2586 sicut
1655 2530 1982 2585 Hincmarus
2026 2529 2139 2584 suis

542 2618 778 2690 scriptis,
811 2635 877 2675 ac
905 2619 1421 2690 subscriptionibus,
1454 2626 1507 2675 et
1536 2619 1749 2674 idoneis
1795 2618 2027 2673 testibus
2056 2625 2139 2673 est

538 2706 596 2762 in
626 2708 835 2778 synodo
866 2722 1047 2763 coram
1064 2708 1222 2763 nobis
1253 2708 1550 2764 convictus.

616 2794 755 2864 Quia
811 2812 973 2868 ergos
1025 2812 1144 2863 nos,
1206 2804 1462 2867 quantum
1519 2796 1720 2852 scimus
1766 2802 1819 2852 et
1846 2810 2138 2866 possumus

539 2882 885 2957 privilegium
915 2892 1117 2940 sanctae
1145 2900 1208 2940 ac
1237 2884 1429 2956 primae
1457 2884 1603 2940 sedis
1632 2885 1907 2950 Romana,
1929 2891 1980 2938 et
2009 2898 2141 2940 con-

542 2987 802 3038 servare,
839 2980 892 3028 et
940 2972 1230 3040 obaudire,
1265 2980 1317 3028 et
1364 2972 1626 3028 extollere
1672 2972 1941 3043 cupimus,
1976 2979 2138 3043 atque

543 3060 839 3133 satagimus
859 3104 872 3128 ,
901 3082 922 3111 (
956 3076 1056 3133 pro
1094 3077 1193 3117 suo
1244 3061 1449 3117 scilicet
1491 3060 1799 3132 principatu
1823 3102 1837 3128 ,
1871 3075 2033 3132 quem
2074 3061 2133 3115 B.

544 3149 732 3205 Petrus
761 3149 1038 3221 apostolus
1068 3149 1284 3205 Domini
1312 3165 1446 3206 voce
1500 3156 1836 3221 perceptum,
1886 3148 2136 3204 Ecclesia

534 3236 885 3294 nihilominus
930 3238 1297 3310 subsequente
1340 3247 1393 3293 et
1410 3238 1580 3293 tenuit
1618 3226 1845 3309 semper
1890 3244 1943 3293 et
2000 3236 2136 3292 reti—

542 3332 635 3380 net
666 3343 680 3380 :
712 3344 741 3378 »
775 3334 952 3381 servet
980 3333 1160 3381 vestra
1188 3326 1505 3396 paternitas,
1538 3334 1590 3381 et
1646 3342 1679 3380 a
1716 3327 1832 3381 Deo
1862 3324 1918 3379 in
1960 3326 2137 3396 prima

544 3412 676 3469 sede
724 3414 1011 3470 constituta
1052 3414 1360 3483 auctoritas,
1394 3414 1571 3479 nobis,
1604 3413 1730 3469 ﬁliis
1778 3421 1831 3469 et
1879 3412 2137 3482 subjectis

545 3500 650 3556 sibi
680 3502 949 3573 episcopis
979 3502 1342 3559 ecclesiastica
1372 3502 1677 3576 privilegia,
1710 3518 1744 3557 a
1775 3501 1946 3558 sacris
1973 3516 2136 3557 cano-

544 3590 725 3658 nibus,
759 3598 812 3646 et
838 3592 1035 3647 vestris
1063 3592 1467 3657 decessoribus,
1514 3608 1579 3646 ac
1636 3590 2136 3662 praedecessoribus

545 3687 887 3736 conservata.
923 3679 1200 3749 Quatenus
1229 3688 1281 3734 et
1311 3679 1610 3750 apostolica
1640 3680 1801 3735 sedes
1857 3680 2137 3750 preprium

547 3766 793 3838 vigorem
822 3767 1075 3835 retineat,
1100 3775 1154 3823 et
1174 3784 1204 3821 a
1233 3784 1292 3822 se
1312 3782 1580 3824 concessa
1610 3767 1732 3822 aliis
1761 3784 1855 3822 sua
1876 3768 2000 3836 jura
2027 3783 2137 3823 non

546 3855 772 3911 minuat.
807 3854 956 3911 Sicut
984 3856 1044 3910 B.
1080 3855 1384 3928 Gregorius
1417 3856 1666 3911 Scribens
1696 3856 1765 3910 ad
1793 3855 2136 3911 Dominicum

546 3943 1035 4017 Carthaginensem
1063 3944 1380 4015 episcopum
1410 3943 1593 4017 {epist}.
1627 3943 1740 4018 39.]
1774 3963 1786 3999 :
1816 3966 1838 3996 α
1864 3946 1944 4000 De
1961 3944 2138 4001 eccle-

550 4032 801 4099 siasticis,
834 4032 1027 4105 inquit,
1061 4033 1363 4107 privilegiis
1411 4033 1553 4105 quod
1600 4041 1782 4089 vestra
1829 4033 2136 4089 fraternitas

545 4122 752 4189 scribit,
771 4123 875 4178 hoc
891 4123 1192 4194 postposita
1221 4122 1558 4178 dubitatione
1588 4130 1784 4189 teneat,
1819 4122 1945 4194 quia
2002 4122 2137 4178 sicut

546 4219 735 4267 nostra
764 4210 1127 4277 defendimus,
1158 4212 1229 4267 ita
1260 4212 1490 4285 singulis
1519 4213 1821 4285 quibusque
1874 4211 2136 4268 Ecclesiis

544 4317 640 4356 sua
690 4302 814 4371 jura
870 4316 1197 4357 servamus:
1249 4317 1349 4357 nec
1397 4301 1615 4356 cuilibet
1673 4300 1887 4357 favente
1936 4301 2131 4373 gratia,

544 4390 687 4444 ultra
716 4406 878 4461 quam
906 4398 1150 4449 meretur
1178 4389 1499 4460 impertiar;
1532 4406 1633 4445 nec
1678 4389 1774 4444 ulli
1826 4390 1932 4445 hoc
1991 4391 2136 4461 quod

545 4478 628 4533 sui
652 4477 792 4547 juris
821 4486 925 4545 est,
958 4478 1160 4533 ambitu
1188 4477 1495 4532 stimulante
1539 4477 1819 4550 derogabo
1868 4476 1989 4549 [al.,
2039 4478 2136 4533 de-
2162 4480 2217 4541 D

545 4566 701 4639 rogo]
727 4585 741 4633 ;
766 4566 862 4622 sed
893 4565 1091 4621 fratres
1120 4581 1275 4621 meos
1304 4567 1570 4620 honorare
1600 4581 1700 4636 per
1726 4565 1908 4620 omnia
1952 4565 2131 4636 cupio,

546 4655 733 4727 sicque
763 4655 953 4710 studeo
983 4668 1078 4709 eos
1103 4654 1159 4709 in
1190 4654 1428 4708 honores
1457 4653 1685 4708 subvehi
1733 4652 1865 4725 [al.,
1927 4654 2136 4709 honore

548 4742 795 4814 singulos
824 4742 1093 4815 subvehi],
1128 4742 1421 4797 dummodo
1474 4757 1583 4796 non
1644 4741 1733 4808 sit,
1793 4741 1939 4814 quod
1985 4741 2137 4796 alteri

542 4831 667 4900 jure
696 4832 763 4884 ab
789 4830 959 4887 altero
988 4831 1161 4901 possit
1203 4830 1420 4901 apponi.
1449 4850 1471 4879 an
1503 4830 1573 4884 Et
1601 4830 1669 4885 ad
1700 4830 1943 4885 Natalem
1975 4830 2136 4886 Salo-

547 4918 790 4973 nitanum
821 4919 1135 4989 episcOpum
1171 4937 1183 4972 :
1219 4918 1439 4991 [iudict.
1490 4922 1576 4973 10.
1636 4936 1722 4991 ep.
1780 4918 1892 4992 37.]
1928 4940 1949 4970 α
1981 4918 2138 4989 Quod

478 5040 482 5045 ~
549 5022 681 5064 vero
702 5006 881 5062 dicitis
911 5007 1107 5063 vestris
1138 5006 1467 5078 temporibus
1499 5006 1621 5080 [al.,
1662 5009 1864 5064 nostris
1922 5016 2137 5081 tempo-

549 5094 723 5168 ribus]
754 5095 958 5151 debere
1005 5095 1229 5165 servari,
1261 5112 1380 5167 quae
1406 5112 1439 5151 a
1481 5097 1865 5153 decessoribus
1922 5113 2137 5169 quoque

550 5183 671 5257 [al.,
701 5200 731 5239 a
760 5183 898 5239 meis
919 5200 1136 5257 quoque
1151 5184 1388 5258 decess.]
1409 5185 1603 5240 tradita
1624 5194 1677 5241 et
1696 5185 1966 5242 custodita
1987 5193 2139 5240 sunt:

549 5274 689 5328 absit
707 5288 739 5327 a
765 5289 853 5328 me
882 5289 951 5328 ne
979 5281 1176 5329 statuta
1203 5275 1471 5344 majorum
1500 5274 1982 5331 consacerdotibus
2002 5274 2140 5330 meis

550 5361 609 5416 in
637 5361 878 5435 qualibet
908 5362 1141 5419 ecclesia
1165 5362 1456 5437 infringam
1486 5382 1500 5420 :
1534 5364 1660 5435 quia
1702 5363 1832 5418 mihi
1885 5362 2139 5434 injuriam

544 5450 709 5523 jacio,
743 5450 788 5506 si
817 5450 1043 5508 fratrum
1072 5468 1320 5508 meorum
1345 5454 1470 5523 jura
1499 5453 1775 5524 perturbo.
1814 5473 1835 5502 ι»

622 5548 692 5610 Et
721 5548 768 5603 si
795 5547 950 5616 forte,
983 5550 1130 5623 quod
1158 5550 1313 5621 absit,
1362 5551 1731 5629 cujuscunque
1786 5550 2139 5622 suggestione

2167 3121 2216 3185 C

2239 1842 2432 1900 trasse,
2467 1841 2609 1889 certa
2637 1832 2921 1904 praefixere
2942 1833 3166 1903 judicia,
3203 1848 3327 1888 cum
3354 1832 3575 1887 domino
3603 1833 3828 1901 indeju-

2239 1921 2470 1977 dicaturi
2483 1922 2789 1989 adveniant,
2824 1923 2892 1977 de
2917 1921 3087 1992 ipsius
3116 1921 3171 1975 in
3201 1920 3498 1992 episcopali
3527 1936 3651 1976 cum
3670 1937 3822 1976 ma...

2239 2010 2429 2065 ordine
2459 2011 2801 2081 perpetratis,
2834 2026 2896 2065 ac
2924 2010 3305 2081 perpetrandis
3334 2010 3667 2076 excessibus,
3691 2009 3829 2065 sicut

2240 2099 2500 2154 hactenus
2529 2098 2742 2155 actibus
2773 2099 2886 2167 ejus
2915 2099 3259 2155 conhibendo
3307 2113 3414 2153 non
3455 2097 3823 2153 communica-

2240 2187 2452 2255 vimus;
2484 2187 2557 2241 ita
2576 2187 2631 2241 in
2659 2187 3005 2257 postmodum
3037 2187 3182 2241 nulla
3210 2187 3278 2242 de
3309 2202 3373 2242 eo
3398 2186 3604 2255 judicia
3633 2187 3822 2242 decer-

2239 2291 2452 2341 nemus,
2470 2275 2557 2331 vel
2586 2290 2964 2346 quamcunque
2994 2275 3466 2346 proclamationem
3478 2275 3623 2345 apud
3638 2290 3824 2346 quem-

2239 2378 2454 2434 cunque
2485 2363 2763 2419 faciemus.
2796 2364 2953 2419 Vivat
2983 2365 3029 2419 si
3058 2364 3162 2419 sibi
3191 2364 3326 2420 sicut
3354 2363 3485 2428 vult,
3509 2363 3825 2419 consolante

2238 2452 2396 2506 nobis
2439 2467 2503 2507 ac
2540 2452 2855 2507 consulente
2912 2452 3193 2524 Apostolo,
3239 2453 3330 2525 qui
3383 2452 3558 2507 dicit:
3643 2452 3821 2508 Nolite

2239 2543 2658 2597 communicare
2700 2541 2955 2613 operibus
3020 2542 3393 2612 infructuosis
3439 2540 3816 2605 tenebrarum,

2238 2631 2415 2700 magis
2433 2633 2489 2684 et
2506 2630 2825 2700 redarguite
2847 2630 3068 2701 (Ephes.
3091 2628 3193 2700 v.).
3219 2628 3444 2702 Egimus
3473 2628 3618 2684 enim
3646 2629 3715 2684 de
3734 2628 3825 2684 illo

2237 2733 2338 2788 pro
2367 2716 2587 2772 modulo
2617 2716 2970 2787 nostro.Quia
2997 2717 3129 2773 sicut
3154 2717 3213 2772 Β.
3237 2717 3569 2790 Augustinus
3587 2716 3822 2787 exponit,

2245 2828 2265 2856 α
2301 2806 2512 2861 duobus
2540 2805 2715 2861 modis
2743 2821 2843 2862 nos
2872 2822 2982 2861 non
3010 2805 3244 2861 maculat
3273 2806 3469 2872 malus,
3504 2805 3730 2872 scilicet,
3780 2806 3827 2860 si

2238 2911 2347 2950 non
2378 2895 2779 2951 consentiamus
2809 2895 2925 2964 ejus
2954 2895 3208 2966 operibus
3237 2894 3393 2949 malis
3417 2913 3432 2961 ;
3462 2903 3517 2950 et
3544 2894 3590 2949 si
3619 2910 3685 2951 ea
3732 2910 3822 2950 re-

2238 2982 2590 3057 darguamus.
2629 3004 2651 3033 υ
2684 2984 2807 3038 Non
2849 2982 3226 3038 consensimus
3283 2982 3503 3054 quidem
3535 3000 3549 3036 :
3608 2982 3717 3038 imo
3774 2990 3827 3038 et

2239 3072 2356 3141 ejus
2385 3087 2553 3142 Opera
2580 3070 2992 3143 redarguimus;
3026 3079 3078 3127 et
3108 3087 3270 3143 quem
3299 3070 3578 3143 corrigere
3599 3087 3711 3126 non
3728 3086 3823 3142 po-

2236 3159 2452 3225 tuimus,
2479 3160 2774 3228 judicatum
2805 3175 2838 3214 a
2865 3159 3024 3214 nobis
3055 3159 3154 3214 Dei
3208 3158 3483 3215 mediante
3534 3159 3820 3231 sententia,

2234 3247 2564 3303 diﬁlnitionis
2595 3256 2787 3304 vestrae
2806 3248 3015 3317 judicio
3044 3247 3445 3304 reservavimus
3480 3266 3494 3302 :
3526 3248 3708 3303 et‘sub
3728 3264 3824 3321 ge-

2236 3344 2442 3392 storum
2473 3336 2634 3403 serie,
2669 3353 2789 3408 quae
2809 3344 2929 3391 acta
2951 3336 3570 3408 suntpervenerabilem
3609 3336 3826 3407 episco-

2233 3441 2364 3496 pum
2391 3433 2638 3480 nostrum
2668 3425 2977 3491 Actardum,
3013 3425 3104 3495 qui
3146 3424 3499 3496 synodalibus
3542 3423 3824 3481 diﬁinitio-

2234 3514 2394 3568 nibus
2422 3513 2624 3569 nostris
2653 3512 2910 3583 interfuit,
2933 3512 3246 3585 paternitati
3291 3521 3489 3569 vestrae
3535 3512 3825 3584 dirigimus

2235 3601 2430 3673 [Locus
2458 3601 2796 3674 corruptus].
2838 3601 2998 3670 Quod
3031 3609 3085 3656 et
3119 3601 3187 3656 de
3218 3601 3467 3657 Rothado
3495 3600 3822 3668 faceremus,

2236 3690 2282 3744 si
2311 3690 2504 3761 legatis
2532 3689 2734 3745 nostris
2762 3690 2990 3745 facultas
3020 3689 3331 3745 transeundi
3377 3689 3545 3760 Alpes
3601 3689 3657 3743 in
3709 3688 3826 3744 illis

2234 3779 2568 3850 temporibus
2597 3778 3005 3834 concederetur.
3038 3777 3251 3835 Credite
3279 3793 3415 3851 ergo
3442 3776 3570 3832 ﬁdei
3599 3785 3822 3847 nostrae,

2236 3868 2363 3939 quia
2391 3883 2503 3922 non
2529 3866 2748 3923 inimico
2778 3867 2978 3933 animo,
3010 3866 3096 3922 vel
3143 3866 3326 3938 aliqua
3370 3865 3680 3936 cupiditate,
3734 3873 3826 3921 aut

2235 3956 2407 4028 gratia
2434 3956 2717 4027 depravati
2746 3972 2870 4011 eum
2911 3954 3275 4026 judicavimus
3308 3972 3321 4010 :
3370 3955 3467 4010 sed
3505 3954 3625 4026 ipso
3643 3953 3826 4010 multis

2235 4053 2289 4100 et
2316 4044 2585 4114 maximis,
2619 4053 2780 4117 atque
2809 4044 3029 4100 diutinis
3060 4044 3375 4100 excessibus
3423 4059 3522 4099 nos
3577 4043 3825 4114 compel-

2234 4134 2379 4189 lente
2411 4152 2425 4188 :
2458 4150 2521 4190 ac
2549 4150 2647 4205 per
2679 4134 2783 4189 hoc
2811 4133 3036 4202 credite,
3064 4134 3217 4202 juxta
3244 4132 3600 4189 Sardicenses
3654 4147 3825 4188 cano-

2236 4239 2353 4289 nes,
2385 4237 2549 4294 posse
2579 4221 2839 4289 suﬁicere,
2873 4222 3010 4277 sicut
3038 4220 3362 4294 regulariter
3391 4220 3610 4293 negotio
3639 4220 3830 4275 termi-

2234 4328 2365 4366 num
2389 4311 2766 4383 imposuimus,
2786 4318 3031 4366 nostrum
3046 4310 3307 4380 judicium
3328 4316 3507 4364 vestra
3529 4310 3824 4364 roborante

2237 4401 2520 4456 sententia.

2308 4487 2719 4559 (Flodoard.,[l.
2759 4503 2839 4557 In,
2882 4505 2930 4543 ο.
2971 4487 3086 4558 21.)
3153 4485 3537 4543 Venerabilem
3580 4485 3836 4557 'denique

2235 4576 2473 4647 fratrem,
2506 4585 2558 4631 et
2586 4576 2969 4648 coepiscopum
3011 4583 3257 4630 nostrum
3300 4574 3611 4643 Actardum,
3665 4590 3828 4646 quem

2235 4666 2411 4721 clerus
2440 4672 2493 4720 et
2520 4665 2679 4736 plebs
2708 4665 3024 4736 metropolis
3065 4663 3327 4720 Ecclesiae
3372 4662 3727 4729 Turonensis,
3769 4662 3825 4717 in

2236 4755 2429 4809 eadem
2459 4753 2694 4810 ecclesia
2720 4752 3067 4824 baptizatum,
3101 4760 3337 4821 tonsum,
3371 4758 3426 4806 et
3452 4750 3734 4817 nutritum,
3758 4765 3822 4807 ac

2235 4858 2333 4913 per
2361 4842 2607 4913 singulos
2635 4842 2838 4915 gradus
2869 4843 2939 4897 ad
2966 4841 3215 4898 ordinem
3245 4841 3592 4912 episcopatus
3620 4854 3825 4910 prove—

2236 4939 2400 4997 ctum,
2453 4930 2555 4985 sibi
2600 4930 2936 4986 incardinari
2979 4929 3269 5001 deposcit:
3318 4945 3591 5001 quemque
3643 4935 3828 4983 vestra

2235 5006 2534 5092 paternitas
2562 5019 2720 5075 nobis
2750 5019 3221 5084 incardinandum,
3255 5018 3416 5073 etiam
3447 5018 3494 5072 si
3522 5016 3678 5073 locus
3707 5032 3828 5073 eve—

2235 5107 2375 5163 niret
2401 5108 2458 5161 in
2486 5107 2686 5163 nostris
2715 5107 3029 5181 regionibus
3057 5108 3114 5161 in
3141 5105 3427 5177 metropoli
3483 5119 3827 5161 recommen-

2238 5196 2405 5263 davit,
2428 5196 2734 5253 auctoritati
2764 5204 2957 5252 vestrae
2986 5195 3327 5250 remittimus.
3363 5193 3647 5263 Quatenus
3677 5193 3830 5247 illum

2236 5285 2291 5339 in
2320 5284 2539 5356 praefata
2566 5284 2871 5357 metrOpoli,
2930 5299 3014 5351 eo,
3074 5284 3122 5338 si
3176 5283 3330 5339 vobis
3387 5282 3581 5353 placet,
3642 5290 3831 5336 tenore

2236 5374 2704 5445 archiepiscopum
2732 5371 3101 5438 incardinetis,
3134 5378 3192 5426 ut
3217 5378 3339 5442 post
3369 5370 3657 5426 decessum
3685 5369 3829 5425 illius

2238 5462 2474 5533 praefatae
2503 5460 2788 5534 metropoli
2817 5459 3064 5518 ecclesiae
3094 5459 3225 5517 cleri
3257 5475 3322 5516 ac
3344 5457 3518 5529 plebis
3535 5456 3826 5525 electione,

2240 5552 2373 5609 sicut
2402 5551 2609 5626 regulae
2636 5567 2804 5608 sacrae
2833 5550 3172 5622 praecipiunt,
3209 5556 3261 5605 et
3291 5555 3447 5604 vetus
3487 5547 3830 5604 consuetudo
