4174 6294
349 258 450 312 641

1073 257 1314 314 OPUSC.
1347 258 1438 312 ET
1493 258 1709 313 EPIST.
1770 257 1842 311 IN
1899 255 2124 311 CAUSA
2177 256 2517 312 HINCMARI
2573 258 2876 314 LAUDUN.

3548 260 3651 316 642

349 380 538 453 exigit,
564 397 594 434 a
622 379 988 453 suﬂ‘raganeis
1019 389 1070 436 et
1101 382 1524 452 provincialibus
1554 381 1822 453 episc0pis
1854 381 1948 435 ibi-
1976 380 2258 451 Atropoli,
2292 397 2376 450 eo,
2411 381 2456 434 si
2504 381 2660 436 vobis
2702 381 2895 451 placet,
2945 389 3136 436 tenore
3173 380 3640 453 archiepiscOpum

351 469 476 524 dem
529 470 957 541 metropolitanis
1017 471 1294 525 ordinetur
1350 471 1637 542 episcopus
1685 469 1951 540 (Adrian,

350 574 437 629 ep.
472 561 505 613 2
536 559 608 612 ad
669 559 834 630 episc,
869 559 1060 630 synod.
1093 560 1401 630 Suession.)
1433 559 1607 627 Quem
1635 559 1779 625 licet,
1805 559 1955 628 juxta

351 646 726 702 Antiochenos
756 662 993 702 canones
1023 647 1260 718 perfecto
1292 648 1540 716 concilio,
1574 656 1736 718 atque
1767 663 1954 702 secun-

355 735 482 789 dum
516 735 844 806 apostolicas
865 744 1075 791 vestras
1106 737 1313 790 litteras
1343 736 1555 791 vacanti
1584 736 1844 791 Ecclesia
1875 736 1956 789 in-

358 823 647 878 cardinare
679 839 964 894 possemus
999 843 1011 878 :
1047 825 1174 896 quia
1205 833 1384 879 tamen
1415 825 1744 880 Turonensis
1773 825 1958 880 Eccle-

354 911 433 966 sia
463 928 528 966 ex
559 912 778 984 antiquo
821 913 1160 983 metropolis,
1211 921 1263 966 et
1303 913 1446 966 beati
1492 913 1701 966 Martini
1748 912 1957 967 meritis

352 1000 723 1055 famosissima
766 1009 818 1055 et
847 1002 1179 1056 honorabilis
1222 1018 1437 1071 semper
1477 1002 1695 1068 exstitit,
1730 1011 1781 1057 et
1809 1019 1956 1072 pra-

356 1087 499 1143 fatus
548 1089 710 1143 frater
756 1100 939 1144 noster
978 1090 1244 1146 Actardus
1293 1091 1618 1145 venerabilis
1665 1091 1957 1161 episcopus

353 1177 519 1249 genio
563 1177 712 1248 pallii
743 1187 767 1212 ³
796 1195 829 1232 a
878 1179 1208 1250 benignitate
1257 1187 1436 1233 vestra
1485 1188 1564 1233 est
1612 1180 1953 1234 honoratus:

357 1266 732 1320 rationabilius
788 1267 1040 1336 vidimus,
1101 1275 1158 1320 ut
1200 1267 1458 1337 petitione
1507 1267 1637 1322 cleri
1680 1284 1742 1323 ac
1783 1267 1958 1338 plebis

356 1353 529 1424 ipsius
560 1355 825 1423 ecclesia,
861 1363 913 1410 et
945 1371 1216 1410 consensu
1246 1364 1447 1411 nostra
1475 1356 1864 1421 unanimitatis,
1897 1373 1959 1410 ac

352 1440 539 1497 fovore
590 1443 776 1496 domni
805 1444 976 1498 nostri
1007 1444 1187 1499 Caroli
1216 1444 1363 1516 regis
1432 1445 1654 1516 gloriosi
1685 1444 1956 1515 (Adrian.,

355 1531 521 1602 epist.
554 1535 643 1596 28,
681 1531 753 1586 ad
786 1532 1010 1602 Carol.),
1070 1548 1132 1587 ac
1189 1541 1369 1587 vestra
1419 1533 1736 1588 auctoritate
1783 1533 1960 1588 eidem

357 1617 731 1675 incardinetur
787 1619 1066 1674 Ecclesia.
1147 1621 1296 1675 Deus
1371 1629 1558 1676 noster
1615 1621 1959 1676 sanctitatem

352 1715 590 1761 vestram
632 1724 749 1763 avo
782 1708 1031 1780 longiore
1075 1717 1318 1764 orantem
1347 1725 1448 1779 pro
1478 1709 1634 1763 nobis
1666 1710 1950 1778 custodiat,
1982 1734 2034 1792 Β

354 1795 575 1850 domine
650 1797 1090 1852 reverentissime
1154 1798 1313 1852 Pater
1386 1798 1439 1851 in
1517 1798 1766 1854 Domino.
1818 1800 1954 1852 Data

352 1897 454 1937 vm
511 1883 637 1938 ldus
695 1884 998 1955 Septembr.
1047 1885 1330 1957 prasentis
1380 1895 1583 1957 quarta
1623 1887 1958 1943 indictionis.

576 2168 919 2226 EPISTOLA
957 2171 1298 2227 HINCMARI
1336 2169 1738 2227 RHEMENSIS

838 2326 911 2365 AD
951 2325 1244 2367 ADRIANUM
1281 2325 1482 2366 ΡΑΡΑΜ.

776 2454 937 2509 (Apud
967 2453 1220 2498 Labbeum
1243 2453 1330 2498 ubi
1360 2453 1549 2508 supra.)

430 2577 662 2634 Domino
723 2578 1066 2634 sanctissimo
1121 2587 1174 2633 et
1229 2577 1672 2634 reverentissimo
1738 2579 1956 2633 Patrum

357 2667 506 2722 Patri
549 2667 807 2734 Adriano,
859 2667 1049 2738 prima
1101 2667 1246 2722 sedis
1295 2667 1608 2738 apostolicae
1655 2673 1708 2721 et
1733 2666 1958 2722 univer-

359 2755 486 2811 salis
559 2755 820 2811 Ecclesia
888 2772 1062 2827 papa,
1141 2756 1486 2821 Hincmarus,
1560 2755 1778 2810 nomine
1851 2772 1958 2812 non

357 2844 554 2899 merito
575 2845 905 2900 Rhemorum
937 2845 1247 2916 episcopus,
1279 2861 1340 2899 ac
1369 2844 1546 2915 plebis
1575 2844 1674 2899 Dei
1702 2843 1956 2899 famulus.

2055 468 2418 536 incardinetis,
2451 477 2508 523 ut
2535 477 2658 540 post
2706 470 2992 525 decessum
3032 470 3195 536 illius,
3247 470 3486 542 prafata
3530 487 3650 525 me-

2056 558 2251 627 tr0poli
2293 557 2561 623 ecclesiae,
2613 557 2746 613 cleri
2775 566 2828 612 et
2855 558 3029 628 plebis
3079 558 3360 625 electione,
3395 559 3534 615 sicut
3564 575 3651 613 re-

2057 646 2201 717 gulae
2251 661 2419 702 sacra
2461 646 2797 716 pracipiunt,
2832 654 2884 700 et
2913 654 3066 701 vetus
3096 648 3428 702 consuetudo
3459 647 3644 717 exigit,

2057 749 2085 786 a
2132 733 2490 805 suffraganeis
2539 742 2591 788 et
2635 733 3057 804 provincialibus
3115 734 3403 805 epiSCOpis,
3450 735 3654 789 ibidem

2056 822 2505 892 metropolitanus
2535 822 2814 876 ordinetur
2844 822 3150 892 episcopus.
3176 822 3657 892 Quemlicetjuxta

2057 911 2424 966 Antiochenos
2456 926 2694 966 canones
2723 910 2962 980 perfecto
2991 910 3241 976 concilio,
3273 919 3429 982 atque
3460 927 3656 966 secun-

2059 999 2185 1052 dum
2213 999 2541 1069 apostolicas
2570 1007 2782 1054 vestras
2812 999 3022 1053 litteras
3047 999 3263 1054 vacanti
3291 999 3536 1054 ecclesia
3567 1000 3655 1053 in-

2058 1087 2347 1142 cardinare
2375 1103 2662 1157 possemus
2694 1105 2706 1140 :
2742 1095 2923 1141 tamen
2957 1086 3080 1158 quia
3110 1088 3438 1142 Turonensis
3468 1087 3660 1143 Eccle—

2059 1175 2140 1229 sia
2171 1192 2233 1230 ex
2269 1175 2486 1247 antiquo
2534 1175 2873 1246 metrOpolis,
2927 1183 2979 1229 et
3023 1176 3167 1230 beati
3214 1176 3424 1230 Martini
3453 1175 3658 1230 meritis

2061 1263 2441 1331 famosissima,
2474 1271 2525 1318 et
2554 1263 2886 1319 honorabilis
2917 1280 3133 1334 semper
3161 1264 3400 1331 exstitit;
3435 1271 3486 1319 et
3517 1280 3659 1334 pra-

2059 1351 2200 1406 fatus
2230 1351 2394 1407 frater
2422 1360 2608 1407 noster
2655 1353 2922 1407 Actardus
2968 1352 3298 1406 venerabilis
3343 1352 3657 1424 episcopus,

2059 1440 2220 1512 genio
2275 1439 2442 1509 pallii,
2484 1457 2514 1493 a
2545 1440 2878 1510 benignitate
2934 1447 3118 1494 vestra
3176 1447 3258 1494 est
3317 1441 3657 1494 honoratus:

2060 1527 2428 1584 rationabilius
2488 1527 2739 1593 vidimus,
2797 1535 2854 1581 ut
2899 1528 3156 1598 petitione
3205 1527 3335 1582 cleri
3381 1544 3442 1582 ac
3482 1527 3660 1598 plebis

2059 1615 2231 1686 ipsius
2262 1616 2528 1682 ecclesiae,
2564 1623 2616 1671 et
2643 1631 2914 1671 consensu
2943 1624 3145 1671 nostra
3175 1615 3563 1682 unanimitatis,
3597 1631 3662 1670 ac

2059 1703 2242 1759 favore
2291 1705 2476 1759 domni
2521 1703 2694 1758 nostri
2745 1704 2927 1760 Caroli
2956 1704 3102 1775 regis
3136 1703 3380 1776 gloriosi,
3417 1720 3448 1758 a
3477 1711 3662 1760 vestra

2066 1793 2379 1848 auctoritate
2411 1793 2588 1848 eidem
2619 1793 2984 1870 incardinetur
3013 1793 3276 1848 ecclesiae.

2133 1883 2213 1938 De
2243 1898 2411 1937 causa
2441 1897 2568 1936 vero
2599 1880 2785 1936 fratris
2816 1881 3112 1948 Hincmari,
3149 1879 3478 1936 sufﬁcienter
3508 1881 3664 1937 vobis

2062 1978 2344 2044 gestorum
2391 1969 2583 2037 series,
2635 1985 2796 2040 quam
2838 1986 2936 2040 per
2960 1969 3105 2024 hunc
3143 1969 3512 2025 venerabilem
3542 1968 3661 2024 fra-

2061 2067 2198 2114 trem
2248 2067 2300 2113 et
2339 2058 2721 2129 coepiscopum
2770 2065 3012 2112 nostrum
3056 2058 3367 2125 Actardum,
3423 2058 3662 2129 synodus

2059 2147 2112 2200 in
2143 2147 2402 2218 parochia
2449 2145 2744 2201 Rhemensi
2789 2162 2963 2216 nuper
2991 2145 3195 2215 habita,
3247 2153 3442 2200 vestra
3471 2153 3664 2201 aucto-

2061 2235 2205 2290 ritati
2261 2234 2590 2304 transmittit,
2647 2235 2867 2305 plenam
2924 2233 3172 2288 notitiam
3229 2233 3511 2288 intimabit.
3565 2233 3662 2289 Cui

2061 2332 2184 2394 post
2229 2323 2412 2378 omnia
2459 2331 2635 2394 gesta,
2688 2339 2809 2393 qua
2836 2323 2904 2377 de
2933 2322 3025 2377 illo
3057 2323 3298 2394 gerenda
3328 2322 3501 2389 fuere,
3536 2338 3662 2378 cum

2060 2412 2180 2466 aliis
2211 2411 2482 2483 episcopis
2512 2419 2563 2466 et
2593 2411 2955 2466 confratribus
2984 2411 3203 2477 nostris,
3228 2411 3374 2480 apud
3399 2411 3659 2466 domuum

2061 2517 2252 2572 regem
2298 2500 2529 2554 obtinuit
2577 2499 2702 2570 [leg.
2737 2500 2959 2554 videtur
2988 2497 3236 2570 obtinui],
3270 2507 3323 2553 ut
3354 2499 3660 2570 quicunque

2059 2589 2127 2643 de
2157 2588 2324 2654 clero,
2360 2587 2447 2643 vel
2476 2588 2543 2642 de
2573 2587 2777 2642 familia
2823 2586 3198 2642 Laudunensis
3247 2587 3510 2643 Ecclesia
3541 2603 3665 2642 cum

2058 2677 2153 2732 illo
2182 2693 2412 2748 pergere
2442 2675 2621 2744 vellet,
2655 2674 2930 2730 licentiam
2971 2676 3218 2730 haberet.
3254 2674 3428 2744 Quem
3459 2673 3664 2730 utinam

2059 2780 2170 2819 non
2211 2765 2490 2834 vidissem,
2521 2764 2742 2818 minime
2791 2771 2974 2819 autem
3021 2763 3172 2818 illum
3201 2780 3289 2818 me
3319 2763 3576 2819 ordinare
3605 2763 3663 2818 in

2054 2854 2372 2924 episcopum
2404 2852 2742 2924 contigisset,
2776 2869 2876 2922 per
2908 2869 3069 2923 quem
3103 2859 3312 2906 tantum
3343 2851 3666 2908 scandalum

430 2932 813 2989 venerabilem
869 2932 1116 2998 fratrem.
1168 2941 1219 2988 Et
1271 2933 1654 3004 coepiscopum
1712 2942 1959 2989 nostrum
2052 2942 2108 2995 in
2154 2950 2466 2996 nostrarum
2495 2941 2893 3012 provinciarum
2943 2940 3212 3006 ecclesiis,
3245 2948 3297 2995 et
3327 2939 3380 2994 in
3411 2957 3586 3013 regno
3614 2940 3666 2995 in

359 3023 677 3089 Actardum,
709 3022 847 3077 sicut
875 3031 1060 3078 vestra
1089 3022 1333 3094 dignatio
1354 3022 1633 3093 exiguitati
1661 3039 1798 3078 mea
1826 3022 1962 3078 litte-

2061 3045 2168 3100 quo
2214 3030 2484 3101 degimus,
2534 3029 2649 3082 sine
2693 3029 2800 3082 ulla
2848 3029 3173 3084 necessitate
3221 3037 3570 3097 commotum,
3611 3035 3665 3084 et

357 3109 436 3165 ris
480 3110 593 3165 suis
637 3084 896 3182 praecepit
933 3084 1179 3182 (Adrian:
1214 3114 1375 3183 epist.
1413 3084 1473 3176 4:
1495 3113 1566 3167 ad
1601 3112 1870 3181 limem-ly
1904 3112 1959 3165 in
1981 3084 2030 3146 ρ’
2060 3084 2268 3172 diutino
2286 3084 2560 3188 vtempore
2591 3118 2856 3171 hactenus
2907 3125 2989 3172 est
3019 3117 3388 3186 perduratum.
3423 3084 3575 3170 Adeo
3605 3123 3663 3170 ut

361 3200 570 3272 gremio
602 3199 903 3255 dilectionis
934 3200 1169 3270 suscepi,
1200 3208 1251 3254 et
1271 3217 1300 3252 a
1320 3200 1551 3272 paganis
1581 3200 1953 3266 Nortmannis,

361 3303 577 3343 necnon
618 3297 669 3342 et
713 3305 742 3341 a
789 3288 1309 3359 pseudochristianis
1350 3288 1678 3343 Brittonibus
1736 3289 1804 3343 de
1862 3305 1958 3343 sua

363 3377 493 3432 sede
525 3377 829 3448 expulsum,
857 3392 1126 3432 consensu
1157 3377 1604 3448 coepiscoporum
1634 3377 1959 3432 Rhemensis

362 3466 676 3537 provincia,
710 3483 772 3521 ac
800 3465 984 3522 favore
1015 3465 1202 3521 domni
1245 3467 1418 3521 nostri
1446 3465 1626 3521 Caroli
1652 3467 1800 3539 regis
1833 3466 1957 3539 glo-

357 3554 506 3620 riosi,
569 3554 622 3608 in
678 3563 904 3610 vacante
959 3554 1192 3610 ecclesia
1267 3554 1599 3627 [Morinensi]
1659 3555 1959 3610 diaceseos

358 3651 557 3698 nostra
585 3643 764 3700 locum
795 3642 1152 3710 sacriﬁcandi,
1179 3651 1233 3714 et
1260 3643 1572 3714 episcopale
1600 3644 1960 3699 ministerium

357 3732 658 3804 peragendi
695 3734 943 3788 concessi
975 3752 992 3788 :
1021 3740 1074 3787 et
1123 3733 1418 3788 secundum
1462 3733 1816 3788 Sardicenses
1863 3748 1960 3788 ca-

358 3836 531 3876 nones
563 3821 712 3893 (can.
746 3825 798 3888 3,
833 3826 918 3889 l2,
949 3823 1042 3893 ‘21)
1091 3821 1422 3877 immorandi
1466 3821 1741 3877 licentiam
1785 3823 1911 3877 dedi
1945 3841 1958 3878 :

361 3917 414 3966 et
442 3910 510 3965 de
540 3910 707 3965 rebus
738 3927 803 3966 ac
833 3910 1175 3967 facultatibus
1223 3911 1468 3980 ejusdem
1500 3911 1768 3978 ecclesia,
1803 3911 1964 3984 larga

361 3999 743 4056 benevolentia
769 4000 1159 4056 humanitatem
1185 4000 1429 4056 exhiberi
1471 4001 1708 4072 pracepi
1741 4019 1752 4055 :
1788 4016 1962 4073 usque

363 4087 493 4143 dum
542 4095 700 4159 aptus
746 4097 798 4143 et
841 4088 1172 4145 conveniens
1221 4089 1323 4143 sibi
1367 4089 1522 4144 locus
1570 4090 1826 4156 eveniret,
1872 4089 1964 4144 ubi

362 4178 661 4232 secundum
689 4179 1114 4249 praceptionem
1142 4185 1379 4233 vestram
1402 4185 1589 4249 posset
1606 4178 1960 4234 incardinari.

362 4266 423 4320 In
453 4282 556 4337 qua
585 4274 810 4322 vacante
840 4266 1071 4322 ecclesia
1100 4267 1403 4322 diaceseos
1432 4274 1635 4322 nostra
1666 4266 1966 4322 secundum

363 4355 694 4425 apostolicae
742 4355 945 4410 litteras
983 4363 1210 4425 vestras,
1261 4355 1588 4411 incardinari
1618 4371 1728 4410 non
1757 4355 1964 4426 potuit;

2063 3222 2173 3261 non
2219 3205 2662 3260 inconvenienter
2707 3205 2775 3259 de
2822 3220 2888 3258 eo
2935 3204 3118 3259 dicere
3157 3220 3422 3274 possem:
3457 3205 3663 3259 Bonum

2061 3301 2177 3348 erat
2209 3294 2277 3360 ei,
2309 3294 2354 3347 si
2384 3301 2541 3347 natus
2589 3308 2697 3347 non
2746 3292 2936 3347 fuisset
2983 3293 3146 3348 homo
3175 3292 3267 3347 ille
3299 3310 3312 3347 :
3348 3292 3440 3364 qui
3470 3309 3570 3363 pro
3598 3308 3664 3348 eo

2059 3391 2118 3436 ut
2174 3382 2243 3436 ad
2302 3382 2670 3453 episcopalem
2717 3381 2948 3452 gradum
2995 3389 3285 3451 provectus
3315 3380 3372 3435 in
3401 3381 3664 3452 religione

2057 3470 2369 3541 proﬁceret,
2405 3471 2504 3525 sub
2549 3487 2652 3541 qua
2699 3469 2929 3524 nutritus
2961 3471 3153 3534 fuerat,
3186 3485 3415 3540 pompas
3457 3477 3510 3524 et
3539 3469 3663 3524 ille-

2058 3560 2252 3615 cebras
2281 3560 2464 3614 saculi
2495 3559 2658 3628 capit
2696 3558 2869 3628 sequi,
2902 3566 2954 3613 et
2983 3557 3397 3626 familiaritates,
3432 3573 3497 3612 ac
3521 3573 3663 3613 con-

2059 3649 2309 3703 tubernia
2357 3647 2694 3702 saecularium
2733 3646 3029 3714 delectari;
3060 3647 3128 3701 de
3158 3646 3393 3718 negotiis
3424 3646 3656 3702 sacula-

2061 3737 2212 3792 ribus
2259 3736 2737 3792 sermocinationes
2784 3734 3164 3807 frequentare;
3216 3735 3566 3805 cupiditatem
3611 3742 3664 3790 et

2061 3825 2362 3887 avaritiam,
2395 3841 2506 3880 non
2533 3825 2710 3880 solum
2739 3824 3000 3895 pecunia,
3036 3824 3134 3878 sed
3161 3831 3214 3878 et
3242 3823 3558 3888 altitudinis,
3593 3838 3660 3879 ac

2062 3914 2233 3985 turpis
2264 3913 2398 3969 lucri
2430 3913 2794 3969 emolumenta
2839 3912 3075 3980 sectari;
3105 3928 3277 3979 meas,
3313 3920 3366 3967 et
3397 3927 3662 3983 quorum-

2063 4019 2278 4074 cunque
2347 4003 2716 4072 correptiones
2790 4009 3148 4072 aspernanter
3206 4009 3258 4055 et
3313 4000 3663 4071 indignanter

2063 4092 2334 4161 accipere,
2384 4099 2438 4145 et
2483 4091 2538 4144 in
2585 4107 2749 4143 sensu
2799 4104 2865 4143 ac
2907 4089 3169 4158 sapientia
3212 4105 3308 4142 sua
3348 4088 3664 4154 conﬁdere;

2064 4180 2204 4235 sicut
2233 4178 2406 4243 multi,
2428 4178 2563 4248 proli
2593 4175 2776 4231 dolor!
2801 4177 2858 4230 in
2885 4175 3088 4230 nostris
3118 4175 3437 4246 regionibus
3465 4175 3659 4231 sciunt.

2063 4268 2132 4322 Et
2161 4275 2217 4321 ut
2270 4266 2379 4320 alia
2417 4265 2653 4336 plurima
2687 4263 2992 4335 specialiter
3041 4271 3352 4334 computare
3393 4263 3658 4334 omittam,

2067 4372 2188 4427 qua
2229 4372 2329 4426 per
2374 4354 2558 4425 plures
2602 4368 2772 4408 annos
2815 4353 2872 4406 in
2912 4352 3127 4422 timore,
3161 4359 3214 4406 et
3241 4351 3421 4407 cordis
3448 4351 3661 4418 dolore,

363 4443 488 4514 quia
519 4461 610 4499 res
646 4444 906 4500 Ecclesia
950 4445 1329 4499 Namnetensis
1361 4459 1393 4498 a
1423 4444 1654 4515 paganis
1700 4443 1955 4511 residua,
1988 4439 2040 4498 D
2059 4445 2128 4500 de
2156 4443 2299 4498 illius
2328 4443 2570 4498 moribus
2593 4449 2643 4496 et
2669 4441 3112 4512 improbabilibus
3150 4440 3378 4507 actibus,
3414 4448 3467 4495 et
3498 4439 3661 4494 etiam

363 4530 528 4604 longe
559 4532 630 4586 ab
659 4533 908 4588 Ecclesia
949 4532 1242 4588 Morinensi
1289 4533 1620 4588 Rhemorum
1667 4532 1963 4603 provincia

366 4620 584 4687 distant,
618 4629 669 4676 et
697 4621 753 4675 in
782 4621 992 4677 duabus
1021 4621 1318 4692 provinciis
1335 4621 1662 4694 regulariter
1692 4621 1965 4677 conscribi

363 4724 477 4764 non
505 4717 731 4780 poterat.
779 4711 939 4765 Nunc
985 4718 1166 4766 autem
1213 4711 1337 4782 quia
1363 4711 1545 4766 clerus
1575 4718 1626 4765 et
1656 4710 1812 4780 plebs
1843 4726 1964 4765 me-

363 4798 589 4869 tropolis
644 4797 909 4854 Ecclesia
964 4799 1314 4868 Turonensis,
1374 4800 1430 4853 in
1488 4800 1678 4855 eadem
1733 4799 1967 4855 ecclesia

362 4885 713 4958 baptizatum,
757 4894 992 4957 tonsum,
1044 4896 1096 4943 et
1143 4888 1423 4955 nutritum,
1477 4904 1542 4944 ac
1570 4905 1670 4959 per
1721 4888 1965 4959 singulos

360 4977 570 5046 gradus
591 4977 662 5031 ad
691 4977 940 5032 ordinem
971 4976 1314 5048 episcopatus
1334 4985 1670 5048 provectum,
1705 4977 1808 5030 sibi
1838 4992 1963 5031 eum

363 5064 695 5120 incardinari
734 5066 996 5138 deposcit,
1051 5082 1214 5137 quem
1259 5073 1440 5120 vestra
1483 5065 1776 5136 paternitas
1803 5065 1962 5120 nobis

364 5153 837 5224 incardinandum,
899 5155 1058 5210 etiam
1108 5155 1154 5208 si
1200 5154 1354 5210 locus
1402 5155 1645 5210 eveniret
1674 5155 1730 5209 in
1757 5154 1958 5209 nostris

364 5242 682 5314 regionibus
737 5243 793 5297 in
845 5243 1149 5314 metropoli,
1201 5243 1617 5309 commendavit,
1659 5242 1964 5298 auctoritati

360 5338 558 5387 vestra
607 5331 934 5388 remittimus
965 5349 978 5386 :
1013 5339 1280 5404 quatenus
1325 5330 1478 5386 illum
1506 5331 1562 5385 in
1589 5331 1812 5402 prafata
1841 5346 1962 5387 me-

2063 4535 2295 4588 humana
2353 4531 2677 4587 verecundia
2732 4532 2800 4586 de
2856 4529 3158 4586 insolentiis
3217 4530 3333 4599 ejus
3381 4528 3658 4583 sustinui:

2065 4621 2364 4692 sapissime
2407 4620 2558 4674 illum
2601 4627 2655 4674 et
2697 4619 2898 4685 verbis,
2949 4628 3002 4675 et
3051 4617 3286 4688 scriptis,
3327 4615 3664 4671 familiariter

2066 4719 2120 4767 et
2146 4727 2245 4781 per
2271 4726 2378 4779 me,
2413 4717 2463 4764 et
2493 4726 2592 4780 per
2622 4724 2939 4765 communes
2960 4706 3258 4762 familiares
3287 4712 3511 4760 nostros
3534 4720 3661 4760 cor-

2066 4799 2291 4870 ripiens,
2326 4806 2379 4853 et
2420 4798 2488 4853 ad
2535 4797 2984 4870 recognitionem,
3019 4794 3105 4850 vel
3133 4793 3530 4849 correctionem
3559 4792 3661 4848 ad-

2067 4889 2266 4943 ducere
2312 4903 2422 4941 non
2468 4887 2690 4951 valens;
2725 4886 2792 4940 de
2840 4885 2924 4938 his
2971 4897 3148 4953 pauca
3195 4881 3660 4951 commemorabo,

2065 4993 2186 5048 qua
2233 4984 2354 5030 ante
2395 4974 2807 5046 quadriennium
2844 4973 2900 5026 in
2929 4971 3085 5042 pejus
3137 4970 3451 5041 proficiens,
3486 4978 3538 5025 et
3567 4987 3666 5026 ex-

2065 5079 2338 5130 crescens,
2373 5080 2496 5120 cum
2521 5064 2716 5118 virtute
2747 5062 2997 5116 laborare
3025 5059 3206 5130 capit,
3241 5067 3299 5114 ut
3327 5059 3569 5116 caderet.

2136 5153 2310 5225 Capit
2341 5153 2484 5207 enim
2525 5151 2753 5206 clericos
2783 5158 2836 5205 et
2867 5149 3054 5216 laicos,
3089 5149 3181 5220 qui
3212 5165 3336 5202 eum
3365 5148 3664 5221 elegerant,

2063 5258 2162 5313 per
2207 5241 2386 5297 varias
2429 5239 2747 5295 occasiones
2794 5237 3072 5312 afﬂigere;
3106 5245 3158 5293 et
3188 5237 3257 5291 ab
3286 5237 3383 5306 eis,
3420 5253 3541 5309 qua
3565 5239 3668 5292 ha-

2064 5330 2284 5396 bebant,
2317 5329 2403 5384 vel
2431 5327 2716 5399 acquirere
2749 5335 3020 5400 poterant,
3053 5343 3152 5399 per
3182 5326 3401 5384 diversa
3447 5325 3667 5397 ingenia

432 5485 458 5514 ι
481 5485 687 5537 Genium
712 5485 844 5550 pallii
868 5485 1061 5538 vocavit
1081 5485 1342 5548 Gregorius
1378 5482 1493 5551 (lib.
1519 5499 1589 5550 vr,
1615 5483 1759 5548 epist.
1791 5482 1907 5549 131)
1931 5484 2070 5537 dotes
2094 5484 2199 5546 ejus
2224 5485 2273 5535 et
2295 5480 2695 5546 signiﬁcationes.
