4174 6300
507 211 611 268 643

1544 208 1887 269 HINCMARI
1942 207 2344 268 BHEMENSIS
2395 211 2949 270 ARCHIEPISCOPI.

3713 215 3818 272 644

517 335 819 407 subripere,
873 342 944 403 et,
974 333 1053 391 ~ut
1099 334 1274 391 dicam
1312 335 1572 407 apertius,
1620 352 1809 408 rapere
1841 354 1855 392 :
1888 336 2123 408 indeque
2144 334 2198 396 A
2219 336 2391 408 potuit
2424 355 2437 392 :
2469 338 2567 393 sed
2612 345 2671 393 ut
2714 339 2877 394 homo
2921 337 3173 394 nesciens
3216 337 3363 409 quod
3410 337 3650 393 futurum
3679 347 3816 407 erat,

515 425 642 480 illos
684 423 753 480 de
796 423 938 489 loco,
989 424 1045 478 in
1089 439 1197 496 quo
1244 424 1428 479 nutriti
1474 424 1709 492 fuerant,
1742 426 2119 492 exterminare,

521 520 577 568 et
602 511 739 568 alios
772 528 957 582 pravae
985 512 1255 584 opinionis
1284 529 1351 568 ex
1381 513 1616 570 diversis
1646 513 1943 585 provinciis
1976 513 2123 570 reci-

513 616 667 672 pere.
702 600 857 656 Unde
907 599 1088 657 aﬂlicti
1135 608 1247 656 tam
1299 601 1506 672 clerici,
1553 618 1717 675 quam
1759 601 1887 659 laici
1916 602 1985 658 de
2021 601 2123 656 sibi

512 688 802 743 commissa
850 687 1103 756 ecclesia,
1152 698 1430 761 coeperunt
1482 707 1541 746 se
1582 692 1886 747 reclamare
1917 691 1988 746 ad
2017 691 2123 746 do-

513 793 702 831 mnum
733 793 942 850 regem,
972 785 1026 833 et
1053 777 1124 832 ad
1155 794 1338 834 meam
1368 778 1721 851 exiguitatem
1753 797 1767 833 :
1800 795 1902 850 pro
1926 779 2123 850 quibus

513 864 642 920 satis
687 882 958 937 superque
1004 866 1289 930 laboravi;
1321 866 1420 922 sed
1468 874 1557 921 aut
1602 882 1820 938 parum,
1868 874 1960 922 aut
1987 865 2118 921 nihil

515 952 741 1025 profeci.
813 953 994 1009 Isdem
1064 961 1243 1009 autem
1296 970 1396 1024 pro
1450 954 1831 1011 reclamatione
1904 971 2123 1012 suorum

517 1040 798 1097 hominum
855 1049 1047 1097 contra
1103 1042 1363 1098 domnum
1421 1059 1611 1115 regem
1668 1050 1993 1111 commotus,
2054 1044 2123 1099 de

522 1130 686 1186 rebus
716 1146 748 1185 a
775 1130 1111 1185 Nortmanno
1139 1129 1360 1200 invasis,
1394 1146 1531 1203 quas
1559 1131 1676 1202 ipse
1705 1132 1823 1206 regi
1855 1132 1970 1188 sine
1999 1142 2123 1187 meo

521 1232 585 1274 ac
639 1217 1083 1289 coepiscoporum
1127 1233 1376 1274 meorum
1423 1234 1697 1275 consensu
1754 1227 2120 1295 concesserat,

518 1313 576 1361 ut
605 1322 701 1361 eas
727 1307 1064 1363 Nortmanno
1113 1305 1479 1376 beneﬁciaret,
1527 1308 1665 1364 sicut
1696 1316 1748 1363 et
1777 1309 1895 1380 ipse
1925 1308 1981 1362 in
2011 1308 2124 1363 suis

515 1394 729 1466 scriptis
779 1394 976 1449 fatetur
1008 1413 1022 1449 :
1054 1394 1203 1450 misit
1255 1395 1407 1452 illum
1452 1396 1596 1467 apud
1659 1404 1898 1452 vestram
1928 1404 2124 1454 aucto-

518 1482 754 1552 ritatem,
809 1498 898 1537 me
942 1482 1137 1551 inscio,
1184 1482 1304 1539 sine
1344 1484 1455 1539 ulla
1484 1485 1809 1541 necessitate
1840 1500 2121 1552 accusare,

517 1587 621 1642 per
668 1570 899 1626 missum
951 1587 1109 1627 suum
1157 1572 1468 1629 Celsanum.
1518 1574 1586 1629 Et
1637 1574 1915 1630 mandavit
1968 1574 2122 1643 mihi,

514 1659 660 1731 quod
710 1659 944 1715 domnus
992 1676 1089 1716 rex
1136 1676 1281 1729 eum,
1315 1669 1369 1717 et
1398 1678 1559 1718 omne
1612 1662 1951 1735 episcopium
1978 1663 2196 1748 Lau-B

514 1746 775 1803 dunensis
823 1748 1103 1818 Ecclesiae,
1153 1751 1394 1821 exceptis
1451 1750 1743 1822 principali
1789 1751 2037 1818 ecclesia,
2072 1760 2125 1807 et

514 1836 777 1908 episc0pii
819 1837 1003 1907 domo,
1054 1846 1109 1893 et
1158 1838 1396 1895 claustro
1445 1838 1695 1906 fratrum,
1746 1840 2126 1911 proscripserit

508 1931 562 1979 et
590 1922 989 1991 conﬁscaverit,
1034 1925 1164 1997 quia
1213 1926 1331 1997 ipse
1384 1927 1649 1983 saeculare
1675 1927 1940 1996 judicium
1971 1928 2124 1984 adire

510 2012 760 2068 noluerit.
792 2014 914 2085 Ego
945 2021 1128 2069 autem
1162 2013 1242 2069 illi
1268 2022 1325 2069 ut
1357 2014 1614 2086 episcOpo
1642 2016 1894 2082 credens,
1930 2016 2126 2087 scripsi

513 2100 640 2157 inde
671 2100 873 2156 domno
919 2101 1040 2173 regi
1076 2102 1254 2172 plura,
1288 2110 1342 2158 et
1370 2104 1549 2159 minus
1597 2112 1775 2170 caute,
1824 2104 2123 2175 reprehen-

514 2189 649 2244 dens
703 2189 855 2244 illum
908 2189 978 2245 de
1025 2189 1225 2259 injusto
1274 2191 1497 2260 judicio.
1549 2193 1617 2248 Et
1664 2193 1791 2265 quia
1821 2208 1930 2248 non
1960 2193 2034 2248 ita
2064 2208 2124 2248 se

514 2294 603 2333 res
649 2277 903 2344 habebat,
939 2277 1078 2334 sicut
1107 2279 1255 2335 idem
1306 2280 1631 2336 Hincmarus
1660 2280 1794 2336 mihi
1820 2281 2123 2337 mandave-

514 2373 619 2434 rat,
662 2373 715 2421 et
759 2374 953 2437 postea
999 2367 1119 2438 ipse
1165 2367 1422 2425 dixerat:
1456 2376 1734 2441 assumpto
1782 2385 1848 2425 eo
1886 2384 2120 2439 mecum,

512 2454 639 2509 veni
679 2454 748 2509 ad
795 2454 1052 2511 domuum
1103 2472 1314 2529 regem,
1361 2465 1416 2513 et
1462 2473 1571 2513 una
1627 2474 1750 2513 cum
1782 2458 2124 2529 coepiscopis

513 2541 729 2612 nostris,
782 2543 922 2599 sicut
969 2552 1148 2611 antea,
1185 2553 1237 2599 et
1265 2553 1460 2617 postea
1491 2546 1688 2617 saepius
1720 2546 1829 2618 egi,
1861 2547 2125 2603 domnum

516 2646 705 2703 regem
761 2630 813 2687 ei
866 2632 1193 2703 placabilem
1239 2632 1365 2689 feci.
1416 2635 1614 2690 Postea
1660 2652 1789 2692 vero
1835 2636 1953 2692 sine
1999 2651 2125 2692 mea

521 2718 872 2785 conscientia,
923 2720 1010 2776 vel
1051 2736 1344 2789 consensu,
1375 2722 1523 2778 misit
1552 2723 1752 2779 iterum
1783 2724 1854 2780 ad
1883 2732 2124 2781 vestram

520 2805 918 2874 auctoritatem,
950 2824 1061 2863 non
1106 2808 1284 2865 solum
1323 2827 1534 2883 regem,
1568 2812 1664 2867 sed
1696 2820 1751 2868 et
1777 2829 1865 2868 me
1894 2827 2123 2868 accusa-

521 2911 602 2962 re,
634 2894 774 2951 sicut
801 2896 859 2951 in
887 2896 1189 2953 sanctitatis
1219 2906 1411 2954 vestrae
1438 2899 1632 2955 litteris
1668 2900 1871 2956 inveni.
1905 2901 1964 2957 In
1997 2900 2123 2972 qui-

518 2982 625 3038 bus
681 2983 824 3040 inter
880 2992 1077 3041 caetera
1123 2986 1428 3042 continetur
1472 3004 1487 3042 :
1534 3010 1557 3036 «
1594 2987 1775 3057 Quare
1823 2989 2122 3044 ministerio

514 3070 653 3142 juris
685 3071 1011 3145 episcopalis
1039 3073 1094 3129 in
1124 3074 1443 3148 regionibus
1480 3076 1599 3131 istis
1628 3077 1838 3144 abutar,
1873 3085 1925 3133 et
1953 3078 2126 3133 Hinc—

519 3176 709 3217 marus
751 3177 946 3234 nepos,
980 3170 1034 3218 et
1061 3163 1374 3236 aequivocus
1420 3181 1594 3232 meus,
1628 3165 1956 3222 venerabilis
1985 3166 2128 3222 dun-

515 3256 666 3305 taxat
712 3250 1022 3322 episcopus,
1075 3251 1213 3308 sicut
1258 3253 1508 3321 audistis,
1543 3270 1654 3310 non
1692 3254 1918 3309 minima
1945 3254 2001 3309 in
2030 3270 2127 3311 ec-

518 3337 685 3394 clesia
742 3354 844 3394 sua
898 3340 1127 3395 sustinet
1182 3340 1555 3397 detrimenta:
1589 3342 1636 3397 si
1683 3359 1771 3399 me
1817 3351 2129 3414 tepescente

521 3426 726 3481 nullam
770 3426 945 3499 potuit
991 3427 1418 3485 consolationem
1466 3430 1730 3486 invenire.
1769 3451 1792 3481 ι
1829 3431 1985 3487 Unde
2006 3432 2128 3501 jure

521 3521 721 3571 vestrm
750 3515 1061 3572 auctoritati
1089 3517 1346 3589 rescripsi
1376 3517 1515 3589 (non
1548 3523 1742 3575 exstat
1774 3519 1890 3576 haec
1911 3520 2125 3593 epist),

522 3604 671 3675 quod
698 3619 810 3659 non
840 3612 924 3660 est
950 3605 1115 3661 modo
1144 3621 1373 3663 necesse
1399 3615 1667 3678 repetere.

594 3718 703 3773 Sed
730 3718 848 3789 ipse
870 3718 1192 3775 Hincmarus
1223 3721 1369 3777 unde
1400 3722 1608 3778 cautior
1636 3731 1690 3777 et
1717 3723 1974 3779 humilior
2004 3739 2127 3779 esse

524 3804 808 3873 debuerat,
860 3807 1068 3864 scilicet
1114 3809 1184 3864 de
1228 3825 1354 3865 mea
1398 3809 1813 3880 intercessione,
1860 3820 1914 3866 et
1942 3811 2130 3866 domni

523 3892 675 3968 regis
708 3894 1064 3966 benignitate,
1099 3896 1225 3953 inde
1254 3897 1426 3953 elatus
1453 3898 1509 3953 in
1538 3899 1865 3970 superbiam,
1897 3907 1951 3955 et
1978 3915 2127 3955 ama-

521 3999 617 4038 rus
646 3983 829 4039 animo
865 3982 1109 4051 effectus,
1142 4001 1253 4041 non
1300 3986 1477 4043 solum
1507 4004 1566 4043 se
1595 4003 1704 4044 non
1744 3988 1994 4057 correxit,
2028 3990 2126 4045 sed

524 4071 685 4127 malis
733 4072 924 4144 pejora
969 4090 1185 4146 semper
1233 4075 1449 4146 adjecit.
1502 4077 1573 4133 Et
1618 4077 1747 4149 quia
1786 4077 1901 4133 suis
1947 4078 2128 4149 pravis

521 4161 734 4218 actibus
779 4169 832 4218 et
879 4161 1326 4235 improbabilibus
1370 4166 1616 4222 moribus
1664 4167 1971 4223 consentire
2017 4183 2129 4224 non

520 4248 686 4320 volui,
720 4258 779 4307 et-
806 4250 1021 4308 incaute
1049 4252 1165 4308 suis
1186 4255 1488 4311 mendaciis
1516 4254 1682 4311 ﬁdem
1710 4256 2127 4313 accommodare

521 4338 689 4395 vitavi
715 4358 729 4406 ;
762 4339 872 4395 imo
893 4349 945 4396 et
976 4341 1126 4396 illum
1157 4342 1493 4414 redarguere
1521 4344 1664 4415 coepi
1696 4362 1710 4399 :
1742 4346 1905 4400 etiam
1936 4353 2128 4401 contra

522 4443 613 4483 me
658 4427 1130 4485 irremediabiliter
1178 4446 1238 4485 se
1286 4432 1616 4495 commovit;
1647 4440 1701 4487 et
1745 4433 1901 4503 plura
1932 4441 1984 4488 et
2012 4450 2128 4488 ma-

517 4516 643 4584 jora
690 4516 954 4572 scandala
1002 4524 1055 4571 et
1084 4517 1223 4588 regi,
1259 4526 1311 4573 et
1336 4535 1530 4592 regno,
1565 4528 1615 4575 et
1644 4519 1796 4589 mihi,
1848 4537 1912 4577 ac
1938 4522 2129 4594 coepi-

524 4604 707 4675 scopis
749 4604 974 4672 nostris,
1025 4613 1078 4660 et
1127 4606 1377 4663 ecclesiae
1423 4623 1537 4663 suae
1584 4616 1689 4663 tam
1718 4608 1934 4665 clericis
1966 4626 2130 4682 quam

523 4690 678 4748 laicis
707 4709 927 4764 semper
955 4693 1337 4751 accumulavit.

596 4805 668 4860 Et
694 4806 889 4861 horum
922 4808 1327 4876 scandalorum,
1362 4809 1490 4865 licet
1518 4825 1628 4865 non
1656 4810 1859 4883 apertis
1883 4813 2124 4881 vocibus,

527 4893 876 4949 scandalizati
924 4895 994 4950 ab
1049 4913 1133 4968 eo,
1184 4904 1244 4952 ut
1288 4898 1492 4963 audivi,
1539 4916 1627 4954 me
1678 4909 1956 4957 auctorem
2006 4919 2129 4958 esse

527 4981 783 5037 dicebant
824 5000 837 5038 :
880 4984 1134 5055 quoniam
1193 5002 1318 5042 eum
1374 4986 1582 5044 scilicet
1636 4998 1887 5060 nepotem
1944 5008 2128 5048 meum

527 5078 845 5151 episcopum
876 5081 1277 5139 ordinaveram.
1310 5085 1433 5140 Non
1475 5087 1833 5157 attendentes,
1867 5089 1989 5160 quia
2018 5106 2130 5145 non

524 5182 585 5230 ut
624 5176 819 5233 Judam
865 5178 1093 5235 electum
1140 5184 1399 5253 praesenti
1446 5183 1656 5253 justitia
1695 5186 2022 5256 apostolum,
2076 5196 2130 5243 et

530 5273 656 5330 Saul
702 5290 886 5348 regem
944 5283 1134 5347 postea
1190 5280 1562 5350 reprobatum,
1611 5281 1681 5337 de
1722 5298 1830 5353 quo
1864 5282 2128 5353 scriptum

528 5380 610 5427 est
633 5389 647 5427 :
672 5375 810 5430 Erat
829 5377 916 5432 vir
930 5376 1143 5433 electus
1164 5382 1221 5433 et
1239 5379 1432 5447 bonus,
1454 5384 1510 5436 et
1526 5397 1640 5438 non
1661 5385 1787 5437 erat
1804 5382 1890 5437 vir
1904 5382 1970 5437 de
1988 5381 2127 5450 ﬁliis

529 5470 704 5527 Israel
723 5473 928 5529 melior
950 5473 1051 5531 illo
1080 5476 1133 5544 (ι
1146 5477 1271 5548 Reg.
1292 5476 1396 5549 1x).
1430 5478 1578 5533 Deus
1605 5477 1788 5533 omnia
1821 5478 2002 5534 sciens
2030 5494 2126 5534 or-

528 5568 752 5639 dinavit,
784 5577 838 5626 et
882 5569 1016 5626 nihil
1060 5571 1235 5645 culpa
1271 5576 1554 5643 contraxit,
1586 5577 1715 5648 quia
1754 5592 1986 5648 peccare
2016 5591 2128 5631 non

2220 424 2382 479 istum
2408 442 2510 496 per
2563 426 3033 497 improvidentiam
3060 426 3324 496 ordinavi,
3357 434 3409 482 et
3439 426 3608 482 divini
3632 427 3822 495 judicii

2220 529 2331 568 non
2359 513 2541 583 injusti
2587 515 2834 569 minister
2880 515 3057 571 exstiti
3093 533 3105 569 :
3138 515 3283 586 quia,
3315 514 3455 571 sicut
3485 515 3670 584 timeo,
3700 514 3821 569 aliis

2219 601 2459 671 peccatis
2487 603 2622 657 meis
2650 603 2756 658 hoc
2788 619 2909 658 esse
2938 604 3232 674 promerui.
3266 602 3585 675 Quanquam
3615 610 3669 658 et
3699 618 3825 657 san-

2221 690 2293 744 cti
2334 690 2566 761 apostoli
2611 706 2736 747 cum
2779 692 2837 745 B.
2889 692 3182 762 Stephano,
3231 698 3285 746 et
3313 691 3431 745 aliis
3477 691 3819 760 diaconibus,

2220 777 2504 833 Nicolaum
2550 777 2943 844 ordinaverint,
2995 795 3098 836 nec
3139 787 3319 834 tamen
3366 779 3523 835 dictis
3571 787 3624 835 et
3665 778 3824 835 factis

2222 866 2364 921 illius
2397 866 2847 938 improbabilibus
2871 876 3064 939 postea
3090 867 3409 934 manifestis,
3433 884 3534 939 per
3562 884 3823 922 manuum

2224 971 2446 1010 suarum
2495 955 2897 1027 impositionem
2943 956 3473 1013 communicaverunt
3512 957 3665 1027 .(Act.
3718 956 3821 1027 γι).

2224 1042 2374 1098 Sicut
2410 1059 2512 1099 nec
2560 1044 2780 1100 Samuel
2822 1044 3036 1116 culpam
3081 1045 3349 1100 contraxit
3387 1045 3444 1099 in
3481 1044 3826 1100 ordinatione

2225 1130 2355 1186 Saul
2404 1149 2417 1185 :
2467 1148 2629 1203 quem
2667 1132 2854 1188 divina
2890 1132 3136 1202 jussione
3165 1149 3198 1188 a
3228 1149 3287 1188 se
3336 1133 3664 1201 ordinatum,
3714 1140 3767 1189 et
3795 1148 3828 1187 a

2223 1219 2456 1275 Domino
2510 1229 2700 1291 postea
2753 1221 3022 1291 abjectum
3077 1221 3378 1277 diutissime
3432 1221 3599 1288 ﬂevit,
3656 1220 3828 1277 veluti

2225 1323 2384 1364 sacra
2412 1316 2599 1363 narrat
2625 1308 2849 1364 historia
2877 1310 2927 1380 (Ι
2953 1313 3078 1381 Reg.
3109 1310 3231 1377 xv).
3268 1309 3407 1378 Quia
3455 1318 3637 1365 autem
3666 1310 3826 1366 dice-

2224 1391 2355 1446 bant
2383 1393 2528 1463 quod
2572 1401 2828 1463 nepotem
2872 1410 3054 1455 meum
3083 1394 3396 1465 episcopum
3428 1394 3823 1461 ordinaverim,

2224 1496 2334 1535 non
2373 1481 2726 1536 attendebant
2772 1482 2900 1552 quia
2946 1490 2999 1537 et
3046 1482 3138 1537 alii
3180 1500 3281 1554 per
3309 1499 3397 1553 me
3427 1490 3553 1537 sunt
3581 1482 3829 1554 episcopi

2225 1568 2475 1635 ordinati,
2511 1569 2601 1640 qui
2631 1585 2740 1625 non
2767 1577 2892 1624 sunt
2920 1570 3051 1625 mihi
3081 1587 3245 1626 carne
3274 1571 3595 1643 propinqui:
3621 1579 3673 1626 et
3702 1571 3827 1643 quia

2225 1672 2335 1711 non
2363 1656 2588 1727 impedit
2616 1658 2685 1711 ad
2733 1674 3060 1730 quemquam
3090 1659 3453 1714 ordinandum
3481 1659 3664 1715 carnis
3692 1675 3825 1730 pro-

2224 1744 2515 1816 pinquitas,
2574 1746 2621 1799 si
2677 1745 3011 1800 ordinandus
3067 1745 3228 1801 fuerit
3271 1748 3495 1815 electus,
3545 1756 3595 1802 et
3623 1748 3826 1818 petitus

2225 1833 2528 1889 secundum
2559 1833 2963 1891 ecclesiasticas
2989 1834 3229 1907 regulas.
3285 1837 3427 1891 Nam
3449 1844 3501 1890 et
3531 1836 3825 1895 Dominum

2224 1937 2258 1976 a
2287 1937 2412 1993 quo,
2445 1929 2498 1976 et
2524 1938 2625 1992 per
2672 1938 2833 1993 quem
2883 1922 3045 1993 coepit
3093 1923 3454 1994 episcopatus,
3507 1939 3674 1980 carne
3721 1922 3826 1978 sibi

2224 2009 2564 2081 propinquos
2593 2010 2830 2082 legimus
2858 2010 3141 2066 ordinasse
3170 2012 3478 2083 episcopos.

2298 2099 2407 2153 Sed
2448 2098 2574 2153 licet
2616 2098 2673 2152 in
2702 2099 2807 2154 isto
2844 2108 3042 2171 nepote
3071 2116 3195 2155 meo
3223 2100 3433 2174 egerim
3462 2100 3607 2156 unde
3633 2088 3844 2174 gemo,-

2226 2186 2352 2259 quia
2397 2187 2584 2242 nescio
2632 2186 2866 2258 qualiter
2911 2187 2981 2243 de
3011 2188 3135 2254 hoc,
3169 2196 3222 2243 et
3252 2189 3320 2244 de
3349 2188 3471 2243 aliis
3498 2189 3637 2245 meis
3664 2189 3824 2245 factis

2228 2276 2496 2331 terribilis
2538 2277 2601 2331 in
2644 2276 2899 2332 consiliis
2936 2292 3105 2349 super
3134 2277 3283 2346 ﬁlios
3318 2278 3611 2334 hominum
3644 2278 3819 2349 (Psal.

2225 2366 2359 2435 va)
2388 2364 2445 2418 in
2472 2364 2684 2419 occulto
2714 2379 2812 2419 suo
2828 2364 3058 2433 judicio,
3087 2367 3183 2436 qui
3197 2366 3388 2437 posuit
3419 2367 3675 2422 tenebras
3699 2368 3829 2422 lati-

2226 2453 2423 2508 bulum
2443 2470 2612 2508 suum
2629 2453 2803 2521 (Psal.
2831 2453 2975 2523 xvn)
2999 2452 3285 2523 disponet:
3311 2453 3425 2510 scio
3446 2462 3631 2509 tamen
3650 2454 3824 2509 omni-

2224 2548 2498 2612 potentem
2520 2541 2859 2606 advocatum,
2882 2549 2936 2596 et
2953 2541 3361 2597 misericordem
3376 2542 3636 2613 judicem,
3662 2565 3685 2594 ι
3700 2551 3823 2598 ante

2226 2645 2387 2700 quem
2418 2637 2500 2685 est
2529 2645 2689 2685 omne
2717 2629 3047 2684 desiderium
3084 2646 3263 2685 meum
3319 2639 3372 2685 et
3403 2632 3638 2704 gemitus
3668 2648 3821 2687 meus

2226 2732 2335 2773 non
2382 2725 2466 2773 est
2511 2717 2863 2773 absconditus
2909 2718 3084 2787 (Psal.
3134 2719 3383 2790 xxxvn).
3430 2740 3452 2769 ι
3502 2720 3823 2775 Consolatur

2226 2805 2372 2860 enim
2402 2821 2511 2872 me,
2546 2805 2674 2876 quia
2712 2805 2898 2876 recepi
2925 2822 3025 2877 pro
3052 2806 3145 2861 illo
3174 2815 3228 2862 et
3254 2823 3352 2877 per
3379 2806 3533 2862 illum
3561 2806 3818 2879 duplicia.

2226 2892 2495 2961 Quoniam
2526 2893 2666 2948 sicut
2694 2902 2913 2950 sanctus
2943 2894 3074 2950 dicit
3102 2895 3405 2968 Gregorius
3429 2913 3443 2949 :
3471 2917 3495 2946 ι
3522 2895 3675 2965 Quos
3703 2896 3823 2967 plus

2227 2982 2438 3037 caeteris
2466 2981 2763 3052 diligimus,
2799 2998 2921 3038 cum
2952 2983 3021 3038 ab
3050 2983 3129 3038 eis
3158 2984 3393 3039 adversa
3419 2984 3678 3055 patimur,
3712 3001 3826 3040 ma-

2155 3038 2204 3101 Ο
2221 3070 2400 3140 jorem
2447 3069 2691 3125 dolorem
2722 3070 2870 3126 mala
2915 3071 3074 3126 nobis
3100 3071 3376 3144 ingerunt,
3411 3088 3573 3145 quam
3604 3089 3725 3145 quae
3755 3073 3825 3129 ab

2228 3157 2466 3214 externis
2510 3158 2862 3214 inferuntur:
2896 3167 2950 3215 et
2975 3160 3098 3231 plus
3144 3160 3199 3215 in
3241 3161 3399 3217 nobis
3440 3177 3508 3218 ea
3554 3170 3825 3218 tormenta

2226 3246 2453 3302 saeviunt
2477 3263 2599 3319 quae
2627 3247 2694 3301 ab
2724 3246 2831 3302 illis
2876 3248 3130 3319 patimur,
3182 3249 3252 3304 de
3296 3265 3525 3321 quorum
3550 3251 3827 3306 mentibus

2226 3335 2688 3407 praesumebamus
2711 3354 2726 3404 ;
2760 3335 2886 3408 quia
2918 3352 3044 3392 cum
3068 3338 3267 3393 damno
3289 3339 3536 3410 corporis
3556 3339 3701 3395 mala
3721 3355 3823 3396 nos

2226 3424 2467 3480 cruciant
2510 3425 2726 3481 amissaa
2772 3424 3070 3481 charitatis.
3117 3426 3254 3482 Hinc
3283 3436 3365 3482 est
3403 3427 3549 3482 enim
3581 3428 3726 3500 quod
3753 3429 3825 3484 de

2225 3512 2362 3567 Juda
2390 3513 2645 3569 traditore
2690 3528 2789 3569 suo
2831 3530 2932 3585 per
2975 3514 3314 3585 psalmistam
3354 3516 3618 3571 Dominus
3646 3517 3823 3574 dicit:

2225 3602 2297 3657 Et
2312 3603 2533 3673 quidem
2556 3604 2605 3658 si
2622 3604 2891 3659 inimicus
2910 3620 3069 3659 meus
3089 3604 3486 3661 maledixisset
3504 3606 3669 3673 mihi,
3691 3623 3828 3662 sus-

2228 3692 2529 3746 tinuissem
2561 3692 2784 3763 utique;
2808 3696 2864 3747 et
2882 3693 2935 3747 si
2965 3694 3015 3748 is
3044 3693 3140 3765 qui
3176 3693 3371 3748 oderat
3402 3710 3508 3759 me,
3551 3711 3826 3767 superme

2225 3795 2436 3851 magna
2459 3780 2678 3835 locutus
2695 3780 2919 3850 fuisset,
2944 3781 3352 3838 abscondissem
3371 3799 3460 3838 me
3489 3784 3737 3855 forsitan
3757 3783 3826 3840 ab

2226 3883 2307 3924 eo.
2336 3868 2412 3922 Tu
2426 3883 2556 3923 vero
2594 3868 2753 3924 homo
2774 3871 3086 3939 unanimis,
3107 3870 3228 3926 dum
3260 3888 3439 3939 meus,
3463 3872 3560 3944 qui
3578 3876 3636 3927 et
3651 3876 3824 3930 notus

2225 3972 2405 4021 meus,
2427 3957 2603 4011 simul
2623 3973 2846 4013 mecum
2884 3957 3075 4014 dulces
3101 3960 3354 4029 cupiebas
3370 3961 3515 4016 cibos
3537 3979 3556 4016 :
3571 3962 3636 4015 in
3664 3960 3826 4017 domo

2225 4045 2455 4101 Domini
2488 4044 2902 4102 ambulavimus
2939 4064 3069 4103 cum
3089 4063 3368 4104 consensu
3391 4048 3566 4120 (Psal.
3586 4051 3724 4120 LIV),
3758 4050 3828 4105 Et

2226 4148 2443 4188 rursum
2468 4134 2670 4190 :Homo
2708 4135 2866 4207 pacis
2905 4151 3044 4191 meae
3080 4136 3143 4191 in
3172 4153 3275 4209 quo
3313 4137 3624 4210 sperabam,
3655 4142 3712 4194 et
3730 4140 3828 4211 qui

2226 4221 2421 4278 edebat
2432 4238 2610 4294 panes
2644 4238 2813 4290 meos,
2838 4225 3228 4296 magniﬁcavit
3244 4226 3541 4282 adversum
3573 4244 3665 4283 me
3684 4244 3825 4300 sup-

2226 4311 2644 4383 plantationem
2693 4312 2865 4381 (Psal.
2906 4313 3022 4384 xc).
3070 4333 3092 4363 ι
3128 4315 3207 4369 Ac
3238 4314 3285 4368 si
3317 4315 3386 4370 de
3422 4315 3682 4371 traditore
3722 4330 3824 4371 suo

2155 4394 2208 4456 D
2226 4398 2428 4470 apertis
2449 4400 2673 4455 vocibus
2690 4400 2834 4456 dicat
2854 4419 2867 4455 :
2888 4401 3377 4475 transgressionem
3395 4403 3510 4472 ejus
3530 4411 3678 4459 tanto
3697 4420 3826 4477 gra-

2227 4488 2348 4544 vius
2374 4489 2589 4560 pertuli,
2622 4497 2825 4561 quanto
2851 4490 2989 4546 hanc
3020 4490 3089 4545 ab
3119 4506 3184 4546 eo
3214 4491 3307 4562 qui
3334 4507 3491 4547 meus
3518 4508 3642 4547 esse
3671 4492 3825 4548 vide-

2228 4577 2403 4644 batur,
2440 4578 2606 4634 sensi.

2298 4684 2398 4740 Cui
2427 4685 2597 4741 multa
2626 4692 2677 4741 et
2694 4684 3060 4757 multipliciter
3077 4693 3134 4741 ut
3157 4702 3216 4742 se
3242 4688 3557 4760 corrigeret,
3589 4688 3785 4760 scripsi
3809 4705 3824 4745 :

2229 4790 2350 4844 quae
2379 4774 2426 4828 si
2454 4773 2508 4828 in
2537 4790 2702 4829 unum
2732 4788 2933 4845 corpus
2953 4774 3151 4830 fuerint
3178 4785 3531 4849 congregata,
3554 4794 3663 4833 non
3693 4785 3824 4848 puto

2226 4862 2451 4917 minoris
2496 4861 2611 4917 fore
2653 4862 2967 4931 voluminis,
3021 4880 3182 4935 quam
3229 4864 3467 4937 quinque
3522 4873 3647 4920 sunt
3703 4865 3826 4921 libri

2228 4950 2421 5022 Moysi.
2461 4952 2529 5005 Et
2574 4951 2698 5007 ideo
2726 4953 2795 5007 ad
2840 4952 3190 5009 scribendum
3220 4952 3299 5008 illi
3327 4970 3416 5009 me
3444 4955 3666 5022 contuli,
3702 4956 3825 5027 quia

2228 5038 2458 5095 suti'erre
2487 5056 2596 5095 non
2643 5049 2876 5112 poterat,
2911 5058 3031 5113 quae
3060 5041 3137 5096 illi
3166 5058 3197 5097 a
3223 5059 3312 5098 me
3340 5043 3681 5099 dicebantur.
3718 5044 3823 5100 Sed

2227 5143 2330 5183 nec
2358 5128 2426 5182 de
2455 5129 2565 5184 ullo
2612 5130 2831 5186 homine
2864 5131 3135 5201 patienter
3173 5132 3379 5203 aliquid
3403 5141 3584 5203 potest
3610 5133 3820 5197 audire,

2226 5223 2284 5271 ut
2303 5233 2520 5289 semper
2538 5234 2646 5274 non
2675 5219 2793 5290 ipse
2821 5219 3073 5291 loquatur
3097 5220 3235 5285 ;nisi
3255 5236 3321 5275 ea
3339 5221 3417 5275 illi
3447 5221 3569 5293 quis
3597 5222 3822 5291 dixerit,

2228 5322 2350 5376 qua:
2376 5306 2433 5360 in
2463 5323 2562 5363 suo
2590 5308 2752 5365 corde
2778 5316 3087 5364 versantur.
3121 5309 3318 5364 Contra
3346 5326 3468 5381 quas
3497 5311 3657 5366 etiam
3688 5311 3825 5367 scri-

2225 5400 2317 5464 pta
2344 5393 2460 5465 ipse
2502 5396 2667 5451 multa
2707 5396 3095 5468 multipliciter,
3130 5406 3183 5452 et
3212 5398 3646 5454 irrationabiliter
3693 5398 3825 5453 mihi

2226 5483 2505 5554 rescripsit
2537 5502 2550 5539 :
2585 5485 2778 5541 nolens
2808 5502 2869 5539 ea
2901 5502 3022 5557 quae
3050 5486 3129 5541 illi
3159 5486 3470 5542 scribebam
3513 5488 3590 5542 sic
3619 5486 3824 5542 intelli-

2225 5595 2374 5652 gere,
2409 5582 2545 5638 sicut
2583 5583 2786 5655 scripta
2832 5591 2985 5638 erant
3019 5602 3031 5639 :
3064 5585 3163 5641 sed
3206 5601 3314 5655 me,
3363 5593 3416 5640 et
3457 5585 3579 5657 ipsa
3622 5584 3825 5657 scripta
