4174 6296
337 251 444 306 645

981 249 1225 308 OPUSC.
1282 249 1374 305 ET
1417 249 1638 306 EPIST.
1696 249 1770 304 IN
1843 244 2074 303 CAUSA
2118 247 2461 307 HINCMARI
2506 251 2810 308 LAUDUN.

3539 254 3642 310 646

333 373 761 445 reprehendere,
793 381 846 429 et
888 373 1230 442 calumniari,
1280 382 1441 447 atque
1489 373 1751 430 refellere
1789 371 1950 427 labo-
1974 369 2028 431 A
2049 371 2268 445 pinquis
2299 382 2351 430 et
2375 375 2646 431 extraneis
2681 394 2695 441 ;
2727 391 2839 430 non
2884 382 3065 430 tamen
3093 389 3198 446 pro
3219 374 3411 432 eadem
3459 375 3650 431 chari-

342 462 520 517 rabat.

409 551 516 605 Per
561 567 684 622 quae
738 549 1050 624 intelligens
1094 550 1248 605 illum
1310 567 1435 606 esse
1489 549 1941 622 incorrigibilcm,

339 638 505 693 statui
533 638 588 693 in
610 639 778 694 corde
805 638 1190 706 meo,ulterius
1218 655 1306 694 me
1336 639 1480 710 apud
1508 638 1656 692 illum
1675 653 1787 692 non
1837 637 1946 692 ina-

337 727 484 782 niter
513 726 886 782 laboraturum
919 745 932 781 :
982 727 1175 783 videns
1204 726 1259 782 in
1299 742 1364 782 eo
1393 725 1626 797 impleri,
1679 725 1826 798 quod
1876 725 1946 780 de

341 815 578 870 Domino
642 815 927 886 psalmista
966 815 1137 870 dicit:
1174 817 1554 872 Immissiones
1575 831 1680 887 per
1721 815 1947 886 angelos

339 905 542 970 malos,
577 905 728 960 viam
751 905 894 976 fecit
919 907 1140 960 semitae
1184 906 1287 960 ira:
1321 921 1438 960 suae
1476 903 1652 974 (Psal.
1699 902 1944 970 Lxxvn).

347 1013 370 1043 α
407 992 533 1059 Cor,
568 991 743 1063 inquit
775 991 1096 1066 Gregorius,
1131 992 1395 1047 Dominus
1422 991 1696 1062 prioribus
1737 990 1948 1046 meritis

339 1087 722 1154 aggravatum,
749 1079 897 1150 juste
947 1079 1209 1151 permittit
1263 1080 1429 1136 etiam
1487 1079 1950 1152 subsequentibus

341 1168 706 1242 malignorum
760 1168 1042 1240 spirituum
1094 1167 1538 1240 persuasionibus
1610 1167 1768 1222 falli:
1804 1167 1952 1240 quod

343 1257 476 1312 dum
507 1257 675 1330 digne
721 1257 776 1311 in
808 1256 970 1328 culpa
1000 1256 1249 1326 trahitur,
1298 1265 1484 1312 reatus
1532 1256 1645 1326 jam
1696 1257 1752 1311 in
1786 1271 1952 1328 paena

345 1344 676 1402 cumulatur.
710 1345 866 1400 Unde
894 1352 948 1400 et
982 1343 1080 1400 irae
1111 1362 1222 1401 sua:
1251 1345 1486 1400 Domino
1536 1345 1681 1400 viam
1720 1343 1902 1400 facere
1934 1364 1948 1412 ;

347 1441 432 1490 est
463 1433 520 1488 in
549 1449 646 1489 eos
678 1433 771 1504 qui
802 1433 998 1504 punire
1036 1432 1090 1487 in
1123 1449 1182 1489 se
1225 1449 1422 1489 causas
1453 1441 1598 1489 recte
1639 1433 1950 1500 noluerunt,

345 1521 593 1578 districle
624 1520 924 1590 judicando
956 1520 1184 1576 dilatare
1217 1539 1231 1576 :
1263 1529 1323 1576 ut
1353 1521 1445 1593 qui
1471 1520 1758 1576 illuminati
1785 1537 1952 1595 agere

347 1618 500 1666 recta
528 1609 840 1680 noluerunt,
883 1609 1026 1679 juste
1073 1609 1263 1666 caecati
1320 1609 1500 1666 adhuc
1555 1609 1756 1666 faciant
1809 1611 1954 1666 unde

345 1698 577 1770 amplius
598 1698 777 1770 puniri
805 1704 1134 1754 mereantur.
1168 1699 1249 1754 De
1280 1697 1476 1770 quibus
1523 1697 1655 1754 dicit
1711 1701 1950 1770 Aposto-

346 1788 436 1843 lus
465 1805 480 1842 :
518 1789 584 1845 Ut
613 1788 892 1853 impleant
913 1791 1150 1860 peccata
1181 1804 1285 1844 sua
1315 1803 1538 1859 semper
1573 1786 1626 1857 (Ι
1655 1789 1836 1844 Thess.
1862 1787 1946 1859 ιι).

345 1877 417 1931 Et
444 1875 571 1932 hinc
599 1891 735 1932 voce
765 1875 949 1948 angeli
964 1875 1032 1930 ad
1059 1877 1326 1930 Joannem
1346 1875 1554 1930 dicitur
1574 1893 1588 1930 :
1611 1875 1718 1943 Qui
1762 1880 1950 1945 nocet,

348 1969 550 2021 noceat
571 1963 756 2020 adhuc
776 1985 794 2031 ;
813 1965 976 2036 etqui
1002 1965 1065 2019 in
1085 1964 1338 2020 sordibus
1356 1963 1754 2030 est,sordescat
1768 1964 1954 2021 adhuc

348 2053 537 2126 (Apoc.
571 2054 736 2123 xxii).
755 2053 824 2107 Et
853 2051 981 2108 hinc
997 2051 1171 2108 David
1191 2052 1266 2108 ait
1295 2069 1308 2106 :
1343 2053 1565 2125 Appone
1588 2054 1954 2125 iniquitatem

350 2157 522 2214 super
537 2141 905 2214 iniquitatem
921 2157 1136 2207 eorum,
1163 2144 1220 2196 et
1241 2157 1357 2197 non
1379 2142 1600 2196 intrent
1626 2142 1688 2196 in
1717 2143 1954 2214 justitia

353 2234 456 2285 tua
474 2229 650 2302 (Psal.
669 2231 890 2300 vam).
911 2229 980 2284 Et
1001 2229 1128 2284 hinc
1156 2245 1258 2300 per
1291 2229 1516 2301 Moysen
1545 2228 1744 2284 dicitur
1765 2247 1779 2283 :
1797 2231 1952 2288 Non-

351 2318 486 2373 du.n
503 2318 783 2390 completa
793 2321 933 2373 sunt
938 2321 1177 2390 peccata
1189 2317 1812 2388 Amorrhazorum(6en.
1828 2319 1953 2389 xv).

355 2405 496 2462 Hinc
517 2423 619 2478 per
650 2407 909 2461 eumdem
937 2407 1162 2478 Moysen
1182 2405 1449 2461 Dominus
1479 2405 1610 2462 dicit
1631 2422 1644 2460 :
1663 2408 1752 2462 Ea:
1788 2408 1954 2463 vinea

352 2497 510 2552 enim
532 2495 920 2561 Sodomorum,
940 2495 1072 2551 vitis
1089 2511 1283 2551 eorum
1302 2515 1320 2563 ;
1335 2499 1392 2550 et
1415 2511 1654 2568 propago
1669 2511 1862 2552 eorum
1879 2512 1954 2551 ex

357 2583 685 2640 Gomorrha.
713 2585 820 2640 Uva
833 2599 1028 2640 eorum
1044 2599 1154 2638 uva
1182 2583 1354 2654 fellis,
1377 2587 1435 2638 et
1461 2583 1652 2639 botrus
1680 2585 1956 2640 amaritu-

360 2671 515 2728 dinis
544 2671 701 2744 ipsis.
735 2672 916 2728 Furor
930 2671 1240 2728 draconum
1253 2673 1452 2727 vinum
1483 2687 1696 2738 eorum,
1715 2675 1772 2727 et
1791 2687 1954 2728 vene-

354 2777 499 2816 num
517 2759 782 2833 aspidum
809 2760 1148 2816 insanabile.
1181 2760 1376 2816 Nonne
1405 2759 1521 2816 haec
1551 2760 1779 2817 condita
1817 2763 1958 2816 sunt

357 2849 510 2920 apud
535 2864 646 2918 me,
683 2851 740 2904 et
755 2849 980 2920 signata
991 2849 1056 2903 in
1073 2848 1356 2904 thesauris
1371 2847 1556 2904 meis?
1582 2847 1648 2903 In
1659 2848 1749 2904 die
1776 2848 1956 2905 ultio-

351 2939 446 2994 nis
459 2937 690 2993 reddam
705 2937 785 2992 eis
802 2936 988 3009 (Deut.
1009 2935 1293 3007 xxxn).Et
1313 2935 1442 3008 quia
1457 2935 1623 2991 multa
1634 2952 1827 2992 eorum
1848 2951 1958 2990 ma-

353 3025 407 3080 la
433 3024 684 3094 narravit,
716 3032 897 3080 tamen
924 3025 1069 3080 illico
1108 3025 1373 3095 adjunxit.
1402 3025 1470 3080 In
1491 3026 1955 3098 temporequola-

353 3131 490 3189 psus
509 3115 691 3186 fuerit
706 3129 803 3188 pes
813 3130 1008 3171 eorum
1019 3112 1299 3185 (ibid.).Et
1311 3113 1646 3170 atrocissima
1657 3119 1882 3185 peccata
1891 3112 1956 3167 il-

353 3203 536 3259 lorum
556 3203 939 3259 describuntur
955 3220 968 3256 :
983 3209 1036 3257 et
1053 3210 1238 3258 tamen
1252 3202 1324 3257 ad
1348 3201 1569 3257 ultionis
1596 3203 1744 3258 diem
1771 3201 1956 3258 adhuc

353 3292 700 3364 subsequens
739 3291 928 3363 lapsus
970 3289 1306 3362 adipiscitur,
1364 3307 1472 3364 quo
1536 3305 1726 3346 eorum
1781 3289 1957 3361 culpae

356 3381 720 3438 cumulentur.
752 3381 966 3436 Habent
1001 3380 1118 3449 jam
1163 3379 1404 3452 quidem,
1462 3379 1608 3434 unde
1638 3377 1788 3434 feriri
1832 3395 1954 3434 me-

357 3477 585 3527 reantur
625 3485 638 3525 :
684 3469 783 3525 sed
837 3468 1132 3524 sustinetur
1200 3475 1385 3525 tamen
1439 3467 1616 3524 adhuc
1667 3473 1958 3540 peccatum

356 3575 633 3626 crescens,
661 3566 719 3614 ut
744 3565 1033 3630 peccantes
1060 3555 1236 3629 possit
1259 3555 1440 3612 acrior
1467 3555 1623 3628 culpa
1655 3555 1954 3612 cumulare.

361 3649 483 3704 Jam
515 3655 753 3704 meretur
773 3645 1099 3718 supplicium
1113 3653 1420 3718 peccatum,
1440 3653 1494 3701 et
1527 3660 1693 3702 causa
1711 3643 1955 3716 peccati:

359 3736 460 3792 sed
491 3743 837 3808 exspectatur
863 3735 1062 3802 adhuc,
1078 3742 1137 3790 ut
1164 3742 1517 3808 augmentum
1544 3732 1794 3805 supplicii
1821 3732 1956 3788 sub-

361 3833 524 3899 roget
549 3831 835 3896 peccatum
863 3831 917 3879 et
943 3839 1108 3895 poena
1135 3822 1368 3895 peccati.
1401 3821 1535 3892 Quae
1579 3821 1636 3876 in
1680 3821 1774 3877 illo
1803 3836 1959 3877 com-

360 3913 504 3986 pleri
533 3913 744 3982 videns,
777 3929 879 3984 pro
907 3911 1130 3968 modulo
1168 3927 1293 3968 meo
1348 3911 1504 3984 sequi
1556 3909 1776 3967 decrevi
1814 3908 1961 3982 quod

360 4001 628 4058 Dominus
647 4001 778 4058 dicit
809 4001 965 4058 :Non
993 4001 1212 4056 audivit
1266 4001 1504 4073 populus
1558 3991 1720 4057 meus
1772 4015 1962 4056 vocem

363 4107 572 4159 meam,
606 4095 662 4148 et
673 4091 975 4148 Israelnon
993 4089 1246 4146 intendit
1267 4089 1415 4145 mihi
1429 4093 1513 4144 :et
1539 4089 1735 4144 dimisi
1762 4103 1851 4144 eos
1875 4103 1962 4143 se-

363 4180 618 4238 cundum
647 4179 928 4236 desideria
945 4179 1130 4236 cordis
1158 4194 1352 4234 eorum
1369 4196 1386 4232 :
1405 4178 1573 4233 ibunt
1601 4177 1662 4232 in
1683 4175 1962 4231 adinven-

370 4270 622 4326 tionibus
653 4269 776 4325 suis
805 4269 982 4339 (Psal.
1015 4266 1339 4335 Lxxx).Et:
1371 4266 1565 4323 Vocavi
1583 4268 1642 4320 et
1667 4263 1962 4333 renuistis,

366 4361 426 4414 et
451 4358 793 4430 despexistis
815 4373 981 4413 omne
998 4356 1304 4413 consilium
1319 4370 1530 4424 meum,
1555 4357 1611 4410 et
1625 4353 1968 4424 increpatio-

365 4464 468 4504 nes
493 4463 646 4502 meas
674 4447 1033 4518 neglexistis.
1076 4445 1376 4501 Comedent
1405 4444 1584 4516 igitur
1627 4439 1953 4510 hujusmodi,
1975 4433 2030 4496 D

366 4538 595 4608 fructus
628 4536 732 4592 viae
765 4551 902 4602 sure,
942 4536 1168 4607 suisque
1235 4533 1492 4590 consiliis
1544 4531 1962 4590 saturabuntur

371 4625 558 4695 (Prov.
591 4623 652 4695 ι).
692 4647 714 4671 ιι

439 4713 508 4768 Et
528 4712 652 4784 quia
681 4711 798 4782 ipse
829 4711 1094 4767 Dominus
1115 4709 1246 4766 dicit
1267 4728 1280 4765 :
1305 4711 1366 4766 Si
1375 4711 1572 4767 oculus
1588 4712 1719 4764 tuus
1735 4707 1958 4773 dexter,

367 4802 680 4858 velmanus
701 4805 797 4857 tua
818 4801 1056 4856 dextera
1067 4799 1424 4856 scandalizat
1446 4803 1518 4865 te,
1539 4798 1752 4870 profice
1772 4813 1838 4852 ea
1866 4796 1962 4851 abs

369 4891 736 4960 te(Matth.v)
769 4907 784 4944 :
817 4897 871 4944 et
899 4888 1053 4944 odire
1081 4903 1182 4944 nos
1214 4887 1494 4958 proximos
1524 4893 1742 4942 nostros
1770 4882 1963 4956 praeci-

367 4978 464 5050 pit,
497 4977 678 5034 adhuc
709 4986 890 5033 autem
947 4985 1000 5032 et
1037 4975 1276 5030 animam
1327 4983 1569 5038 nostram
1626 4975 1783 5045 (Luc.
1814 4971 1958 5041 xxv).

365 5067 523 5122 Unde
550 5067 740 5122 beatus
759 5065 890 5122 dicit
919 5063 1218 5134 Gregorius
1251 5063 1468 5134 (homil.
1515 5066 1582 5118 57
1612 5063 1676 5117 in
1721 5059 1962 5132 Evang.)

367 5155 495 5227 quia
527 5155 796 5210 amandus
825 5153 1049 5226 quilibet
1063 5153 1120 5206 in
1148 5153 1252 5208 hoc
1273 5151 1478 5206 mundo
1522 5151 1682 5206 nobis
1727 5157 1810 5204 est
1856 5149 1963 5203 ad-

365 5243 681 5300 versarius:
713 5243 810 5298 sed
845 5243 901 5297 in
930 5242 1022 5297 via
1067 5240 1162 5296 Dei
1204 5239 1506 5296 contrarius
1552 5255 1662 5294 non
1702 5237 1964 5292 amandus

367 5340 454 5389 est
480 5332 658 5402 nobis,
691 5333 856 5388 etiam
884 5329 1184 5403 proximus.
1247 5327 1388 5396 Quia
1415 5328 1542 5384 licet
1587 5326 1804 5382 amandi
1859 5325 1966 5381 sint

367 5427 619 5499 proximi,
655 5435 709 5482 et
743 5425 1113 5498 impendenda
1157 5421 1395 5479 charitas
1441 5420 1718 5488 omnibus,
1749 5426 1804 5476 et
1830 5434 1965 5490 pro-

2046 469 2154 516 tate
2183 462 2236 516 in
2267 462 2368 518 Dei
2394 469 2477 518 est
2506 478 2694 518 amore
2735 461 3082 518 ﬂectendum.
3135 463 3274 534 Quia
3301 479 3404 534 pro
3445 461 3641 519 affectu

2045 551 2270 617 carnali,
2303 551 2443 606 sicut
2473 567 2575 608 nec
2611 566 2794 607 vaccae
2825 551 3100 623 quondam
3138 560 3416 624 portantes
3453 567 3641 609 arcam

2047 639 2382 709 Bethsames,
2415 655 2524 694 non
2553 638 2827 695 declinant
2847 655 2880 694 a
2911 647 3058 696 recto
3088 639 3279 696 itinere
3297 641 3349 711 (Ι
3373 643 3500 712 Reg.
3532 640 3636 711 vi),

2047 727 2142 800 qui
2169 743 2344 783 arcam
2366 727 2466 782 Dei
2497 735 2712 799 portant
2741 728 2796 782 in
2827 735 3009 783 mente
3043 746 3056 784 :
3090 735 3485 802 cognoscentes
3513 727 3642 800 quia

2048 815 2358 886 compassio
2387 815 2670 886 proximis,
2693 823 2746 871 et
2774 815 3039 871 rectitudo
3054 816 3281 884 debetur
3309 815 3472 872 vitiis.
3507 814 3642 884 Quae

2048 904 2255 961 idcirco
2273 912 2471 961 vestrae
2493 905 2857 961 sanctissimae
2885 904 3194 960 auctoritati
3220 903 3486 971 scribens,
3537 890 3643 959 do-

2053 993 2171 1048 lore
2203 993 2388 1048 cordis
2431 992 2781 1060 constrictus,
2821 992 2890 1047 de
2937 992 3031 1049 illo
3086 1009 3190 1064 per
3232 1007 3425 1048 vocem
3467 991 3644 1048 luctus

2049 1081 2237 1136 emitto
2271 1098 2284 1134 :
2315 1089 2372 1136 ut
2401 1081 2608 1146 sciatis,
2641 1088 2842 1152 quanta
2872 1097 2984 1137 non
3033 1079 3211 1136 solum
3250 1095 3378 1152 ego,
3437 1079 3536 1135 sed
3591 1086 3648 1136 et

2051 1169 2300 1226 ecclesiae
2327 1169 2725 1240 Cisalpinarum
2745 1167 3051 1240 regionum,
3084 1176 3138 1224 et
3173 1185 3293 1239 rex,
3317 1183 3384 1224 ac
3413 1183 3648 1240 regnum

2049 1266 2358 1313 nostrarum
2375 1257 2611 1328 partium
2632 1273 2732 1329 per
2745 1257 2896 1312 illum
2923 1257 3188 1312 hactenus
3249 1255 3645 1312 sustinuerunt.

2052 1346 2304 1420 Suggero
2333 1347 2477 1402 enim
2499 1345 2816 1418 paternitati
2863 1353 3080 1414 vestrae,
3129 1344 3257 1416 quia
3303 1343 3544 1416 quandiu
3591 1343 3648 1398 in

2049 1435 2154 1490 hac
2183 1434 2401 1490 mortali
2423 1450 2588 1491 carne
2615 1433 2823 1501 vixero,
2859 1433 3000 1489 sicut
3028 1431 3472 1504 metropolitanus
3523 1447 3648 1488 cum

2051 1521 2309 1593 episcopo
2331 1521 2596 1578 rationem
2621 1522 2828 1578 habere
2859 1521 3042 1587 debet,
3070 1527 3330 1593 quantum
3349 1537 3416 1575 ex
3434 1535 3522 1576 me
3541 1527 3642 1590 est,

2050 1626 2154 1667 nec
2181 1611 2250 1666 de
2280 1611 2562 1682 parochia,
2599 1627 2702 1668 nec
2729 1611 2798 1666 de
2863 1625 3184 1682 quacunque
3226 1623 3411 1672 causa,
3441 1615 3647 1664 metro-

1972 1725 2026 1786 Β
2055 1699 2301 1771 politana
2331 1698 2714 1766 sollicitudine,
2775 1713 2899 1755 cum
2928 1697 3022 1754 illo
3050 1697 3214 1786 ullam
3245 1697 3508 1754 rationem
3536 1697 3649 1786 iha-

2059 1787 2414 1860 bebozquem
2442 1788 2639 1844 diutius
2678 1787 3001 1843 insolentem
3043 1784 3273 1841 sufferre
3311 1801 3422 1842 non
3462 1785 3641 1842 valeo.

2054 1878 2123 1932 Et
2150 1877 2486 1934 tolerabilius
2507 1875 2638 1932 mihi
2667 1883 2768 1947 est,
2801 1875 2962 1932 etiam
2985 1873 3359 1946 corporaliter,
3405 1874 3643 1942 oculum,

2055 1974 2147 2022 aut
2211 1982 2452 2034 manum,
2535 1973 2628 2021 aut
2699 1965 2899 2037 pedem
2993 1962 3304 2019 abscisione
3375 1963 3644 2034 amittere,

2055 2070 2221 2127 quam
2251 2070 2377 2112 cum
2405 2055 2520 2122 illo,
2571 2069 2736 2126 quem
2788 2069 2886 2124 spe
2941 2051 3190 2126 gaudens
3245 2050 3428 2118 dilexi,
3477 2059 3532 2107 et
3585 2066 3650 2107 ea

2055 2159 2286 2217 gemens
2341 2143 2512 2216 diligo
2568 2149 2792 2214 propter
2837 2142 3035 2208 Deum,
3077 2139 3172 2196 'de
3230 2139 3344 2195 suis
3401 2139 3648 2196 insolen-

2053 2232 2146 2288 tiis
2181 2231 2556 2288 contentiones
2581 2231 2698 2286 sine
2727 2229 2840 2286 ulla
2892 2229 3120 2284 utilitate
3174 2243 3489 2284 conserere.
3528 2229 3646 2283 Jam

2054 2321 2202 2376 enim
2231 2321 2287 2375 in
2314 2320 2522 2387 multis,
2557 2328 2612 2376 et
2640 2335 2741 2391 per
2769 2319 2954 2390 plures
2983 2317 3054 2372 ab
3077 2332 3144 2372 eo
3173 2324 3386 2386 vexato,
3417 2331 3647 2372 necesse

2055 2417 2138 2465 est
2165 2409 2318 2477 mihi,
2341 2417 2400 2464 ut
2426 2425 2537 2464 non
2567 2409 2728 2474 rixas,
2761 2406 2860 2463 sed
2891 2405 3130 2478 quietem
3159 2404 3458 2476 exquiram.
3492 2403 3645 2474 Qua-

2053 2504 2213 2554 tenus
2235 2498 2329 2570 qui
2352 2497 2467 2568 jam
2494 2496 2787 2552 terminum
2821 2509 2999 2549 meum
3028 2500 3306 2564 exspecto,
3341 2493 3427 2549 vel
3460 2492 3519 2547 in
3545 2507 3646 2549 eo-

2057 2589 2182 2654 dem
2211 2585 2464 2654 termino,
2485 2601 2583 2657 per
2608 2583 2712 2640 Dei
2730 2579 3158 2639 misericordiam
3189 2581 3370 2638 dicere
3397 2579 3643 2652 possim:

2057 2677 2217 2733 Nunc
2273 2675 2520 2731 dimittis
2555 2689 2780 2730 servum
2798 2676 2984 2740 tuum,
3021 2670 3286 2738 Domine,
3332 2669 3646 2727 secundum

2053 2767 2281 2822 verbum
2311 2768 2476 2820 tuum
2495 2763 2555 2820 in
2578 2778 2714 2836 pace
2735 2762 2892 2834 (Luc.
2924 2759 2986 2832 ι).

2127 2871 2394 2928 Οωιθινιιηι
2423 2877 2622 2926 vestra:
2639 2865 2979 2940 paternitatis
2995 2864 3288 2922 auctoritas
3315 2879 3491 2936 nuper
3517 2863 3650 2920 mihi

2055 2960 2260 3017 litteras
2288 2959 2436 3015 misit
2465 2959 2534 3015 de
2574 2957 2897 3030 presbytero
2951 2955 3227 3027 parochias
3273 2961 3493 3024 nostrae,
3540 2968 3649 3010 no-

1987 3077 2038 3142 G
2056 3049 2203 3106 mine
2223 3048 2493 3120 Trisingo,
2527 3045 2866 3142 praecipiens.
2897 3051 2954 3099 ut
2981 3043 3256 3142 plenariis.
3293 3041 3510 3113 scriptis
3565 3057 3653 3098 re-

2053 3137 2328 3192 mitterem
2372 3135 2530 3193 vobis
2555 3133 2802 3190 notitiam
2835 3131 2904 3188 de
2934 3146 3104 3188 causa
3155 3129 3346 3202 ipsius.
3402 3131 3486 3186 De
3559 3143 3654 3203 pic)

2057 3225 2197 3282 sicut
2233 3241 2293 3281 se
2341 3225 2418 3280 rei
2463 3221 2666 3280 veritas
2713 3221 2896 3288 habet,
2953 3227 3148 3277 vestrae
3200 3217 3508 3276 auctoritati
3552 3233 3647 3274 re-

2057 3315 2262 3371 scribo.

2129 3419 2394 3490 Quadam
2449 3418 2617 3473 libera
2658 3414 2879 3483 femina,
2911 3429 3068 3472 soror
3122 3411 3360 3469 hominis
3427 3410 3650 3469 nomine

2057 3507 2270 3580 Livulﬁ,
2330 3508 2400 3563 de
2449 3507 2571 3578 ipsa
2613 3505 2671 3560 in
2716 3519 2826 3577 qua
2879 3502 3138 3576 praefatus
3193 3501 3482 3574 Trisingus
3521 3516 3652 3573 pre-

2059 3598 2247 3670 sbyter
2285 3595 2459 3652 fuerat
2499 3594 2799 3660 ordinatus,
2849 3591 3060 3664 accepit
3112 3589 3364 3647 maritum
3421 3588 3650 3645 fratrem

2058 3686 2231 3758 ipsius
2299 3683 2537 3756 Trisingi
2611 3681 2965 3756 presbyteri:
2997 3687 3052 3736 et
3103 3681 3208 3736 hac
3283 3677 3652 3736 familiaritate

2059 3775 2206 3831 idem
2234 3773 2519 3846 Trisingus
2563 3772 2728 3844 coepit
2775 3771 3126 3843 frequentare
3196 3769 3422 3825 domum
3471 3765 3654 3822 fratris

2061 3864 2167 3922 sui.
2195 3864 2285 3931 Et,
2317 3863 2457 3920 sicut
2481 3861 2630 3918 idem
2676 3859 2936 3928 Livulfus,
2975 3858 3068 3932 qui
3093 3858 3152 3914 in
3179 3857 3302 3930 ipsa
3353 3855 3486 3912 villa
3529 3869 3654 3911 ma-

2061 3953 2248 4020 nebat,
2280 3959 2334 4008 et
2361 3949 2684 4023 parochiani
2712 3957 2876 4021 atque
2905 3947 3070 4004 vicini
3085 3946 3331 4017 ejusdem
3342 3939 3656 4017 presbyteri

2062 4043 2332 4111 dicebant,
2365 4057 2486 4096 cum
2517 4039 2626 4094 filia
2653 4039 2836 4094 uxoris
2864 4035 3048 4093 fratris
3077 4035 3180 4103 sui,
3231 4048 3398 4106 quam
3453 4032 3524 4088 de
3579 4031 3658 4086 al-

2064 4137 2178 4187 tero
2219 4129 2418 4184 marito
2436 4134 2773 4199 susceperat,
2805 4124 2970 4196 caepit
2997 4123 3382 4179 concumbere.
3414 4121 3485 4176 Et
3516 4133 3656 4192 qua-

2063 4219 2193 4274 dam
2239 4217 2328 4272 die
2371 4216 2490 4288 ipse
2547 4215 2851 4287 presbyter,
2897 4221 3061 4284 atque
3109 4209 3364 4282 praefatus
3415 4206 3656 4264 Livulqu

2062 4311 2425 4379 perrexerunt
2452 4303 2524 4359 ad
2539 4301 2843 4369 castellum,
2892 4299 3038 4374 quod
3063 4299 3342 4354 Mosomus
3364 4295 3578 4362 dicitur,
3603 4301 3660 4379 et

2061 4375 2461 4452 inebriaverunt
2489 4409 2550 4449 se
2577 4391 2635 4447 in
2662 4391 2895 4465 quadam
2925 4389 3154 4444 taberna
3181 4394 3373 4444 contra
3410 4375 3660 4441 nostrum

2061 4482 2372 4556 episcopale
2398 4480 2745 4540 interdictum
2779 4495 2792 4535 :
2825 4478 2916 4552 qui
2953 4475 3290 4550 presbyteris
3346 4472 3545 4531 nostris
3603 4471 3661 4529 in

2061 4572 2316 4630 omnibus
2374 4570 2602 4643 synodis
2656 4567 3054 4634 interdicimus,
3113 4573 3170 4621 ut
3225 4564 3364 4620 sicut
3416 4575 3659 4618 canones

2063 4661 2306 4718 Africani
2360 4659 2626 4716 difiiniunt
2667 4658 2847 4729 (conc.
2881 4656 3084 4726 Africa,
3117 4669 3167 4710 c.
3201 4654 3292 4722 40)
3323 4669 3336 4706 :
3371 4672 3394 4701 α
3455 4648 3656 4706 Clerici

2063 4751 2284 4818 edendi,
2315 4749 2404 4806 vel
2432 4747 2653 4804 bibendi
2665 4762 2829 4804 causa
2844 4744 3101 4800 tabernas
3120 4757 3229 4796 non
3258 4737 3657 4811 ingrediantur,

2061 4839 2169 4895 nisi
2194 4836 2654 4912 peregrinationis
2683 4832 3006 4890 necessitate
3051 4827 3336 4901 compulsi.
3373 4847 3397 4878 ι
3431 4827 3501 4882 Et
3556 4825 3662 4882 iste

2061 4928 2372 5000 presbyter,
2403 4925 2547 5000 gulae
2575 4940 2684 4980 non
2712 4917 3164 4994 peregrinationis
3204 4915 3556 4983 necessitate,
3589 4915 3661 4970 ad

2064 5025 2446 5082 inebriandum
2479 5041 2539 5078 se
2587 5021 2866 5076 tabernam
2905 5015 3124 5072 intravit
3157 5032 3170 5070 :
3202 5015 3330 5088 quia
3376 5013 3525 5070 idem
3571 5027 3664 5068 ca-

2066 5125 2283 5182 stellum
2311 5139 2420 5179 non
2448 5119 2678 5192 amplius
2708 5133 2868 5190 quam
2899 5121 3127 5188 quatuor
3165 5112 3422 5169 milliaria
3442 5128 3476 5168 a
3504 5127 3666 5167 man-

2065 5223 2220 5279 sione
2263 5220 2442 5293 ipsius
2487 5214 2791 5290 presbyteri
2827 5213 3014 5270 distat.
3074 5213 3429 5268 Revertentes
3483 5216 3664 5265 autem

2065 5321 2213 5376 idem
2241 5317 2528 5389 presbyter
2556 5320 2610 5370 et
2638 5310 2900 5378 Livulfus,
2954 5309 3112 5380 ebrii,
3161 5309 3230 5365 de
3287 5306 3516 5381 praefato
3562 5319 3664 5362 ca-

2069 5417 2248 5484 stello,
2281 5420 2564 5486 cceperunt
2617 5411 2910 5468 verbosare
2955 5408 3097 5464 inter
3154 5421 3214 5464 se
3255 5414 3301 5475 ⁸,
3334 5405 3475 5462 sicut
3529 5402 3668 5460 ebrii

452 5577 478 5606 ι
525 5553 587 5604 Se
621 5553 840 5617 prendre
882 5553 944 5605 de
995 5551 1214 5615 paratas.
1259 5549 1392 5601 Dixit
1453 5548 1747 5612 Augustinus
1791 5543 2026 5600 Iuliano:
2074 5543 2300 5598 [nauiter
2344 5539 2641 5605 verbosaris,
2691 5539 2784 5590 hoc
2829 5539 2924 5602 est,
2975 5534 3140 5587 multis
3195 5532 3418 5598 nugaris,
3467 5528 3561 5581 lib.
3589 5541 3667 5588 ιιι.

371 5626 544 5674 contra
565 5621 685 5686 Jul.,
715 5632 767 5672 n.
793 5620 880 5672 46.
