4174 6300
516 268 622 323 647

1759 268 2079 325 JOANNES
2123 268 2303 323 ΡΑΡΑ
2351 268 2491 322 VIII.

3692 266 3796 321 648

519 389 695 446 solent
721 388 922 455 facere,
956 396 1004 444 et
1018 388 1235 445 illorum
1246 389 1555 446 verbosatio
1581 406 1646 446 eo
1677 406 1849 463 usque
1877 407 2103 463 proces-
2133 407 2189 468 Α
2208 391 2376 446 nulla
2400 407 2594 446 eorum
2622 407 2730 446 vos:
2738 394 2934 463 postea
2957 390 3186 462 penitus
3216 389 3505 445 audiatur.
3535 389 3664 443 Post
3686 403 3792 443 an-

516 477 604 546 sit,
637 485 696 532 ut
723 477 792 533 de
811 477 931 549 ipsa
961 492 1061 532 sua
1091 485 1253 548 nepte
1295 478 1688 549 improperaret
1733 480 2052 551 presbytero
2087 499 2101 547 ;

517 574 617 621 ete
640 573 829 622 contra
858 565 977 637 ipse
1004 567 1293 637 presbyter
1332 567 1631 637 opprobria
1679 583 1801 638 quae
1857 568 2104 624 invenire

515 655 708 725 potuit,
742 654 918 710 eidem
948 654 1158 710 Livulfo
1188 654 1390 711 retulit.
1428 656 1578 710 Idem
1623 663 1802 710 autem
1859 656 2104 712 Livulfus

515 741 676 809 fuste,
707 759 869 814 quem
900 743 951 797 in
975 758 1141 798 manu
1168 743 1436 814 portabat,
1475 743 1560 797 bis
1597 743 1867 814 percussit
1900 744 2104 801 Trisin-

517 847 651 903 gum
696 831 1096 903 presbyterum.
1169 833 1318 887 Tunc
1362 831 1480 902 ipse
1542 832 1832 903 presbyter
1888 832 2105 889 irruens

516 935 684 991 super
713 917 883 974 ﬁlium
912 918 1121 989 Livulﬁ,
1157 918 1249 990 qui
1279 926 1484 990 spatam
1515 920 1584 973 ad
1615 920 1811 976 collum
1826 921 2101 993 portabat,

516 1008 747 1064 extraxit
767 1007 1016 1063 eamdem
1045 1015 1254 1078 spetam
1287 1026 1301 1073 ;
1335 1014 1388 1062 et
1408 1007 1599 1063 volens
1642 1016 1933 1079 percutere
1980 1026 2106 1065 eum

516 1112 618 1167 per
644 1095 885 1152 medium
915 1102 1094 1166 caput,
1123 1102 1182 1149 ut
1202 1094 1355 1150 illum
1384 1095 1676 1163 occideret,
1713 1096 1916 1152 levavit
1959 1098 2105 1152 idem

516 1182 759 1240 Livulfus
788 1198 1008 1239 manum
1037 1190 1228 1238 contra
1268 1190 1497 1254 spetam,
1545 1191 1599 1239 et
1647 1185 1888 1256 suscepit
1942 1194 2107 1256 Spataa

517 1272 705 1339 ictum,
737 1280 790 1328 et
818 1270 1045 1327 abscissi
1058 1278 1183 1326 sunt
1199 1270 1276 1326 illi
1305 1271 1413 1328 duo
1430 1272 1587 1345 digiti
1607 1273 1677 1328 de
1698 1273 1893 1329 eadem
1905 1288 2103 1330 manu:

518 1368 572 1416 et
601 1361 825 1417 cadente
854 1359 947 1415 illo
987 1360 1056 1415 de
1104 1359 1331 1427 caballo,
1385 1362 1592 1431 putavit
1646 1361 1906 1433 pesbyter
1959 1362 2111 1417 illum

518 1464 641 1505 esse
670 1456 964 1515 mortuum,
998 1455 1051 1504 et
1078 1448 1281 1505 saliens
1303 1447 1359 1503 in
1395 1449 1669 1505 caballum
1699 1448 1844 1505 illius
1870 1451 2113 1522 perrexit

518 1536 742 1593 domum
773 1552 946 1592 suam.

586 1628 707 1699 Ego
736 1642 871 1683 vero
898 1641 1000 1697 per
1014 1624 1217 1681 multos
1246 1625 1352 1682 hoc
1381 1624 1629 1693 audiens,
1661 1627 1855 1683 vocavi
1885 1642 2011 1683 eum
2040 1628 2108 1682 ad

514 1731 623 1785 me,
653 1715 711 1770 in
764 1714 1059 1787 praesentia
1103 1714 1430 1770 clericorum
1489 1729 1552 1770 ac
1608 1715 2106 1771 comministrorum

516 1811 850 1869 nostrorum,
883 1812 937 1859 et
965 1802 1301 1875 interrogavi
1331 1818 1477 1870 eum,
1523 1817 1590 1859 ac
1645 1804 1948 1860 veritatem.
2007 1804 2112 1874 Qui

518 1891 589 1948 de
607 1892 809 1948 femina
838 1892 907 1947 de
938 1908 1042 1963 qua
1063 1890 1430 1962 reputabatur,
1465 1891 1688 1964 negavit
1716 1892 1862 1964 quod
1890 1908 2015 1948 cum
2049 1909 2113 1948 ea

516 1995 629 2037 non
683 1979 1055 2038 concubuerit.
1116 1980 1196 2034 De
1253 1979 1533 2035 voluntate
1590 1987 1769 2034 autem
1792 2023 1805 2047 ,
1868 1980 1990 2052 quia
2047 1996 2112 2036 eo

518 2068 711 2126 ordin‘e
768 2068 907 2125 sicut
961 2068 1202 2140 praemisi
1228 2110 1241 2135 ,
1291 2067 1470 2139 ipsum
1532 2068 1810 2124 hominem
1863 2069 2113 2126 occidere

516 2158 770 2224 voluerit,
808 2156 1095 2214 confessus
1121 2156 1221 2211 fuit
1253 2172 1266 2212 :
1301 2156 1395 2229 qui
1430 2157 1585 2226 juxta
1639 2172 1833 2214 vocem
1885 2157 2112 2214 Joannis

519 2244 751 2318 apostoli
793 2245 1065 2302 homicida
1121 2245 1482 2303 convincitur.
1539 2245 1662 2318 Ego
1719 2254 1915 2313 autem,
1974 2247 2113 2302 sicut

517 2334 713 2391 beatus
759 2333 1093 2405 Augustinus
1149 2333 1218 2389 de
1271 2334 1594 2405 presbytero
1650 2349 1762 2390 sum
1838 2334 2153 2404 parochias.

518 2422 797 2494 Xantippo
852 2422 1072 2493 primati
1128 2437 1226 2477 suo
1283 2421 1517 2493 scripsit,
1559 2437 1682 2493 quae
1709 2422 1951 2494 negavit,
1994 2424 2111 2479 Deo

520 2510 702 2568 dimisi
732 2530 747 2579 ;
780 2526 903 2583 qua
929 2510 1199 2567 occultare
1228 2510 1532 2581 permissus
1562 2526 1669 2566 non
1702 2517 1804 2578 est,
1830 2510 2106 2580 judicavi;

516 2606 571 2655 et
598 2615 724 2655 eum
753 2600 822 2655 ab
838 2598 1013 2655 ofﬁcio
1033 2597 1355 2655 sacerdotali
1373 2598 1600 2668 removi,
1634 2598 1809 2655 donec
1839 2599 1911 2655 ad
1941 2615 2111 2671 syno-

519 2687 652 2743 dum
705 2686 1221 2759 comprovincialem
1267 2687 1498 2756 veniret,
1549 2694 1603 2741 et
1657 2686 1732 2742 ibi
1779 2703 1904 2743 cum
1961 2694 2112 2744 certo

519 2776 905 2848 episcoporum
934 2791 1187 2845 numero,
1219 2775 1360 2830 sicut
1399 2774 1861 2849 Carthaginenses
1912 2776 2111 2846 praeci-

517 2864 671 2937 piunt
700 2878 940 2921 canones
969 2860 1194 2936 (canon.
1228 2864 1407 2934 Afric.
1443 2878 1492 2916 α.
1528 2866 1805 2930 95;conc.
1843 2865 2108 2937 Carthag.

523 2968 606 3021 ιιι,
636 2967 757 3010 can.
793 2953 868 3024 8),
910 2968 1076 3009 causa
1125 2951 1295 3024 ipsius
1344 2958 1555 3008 certum
1599 2950 1763 3008 ﬁnem
1812 2952 2108 3023 acciperet.

517 3042 702 3099 Isdem
733 3049 933 3109 autem,
967 3057 1090 3097 cum
1118 3040 1302 3113 plures
1332 3041 1571 3112 synodos
1601 3039 1654 3095 in
1685 3040 1967 3112 provincia
2012 3057 2113 3097 no-

2138 1764 2190 1823 B

2201 494 2329 533 num
2347 485 2399 533 et
2418 493 2512 533 sex
2524 494 2742 533 menses
2754 477 3176 532 reclamantibus
3187 475 3532 547 parochianis
3544 475 3795 532 ecclesiae

2200 565 2389 636 ipsius,
2414 566 2469 620 in
2482 582 2586 638 qua
2598 567 2744 621 idem
2755 556 3228 637 presbyterfuei'at
3258 564 3559 631 ordinatus,
3595 580 3656 620 se
3683 580 3796 620 non

2202 653 2793 725 haberepresbyterum
2814 654 2989 723 (deest
3009 654 3224 727 aliquid
3252 653 3325 709 ad
3350 652 3602 724 sensum)
3634 670 3647 706 :
3670 667 3797 707 nam

2205 742 2329 813 quia
2360 743 2585 797 Romam
2614 741 2927 813 perrexerit,
2985 741 3250 815 ignoravi,
3300 742 3474 797 donec
3503 749 3627 812 post
3684 749 3798 795 tres

2204 845 2440 895 menses,
2476 847 2637 902 quam
2665 831 2719 885 in
2741 830 2860 886 loco
2890 846 3005 899 εῃιιε
3033 829 3131 884 fuit
3162 830 3448 901 presbyter
3484 829 3797 895 ordinatus,

2203 919 2374 974 Roma
2404 918 2629 974 veniens
2658 919 2790 974 mihi
2818 919 3028 974 litteras
3047 926 3243 974 vestrm
3266 918 3565 974 sanctitatis
3595 917 3794 973 attulit.

2276 1007 2336 1060 In
2392 1006 2689 1071 canonibus
2735 1015 2917 1062 autem
2974 1006 3172 1063 Africae
3227 1007 3518 1078 provincia:
3575 1005 3800 1061 concilii

2207 1094 2381 1166 quarti
2409 1095 2644 1165 capitulo
2675 1097 2764 1163 67,
2796 1095 2864 1150 de
2895 1094 3260 1150 seditionariis
3302 1103 3356 1150 et
3383 1094 3670 1161 usurariis,
3729 1110 3802 1149 ne

2205 1182 2390 1238 clerici
2420 1182 2551 1238 fiant
2579 1182 2842 1254 scriptum
2883 1190 2964 1238 est
2992 1182 3067 1238 ita
3097 1184 3278 1254 (conc.
3312 1183 3501 1239 Carth.
3536 1198 3615 1250 v1,
3672 1197 3797 1237 can.

2207 1270 2299 1342 66)
2320 1288 2333 1325 :
2353 1292 2374 1321 α
2394 1272 2799 1328 Seditionarios
2810 1288 3105 1344 nunquam
3116 1271 3458 1328 ordinandas
3476 1270 3556 1343 [al
3562 1312 3575 1326 .
3586 1313 3599 1337 ,
3615 1270 3798 1326 ordin.

2207 1358 2476 1432 clericos],
2495 1360 2582 1415 vel
2604 1360 2955 1432 injuriarum
2983 1376 3220 1416 suarum
3240 1360 3471 1416 ultores.
3509 1380 3533 1409 ι
3556 1360 3625 1414 Et
3645 1359 3693 1414 si
3714 1366 3803 1413 ta-

2206 1447 2287 1503 les
2318 1447 2610 1502 ordinandi
2640 1463 2748 1503 non
2781 1456 2925 1518 sunt,
2954 1447 3321 1521 colligendum
3352 1454 3452 1502 est.
3496 1447 3625 1518 quid
3679 1463 3804 1502 me-

2208 1544 2433 1591 reantur
2463 1536 2555 1608 qui
2577 1544 2700 1608 post
2727 1536 3147 1602 ordinationem,
3197 1535 3480 1592 admittere
3508 1535 3637 1590 talia
3692 1550 3806 1591 non

2208 1623 2517 1680 formidant.
2551 1626 2620 1679 Et
2649 1625 2855 1696 antiqui
2897 1626 3115 1680 Patrum
3163 1640 3403 1681 canones
3460 1624 3515 1678 in
3565 1624 3801 1695 synodo,

2211 1712 2298 1769 cui
2328 1713 2548 1784 plurimi
2578 1713 2977 1785 metropolitani
3008 1729 3129 1770 cum
3176 1713 3286 1768 suis
3333 1711 3691 1784 suffraganeis
3720 1713 3807 1768 in-

2213 1800 2534 1868 terfuerunt,
2585 1802 2914 1858 decernente
2976 1801 3314 1858 Antiocheno
3360 1801 3590 1858 concilio
3618 1799 3811 1872 perfe-

2212 1897 2358 1947 ctum
2376 1888 2510 1945 illud
2531 1905 2653 1946 esse
2670 1890 2985 1957 concilium,
3020 1890 3114 1945 ubi
3155 1889 3460 1945 interfuerit
3483 1888 3809 1961 metropoli-

2214 1986 2370 2033 tanus
2428 1977 2673 2046 antistes,
2733 1978 3026 2035 manifesta
3108 1979 3374 2034 sententia
3442 1978 3808 2034 decreverunt

2213 2066 2398 2139 (conc.
2448 2068 2617 2124 Tolet.
2654 2083 2730 2137 ιν,
2764 2082 2884 2123 can.
2917 2069 3006 2122 45.
3038 2066 3376 2134 Habetur23,
3410 2085 3463 2139 q.
3499 2072 3551 2134 8,
3603 2067 3810 2123 Clerici

2218 2157 2338 2227 qui)
2374 2171 2386 2211 :
2425 2176 2447 2206 ι
2483 2162 2540 2210 ut
2570 2155 2778 2224 clerici,
2810 2155 2909 2228 qui
2940 2155 2996 2209 in
3018 2171 3339 2228 quacunque
3359 2154 3623 2211 seditione
3653 2170 3811 2210 arma

2213 2243 2457 2299 volentes
2471 2243 2802 2315 sumpserint
2818 2244 3038 2314 reperti,
3073 2244 3278 2299 amisso
3292 2243 3499 2299 ordinis
3512 2243 3597 2298 sui
3616 2242 3797 2315 gradu

2211 2331 2268 2386 in
2296 2332 2629 2388 monasterio
2660 2331 2991 2403 poenitentiae
3021 2332 3393 2387 detrudantur.
3425 2353 3447 2382 ι»
3482 2333 3552 2387 Ει
3591 2332 3806 2388 Zacha-

2214 2419 2322 2474 rias
2348 2435 2493 2491 papa
2520 2419 2794 2476 Bonifacio
2825 2420 3082 2492 episcopo
3113 2420 3430 2494 Moguntina
3481 2419 3716 2492 scripsit,
3751 2428 3811 2476 ut

2217 2509 2526 2579 episcopos,
2584 2509 2957 2580 presbyteros,
3018 2516 3108 2563 aut
3160 2509 3418 2566 diaconos
3477 2509 3803 2582 sanguinem

2216 2596 2648 2654 Christianorum
2679 2588 2778 2652 seu
2804 2613 3144 2671 paganorum
3167 2596 3425 2653 effudisse
3445 2605 3712 2671 repertos,
3736 2599 3803 2653 ab

2212 2685 2421 2743 eisdem
2447 2685 2830 2743 ecclesiasticis
2878 2685 3138 2757 gradibus
3194 2695 3520 2742 removeret.
3572 2687 3645 2741 Et
3692 2686 3802 2756 jam

2213 2773 2505 2846 plusquam
2535 2775 2641 2830 duo
2672 2783 2796 2829 sunt
2828 2775 2974 2841 anni,
3007 2790 3073 2829 ex
3102 2790 3208 2847 quo
3229 2774 3483 2845 praefatus
3511 2775 3797 2849 Trisingus

2213 2863 2645 2935 suprascriptum
2656 2862 2923 2918 Livulfum
2946 2862 3134 2919 volens
3155 2863 3423 2931 occidere,
3455 2864 3803 2921 demembra—

2212 2950 2306 3017 vit,
2352 2951 2572 3022 quando
2618 2953 2762 3007 hanc
2808 2950 3144 3018 relationem,
3212 2959 3268 3006 ut
3317 2952 3576 3021 jussistis,
3607 2961 3807 3010 vestras

2214 3040 2521 3095 auctoritati
2550 3040 2877 3095 transmitto.
2911 3041 2979 3095 Et
3006 3039 3131 3112 quia
3161 3040 3393 3111 p0pulus
3422 3041 3540 3096 sine
3574 3042 3805 3113 presby-

516 3138 633 3188 stra
661 3130 1030 3202 habuerimus,
1061 3130 1131 3185 ad
1160 3130 1427 3201 synodum
1473 3136 1667 3201 postea
1717 3130 1924 3185 nullam
1943 3129 2111 3186 venit.
2145 3118 2194 3182 C
2214 3135 2328 3184 tero
2344 3128 2533 3183 tandiu
2554 3144 2780 3184 manere
2810 3128 2928 3183 sine
2955 3129 3202 3200 periculo
3230 3128 3427 3183 dimitti
3454 3146 3565 3185 non
3595 3138 3796 3201 potest,

521 3220 697 3290 Quem
724 3237 826 3292 per
854 3235 1056 3276 annum
1086 3227 1139 3275 et
1168 3234 1265 3274 sex
1302 3234 1526 3274 menses
1557 3219 1889 3289 exspectavi,
1934 3226 1989 3274 et
2012 3234 2110 3290 pro

520 3325 583 3365 se
610 3309 665 3364 in
696 3310 908 3381 synodo
937 3308 1072 3363 nihil
1102 3307 1314 3379 sategit.
1346 3308 1416 3361 Et
1462 3306 1880 3364 decernentibus
1938 3308 2110 3364 sacris

517 3398 1018 3470 canonibus(conc.
1066 3397 1412 3469 Carthag.-v.
1438 3411 1562 3451 can.
1625 3395 1715 3466 12)
1747 3413 1760 3449 :
1797 3403 1856 3450 ut
1886 3398 2101 3468 quoties

514 3488 712 3544 clerici
727 3488 992 3553 convicti,
1017 3490 1075 3543 et
1090 3487 1337 3557 confessi
1356 3487 1420 3540 in
1439 3485 1626 3557 aliquo
1648 3485 1910 3551 crimine,
1931 3486 1985 3540 si
1993 3488 2112 3556 for-

521 3580 574 3633 te
594 3593 781 3633 causa
801 3577 994 3632 adesse
1008 3575 1312 3639 uoluerint,
1333 3578 1390 3630 et
1411 3574 1803 3629 innocentiam
1824 3590 1987 3629 suam
2021 3590 2113 3629 as-

518 3681 704 3721 serere
713 3667 875 3720 intra
886 3681 1107 3720 annum
1118 3663 1552 3719 excommunica
1558 3662 1731 3718 tionis
1751 3663 1851 3718 hoc
1866 3663 2108 3733 faciant.

517 3753 579 3810 Si
594 3768 722 3808 vero
736 3755 894 3808 intra
909 3769 1131 3808 annum
1142 3768 1378 3807 causam
1383 3767 1629 3823 purgare
1641 3752 2105 3822 contempserint,

2211 3224 2399 3274 vestra
2429 3216 2696 3288 sapientia
2743 3216 3199 3273 suﬁicientissime
3227 3218 3392 3273 novit.
3428 3219 3575 3273 Deus
3620 3218 3798 3275 omni-

2212 3313 2409 3377 potens
2440 3306 2782 3361 sanctitatem
2804 3313 3039 3361 vestram
3069 3305 3139 3360 ad
3168 3304 3472 3362 doctrinam
3511 3314 3562 3362 et
3607 3323 3795 3363 corre-

2213 3394 2447 3451 ctionem
2499 3402 2701 3451 sanetae
2730 3411 2841 3451 sua:
2869 3394 3133 3451 Ecclesiae
3162 3394 3218 3448 in
3248 3411 3346 3449 suo
3375 3402 3553 3466 coepto
3571 3395 3794 3452 servitio

2209 3499 2307 3554 per
2334 3499 2603 3538 annorum
2634 3483 2803 3538 multa
2848 3482 3118 3539 curricula
3150 3498 3478 3539 conservare
3522 3484 3795 3557 dignetur,

2211 3579 2431 3635 domine
2462 3580 2821 3648 sanctissime,
2853 3588 2907 3636 et
2927 3579 3377 3637 reverendissime
3412 3581 3627 3636 Patrum
3684 3581 3793 3637 Pa-

2211 3684 2294 3733 ter
2320 3676 2375 3732 in
2388 3676 2640 3734 Domino.

1724 4000 1893 4044 ANNO
1935 4000 2158 4044 DOMINI
2197 3999 2576 4045 DOCCLXXXII.

1118 4135 2468 4346 JOANNES
2671 4133 3229 4338 VIII

1681 4420 1851 4480 PON
1862 4419 2113 4481 TIFEX
2165 4419 2593 4483 ROMANUS.

885 4654 1421 4765 NOTITIA
1506 4655 2109 4742 HISTORIC

2209 4732 2215 4743 .
2302 4657 2429 4742 IN
2510 4653 3088 4743 JOANNEM
3170 4651 3408 4739 VIII

1385 4814 1691 4892 Auctore,
1734 4821 1811 4876 ut
1854 4816 2170 4896 creditur,
2218 4817 2562 4877 PANDULFO
2619 4818 2913 4878 Pisana.

1081 4948 1262 5022 (Apud
1292 4947 1570 5014 Muratori,
1602 4948 1729 5002 Rer.
1764 4946 1883 5003 Ital.
1916 4946 2137 5019 Script.,
2170 4955 2303 5004 tom.
2336 4949 2430 5018 ΙΙΙ,
2465 4963 2532 5004 ex
2561 4947 2749 5006 codice
2782 4964 2887 5003 ms.
2920 4945 3231 5017 Vaticano.)

587 5128 826 5184 Joannes
854 5127 990 5195 VIII,
1014 5125 1233 5183 natione
1260 5127 1558 5199 Romanus,
1592 5141 1667 5199 ex,
1684 5134 1839 5199 patre
1887 5125 2104 5199 Gundo,
2124 5129 2177 5188 D
2208 5132 2544 5199 conquestus
2560 5133 2661 5181 est.
2693 5125 3096 5199 Monasterium
3121 5122 3275 5199 enim
3290 5121 3488 5199 ‘sauncti
3519 5119 3692 5199 ~Petri
3737 5119 3792 5199 in

521 5199 662 5255 sedit
693 5213 867 5254 annos
897 5199 1106 5266 decem,
1139 5213 1360 5255 menses
1417 5198 1575 5253 duos.
1607 5198 1706 5252 Hic
1759 5197 2108 5253 beatissimus

517 5285 619 5343 pro
648 5269 876 5343 utilitate
904 5269 1145 5343 omnium
1163 5269 1545 5343 Ecclesiarum
1574 5269 1696 5343 Dei,
1728 5276 1781 5343 et
1834 5268 2108 5343 praecipue

517 5338 621 5414 pro
650 5338 948 5397 Gallicana
964 5339 1537 5414 Ecclesiae,Arelatem
1564 5339 1880 5414 maritimali
1913 5339 2107 5394 itinere

518 5411 785 5469 deductus
815 5419 896 5468 est
923 5431 938 5480 ;
971 5411 1064 5467 ubi
1091 5413 1200 5467 Leo
1225 5412 1392 5483 abbas
1408 5412 1462 5466 in
1498 5411 1787 5483 praesentia
1834 5411 1950 5483 ejus
2005 5425 2106 5483 ve-

507 5483 698 5551 .niens,
730 5483 1266 5540 contra'Gisbertum
1308 5481 1544 5551 [Baluzg
1606 5487 1650 5539 t.
1710 5483 1800 5538 VII
1846 5481 2102 5548 Miscell.,

517 5554 850 5624 Gilbertum,
884 5555 974 5613 hic
1004 5558 1061 5612 et
1087 5553 1267 5628 infra]
1295 5551 1733 5613 Nemausensem
1785 5551 2103 5624 episcopum

2246 5214 2317 5253 uo
2332 5191 2573 5269 'quiescit
2601 5212 2801 5268 corpus
2822 5195 2969 5269 beati
2979 5194 3179 5269 _./Egid_i_i
3199 5193 3261 5269 in
3282 5192 3480 5248 ﬁnibus
3511 5191 3725 5269 Ciothim
3741 5191 3796 5245 in

2256 5264 2379 5325 alle'
2392 5269 2667 5333 Flaviana,
2695 5264 2858 5338 quam
2887 5264 3085 5321 vallem
3115 5264 3369 5338 Flaviusg
3381 5264 3678 5338 quondam
3696 5278 3793 5338 rex

2207 5340 2609 5413 beate/Egidio
2626 5332 2943 5413 donaverat,
2966 5344 3023 5391 et
3049 5345 3269 5413 sanctus
3288 5332 3557 5413 _}E_g'idius
3594 5332 3794 5413 exinde

2207 5404 2855 5467 donationémintegﬁter
2874 5409 3134 5463 Romanae
3175 5404 3437 5463 Ecclesiae
3489 5413 3543 5460 et
3589 5404 3793 5459 domno

2207 5426 2684 5467 donationemmte
2775 5426 2855 5464 ter
2874 5426 3134 5463 nomanaa
3175 5426 3437 5463 noctesue
3489 5426 3543 5460 et
3589 5426 3793 5459 uomnu

2206 5499 2363 5557 papae
2382 5426 2908 5557 Benedictoggerat,
2941 5478 3117 5557 et_ibig
3152 5478 3217 5557 in
3256 5476 3606 5557 veneratione
3652 5490 3793 5557 apo-

2207 5548 2470 5613 stolorum
2507 5551 2812 5626 principum
2867 5548 3013 5605 Petri
3071 5555 3125 5606 et
3181 5548 3332 5604 Pauli
3395 5548 3795 5604 monasterium
