4174 6314
565 204 670 257 651
1797 199 2094 256 JOANNIS
2149 201 2345 256 PAPrE
2384 203 2524 258 VIII.
3751 204 3862 262 652

561 323 752 396 viduas
782 323 884 396 sub
899 321 1082 396 tutela
1107 322 1490 396 episcoporum
1502 338 1637 396 esse
1664 323 1926 396 decrevit,
1959 332 2027 396 et,
2059 339 2156 396 eos
2183 324 2239 386 A
2260 325 2394 380 dare
2420 325 2506 381 vel
2535 323 2785 396 accipere
2813 324 3242 396 praesumpserit,
3276 323 3648 382 ecclesiastica
3705 341 3862 382 com-

563 394 634 468 ad
663 393 949 468 saecularia
969 393 1177 468 judicia
1203 393 1343 448 trahi
1368 393 1547 468 modis
1575 395 1829 450 omnibus
1849 395 2152 468 interdixit.
2256 396 2513 451 munione
2540 393 2725 451 tandiu
2749 393 3072 465 judicamus
3091 393 3312 468 manere
3349 396 3616 468 privatum
3635 441 3654 465 ,
3679 397 3861 453 donec

563 463 870 535 Quemlibet
899 473 1082 541 autem
1112 466 1308 541 ducem
1336 465 1423 520 vel
1451 465 1614 541 alium
1643 474 1832 541 contra
1847 467 1964 521 haec
1985 481 2154 538 agen-
2255 463 2918 541 secundumbocnostrzn
2947 467 3258 540 apostolicae
3303 463 3644 524 auctoritatis
3697 468 3857 541 capi-

562 545 691 605 tem,
725 536 1310 610 excommunicandum
1339 552 1461 610 esse
1487 535 1729 610 decrevit
1751 535 2157 610 ;_perseveran-
2254 537 2427 610 tulum
2465 539 2951 610 studuerit‘agere.

562 614 692 681 tein
704 623 838 681 vero
866 607 1240 681 anathematis
1261 607 1479 681 vinculo
1507 607 1906 681 innodandum.
2027 676 2042 681 _
2296 609 2500 681 _Hujus
2527 607 3197 681 temporibusiLudovicus
3225 608 3543 681 imperator,
3576 609 3646 665 ab
3673 609 3853 666 Adal-

630 677 789 760 Idem
817 678 956 732 inter
985 687 1182 760 caetera
1209 677 1278 732 de
1324 677 1550 760 decimis
1599 677 1974 758 sacerdotibus
2011 676 2154 730 dan-
2253 679 2390 760 giso.
2413 676 2800 760 Beneventano
2855 680 2993 760 duce
3049 676 3641 760 constrictus,_timore
3680 681 3846 760 vitae.

561 747 648 802 dis
680 749 1064 822 itapracepit.
1096 747 1247 822 Quas
1267 749 1476 822 scilicet
1500 749 1744 822 decimas
1782 763 2154 822 unumquem-
2249 747 2608 822 jurejurando
2663 749 2910 817 ﬁrmavit,
2974 767 3271 822 nunquam?
3295 767 3356 806 se
3375 747 3382 749 “
3403 751 3695 806 Beneventi
3725 750 3869 807 ﬁnes

2256 821 2783 892 ultraﬂintraturum,
2827 837 3005 892 neque
3049 821 3123 876 exi
3157 821 3402 892 periculo
3445 822 3654 891 injuriae
3723 830 3857 877 tunc

2258 891 2358 946 sibi
2389 891 2553 948 illatae
2579 892 2871 947 vindictam
2901 891 3194 962 aliquando
3225 901 3558 948 exacturum.
3609 893 3692 948 Ab
3749 895 3859 949 hoc

2257 971 2438 1034 autem
2463 963 2776 1034 juramento
2807 963 3174 1034 postmodum,
3200 963 3494 1034 praedictus
3537 979 3681 1034 papa
3728 979 3858 1034 eum

2259 1033 2445 1088 Romae
2475 1033 2708 1088 absolvit
2737 1033 3052 1089 auCtoritate
3079 1033 3182 1088 Dei
3204 1033 3275 1090 "et
3321 1034 3496 1089 sancti
3539 1033 3712 1100 Petri,
3767 1033 3858 1088 af-

2258 1102 2642 1176 firmansnihil
2671 1104 2776 1158 sibi
2805 1104 3022 1176 obesse,
3057 1104 3204 1176 quod
3232 1104 3303 1159 ob
3330 1103 3524 1160 mortis
3554 1104 3860 1175 periculum

2260 1174 2602 1230 evadendum
2629 1183 2850 1230 coactus
2877 1173 3098 1240 fecerat,
3130 1191 3233 1230 nec
3275 1173 3672 1230 sacramentum
3721 1191 3848 1230 esse

2259 1245 2559 1318 dicendum,
2579 1245 2726 1317 quod
2754 1253 2938 1318 contra
2966 1245 3216 1318 salutem
3245 1245 3574 1318 reipublicm,
3607 1247 3862 1318 quamvis

2261 1332 2382 1372 cum
2413 1315 2611 1372 multis
2625 1315 3102 1384 exsecrationibus,
3136 1315 3297 1372 fuerit
3324 1315 3608 1389 prolatum.

563 835 671 890 que
699 817 919 890 ﬁdelem
948 817 1028 872 illi
1057 818 1329 890 sacerdoti
1361 819 1488 890 dare
1517 818 1850 884 censuimus,
1899 819 1955 872 in
1973 817 2157 890 icujus

564 889 824 960 parochia
858 905 1004 960 eum
1056 889 1249 960 procul
1293 889 1460 960 dubio
1496 897 1715 960 constat
1755 889 1854 960 sub
1913 889 2157 960 episcopi

559 959 768 1031 proprii
813 959 1017 1014 ditione
1058 959 1164 1031 (α),
1213 959 1340 1031 quia
1381 959 1450 1014 ad
1491 959 1597 1015 hoc
1663 959 2035 1031 recipiendum
2089 959 2158 1031 ab

563 1029 824 1102 episcopo
854 1046 954 1102 suo
985 1029 1438 1102 est'cOnstitutus,
1486 1045 1734 1102 manere,
1767 1029 1820 1085 et
1864 1030 1988 1102 ideo
2030 1029 2157 1102 nul-

563 1101 676 1155 lum
733 1101 950 1156 alterius
1006 1101 1308 1156 dimceseos
1367 1101 1706 1157 sacerdotem
1763 1109 1856 1156 aut
1913 1101 2159 1156 Levitam

565 1171 723 1242 alteri
745 1173 965 1242 jure'ea
992 1187 1190 1226 novum
1221 1173 1298 1242 (b)
1352 1171 1536 1226 debita
1590 1170 1903 1241 hujusmodi
1965 1171 2158 1242 audire

561 1241 1043 1313 impudenter,gvel
1071 1241 1278 1297 temere
1307 1251 1681 1312 qumrere,aut
1707 1242 1958 1313 accipere
1989 1241 2158 1313 dam-

561 1311 838 1367 nationem
863 1311 950 1368 vel
979 1311 1339 1368 donationem
1365 1313 1460 1385 (c).
1509 1314 1648 1368 Eum
1690 1311 1843 1368 vero
1871 1311 1964 1384 qui
2003 1312 2160 1367 aliter

562 1445 672 1485 cum
692 1433 900 1484 Baronio
919 1433 1137 1486 crederet
1159 1446 1217 1484 ex
1241 1435 1334 1484 hoc
1359 1435 1491 1486 facto
1507 1435 1720 1486 fabulam
1743 1435 1806 1486 de
1829 1435 2014 1485 Joanne
2029 1433 2160 1497 Vill,

559 1511 657 1550 non
683 1513 826 1564 papa,
851 1499 940 1550 sed
963 1501 1177 1564 papissa,
1200 1501 1442 1565 originem
1464 1502 1750 1565 sumpsisse,
1777 1513 1874 1552 non
1898 1501 2026 1551 male
2053 1501 2161 1550 for-

559 1569 690 1617 tasse
714 1566 942 1618 sentiret.
969 1569 1083 1618 Haec
1106 1578 1168 1618 ex
1185 1568 1353 1619 Niceta
1372 1571 1423 1620 et
1445 1567 1670 1620 Aimoino
1693 1570 1870 1620 Baron.
1896 1571 2017 1619 tom.
2039 1567 2086 1618 x
2110 1567 2162 1618 in

559 1633 672 1684 Vite
695 1633 914 1684 Joannis.
941 1635 1054 1685 Sev.
1081 1635 1191 1685 Bm.

2331 1436 2412 1507 (0).
2432 1444 2592 1494 Locus
2614 1443 2888 1495 mendosus.

2331 1535 2412 1604 (b)
2438 1537 2514 1587 Ea
2535 1550 2726 1588 novum.
2751 1537 2898 1588 Forte
2921 1549 3182 1590 canonum.

2332 1627 2400 1697 (ο)
2423 1631 2566 1682 Forte
2589 1633 2776 1682 tantum
2797 1629 3118 1682 donationem.

1343 1863 2057 2000 JOANNIS
2171 1860 2658 1998 PAPIE
2787 1861 3057 1994 VIII

641 2111 650 2116 ’
785 2076 1970 2250 EPISTOLXE
2099 2074 2386 2246 ET
2574 2073 3644 2246 DECRETA

1525 2323 1818 2390 ORDINE
1872 2319 2470 2387 CHRONOLOGICO
2526 2318 2882 2384 DIGESTA.

739 2459 1036 2533 (Epistolas
1067 2476 1162 2517 seu
1190 2459 1415 2518 decreta
1444 2459 1640 2533 quibus
1660 2458 1865 2516 fontem
1893 2459 2038 2516 unde
2067 2457 2346 2514 hausimus
2367 2471 2478 2512 non
2504 2455 2874 2524 inscribimus,
2907 2455 3162 2512 Conciliis
3191 2456 3363 2514 Mansi
3385 2457 3677 2533 ascribas.)

1567 2643 1988 2728 PHILIPPI
2050 2641 2341 2727 JAFFE
2403 2637 2908 2725 MONITUM.

1683 2807 1948 2880 (Regesta
1974 2805 2297 2864 Pontiﬁcum
2325 2806 2742 2875 Romanorum.)

637 2983 1070 3068 Quanticunque
1097 2982 1300 3068 merito
1331 2982 1856 3068 liabetu‘rampluni
1885 2987 1942 3039 et
1968 2983 2199 3068 grande,
2231 2981 2374 3068 quod
2401 2983 2676 3068 superest,
2713 2980 2962 3068 Begist'ri.
2979 2981 3230 3068 ‘Joann'is
3267 2981 3406 3068 iVIII
3442 2983 3855 3068 fragmentum,

561 3051 827 3128 epistolas
855 3059 958 3109 308
971 3051 1484 3128 comprehendam,
1508 3051 1811 3128 dolendum
1831 3051 2029 3128 tamen
2056 3057 2159 3128 est,
2192 3051 2335 3126 quod
2364 3051 2739 3128 nonmeliore
2769 3051 3096 3128 conditione
3117 3052 3189 3108 ad
3207 3051 3600 3128 nosperoenit.
3625 3055 3858 3113 Incuria

555 3122 712 3182 enim
738 3127 854 3182 sive
881 3127 1060 3198 ipsius
1087 3122 1325 3198 notarii,
1347 3126 1482 3198 sive,
1523 3129 1592 3180 ut
1615 3126 1960 3198 probabilius
1989 3127 2094 3191 est,
2127 3122 2322 3198 eorum
2351 3125 2448 3196 qui
2477 3122 2988 3198 transcripserunt,
3027 3139 3144 3198 non
3191 3122 3366 3198 modo
3397 3129 3679 3198 corruth
3725 3143 3855 3198 ma-

558 3199 883 3281 gnopereDet
901 3193 1195 3281 truncatas
1225 3195 1376 3252 haud
1401 3213 1598 3281 paucae
1615 3193 1879 3281 cpistola;
1907 3200 2064 3262 sunt,
2093 3195 2193 3280 sed
2215 3210 2288 3281 ne
2318 3193 2832 3281 temporisquide-rn
2859 3195 2923 3249 in
2932 3193 3634 3281 viisdisponendisubique.
3661 3197 3856 3254 habita

557 3263 862 3348 ratioest;
883 3269 1022 3338 quin
1051 3269 1228 3348 etiam
1243 3263 1513 3348 eousque
1543 3263 1917 3348 chronologiw
1946 3263 2480 3348 quasi_contemptio
2509 3263 2764 3348 quoﬁdain
2795 3263 2948 3348 haud
2992 3263 3133 3321 raro‘
3167 3266 3458 3348 processit,
3503 3263 3571 3348 ut
3611 3268 3677 3322 in
3721 3284 3852 3348 per-

555 3339 759 3410 multis
787 3334 966 3410 iisq'ue
995 3339 1284 3410 continuis
1317 3334 1546 3410 litteris,
1581 3354 1718 3410 quas
1733 3334 1904 3410 pldne
1925 3334 2232 3410 niani/“esto
2254 3351 2327 3392 ex
2348 3334 2716 3410 interioribus
2738 3334 2970 3391 indiciis
2991 3334 3230 3410 mam
3249 3337 3492 3408 scriptas
3516 3334 3856 3410 temporibus

557 3407 793 3480 diversis
822 3405 1020 3480 fuisse,
1053 3408 1334 3480 chronicis
1355 3409 1532 3480 signis
1561 3405 1792 3464 omnino
1820 3409 2052 3480 abjectis
2083 3405 2274 3480 eodem
2300 3405 2932 3480 modo_substitucretur
2962 3427 2980 3462 :
3011 3405 3149 3461 Data
3192 3413 3250 3461 ut
3287 3405 3472 3478 supra.
3523 3405 3654 3474 Quae
3693 3411 3858 3466 verba

557 3479 625 3535 ab
655 3475 847 3562 inepto
875 3479 1112 3552 quodam
1134 3479 1322 3562 (etatis
1349 3475 1681 3562 posterioris
1714 3475 2008 3562 librariolo'
2029 3494 2130 3562 pro
2151 3497 2169 3532 :
2199 3478 2333 3562 Data
2363 3484 2415 3532 et
2447 3475 2676 3562 Caetera,
2710 3479 2968 3562 apposita
2992 3475 3373 3562 putemtcuni.
3391 3480 3717 3562 praesertim
3753 3497 3858 3562 quo

557 3565 632 3622 ex
658 3547 846 3622 codice
875 3547 1210 3622 expressum
1238 3547 1559 3622 Registrum
1582 3553 1692 3622 est,
1720 3567 1860 3622 eum
1888 3547 2443 3622 undecimodemum
2471 3547 2676 3622 saeculo
2703 3547 3172 3622 confectumcsse
3204 3547 3858 3622 testeturiPertxiusfin

552 3619 770 3693 Archiv
788 3618 1074 3693 iusaltere
1102 3618 1362 3676 deutsche
1393 3619 1918 3693 Geschichtskunde,
1952 3620 2016 3688 V,
2051 3623 2139 3676 32.
2168 3619 2274 3693 Sed
2301 3618 2672 3692 quoquomodo
2701 3618 2820 3674 sese
2837 3635 2927 3676 res
2949 3619 3168 3686 habeat,
3190 3619 3258 3676 de
3273 3621 3647 3693 epistolarum
3662 3621 3857 3680 diebus

555 3691 706 3746 nihil
736 3689 925 3748 debuit
953 3707 1190 3764 usquam
1215 3708 1290 3748 ex
1317 3707 1494 3764 prava
1511 3692 1619 3748 illa
1645 3693 1896 3763 formula
1923 3691 2222 3748 extricari.

1302 3869 1346 3925 Ι.
2183 3867 2238 3928 Β
2257 3865 2588 3937 indictionis,
2615 3873 2708 3922 aut
2733 3883 2835 3940 per
2885 3867 3234 3940 temetipsum
3276 3867 3496 3925 deferas
3544 3877 3638 3926 aut
3683 3877 3860 3928 trans-

597 4011 670 4054 AD
700 4010 975 4056 ANNONEH
1005 4011 1430 4054 FRISINGUENSIS
1459 4012 1744 4054 RCCLESIE
1790 4011 2118 4054 EPISCOPUM.

1042 4123 1256 4198 Fragm.
1301 4123 1482 4196 (Anno
1531 4123 1682 4196 8'73.)

565 4253 630 4310 Ut
658 4248 922 4306 Ecclesia
952 4249 1212 4306 Romam:
1243 4247 1453 4306 debitos
1500 4248 1754 4306 redditus
1773 4247 2156 4305 transmittat.

633 4366 949 4424 Eﬂicaciam
979 4374 1082 4424 tuae
1108 4365 1383 4424 ﬁdelitatis
1411 4367 1554 4424 circa
1583 4368 1770 4424 sedem
1786 4367 2158 4438 apostolicam,

565 4471 732 4530 quam
770 4455 1030 4511 nimirum
1075 4455 1266 4512 litteris
1307 4455 1414 4510 tuis
1457 4456 1754 4526 extuleras,
1805 4457 2062 4527 Operibus
2109 4463 2162 4512 te

568 4545 872 4618 approbare
900 4543 1040 4600 velle
1070 4543 1203 4600 satis
1249 4543 1600 4600 devotissime
1653 4543 2056 4615 promittentem
2110 4553 2164 4601 et

570 4641 848 4706 gratanter
876 4633 1189 4704 accepimus
1219 4639 1273 4688 et
1293 4649 1395 4704 pro
1450 4632 1923 4689 commendatione
1979 4649 2164 4689 rerum

569 4723 828 4779 Romana;
847 4721 1110 4778 Ecclesia
1130 4720 1429 4792 provisioni
1450 4729 1576 4789 tum,
1590 4729 1650 4776 ut
1665 4722 1884 4790 asseris,
1909 4723 2164 4778 commis-

573 4827 774 4866 sarum.
805 4810 1040 4866 Noveris
1059 4809 1240 4882 itaque
1256 4811 1570 4881 nuperrime
1597 4825 1700 4866 nos
1729 4809 1936 4866 litteras
1965 4811 2164 4869 dilecto
2215 4850 2220 4861 ι

572 4897 684 4954 ﬁlio
711 4907 896 4955 nostro
923 4897 1198 4956 Ludovico
1226 4899 1368 4971 regi,
1401 4899 1499 4956 sed
1528 4906 1580 4954 et
1609 4899 1882 4970 episcopis
1911 4909 1964 4958 et
1995 4903 2166 4958 comi-

569 4987 715 5042 tibus
746 4986 914 5042 Italici
943 4987 1100 5060 regni
1131 4986 1222 5059 qui
1253 5003 1442 5042 earum
1471 4987 1718 5043 redditus
1747 4988 1908 5046 nobis
1966 4990 2164 5047 deferri

572 5074 753 5130 salvos
780 5073 1002 5143 faciant,
1052 5075 1442 5143 transmisisse,
1515 5076 1758 5150 nihilque
1815 5079 2162 5152 aliudsuper-

571 5179 696 5220 esse
741 5163 1125 5236 cognoscimus
1163 5163 1268 5219 nisi
1317 5173 1375 5220 ut
1419 5180 1615 5222 aurum
1661 5166 1901 5240 aliasque
1950 5168 2164 5241 species

2257 3955 2462 4026 mittas,
2495 3954 2676 4012 sciens
2702 3955 2826 4028 quia
2855 3956 2902 4011 si
2930 3957 3036 4013 hoc
3063 3957 3316 4014 condicto
3345 3965 3595 4030 tempore
3617 3959 3864 4016 redditus

2259 4052 2418 4108 nobis
2447 4067 2557 4108 non
2585 4051 2852 4124 venerint,
2879 4052 3080 4108 nullius
3109 4052 3332 4109 alterius
3365 4053 3472 4110 nisi
3501 4061 3605 4110 tua;
3625 4071 3864 4112 morosa:

2259 4141 2610 4215 negligentiae
2637 4141 2944 4214 specialiter
2971 4141 3366 4214 imputandum.
3403 4144 3696 4200 Precamur
3753 4159 3863 4200 au-

2259 4239 2371 4287 tem
2397 4239 2457 4286 ut
2485 4231 2748 4304 optimum
2776 4247 3042 4304 organum
3071 4248 3194 4289 cum
3224 4231 3452 4299 artiﬁce,
3488 4233 3580 4306 qui
3609 4234 3714 4290 hoc
3741 4249 3864 4289 mo-

2259 4321 2444 4378 derari
2471 4329 2523 4376 et
2552 4321 2732 4378 facere
2759 4322 2832 4377 ad
2859 4337 3080 4378 omnem
3107 4323 3496 4380 modulationis
3553 4321 3859 4380 eﬂicaciam

2259 4410 2450 4482 possit,
2481 4411 2550 4466 ad
2578 4410 2988 4468 instructionem
3001 4411 3224 4469 musicae
3243 4411 3563 4484 disciplinae,
3588 4411 3751 4468 nobis
3765 4419 3860 4468 aut

2263 4498 2500 4568 deferas,
2533 4507 2628 4554 aut
2655 4515 2781 4556 cum
2809 4499 3016 4556 eisdem
3037 4500 3336 4556 redditibus
3359 4500 3562 4571 mittas,
3588 4509 3860 4574 quatenus

2261 4588 2391 4642 dum
2422 4587 2528 4644 vile
2553 4587 2826 4644 metallum
2856 4589 3014 4646 beato
3043 4590 3204 4646 Petro
3228 4588 3482 4646 conferre
3509 4589 3757 4659 festinas,
3787 4589 3859 4646 ab

2263 4691 2328 4732 eo
2358 4691 2526 4733 aurea
2553 4677 2714 4750 regni
2740 4677 2975 4734 caelestis
3002 4694 3234 4734 munera
3261 4693 3541 4752 capessas.

3023 4786 3090 4841 ΙΙ.

2331 4903 2406 4944 ΑΙ)
2437 4902 2788 4946 WILIBERTUH
2832 4903 3224 4948 COLONIENSEK
3278 4905 3780 4950 ARCHIEPISCOPUM.

2699 4996 2920 5070 Fragm.
2951 5025 3022 5038 ——
3051 4998 3232 5070 (Anno
3277 4997 3428 5071 873.)

2261 5101 2530 5169 Pallium,
2570 5103 2689 5160 nisi
2719 5107 2850 5178 post
2887 5107 3218 5178 consuetam
3249 5104 3381 5176 ﬁdei
3416 5107 3848 5178 professionem,

2811 5173 2941 5232 dari
2971 5193 3087 5233 non
3117 5173 3293 5233 debet.

570 5267 708 5325 quas
735 5260 790 5308 te
819 5235 1110 5326 collegisse
1137 5251 1319 5308 fateris
1348 5253 1507 5310 simul
1537 5271 1661 5311 cum
1689 5235 1996 5328 print—eritis
2021 5257 2160 5312 indi-
2191 5235 2240 5300 α
2333 5259 2591 5334 Optatum
2621 5261 2716 5319 tibi
2744 5263 2966 5336 pallium
2995 5280 3138 5321 nunc
3176 5263 3430 5322 conferre
3484 5265 3851 5339 nequivimus,

566 5340 764 5397 ctionis
794 5339 886 5413 qui
913 5340 1092 5396 minus
1124 5340 1340 5398 fuerunt
1371 5343 1672 5399 redditibus
1702 5345 1804 5400 sub
1852 5345 2000 5402 omni
2047 5345 2166 5417 ple-

567 5429 814 5487 nitudine
849 5428 1007 5486 nobis
1061 5446 1164 5504 per
1206 5438 1378 5491 totum
1427 5433 1804 5506 Septembrem
1846 5434 2036 5491 futurae
2085 5450 2163 5489 vn

2265 5350 2390 5422 quia
2417 5349 2544 5407 ﬁdei
2570 5359 2674 5408 tua:
2702 5352 2958 5425 paginam
2977 5353 3158 5410 minus
3188 5370 3354 5426 quam
3383 5362 3630 5426 oporteat
3669 5357 3852 5412 conti-

2263 5455 2391 5495 nere
2419 5440 2717 5512 reperimus
2748 5457 2763 5497 :
2797 5457 2921 5498 cum
2950 5442 3205 5501 videlicet
3233 5443 3289 5499 in
3318 5457 3386 5501 ea
3412 5443 3613 5500 nullam
3630 5453 3850 5503 sancta-
