4174 6334
291 271 394 324 653

1429 270 1787 328 EPISTOLIE
1843 270 1932 325 ET
1987 270 2333 327 DECRETA.

3485 277 3588 330 654

288 406 412 446 rum
441 389 826 447 universalium
846 390 1198 462 synodorum,
1225 393 1280 446 in
1311 393 1508 464 quibus
1536 393 1664 450 ﬁdei
1690 392 2359 466 nostraAjudicaremus.
2398 395 2554 451 Unde
2609 396 2734 467 quia
2765 411 2873 450 non
2921 411 3044 452 esse
3065 397 3239 466 justos
3267 395 3596 452 mediatores

293 478 603 550 symbolum
659 479 979 549 continetur,
1041 496 1142 536 nec
1192 481 1545 537 decretalium
1584 482 1897 554 pontiﬁcum

291 568 661 624 Romanorum
679 569 1109 637 constitutorum,
1132 571 1429 626 secundum
1449 588 1674 642 morem,
1699 571 1905 628 feceris

288 657 662 723 mentionem;
722 658 819 713 sed
874 673 977 714 nec
1031 658 1181 713 illam
1232 660 1453 730 propria
1505 660 1899 730 subscriptione

289 745 573 811 munieris,
621 763 723 802 nec
769 747 1010 818 aliquem
1041 747 1134 818 qui
1160 748 1303 804 hanc
1326 749 1679 819 jurejurando
1710 748 1898 804 ﬁrma-

297 841 382 889 ret
407 833 644 890 miseris.

1045 955 1140 1009 III.

613 1072 686 1113 AD
724 1073 1041 1116 LUDOVICUM
1079 1076 1120 1115 Il
1156 1074 1570 1117 IMPERATOREM.

764 1161 986 1234 Fragm.
1015 1193 1084 1202 ——
1113 1163 1240 1234 (An.
1274 1163 1424 1235 874.)

293 1268 646 1324 Asseruntur
666 1268 922 1339 quadam
939 1269 1204 1325 Ecclesiw
1222 1271 1640 1325 Ravennatensi
1657 1268 1890 1342 praedia.

365 1375 508 1428 Nam
535 1373 925 1430 monasterium
946 1383 1147 1430 sanctae
1171 1375 1351 1430 Mariae
1371 1375 1426 1429 in
1447 1375 1723 1444 Cpmaclo,
1749 1375 1894 1447 quod

293 1462 585 1533 Pomposia
631 1463 846 1530 dicitur,
881 1471 933 1518 et
960 1464 1345 1519 monasterium
1392 1464 1564 1519 sancti
1594 1464 1894 1519 Salvatoris

292 1550 348 1604 in
384 1558 567 1605 monte
590 1551 817 1617 Feretri,
853 1551 1104 1624 aliudque
1133 1553 1520 1607 monasterium
1548 1553 1694 1623 quod
1725 1568 1890 1608 voca-

297 1647 383 1694 tur
414 1647 604 1695 sancto
633 1640 826 1708 Probo,
863 1648 1024 1712 atque
1055 1640 1278 1696 colonos
1307 1640 1362 1695 in
1391 1641 1662 1696 territorio
1693 1641 1891 1696 Ferra-

2005 492 2236 555 oportet,
2286 484 2447 539 unius
2506 491 2686 538 autem
2732 484 2995 539 mediator
3048 501 3156 539 non
3218 493 3318 553 est,
3378 485 3600 540 eosdem

2002 589 2196 628 vexare
2225 573 2442 646 longius
2471 571 2870 643 proﬁciscendo
2900 573 3169 642 nolumus,
3196 573 3462 629 sanctitati
3494 581 3598 629 tuae

2002 677 2163 732 super
2210 662 2583 730 hujuscemodi
2613 661 2995 717 controversiae
3033 661 3447 732 circumstantia,
3480 662 3599 718 vice

1999 758 2189 806 nostra
2219 750 2469 821 delegata
2496 752 2797 816 hortamur,
2832 757 2889 804 ut
2919 757 3113 804 statuto
3144 758 3196 804 et
3226 750 3426 806 indicto
3457 758 3599 806 tem-

1997 855 2130 910 pore
2185 839 2529 894 venerabiles
2587 838 2908 893 Lintfridum
2961 838 3325 905 Ficinensem,
3375 838 3601 894 Paulum

1999 927 2372 981 Placentinum
2403 927 2668 982 antistites
2695 927 2765 982 ad
2795 935 3003 983 certum
3033 927 3324 993 accersias,
3353 935 3406 982 et
3433 943 3603 982 uxore

1991 1016 2106 1085 jam
2134 1016 2415 1071 memorati
2445 1015 2712 1087 Radulphi
2739 1015 2922 1070 missis
2967 1015 3165 1072 vestris
3199 1023 3251 1070 et
3280 1015 3472 1071 litteris
3500 1016 3602 1072 ad-

1997 1113 2209 1171 vocata,
2243 1121 2364 1176 quae
2411 1104 2551 1175 legis
2595 1105 2714 1160 sive
2757 1105 3047 1160 mundanae
3086 1104 3202 1160 sive
3233 1103 3428 1161 divina:
3457 1112 3603 1175 sunt,

1998 1209 2164 1263 super
2189 1200 2418 1264 utroque
2451 1193 2683 1266 conjuge
2702 1191 3079 1249 incunctanter
3109 1207 3387 1259 exerceas,
3413 1208 3607 1248 secun-

1995 1280 2123 1334 dum
2152 1282 2500 1352 praestitutam
2530 1281 2685 1337 vobis
2723 1281 3086 1337 sacerdotalis
3117 1295 3432 1336 mensuram
3463 1282 3607 1337 dun-

1997 1377 2138 1426 taxat
2164 1369 2342 1425 officii.
2376 1370 2508 1439 Quas
2537 1370 2584 1424 si
2613 1378 2742 1441 post
2769 1370 3113 1426 vocationem
3148 1377 3405 1436 vestram,
3440 1386 3600 1441 quam

1995 1458 2210 1514 tertiam
2270 1475 2392 1515 esse
2436 1466 2558 1530 post
2608 1459 2904 1514 secundam
2943 1467 3184 1514 nostram
3211 1458 3404 1529 procul
3433 1459 3600 1515 dubio

1999 1554 2228 1613 constat,
2283 1547 2353 1602 ad
2399 1547 2576 1603 virum
2620 1547 2919 1618 proprium,
2964 1547 3160 1603 collata
3207 1546 3309 1601 sibi
3347 1546 3512 1617 legali
3541 1555 3597 1602 et

1993 1635 2332 1690 indubitabili
2381 1652 2440 1691 se
2487 1636 2754 1692 libertate
2796 1636 3089 1709 purgandi,
3149 1635 3372 1692 minime
3422 1635 3606 1693 redire

298 1728 467 1783 riensi
509 1736 562 1783 et
609 1728 860 1783 Adriensi
891 1729 1229 1785 etGallicata
1266 1737 1317 1784 et
1362 1730 1747 1786 Fanventillam
1777 1731 1890 1785 Ra-
1922 1723 2282 1808 Bdelegerit,
2329 1738 2668 1794 examenque
2714 1723 3014 1780 sanctitatis
3067 1730 3262 1778 vestrae
3327 1723 3606 1786 subterfu-z

295 1817 515 1872 vennati
545 1817 958 1888 archiepiscOpo
987 1833 1096 1873 non
1126 1819 1469 1885 abstulimus,
1503 1819 1601 1874 sed
1621 1834 1687 1873 ea
1715 1833 1899 1873 mona-

297 1905 460 1960 steria
515 1913 569 1960 et
624 1905 747 1961 loca
793 1906 860 1960 ab
906 1907 1344 1963 antecessoribus
1392 1907 1592 1962 nostris
1641 1922 1900 1978 possessa

298 1994 635 2066 reperientes
668 1995 1010 2066 possedimus
1039 1997 1412 2066 hactenusque
1428 1996 1548 2064 jure
1568 1996 1789 2066 pr0prio
1812 2013 1898 2051 re-

295 2083 551 2138 tinemus.
575 2083 695 2138 Alia
717 2099 932 2156 quoque
963 2084 1082 2140 loca
1112 2092 1162 2139 et
1191 2085 1349 2140 villas
1380 2092 1432 2139 et
1461 2084 1660 2155 praedia
1689 2085 1757 2139 de
1789 2085 1900 2156 qui-

301 2172 402 2226 bus
431 2172 666 2244 aliquam
717 2172 1048 2228 functionem
1091 2189 1192 2243 per
1220 2189 1256 2226 n
1276 2174 1391 2242 jam
1437 2189 1608 2228 annos
1638 2173 1902 2230 Ecclesiae

300 2261 590 2316 Ravennas
636 2261 858 2332 recepit,
891 2261 1143 2317 volumus
1173 2270 1229 2316 ut
1257 2262 1544 2332 pristinam
1573 2261 1901 2318 functionem

301 2357 356 2403 et
387 2349 658 2404 dationem
705 2350 900 2405 eadem
945 2349 1194 2405 Ecclesia
1236 2350 1494 2421 deinceps
1543 2350 1782 2420 recipiat.
1836 2353 1904 2405 Et

302 2436 427 2507 quia
475 2437 651 2493 eidem
696 2437 958 2494 Ecclesiae
1003 2438 1111 2492 alia
1138 2438 1260 2493 loca
1289 2454 1390 2494 nec
1429 2438 1644 2494 tulimus
1674 2453 1776 2494 nec
1805 2455 1903 2495 oc—

300 2525 490 2596 cupari
518 2525 764 2592 fecimus,
797 2527 993 2581 habeat
1023 2544 1144 2598 quae
1171 2528 1436 2583 hactenus
1480 2527 1668 2582 habuit
1696 2527 1904 2598 absque

298 2615 576 2685 praedictis
604 2615 759 2681 locis,
793 2615 848 2669 id
879 2623 962 2670 est
1000 2615 1264 2672 Gallicata
1293 2624 1346 2670 et
1375 2632 1554 2671 massa
1583 2615 1900 2682 Faventilla,

301 2711 355 2758 et
387 2703 597 2775 absque
645 2703 886 2774 praefatis
935 2706 1298 2773 monasteriis,
1350 2721 1631 2776 quousque
1673 2705 1729 2758 in
1757 2719 1904 2774 prae-

301 2791 480 2847 sentia
522 2800 704 2847 nostra
748 2801 799 2848 et
847 2793 964 2864 ipsa
1006 2793 1127 2848 loca
1155 2811 1275 2865 quae
1319 2811 1415 2848 sua
1445 2810 1566 2849 esse
1597 2801 1768 2863 putat,
1801 2808 1905 2847 no-

299 2889 428 2936 strze
471 2881 651 2951 potius
697 2882 959 2938 Ecclesiae
987 2882 1111 2954 lege
1141 2890 1194 2938 et
1214 2882 1435 2938 ratione
1481 2881 1754 2954 pertinere
1783 2898 1905 2936 om-

297 2969 537 3024 nimodis
576 2971 943 3043 cognoscetis.
993 2972 1192 3026 Datum
1238 2987 1296 3026 IV
1341 2971 1461 3027 Kal.
1519 2971 1702 3042 Febr.,
1761 2970 1907 3026 indi-

300 3058 482 3115 ctione
512 3075 612 3115 vn.

1063 3175 1152 3230 1V.

356 3305 430 3346 AD
468 3305 800 3346 ANSBERTUM
836 3303 1314 3344 ARCIIIEPISCOPUM
1352 3303 1847 3345 MEDIOLANENSEM.

747 3389 966 3462 Fragm.
999 3420 1068 3429 —
1097 3389 1276 3461 (Anno
1315 3388 1464 3461 874.)

375 3497 475 3554 Vir
516 3497 826 3568 spectabilis
869 3497 1186 3568 Rudolphus
1232 3496 1470 3563 nomine,
1519 3494 1903 3567 imperatorias

300 3587 488 3656 homo,
539 3602 638 3642 nos
684 3602 860 3657 nuper
908 3586 1134 3652 adierat,
1181 3585 1457 3657 queritans
1500 3593 1553 3640 et
1582 3600 1905 3640 asseverans

302 3691 363 3730 se
406 3691 628 3730 uxorem
678 3691 832 3729 suam
879 3674 1095 3730 nomine
1145 3675 1344 3729 Bavam
1374 3674 1489 3729 zelo
1531 3674 1760 3744 pudoris
1789 3672 1906 3728 fer-

304 3772 487 3833 vente,
547 3765 802 3820 obscenae
856 3763 1182 3834 suspicionis
1229 3763 1439 3819 macula
1486 3764 1796 3829 denotasse,
1843 3777 1908 3818 ac

307 3853 532 3908 sinistra
574 3853 955 3908 crebrescente
984 3852 1128 3907 fama
1156 3852 1386 3908 carnalis
1426 3851 1766 3908 accusatione
1795 3851 1909 3906 cri—

303 3941 466 3996 minis
512 3941 812 4013 impetisse.
865 3941 968 4010 Qui
1014 3958 1136 3998 cum
1178 3943 1318 4009 hanc
1349 3941 1417 3996 ad
1451 3941 1795 4012 purgandum
1825 3956 1912 3995 se-

305 4029 546 4086 cundum
594 4030 733 4102 legis
778 4029 1018 4101 propriae
1063 4038 1305 4086 tenorem
1347 4030 1664 4102 parentibus
1713 4030 1828 4098 ejus
1859 4036 1912 4084 et

307 4119 732 4191 consanguineis
779 4118 1112 4187 tradidisset,
1162 4119 1302 4173 ultra
1332 4119 1566 4189 spatium
1595 4117 1724 4173 anni
1753 4117 1914 4172 fuerit

307 4209 410 4263 sub
442 4207 800 4264 criminalium
831 4215 986 4262 reatu
1015 4207 1408 4263 calumniarum
1438 4214 1668 4262 retenta.
1694 4206 1813 4274 Qua
1843 4206 1910 4260 de

308 4315 366 4354 re
396 4313 519 4362 nos,
550 4297 818 4369 aequitatis
848 4313 1034 4352 amore
1067 4296 1335 4365 succensi,
1381 4296 1674 4366 apostolica
1703 4311 1911 4366 paren-

306 4387 450 4441 tibus
482 4387 599 4455 ejus
628 4386 940 4442 auctoritate
968 4385 1315 4457 prmcipimus
1349 4393 1614 4456 quatenus
1643 4383 1912 4438 mediante

1934 3106 1984 3168 C

1998 1811 2154 1884 giens
2209 1812 2578 1878 declinaverit,
2635 1828 2669 1866 a
2723 1812 2893 1868 sacris
2949 1819 3002 1866 et
3056 1811 3336 1883 sanguinis
3383 1812 3601 1867 Domini

1996 1901 2168 1955 nostri
2197 1901 2326 1956 Jesu
2357 1900 2551 1956 Christi
2574 1900 2954 1956 communione
2984 1901 3038 1954 in
3067 1900 3302 1970 idipsum
3339 1917 3444 1955 una
3473 1916 3598 1956 cum

2000 1989 2190 2060 spiritu
2233 1998 2424 2045 nostro
2468 1989 2872 2058 convenientes,
2920 1997 3026 2044 tam
3076 1989 3252 2060 ipsam
3301 2005 3464 2061 quam
3493 2005 3596 2046 ne-

1999 2079 2175 2149 quiter
2222 2095 2342 2133 eam
2389 2086 2600 2134 tuentes
2649 2087 2703 2133 et
2735 2078 3089 2134 defendentes
3136 2077 3594 2150 consanguineos,

2001 2167 2243 2238 quinimo
2291 2167 2524 2222 fautores
2568 2169 2681 2237 ejus
2725 2175 2778 2222 et
2826 2166 3045 2223 omnino
3085 2166 3598 2235 communicatores,

2001 2255 2176 2312 donec
2207 2255 2482 2323 obediant,
2517 2263 2872 2328 sequestrate.

2287 2507 2359 2548 AD
2399 2509 2719 2550 LUDOVICUM
2766 2510 2955 2550 REGEM
2995 2501 3316 2551 GERMANiaz.

2621 2584 2800 2654 (Anno
2833 2585 2980 2654 874.)

2059 2671 2367 2742 Privilegia
2394 2674 2655 2728 Romanae
2685 2673 2949 2728 Ecclesiae
2994 2689 3110 2728 non
3135 2675 3253 2729 nisi
3280 2678 3510 2731 centum

2217 2759 2500 2799 annorum
2528 2745 2983 2815 praescriptiones
3015 2745 3319 2801 tolluntur.

2148 2847 2332 2919 (Apud
2361 2848 2537 2915 Grat.,
2570 2849 2753 2918 Decr.,
2786 2865 2933 2904 caus.
2971 2852 3054 2915 16,
3092 2867 3146 2921 q.
3178 2855 3230 2917 3,
3264 2865 3314 2906 c.
3351 2850 3465 2922 17.)

2076 2973 2250 3028 Nemo
2308 2973 2376 3028 de
2433 2988 2702 3029 annorum
2770 2990 3000 3030 numero
3074 2974 3374 3030 resultandi
3433 2983 3612 3030 sumat

2010 3061 2329 3128 fomentum,
2363 3062 2491 3133 quia
2533 3070 2734 3118 sanctae
2775 3063 3054 3129 Romanae,
3103 3063 3190 3118 cui
3244 3065 3361 3118 Deo
3391 3071 3611 3121 auctore

2017 3150 2300 3219 servimus,
2351 3151 2612 3206 Ecclesiae
2660 3151 2964 3224 privilegia,
3015 3168 3135 3222 quae
3182 3151 3238 3205 in
3282 3151 3439 3206 ﬁrma
3469 3150 3615 3208 Petri

2015 3238 2321 3293 stabilitatis
2365 3247 2518 3309 petra
2565 3239 2822 3310 suscepit,
2863 3240 3024 3294 nullis
3073 3241 3404 3311 temporibus
3434 3257 3614 3314 angu-

2009 3335 2237 3393 stantur,
2280 3329 2440 3382 nullis
2469 3344 2764 3401 regnorum
2805 3328 3141 3399 portionibus
3170 3329 3612 3400 praejudicantur.

2004 3416 2111 3472 Sed
2167 3417 2490 3473 venerandae
2532 3419 2792 3474 Romanae
2839 3418 3012 3490 leges,
3065 3417 3321 3474 divinitus
3365 3435 3466 3490 per
3513 3436 3611 3475 ora

2003 3506 2219 3576 piorum
2262 3506 2570 3577 principum
2624 3506 3002 3576 promulgatae,
3061 3523 3244 3562 rerum
3301 3507 3417 3576 ejus
3457 3525 3605 3578 pra:-

2005 3593 2352 3665 scriptionem
2409 3610 2518 3649 non
2565 3594 2670 3648 nisi
2717 3610 2816 3665 per
2852 3603 3070 3650 centum
3099 3610 3270 3652 annos
3300 3595 3608 3651 admittunt.

2767 3737 2858 3792 VI.

2454 3861 2526 3902 AD
2564 3862 2784 3904 PAULUM
2831 3863 3162 3906 EPISCOPUM.

2629 3938 2808 4007 (Anno
2842 3940 2992 4009 874.)

2015 4024 2517 4082 Commonitorium
2547 4027 2723 4081 Paulo
2755 4027 3004 4099 episcOpo
3030 4029 3301 4099 fungenti
3332 4029 3611 4101 legatione

2331 4114 2392 4168 in
2429 4115 2790 4169 Germaniam
2819 4119 2877 4169 et
2905 4117 3285 4171 Pannoniam.

2081 4218 2202 4274 Non
2247 4217 2392 4273 enim
2424 4219 2600 4273 solum
2627 4219 2767 4273 inter
2809 4219 3019 4274 Italiam
3049 4236 3114 4276 ac
3140 4229 3367 4277 caeteras
3398 4223 3614 4293 Hespe-

2014 4307 2104 4361 riae
2158 4306 2486 4378 provincias,
2547 4324 2738 4363 verum
2795 4307 2959 4362 etiam
3006 4308 3150 4364 intra
3197 4309 3359 4365 totius
3409 4311 3613 4381 Illyrici

2013 4395 2149 4451 ﬁnes
2206 4396 2663 4464 consecrationes,
2714 4397 3083 4453 ordinationes
3126 4407 3179 4453 et
3230 4398 3614 4469 dispositiones

303 4491 496 4531 mense
543 4476 789 4548 Augusto
830 4475 1116 4546 praeteritae
1155 4474 1398 4545 septima?
1436 4472 1745 4529 indictiOniS
1793 4470 1980 4530 SiVeD
2012 4483 2309 4561 apostolica
2341 4485 2500 4540 sedes
2529 4485 2822 4557 antiquitus
2852 4495 3067 4558 patrare
3107 4486 3406 4544 consuevit.
3438 4488 3611 4543 Porro

300 4573 606 4637 purgatam,
644 4565 758 4620 sive
789 4564 943 4619 aliter
980 4563 1226 4620 eamdem
1257 4563 1510 4619 feminam
1534 4563 1650 4617 viro
1681 4561 1908 4633 proprio

303 4653 692 4719 reddidissent,
742 4654 888 4708 haud
931 4653 1156 4708 dubium
1199 4652 1330 4724 quin
1374 4652 1669 4706 subituram
1716 4651 1762 4705 si
1800 4667 1908 4706 non

301 4742 581 4798 saecularis
629 4741 788 4815 legis,
825 4742 1013 4798 saltem
1063 4742 1447 4797 ecclesiasticae
1472 4741 1688 4812 pietatis
1715 4741 1906 4796 mede-

304 4831 434 4886 lam.
480 4831 736 4902 Alioquin
779 4831 1025 4903 corporis
1055 4839 1108 4886 et
1148 4831 1428 4903 sanguinis
1475 4829 1693 4885 Domini
1735 4829 1908 4884 nostri

304 4920 435 4976 Jesu
485 4919 687 4976 Christi
734 4937 793 4976 se
831 4927 1057 4975 noscent
1105 4933 1230 4976 cum
1273 4936 1334 4975 ea
1378 4919 1759 4975 communione
1788 4919 1906 4990 pri-

304 5010 533 5079 vandos,
569 5009 660 5081 qui
688 5026 789 5064 nec
835 5010 1238 5065 mundanarum
1263 5009 1350 5064 vel
1388 5009 1692 5064 divinarum
1722 5008 1908 5080 legum

305 5113 618 5166 censuram,
638 5115 739 5154 nec
767 5098 1077 5170 apostolicae
1097 5098 1243 5154 sedis
1261 5105 1574 5153 reverentes
1601 5097 1902 5152 decretum.

304 5188 515 5243 Horum
544 5188 698 5256 nihil,
731 5195 787 5242 ut
817 5174 1221 5258 prmdictus'vir
1240 5186 1308 5240 ad
1337 5201 1436 5242 nos
1465 5185 1653 5241 iterato
1682 5185 1908 5242 veniens

305 5277 488 5332 retulit
517 5284 570 5332 et
600 5276 770 5348 ipsius
801 5277 882 5331 rei
929 5276 1104 5332 exitus
1149 5275 1336 5342 innuit,
1370 5291 1532 5347 agere
1563 5281 1903 5329 curaverunt.

305 5364 677 5434 Quamobrem
696 5365 752 5420 in
771 5382 928 5422 sacro
944 5364 1339 5421 communionis
1358 5380 1585 5420 munere
1607 5364 1907 5418 secundum

307 5456 458 5527 quod
485 5455 594 5510 illis
640 5455 953 5511 intentando
992 5453 1304 5510 comminati
1332 5453 1623 5519 fueramus,
1659 5469 1754 5507 eos
1783 5469 1906 5507 me-

303 5555 409 5609 rito
438 5554 780 5626 privaremus
809 5554 913 5610 nisi
941 5554 1165 5610 alteram
1194 5560 1407 5624 partem
1437 5550 1762 5606 audiendam
1789 5549 1905 5606 fore

2011 4573 2056 4628 si
2104 4574 2172 4629 de
2215 4589 2480 4629 annorum
2533 4591 2758 4630 numero
2808 4575 2944 4632 forte
2994 4585 3249 4632 causatur
3303 4577 3436 4632 sciat
3479 4576 3610 4648 quia

2007 4663 2148 4718 inter
2176 4663 2511 4719 Christianos
2541 4671 2594 4719 et
2623 4680 2718 4720 eos
2747 4664 2837 4736 qui
2884 4672 3005 4719 sunt
3048 4666 3205 4721 unius
3253 4664 3381 4721 ﬁdei
3409 4681 3606 4721 nume-

2008 4767 2104 4806 rus
2158 4759 2337 4808 certus
2392 4751 2581 4807 afﬁxus
2637 4761 2740 4810 est.
2799 4753 2931 4808 Cum
2985 4761 3164 4809 tamen
3217 4753 3310 4808 ubi
3357 4770 3603 4826 pagano-

2008 4857 2128 4895 rum
2185 4847 2238 4895 et
2294 4840 2699 4896 incredulorum
2755 4841 2904 4896 furor
2959 4849 3041 4896 est
3097 4842 3150 4895 in
3191 4857 3377 4912 causa,
3429 4858 3608 4914 quan-

2008 4928 2196 4984 talibet
2237 4937 2617 4999 pertranseant
2660 4938 2902 5000 tempora
2923 4930 3033 4998 juri
3065 4928 3214 5002 [non]
3245 4931 3604 5001 praejudicant

2005 5018 2399 5085 Ecclesiarum,
2425 5035 2545 5090 quae
2573 5018 2878 5090 corporalia
2896 5018 3201 5074 nescientes
3222 5034 3397 5087 arma,
3429 5020 3604 5076 solum

2006 5106 2298 5162 Dominum
2344 5117 2810 5180 pr0pugnatorem
2858 5123 3035 5175 suum,
3082 5109 3354 5180 quomodo
3403 5110 3452 5165 ei
3481 5109 3604 5181 pla-

2007 5195 2177 5251 cuerit
2233 5195 2484 5251 misereri
2528 5196 2840 5266 patientem,
2904 5205 3235 5268 exspectant.
3286 5198 3506 5268 Verum,
3560 5196 3607 5253 si

2006 5300 2269 5340 annorum
2312 5283 2588 5354 prolixitas
2637 5285 2692 5338 in
2739 5283 2938 5339 talibus
2976 5285 3219 5358 impedit,
3269 5303 3401 5360 ergo
3454 5288 3602 5342 Deus

2006 5372 2123 5443 ipse
2175 5372 2676 5443 reprehendendus,
2741 5372 2831 5444 qui
2885 5381 3005 5444 post
3064 5375 3493 5448 quadringentos
3551 5383 3605 5431 et

2007 5461 2225 5532 triginta
2271 5477 2441 5516 annos
2486 5460 2624 5515 ﬁlios
2676 5461 2840 5516 Israel
2887 5463 2954 5518 de
3004 5464 3258 5520 servitute
3305 5463 3600 5520 Pharaonis

2006 5566 2035 5603 e
2085 5549 2302 5606 fornace
2351 5549 2526 5605 ferrea
2569 5549 2840 5618 liberavit,
2876 5560 2925 5606 et
2975 5553 3065 5624 qui
3099 5553 3374 5609 hominum
3422 5567 3597 5624 genus
