4174 6344
509 218 614 274 655

1722 206 2018 265 JOANNIS
2073 201 2271 259 ΡΑΡΛΕ
2325 203 2466 259 VIII.

3697 191 3805 246 656

510 349 634 413 post
673 340 840 413 longa
885 347 1131 411 tempora
1173 339 1243 395 de
1291 336 1544 396 claustris
1586 334 1787 391 inferni
1815 341 1869 389 et
1899 333 2102 389 daamo-
2126 328 2184 391 A
2206 330 2358 385 lucos
2378 328 2445 384 de
2470 332 2622 384 terra
2641 325 2786 382 Iuda
2814 324 2899 413 (ΙΙ
2912 324 3042 413 Par.
3066 322 3210 386 xIx).
3228 317 3512 413 Quantum
3527 321 3807 413 praeterea

511 446 642 487 num
668 428 911 501 potentia
941 428 1155 500 eripuit.

1251 545 1366 599 VII.

866 665 939 705 AD
978 666 1296 705 LUDOVICUM
1335 661 1750 705 IMPERATOREM.

986 740 1204 810 Fragm.
1236 769 1305 778 —
1334 740 1459 810 (An.
1492 736 1640 805 875.)

515 828 1064 886 Excommunicatur
1126 827 1436 883 Rainaldus
1528 824 1714 881 Castri
1793 819 2111 877 Felicitatis

1157 916 1462 988 episcopus.

591 1013 832 1084 Qualiter
884 1011 1177 1068 Rainaldus
1232 1010 1410 1066 Castri
1476 1008 1770 1063 Felicitatis
1826 1005 2114 1077 episcopus

519 1119 684 1175 super
711 1101 1002 1157 homicidio
1032 1109 1141 1156 tam
1169 1114 1338 1170 penes
1368 1097 1724 1170 apostolicam
1752 1110 1916 1167 quam
1946 1108 2116 1164 penes

519 1189 926 1263 imperatoriam
977 1188 1164 1244 sedem
1201 1187 1417 1258 publico
1450 1201 1725 1240 murmure
1756 1183 1911 1239 fuerit
1940 1182 2115 1236 deno-

522 1288 686 1345 tatus,
718 1287 771 1333 et
801 1276 1066 1349 Gregorio
1112 1275 1311 1331 dilecto
1357 1274 1469 1330 filio
1513 1272 1918 1329 nomenclatore
1947 1269 2116 1324 misso

520 1376 572 1424 et
603 1365 953 1439 apocrisiario
993 1373 1196 1421 sanctae
1243 1364 1390 1419 sedis
1436 1371 1639 1419 nostrae
1685 1378 1807 1418 cum
1852 1358 2118 1431 Gregorio

519 1457 716 1512 illustri
746 1454 1008 1528 magistro
1035 1453 1267 1508 militum
1296 1469 1360 1508 ac
1388 1451 1639 1508 vestiario
1662 1451 1799 1506 sacri
1829 1448 2003 1504 nostri
2032 1463 2121 1518 pa-

521 1543 763 1600 triarchii
791 1543 936 1614 apud
961 1542 1370 1599 dilectissimam
1399 1539 1564 1595 ﬁliam
1605 1548 1844 1595 nostram
1875 1538 2119 1608 impera-

519 1633 711 1688 tricem
759 1634 1059 1705 Augustam
1088 1631 1438 1697 consistente,
1470 1646 1503 1684 a
1532 1637 1704 1685 matre
1734 1626 2001 1698 perempti
2025 1625 2119 1694 ju-

521 1721 679 1778 venis
725 1721 954 1792 aliisque
1000 1720 1316 1791 parentibus
1362 1718 1560 1774 fuerint
1616 1717 1909 1789 impetitus,
1960 1722 2014 1770 et
2055 1713 2122 1769 ad

522 1808 924 1882 purificandum
954 1825 1015 1863 se
1043 1825 1073 1862 a
1102 1808 1260 1864 nobis
1288 1824 1389 1879 per
1414 1807 1725 1878 frequentes
1755 1802 2123 1860 excommuni-

524 1897 762 1955 catorias
809 1896 1065 1968 epistolas
1113 1896 1406 1953 accesserit
1434 1897 1660 1952 Romam
1691 1902 1934 1963 coactus,
1968 1907 2123 1947 sere-

522 1986 674 2042 nitati
718 1994 916 2043 vestrae
964 1968 1237 2042 credimus
1283 1983 1651 2040 manifestum.
1686 1983 1794 2038 Sed
1823 1981 1951 2054 quia
1980 1981 2125 2035 idem

524 2076 756 2131 Romam
801 2074 1027 2130 veniens
1067 2073 1408 2147 purgationis
1439 2089 1553 2129 suae
1582 2080 1798 2143 tempus
1824 2068 2122 2142 praeripuit,

526 2171 579 2219 et
608 2162 812 2218 indicta
836 2177 939 2234 pro
970 2179 1028 2218 se
1058 2163 1269 2234 synodo
1307 2162 1627 2233 deputatum
1655 2160 1757 2215 sibi
1787 2175 1818 2215 a
1851 2159 2010 2214 nobis
2038 2157 2126 2213 lo-

527 2268 673 2320 cum,
706 2250 1074 2307 fraudulentus
1116 2251 1386 2307 excedens
1413 2267 1566 2305 more
1596 2250 1729 2304 furis
1756 2265 1855 2320 per
1879 2247 2038 2304 Urbis
2068 2261 2128 2302 se

529 2356 715 2396 muros
745 2339 958 2410 dejecit,
982 2347 1037 2395 et
1065 2355 1198 2396 vera
1228 2339 1399 2394 fuisse
1419 2338 1666 2404 crimina,
1700 2354 1819 2410 quae
1850 2335 1953 2391 sibi
1982 2335 2131 2391 illata

530 2437 675 2497 sunt,
708 2428 964 2485 indicium
994 2428 1402 2502 subterfugiens
1431 2427 1752 2499 propalavit,
1783 2425 1908 2481 hinc
1936 2432 2128 2481 aucto-

529 2519 688 2574 ritate
730 2517 830 2573 Dei
879 2517 1264 2588 omnipotentis
1311 2524 1729 2589 sanctorumque
1759 2514 2131 2587 apostolorum

529 2607 833 2680 principum
863 2614 914 2662 et
942 2614 1142 2662 nostrae
1171 2605 1558 2662 mediocritatis
1588 2606 1657 2661 ab
1683 2604 1832 2661 omni
1862 2602 2130 2660 ecclesia-

526 2695 660 2753 stica
688 2695 848 2751 simul
867 2703 919 2751 et
939 2694 1241 2751 Christiana
1270 2695 1653 2751 communione
1683 2694 1900 2767 penitus
1934 2707 2133 2764 seque-

536 2792 769 2841 stramus
777 2826 789 2839 .

1259 2885 1401 2942 VIII.

839 2988 914 3030 AD
958 2989 1276 3030 LUDOVICUH
1316 2989 1357 3029 II
1396 2987 1817 3030 IMPERATOREH.

1002 3063 1243 3136 (Fragm.
1277 3093 1349 3103 —
1377 3065 1482 3119 An.
1520 3062 1670 3135 875.)

530 3180 682 3245 Leuis
710 3180 1053 3237 auctoritate
1095 3179 1420 3235 dissolvitur
1466 3177 1609 3251 quod
1637 3181 1838 3234 contra
1883 3192 2009 3233 eam
2034 3176 2123 3247 ﬁt.

720 3268 903 3341 (Apud
933 3268 1110 3333 Grat.,
1140 3269 1301 3324 Decr.
1335 3270 1386 3334 1,
1420 3266 1544 3322 dist.
1579 3269 1666 3334 1ο,
1699 3281 1821 3337 cap.
1855 3265 1934 3336 9.)

603 3384 786 3450 Vides,
843 3380 919 3436 fili
974 3381 1312 3449 charissima,
1371 3381 1498 3454 quia
1542 3381 1690 3454 quod
1743 3389 1930 3438 contra
1974 3379 2128 3451 leges

526 3471 809 3545 accipitur,
843 3487 945 3544 per
972 3470 1128 3544 leges
1155 3470 1382 3527 dissolvi
1410 3478 1673 3527 meretur.

1294 3622 1393 3679 IX.

522 3754 596 3795 AD
632 3751 1077 3807 NEAPOLITANOS,
1110 3751 1536 3794 SALERNITANOS
1575 3751 1646 3792 ET
1687 3749 2126 3792 AMALPHITANOS

992 3852 1210 3925 Fragm.
1244 3883 1314 3893 —
1345 3851 1471 3924 (An.
1511 3850 1662 3923 875.)

603 3968 944 4028 Conscientia
980 3977 1179 4028 vestrae
1207 3969 1264 4025 in
1293 3968 1509 4024 Christo
1538 3967 1846 4024 dilectionis
1867 3968 2015 4038 juste
2044 3967 2134 4024 di-

523 4058 750 4133 judicet,
776 4066 1034 4132 quantum
1066 4057 1277 4114 Christo
1305 4057 1486 4114 aversi
1518 4064 1643 4113 sunt
1668 4057 1724 4112 hi
1753 4056 1844 4130 qui
1873 4073 1997 4113 cum
2016 4057 2134 4127 ejus

533 4147 843 4205 inﬁdelibus
888 4155 1076 4205 contra
1116 4147 1540 4219 prohibitionem
1571 4146 1717 4202 Pauli
1746 4146 1878 4202 tanti
1906 4145 2135 4218 apostoli

532 4238 793 4312 pollutam
834 4236 1055 4293 foederis
1097 4234 1285 4292 ineunt
1332 4237 1612 4292 unitatem.
1646 4236 1782 4291 Cum
1811 4235 1957 4291 enim
1987 4235 2134 4309 regis

532 4326 923 4383 rebelliouibus
983 4341 1307 4397 quocunque
1363 4324 1647 4396 participio
1705 4325 2129 4398 conjunguntur,

2208 419 2276 473 sit
2306 420 2420 473 Deo
2441 415 2760 471 delectabile
2780 412 2847 467 ab
2868 411 3211 485 inimicorum
3228 407 3331 463 Dei
3349 421 3482 478 pace
3512 404 3805 469 desistere,

2208 515 2396 563 noster
2430 503 2887 577 Psalmographus
2917 498 3226 555 manifestat
3263 512 3385 553 cum
3418 494 3584 550 dicit:
3609 494 3810 549 Nonne

2209 598 2304 671 qui
2337 596 2575 653 oderant
2612 597 2685 659 te,
2707 592 2962 657 Domine,
2986 589 3213 645 oderam
3248 587 3394 651 illos,
3419 588 3477 640 et
3496 599 3666 656 super
3686 582 3811 637 ini-

2209 686 2382 741 micos
2421 688 2541 741 tuos
2574 681 2916 738 tabcscebam
2941 683 2963 734 ?
2984 679 3239 748 Perfecto
3262 675 3382 731 odio
3404 673 3632 730 oderam
3653 672 3809 736 illos,

2210 774 2436 829 inimici
2467 771 2613 843 facti
2642 772 2779 826 sunt
2798 768 2943 824 mihi
2962 766 3138 837 (Psal.
3162 762 3443 833 cxxxvn).
3462 763 3543 815 Ex
3564 775 3694 832 quo,
3721 758 3812 813 di-

2213 860 2493 917 lectissimi
2538 858 2652 927 ﬁlii,
2702 864 2949 929 patenter
2992 853 3295 910 ostenditur
3336 857 3539 923 quanto
3586 846 3815 904 crimine

2213 966 2338 1006 cum
2355 947 2608 1020 pessimis
2630 962 2736 1017 pax
2752 953 2984 1009 tenetur,
3006 943 3052 997 si
3068 942 3332 1013 propheta
3348 946 3523 994 tantus
3538 938 3643 993 hoc
3665 935 3820 993 velut

2213 1039 2268 1093 in
2300 1038 2532 1093 hostiam
2581 1037 2697 1090 Deo
2727 1032 2919 1089 obtulit
2948 1032 3094 1104 quod
3124 1037 3314 1087 contra
3342 1043 3538 1100 pravos
3568 1042 3666 1098 pro
3697 1026 3816 1081 Deo

2215 1125 2517 1182 inimicitias
2574 1123 2844 1180 excitavit.
2905 1121 3040 1177 Hinc
3093 1119 3223 1175 Levi
3276 1118 3466 1184 tribus,
3517 1113 3818 1185 assumptis

2217 1215 2412 1290 gladiis
2439 1231 2541 1286 per
2566 1221 2872 1269 castrorum
2902 1210 3080 1265 media
3099 1207 3367 1263 transiens
3397 1205 3524 1278 quia
3553 1202 3821 1259 feriendis

2216 1304 2388 1360 noluit
2427 1302 2802 1375 peccatoribus
2848 1315 3091 1371 parcere,
3144 1299 3260 1353 Deo
3288 1312 3483 1351 manus
3511 1309 3642 1348 suas
3672 1292 3818 1349 diota

2218 1402 2301 1449 est
2346 1407 2703 1449 consecrasse
2737 1408 2749 1444 :
2791 1389 2916 1444 hinc
2958 1388 3191 1443 Phinees
3232 1383 3575 1457 peccantium
3616 1381 3820 1438 civium

2218 1481 2452 1556 gratiam
2485 1495 2772 1552 spernens,
2807 1484 3065 1534 coeuntes
3094 1492 3215 1532 cum
3236 1472 3541 1530 Madianitis
3566 1470 3820 1543 perculit,

2219 1579 2272 1626 et
2301 1570 2440 1625 iram
2471 1569 2570 1623 Dei
2604 1568 2776 1623 iratus
2805 1566 3057 1638 placavit.

2146 1687 2201 1747 Β
2293 1659 2430 1729 Quia
2482 1657 2731 1714 fidelibus
2762 1664 2815 1711 et
2844 1654 3161 1726 mysterium
3192 1649 3608 1709 Christianitatis
3637 1649 3824 1705 scien-

2222 1748 2366 1803 tibus
2411 1747 2561 1819 loqui
2600 1762 2702 1801 nos
2745 1745 3036 1811 credimus,
3067 1759 3166 1815 per
3192 1757 3467 1798 sacrarum
3511 1738 3824 1810 Scriptura-

2222 1854 2346 1893 rum
2374 1835 2683 1892 testimonia
2711 1834 2927 1907 longius
2955 1833 3178 1888 tendere
3199 1830 3522 1896 devitamus,
3545 1826 3829 1883 dilectioni

2223 1934 2421 1982 vestras
2451 1927 2720 1980 Donatum
2747 1922 3112 1979 venerabilem
3150 1920 3486 1992 episcopum,
3519 1918 3674 1987 cujus
3701 1916 3827 1971 laus

2224 2022 2308 2071 est
2337 2014 2394 2069 in
2424 2021 2613 2070 sancta
2641 2020 2830 2069 octava
2860 2011 3083 2083 synodo,
3108 2018 3163 2066 et
3178 2008 3486 2082 Eugenium
3504 2005 3828 2078 religiosum

2224 2104 2623 2176 presbyterum,
2673 2101 2901 2159 dilectos
2947 2099 3089 2156 ﬁlios
3121 2107 3174 2156 et
3202 2096 3541 2156 consiliarios
3582 2102 3824 2163 nostros,

2225 2208 2355 2250 ecce
2385 2191 2691 2264 dirigimus.

2989 2304 3063 2360 Χ.

2608 2422 2681 2463 ΑΒ
2720 2422 2939 2463 οιιζιιυιι
2990 2419 3440 2461 SALERNITANUH.

2844 2498 3023 2569 (Anno
3062 2494 3212 2566 875.)

2298 2587 2554 2642 ΙοΑΝΝΕε
2590 2585 2713 2641 VIII
2741 2585 2889 2641 clero
2919 2593 2972 2641 et
3000 2583 3176 2640 ordini
3206 2583 3565 2638 Salernitano.

2301 2676 2382 2730 De
2454 2675 2562 2732 illis
2630 2674 2965 2746 presbyteris
3036 2672 3126 2745 qui
3198 2679 3443 2743 tempore
3497 2667 3829 2726 sanctissimi

2232 2763 2538 2821 decessoris
2587 2763 2761 2818 nostri
2806 2762 3012 2818 domini
3056 2778 3214 2833 papae
3254 2759 3466 2816 Nicolai
3507 2773 3829 2815 excommu-

2164 2858 2173 2866 '
2231 2853 2396 2909 nicati
2439 2868 2653 2909 sacrum
2700 2851 3064 2906 ministerium
3109 2850 3426 2922 contingere
3454 2862 3830 2921 praesumpse-

2234 2942 2354 3009 rint,
2400 2941 2503 3013 ipsi
2553 2941 2611 2997 in
2658 2956 2719 2997 se
2764 2939 3127 2996 damnationis
3174 2938 3332 2995 sicuti
3354 2937 3552 3009 _sancti
3589 2951 3833 2992 canones

2158 3044 2209 3108 α
2234 3038 2487 3098 statuunt,
2522 3029 2843 3086 sententiam
2871 3030 3236 3094 incurrerunt.
3268 3029 3474 3083 Tamen
3501 3026 3627 3099 quia
3656 3026 3830 3082 mise-

2227 3120 2365 3177 ratio
2394 3119 2692 3191 apostolica
2735 3118 2951 3176 veniam
2995 3117 3134 3174 solet
3160 3124 3421 3189 praestare
3449 3115 3729 3181 correctis,
3760 3113 3833 3170 ob

2227 3208 2623 3264 multitudinem
2671 3207 3061 3264 misericordiae
3103 3206 3210 3261 illis
3250 3206 3392 3261 hanc
3438 3203 3832 3276 indulgentiam

2228 3297 2567 3364 exhibemus,
2599 3304 2656 3352 ut
2686 3304 2872 3353 sancta
2902 3295 3285 3353 communione
3315 3293 3549 3367 saginati
3575 3293 3830 3348 studeant

2228 3386 2403 3442 tribus
2450 3384 2720 3442 continuis
2768 3384 2926 3440 annis
2968 3401 3067 3456 per
3113 3382 3514 3439 hebdomadam
3559 3380 3709 3437 omni
3736 3396 3832 3436 se-

2229 3474 2407 3531 cunda
2450 3482 2502 3530 et
2550 3482 2704 3529 sexta
2732 3473 2887 3544 feria,
2936 3481 3027 3529 aut
3055 3488 3089 3529 a
3116 3472 3264 3543 vino,
3310 3478 3402 3527 aut
3429 3487 3460 3525 a
3488 3470 3611 3527 cibo
3656 3468 3834 3542 [cocto

2230 3567 2298 3619 ut
2325 3563 2463 3619 alibi
2493 3562 2718 3635 legitur]
2766 3562 2981 3634 penitus
3022 3562 3286 3634 jejunare,
3326 3568 3381 3616 et
3425 3559 3567 3615 ultra
3594 3558 3835 3631 lugenda

2230 3667 2579 3726 nequaquam
2607 3651 2965 3708 committere.

2267 3867 2863 3925 Excommunicantur
2891 3867 2989 3940 qui
3017 3866 3085 3922 de
3116 3868 3298 3923 morte
3327 3865 3565 3923 Romani
3600 3864 3802 3921 clerici

2791 3957 3039 4028 suspecti
3084 3958 3272 4012 erant.

2703 4044 2920 4117 Fragm.
2953 4075 3021 4085 -
3051 4044 3177 4115 (An.
3213 4042 3363 4114 875.)

2306 4145 2411 4217 Qui
2437 4146 2506 4203 de
2535 4146 2828 4203 homicidio
2876 4146 3105 4203 Romani
3148 4144 3393 4218 religiosi
3422 4143 3607 4201 clerici
3637 4158 3840 4215 suspe-

2236 4236 2326 4305 cti,
2377 4251 2411 4291 a
2457 4235 2723 4308 nobisque
2770 4235 3049 4292 canonicae
3095 4251 3209 4291 suae
3262 4232 3841 4290 excommunicationis

2236 4324 2550 4392 intentione,
2600 4325 2869 4381 mediante
2913 4325 3075 4381 Junio
3116 4323 3403 4395 prmsentis
3446 4330 3655 4379 octavae
3689 4320 3842 4377 indi-

534 4415 742 4488 pariter
769 4414 1065 4483 majestatis
1105 4413 1424 4470 criminibus
1454 4413 1675 4468 obnoxii
1694 4412 2006 4482 judicantur
2034 4404 2206 4485 pa-D
2238 4413 2451 4481 ctionis,
2493 4413 2667 4471 vocati
2714 4414 2902 4471 venire
2931 4418 3395 4483 contempserunt,
3429 4419 3482 4466 et
3507 4411 3580 4466 ob
3608 4411 3714 4467 hoc
3742 4426 3844 4481 per

538 4504 695 4577 rique
745 4502 1011 4558 sententia
1056 4502 1483 4557 condemnantur
1516 4519 1529 4555 :
1563 4509 1825 4573 quantum
1854 4518 1886 4556 a
1915 4518 2140 4573 corpore

541 4591 738 4648 Christi
784 4590 1085 4662 probantur
1122 4589 1383 4656 extranei,
1416 4589 1507 4661 qui
1539 4590 1656 4658 ejus
1685 4589 1931 4646 hostibus
1961 4590 2141 4646 foede-

541 4681 663 4748 rati,
723 4679 970 4735 membra
1026 4678 1198 4750 ipsius
1252 4685 1405 4734 tanto
1459 4677 1814 4748 perniciosius
1879 4678 2139 4747 lacerant,

544 4777 747 4841 quanto
776 4766 1008 4824 vicinius
1033 4767 1295 4824 Ecclesia:
1324 4766 1424 4822 Dei
1454 4766 1828 4822 colliminant?
1857 4768 2017 4824 Item.

616 4856 891 4924 Quantum
935 4864 1116 4912 autem
1158 4858 1274 4912 Deo
1325 4855 1393 4910 sit
1436 4856 1770 4911 exsecrabile
1813 4871 1939 4913 cum
1976 4856 2145 4929 impio

548 4945 758 5001 foedera
800 4960 1064 5018 pangere,
1112 4944 1416 5000 luculenter
1458 4961 1523 5000 ex
1570 4944 1671 5000 hoc
1700 4945 2139 5017 deprehenditur,

548 5033 695 5106 quod
751 5034 1009 5104 Josaphat
1055 5049 1150 5088 rex
1191 5033 1348 5100 Juda,
1397 5033 1489 5105 qui
1536 5041 1614 5089 tot
1659 5034 1729 5089 de
1757 5043 2006 5091 anteacta
2036 5035 2145 5090 vita

547 5121 842 5195 przeconiis
889 5120 1184 5190 extollitur,
1218 5121 1286 5177 de
1316 5122 1503 5177 Achab
1532 5122 1782 5179 amicitiis
1810 5123 2141 5196 increpatur,

552 5228 677 5267 cum
707 5210 757 5266 ei
784 5226 881 5281 per
907 5211 1045 5266 Jehu
1091 5211 1414 5282 prophetam
1459 5211 1657 5267 dicitur
1689 5230 1702 5267 :
1736 5214 1908 5286 Impia
1936 5214 2145 5287 prcebes

556 5301 865 5365 auxilium,
907 5304 965 5356 et
1003 5299 1089 5354 his
1123 5302 1220 5373 qui
1259 5301 1500 5357 oderunt
1538 5301 1840 5358 Dominum
1885 5304 2148 5359 amicitia

549 5389 829 5462 jungeris.
854 5389 926 5443 Et
941 5389 1148 5445 idcirco
1168 5390 1316 5446 iram
1336 5391 1557 5463 quidem
1576 5392 1802 5447 Domini
1820 5393 2143 5458 merebaris,

560 5477 656 5535 sed
677 5479 817 5534 bona
833 5494 1000 5550 Opera
1033 5478 1269 5536 inventa
1289 5483 1429 5535 sunt
1446 5480 1510 5535 in
1533 5482 1587 5535 te
1606 5496 1667 5538 eo
1686 5480 1828 5553 quod
1847 5481 2149 5537 abstuleris

2243 4511 2456 4559 nostras
2503 4503 2714 4558 litteras
2762 4502 3002 4558 secundo
3042 4510 3094 4558 et
3136 4501 3297 4557 tertio
3340 4499 3611 4566 advocati,
3660 4507 3843 4555 extre-

2240 4608 2389 4647 mum
2428 4607 2557 4648 vero
2598 4607 2698 4663 per
2745 4591 3028 4662 Joannem,
3076 4591 3314 4646 Leonem
3345 4589 3635 4661 episcopos
3663 4588 3844 4644 omni-

2240 4680 2405 4736 moda
2451 4680 2829 4736 communione
2874 4679 3086 4751 privati,
3133 4679 3263 4752 quia
3318 4678 3655 4750 apostolatus
3696 4676 3845 4747 judi-

2242 4770 2385 4825 cium
2411 4769 2675 4825 hactenus
2702 4768 3098 4843 subterfugisse
3122 4777 3176 4824 et
3204 4784 3385 4840 neque
3413 4767 3630 4825 venisse
3660 4782 3841 4839 neque

2241 4857 2457 4913 misisse
2500 4857 2796 4928 probantur
2825 4874 2838 4913 :
2872 4858 3190 4914 auctoritate
3223 4845 3412 4913 sancti
3450 4855 3680 4928 Spiritus
3708 4870 3844 4911 ana-

2242 4946 2616 5002 thematizatos
2647 4963 2769 5003 esse
2799 4946 3141 5003 decernimus
3187 4963 3470 5018 quousque
3508 4945 3703 5001 futuris
3732 4945 3847 5000 Ka-

2242 5035 2420 5091 lendis
2450 5034 2797 5104 Octobribus,
2830 5034 3023 5092 futurae
3052 5052 3211 5092 nonae
3238 5035 3550 5092 indictionis
3569 5032 3846 5106 purificari

2244 5124 2507 5181 canonice
2549 5134 2880 5181 mereantur.
2929 5126 2985 5182 Si
3014 5118 3194 5181 autem
3221 5141 3399 5198 neque
3429 5133 3558 5180 tunc
3582 5122 3857 5195 plenissi-

2243 5229 2390 5269 mam
2449 5214 2608 5270 nobis
2665 5214 3088 5272 satisfactionem
3161 5213 3518 5285 ostenderint,
3575 5220 3842 5285 perpetuo

2246 5304 2581 5360 anathemate
2650 5312 2934 5360 teneantur
3002 5303 3206 5373 innexi,
3263 5304 3338 5359 ita
3406 5312 3465 5359 ut
3531 5303 3845 5376 quicunque

2245 5392 2440 5448 amodo
2471 5393 2551 5448 eis
2580 5393 2637 5448 in
2668 5393 2809 5460 cibo,
2841 5401 2973 5465 potu
3000 5392 3087 5450 vel
3117 5392 3361 5449 oratione
3398 5391 3845 5449 communicave-

2247 5480 2372 5549 rint,
2402 5481 2524 5553 pari
2550 5499 2674 5539 cum
2703 5482 2784 5539 eis
2814 5483 3170 5540 anathematis
3202 5482 3469 5538 sententia
3494 5481 3842 5553 colligantur.
