4174 6304
330 320 436 373 657

1064 477 1188 532 XII.

518 605 880 647 PRIVILEGIUM
917 595 1024 647 PRO
1062 607 1417 648 MONASTERIO
1455 609 1748 650 FULDENSI.

963 708 1142 779 (Anno
1175 709 1324 780 875.)

339 851 743 906 Monasterium
775 851 1050 906 Fuldense
1085 867 1215 907 cum
1241 853 1523 906 universis
1550 851 1730 914 cellis,
1755 855 1936 909 eccle-

412 921 536 996 siis,
561 922 814 996 decimis,
839 923 1110 984 curtibus.
1138 923 1374 996 aliisque
1393 923 1556 996 rebus
1578 923 1939 996 adidemper-

409 993 723 1047 tinentibus
741 997 1071 1064 exemptum
1089 1009 1153 1048 ac
1178 993 1417 1048 liberum
1432 994 1638 1049 iterato
1661 993 1934 1050 declarat.

394 1115 555 1172 (Apud
585 1116 868 1170 Schannat.,
897 1116 1017 1162 Hist.
1048 1116 1282 1164 diacesfs
1321 1118 1598 1170 Fuldensis,
1620 1130 1736 1176 pag.
1761 1122 1884 1176 238.)

410 1222 664 1276 JOANNES
693 1221 1002 1292 episcopus,
1040 1239 1233 1279 servus
1264 1239 1550 1279 servorum
1598 1226 1716 1295 Dei,
1772 1227 1938 1281 SIGA-

339 1323 528 1364 anno
557 1309 816 1380 religioso
846 1310 1028 1364 abbati
1078 1311 1408 1366 venerabilis
1458 1314 1774 1368 monasterii
1821 1315 1938 1370 Do-

340 1397 474 1452 mini
505 1397 815 1464 Salvatoris,
849 1407 902 1452 et
926 1415 1023 1469 per
1052 1407 1102 1454 te
1130 1399 1184 1454 in
1230 1401 1422 1455 eodem
1469 1401 1767 1456 venerabili
1814 1419 1938 1458 mo-

340 1485 584 1541 nasterio
641 1487 1056 1543 successoribus
1112 1488 1216 1542 tuis
1282 1488 1570 1544 abbatibus
1625 1490 1680 1544 in
1734 1507 1938 1564 perpe-

344 1582 516 1630 tuum.

413 1689 683 1758 Quoniam
714 1707 934 1762 semper
967 1698 1090 1746 sunt
1121 1693 1472 1749 concedenda
1501 1711 1623 1765 qua
1651 1695 1940 1751 rationabi-

342 1779 486 1834 libus
516 1787 819 1852 congruunt
849 1779 1157 1850 desideriis,
1189 1789 1396 1852 oportet
1428 1791 1485 1837 ut
1515 1784 1787 1839 devotioni
1817 1799 1940 1840 con-

343 1868 536 1924 ditoris
588 1868 690 1939 pia
739 1868 1160 1924 constructionis
1207 1871 1495 1926 auctoritas
1542 1872 1597 1926 in
1636 1873 1939 1945 privilegiis

343 1958 672 2029 prastandis
698 1957 919 2012 minime
941 1959 1245 2030 denegetur
1279 1977 1291 2013 :
1325 1960 1490 2030 igitur
1510 1961 1637 2032 quia
1655 1962 1942 2032 postulasti

342 2062 378 2102 a
403 2046 562 2101 nobis
592 2053 858 2118 quatenus
885 2048 1276 2102 monasterium
1326 2049 1624 2105 Salvatoris
1675 2067 1706 2104 a
1755 2058 1941 2106 sancto

344 2134 624 2190 Bonifacio
653 2135 1068 2206 archiepiscopo
1099 2145 1472 2193 constructum
1501 2139 1556 2192 in
1585 2139 1703 2195 loco
1726 2140 1818 2211 qui
1846 2156 1942 2195 vo-

344 2232 503 2281 catur
532 2224 768 2279 Boconia
797 2241 929 2296 erga
959 2225 1135 2296 ripam
1156 2226 1388 2281 ﬂuminis
1411 2228 1654 2283 Fuldaha
1669 2228 1943 2301 privilegii

345 2313 494 2370 sedis
521 2314 836 2384 apostolica
876 2314 1219 2370 adminiculis
1267 2316 1556 2371 decoretur
1603 2325 1660 2371 ut
1707 2317 1805 2372 sub
1848 2318 1941 2386 ju—

345 2402 658 2458 risdictione
690 2411 889 2458 sancta
919 2411 1117 2458 nostra
1145 2404 1234 2459 cui
1263 2406 1377 2460 Deo
1427 2413 1650 2460 auctore
1692 2407 1942 2461 deservi-

347 2508 472 2547 mus
499 2491 763 2548 Ecclesia
793 2492 1144 2548 constitutum
1174 2493 1375 2548 nullius
1418 2494 1639 2550 alterius
1683 2495 1944 2551 Ecclesia

341 2580 813 2651 jurisdictionibus
845 2582 1214 2648 submittatur;
1245 2598 1347 2654 pro
1393 2600 1497 2654 qua
1543 2600 1600 2639 re
1648 2584 1751 2654 piis
1791 2585 1942 2639 desi-

348 2669 515 2724 deriis
543 2669 806 2736 faventes,
841 2671 944 2724 hac
970 2678 1152 2724 nostra
1181 2671 1498 2726 auctoritate
1547 2672 1602 2726 id
1650 2673 1793 2744 quod
1844 2690 1942 2727 ex-

346 2758 592 2830 poscitur
619 2757 833 2813 effectui
867 2759 1253 2830 mancipamus,
1287 2768 1339 2815 et
1368 2761 1492 2816 ideo
1523 2777 1739 2815 omnem
1770 2762 1944 2830 cujus-

345 2847 480 2904 libet
535 2847 796 2903 Ecclesia
842 2849 1181 2903 sacerdotem
1229 2849 1285 2903 in
1326 2849 1552 2920 praefato
1610 2850 1944 2905 monasterio

349 2936 611 2992 ditionem
643 2937 939 3008 quamlibet
967 2938 1171 2992 habere
1201 2946 1289 2992 aut
1318 2939 1689 2994 auctoritatem
1745 2947 1945 3010 prater

349 3025 540 3080 sedem
595 3025 978 3096 apostolicam,
1035 3027 1385 3097 prohibemus
1436 3045 1448 3081 :
1497 3028 1723 3098 insuper
1765 3029 1945 3082 locum

348 3114 673 3169 Fuldensem
706 3131 828 3170 cum
859 3115 1110 3169 omnibus
1158 3116 1328 3182 cellis,
1379 3116 1646 3185 ecclesiis,
1695 3117 1943 3184 decimis,

350 3203 611 3269 Curtibus,
647 3219 712 3259 ac
743 3203 950 3258 cunctis
979 3205 1144 3258 rebus
1175 3205 1303 3270 suis,
1359 3213 1466 3260 tam
1518 3205 1597 3260 eis
1645 3221 1780 3278 quas
1821 3221 1946 3261 mo-

354 3293 528 3347 derno
558 3301 803 3363 tempore
837 3300 981 3347 tenet
1011 3292 1096 3348 vel
1125 3293 1387 3363 possidet,
1411 3311 1570 3365 quam
1603 3311 1723 3366 qua
1752 3294 1946 3349 futuris

353 3381 691 3452 temporibus
721 3381 775 3434 in
798 3382 920 3450 jure
950 3381 1120 3451 ipsius
1146 3382 1251 3436 loci
1299 3382 1480 3438 divina
1528 3384 1700 3453 pietas
1745 3399 1947 3456 augere

353 3469 586 3525 voluerit
614 3470 886 3542 privilegii
912 3471 1083 3525 nostri
1105 3471 1472 3541 praceptione
1493 3471 1776 3527 firmamus
1801 3489 1813 3527 :
1844 3474 1947 3528 hoc

354 3573 489 3614 vero
519 3558 888 3614 deliberantes
915 3560 1277 3625 decernimus,
1313 3568 1369 3614 ut
1399 3561 1653 3631 congruis
1684 3562 1947 3633 tempori-

353 3649 457 3703 bus
487 3656 688 3704 nostra
719 3648 1066 3704 sollicitudini
1097 3649 1481 3705 ecclesiastica
1509 3650 1800 3718 intimetur,
1826 3668 1950 3724 qua.

353 3737 478 3792 liter
533 3737 725 3810 religio
781 3739 1083 3794 monastica
1137 3739 1381 3811 regulari
1432 3740 1617 3794 habitu
1663 3741 1943 3812 dirigatur,

355 3827 757 3898 concordiaque
784 3827 1127 3883 convenienti
1156 3827 1527 3884 ecclesiastico
1577 3831 1755 3884 studio
1789 3846 1948 3885 man-

357 3916 585 3986 cipetur,
619 3933 686 3972 ne
716 3915 874 3984 forte,
919 3918 1063 3989 quod
1111 3917 1270 3982 absit,
1323 3919 1423 3972 sub
1471 3919 1628 3987 hujus
1673 3919 1948 3993 privilegii

355 4003 596 4070 obtentu,
649 4005 860 4060 animus
908 4023 1242 4078 gressusque
1292 4007 1628 4062 rectitudinis
1675 4017 1869 4064 vestra
1918 4025 1951 4064 a

357 4110 548 4150 norma
570 4095 793 4164 justitia
822 4095 1004 4166 aliquo
1034 4096 1197 4151 modo
1224 4105 1618 4167 retorqueatur,
1662 4098 1948 4152 constitui-

357 4199 477 4237 mus
507 4199 721 4256 quoque
770 4201 867 4255 per
912 4185 1073 4254 hujus
1119 4184 1326 4240 decreti
1373 4186 1544 4239 nostri
1590 4186 1844 4256 paginam
1893 4195 1949 4240 ut

357 4273 666 4345 quicunque
699 4273 987 4342 cujuslibet
1016 4274 1276 4329 Ecclesia
1297 4274 1496 4344 prasul
1517 4274 1602 4329 vel
1626 4291 1949 4347 quacunque

355 4362 617 4434 dignitate
675 4363 932 4434 pradicta
988 4379 1225 4433 persona
1271 4363 1410 4418 hanc
1465 4362 1637 4418 nostri
1679 4363 1949 4434 privilegii

359 4452 620 4518 chartam,
683 4467 844 4523 quam
901 4453 1220 4508 auctoritate
1276 4453 1536 4524 principis
1577 4453 1947 4524 apostolorum

1421 323 1779 381 EPISTOLE
1832 323 1924 378 ET
1971 323 2316 384 DECRETA.

1964 455 2021 516 A

3529 338 3631 390 658

2759 474 2912 529 XIII.

2207 575 2280 614 AD
2318 575 2615 616 MONACHOS
2653 577 2700 616 S.
2744 577 2980 619 VEDASTI
3026 580 3457 624 ATREBATENSIS.

2657 651 2838 721 (Anno
2869 654 3017 724 875.)

2043 736 2351 806 Conﬁrmat
2407 739 2600 794 omnia
2652 744 2921 816 contenta
2968 744 3044 816 in
3101 744 3404 816 diplomate
3447 747 3634 805 Caroli

2641 813 3024 884 imperatoris.

2108 896 2362 951 JOANNES
2393 897 2701 970 episcopus,
2736 916 2925 956 servus
2958 917 3240 959 servorum
3286 904 3406 975 Dei,
3455 905 3635 962 fratri-

2041 984 2141 1039 bus
2196 987 2511 1041 monasterii
2565 989 2623 1041 B.
2685 989 2921 1059 Vedasti,
2983 992 3128 1062 quod
3185 1000 3405 1048 vocatur
3459 995 3634 1050 Nobi-

2038 1072 2232 1140 liacus,
2278 1074 2365 1129 vel
2422 1076 2672 1143 Atrebas,
2731 1077 2825 1131 ubi
2880 1078 2998 1148 ipse
3054 1080 3110 1135 S.
3172 1082 3442 1137 Vedastus
3497 1099 3635 1140 con-

2041 1161 2215 1217 fessor
2245 1162 2442 1218 Christi
2472 1181 2702 1235 corpore
2732 1166 2960 1238 quiescit
2989 1168 3042 1221 in
3073 1178 3416 1240 perpetuum.

2112 1250 2167 1304 Si
2220 1251 2536 1306 utilitatibus
2596 1269 2873 1309 servorum
2943 1256 3043 1310 Dei
3114 1257 3202 1328 pie
3262 1260 3636 1316 consuluimus

2039 1339 2269 1410 locaque
2327 1341 2541 1396 Christo
2597 1342 2773 1396 dicata
2831 1345 3144 1414 apostolicis
3202 1346 3450 1402 fulsimus
3503 1366 3633 1403 san-

2040 1427 2327 1498 ctionibus,
2381 1445 2487 1501 quo
2540 1430 2706 1486 divini
2758 1433 2934 1488 cultus
2977 1434 3288 1504 servitores,
3339 1437 3471 1492 inibi
3518 1439 3634 1494 Deo

2039 1526 2293 1574 vacantes
2319 1563 2331 1585 ,
2395 1536 2424 1573 a
2480 1521 2821 1592 turbinibus,
2891 1531 2943 1578 et
2997 1524 3160 1579 variis
3219 1528 3635 1598 tempestatibus

2040 1608 2379 1663 sacularium
2410 1610 2720 1666 muniantur
2759 1612 3096 1686 excursibus,
3144 1614 3276 1669 nihil
3323 1616 3428 1672 hoc
3475 1617 3636 1672 holo-

2040 1704 2225 1751 causto
2283 1698 2492 1768 gratius
2547 1699 2896 1771 Redemptori
2938 1709 3126 1758 nostro
3170 1704 3442 1760 credimus
3495 1704 3635 1762 offa-

1970 1785 2294 1873 Brendum.
2353 1785 2472 1855 Qua
2513 1787 2582 1842 de
2632 1805 2691 1843 re
2747 1788 2867 1843 luce
2927 1790 3125 1845 clarius
3180 1800 3328 1862 patet
3382 1793 3636 1849 omnibus

1977 3169 2026 3233 C

2042 1874 2305 1930 Ecclesia
2334 1875 2479 1941 filiis,
2514 1876 2641 1947 quia
2669 1878 3022 1933 charissimus
3051 1879 3193 1934 filius
3223 1889 3409 1936 noster
3457 1884 3633 1939 Caro-

2042 1963 2128 2016 lus
2195 1979 2325 2030 rex,
2385 1965 2574 2020 adiens
2625 1966 2808 2020 limina
2865 1968 3301 2024 beatissimorum
3354 1972 3636 2042 apostolo-

2043 2068 2162 2105 rum
2219 2052 2364 2108 Petri
2421 2061 2475 2108 et
2532 2054 2727 2121 Pauli,
2797 2056 3094 2112 honorifice
3151 2074 3184 2112 a
3238 2059 3396 2114 nobis
3471 2076 3638 2116 exce-

2041 2148 2184 2212 plus,
2226 2150 2516 2212 postquam
2564 2143 2880 2199 solemniter
2925 2153 3049 2200 vota
3092 2147 3242 2219 regia
3289 2148 3641 2219 persolvisset

2041 2231 2109 2284 ad
2179 2231 2490 2300 sepulcrum
2541 2233 2599 2286 B.
2665 2232 2831 2299 Petri,
2899 2233 2988 2289 die
3044 2235 3335 2291 nativitatis
3388 2237 3636 2305 Domini,

2042 2319 2098 2373 in
2153 2319 2386 2374 ecclesia
2440 2319 2611 2390 ipsius
2661 2322 2719 2375 B.
2771 2322 2913 2376 Petri
2955 2325 3328 2393 apostolorum
3375 2325 3638 2398 principis

2043 2407 2362 2480 dignitatem
2410 2409 2742 2479 imperialem
2785 2427 2886 2481 per
2929 2411 3326 2482 impositionem
3377 2429 3640 2470 manuum

2043 2504 2349 2552 nostrarum
2407 2498 2632 2568 adeptus
2690 2506 2790 2553 est.
2851 2501 3058 2556 Dehinc
3119 2518 3228 2557 non
3282 2503 3462 2557 minus
3520 2504 3637 2557 sin-

2044 2602 2171 2641 cere
2224 2603 2384 2656 quam
2440 2587 2635 2642 devote
2691 2604 2720 2641 a
2777 2589 2935 2643 nobis
2992 2591 3210 2660 expetiit
3266 2599 3326 2646 ut
3379 2593 3437 2646 B.
3498 2591 3639 2648 Petri

2042 2673 2409 2744 apostolorum
2439 2675 2720 2746 principis,
2763 2675 3031 2748 simulque
3079 2679 3416 2748 apostolatus
3463 2679 3640 2734 nostri

2043 2763 2362 2818 auctoritate
2393 2764 2816 2819 decerneremus
2856 2766 3202 2839 privilegium
3249 2768 3505 2823 Romana
3552 2776 3638 2822 at-

2044 2867 2150 2923 que
2215 2851 2529 2922 apostolica
2603 2853 2750 2908 sedis
2824 2854 3202 2925 astipulatione
3277 2857 3586 2912 roboratum
3622 2899 3635 2923 ,

2044 2939 2298 2994 fratribus
2339 2941 2454 3008 jam
2501 2941 2630 2997 dicti
2689 2942 3004 2998 monasterii
3053 2943 3382 2999 confessoris
3440 2945 3636 3000 Christi

2044 3029 2299 3098 Vedasti,
2359 3046 2459 3100 per
2515 3029 2660 3100 quod
2718 3031 2898 3084 stabili
2954 3033 3075 3101 jure
3125 3048 3190 3087 ac
3245 3033 3362 3087 sine
3416 3041 3638 3103 pertur-

2044 3117 2260 3172 batione
2306 3119 2650 3188 possiderent
2698 3119 2993 3174 claustrum
3039 3136 3102 3175 ac
3150 3121 3465 3191 pradictum
3513 3137 3638 3177 mo-

2049 3206 2344 3260 nasterium
2378 3214 2430 3260 et
2459 3223 2619 3261 omne
2650 3208 2792 3278 quod
2841 3208 2920 3263 eis
2962 3225 3059 3279 per
3103 3226 3262 3264 suum
3309 3217 3635 3280 praceptum

2047 3306 2396 3351 concesserat
2441 3312 2503 3351 ac
2547 3296 2947 3351 Gallicanorum
2991 3298 3375 3370 episcoporum
3418 3300 3640 3354 decreto

2048 3384 2240 3439 muniri
2294 3385 2516 3441 fecerat.
2579 3386 2747 3454 Hujus
2803 3387 2884 3440 rei
2942 3386 3146 3460 gratia,
3205 3385 3334 3460 quia
3389 3389 3642 3443 eumdem

2049 3476 2354 3544 Augustum
2419 3473 2603 3529 divino
2688 3483 2994 3530 contactum
3069 3491 3253 3531 amore
3318 3476 3374 3532 id
3446 3476 3643 3533 fecisse

2048 3563 2442 3634 perspeximus,
2492 3571 2771 3634 gratanter
2805 3564 2920 3632 ejus
2960 3565 3310 3634 petitionibus
3356 3582 3641 3621 assensum

2048 3652 2400 3723 praebuimus,
2461 3653 2817 3708 decernentes
2873 3653 3166 3723 apostolica
3215 3655 3532 3711 auctoritate
3579 3672 3643 3711 ea

2050 3758 2172 3814 qua
2214 3742 2300 3797 hic
2347 3742 2551 3797 inserta
2596 3743 2862 3796 habentur
2909 3742 3228 3798 inconvulsa
3271 3759 3515 3800 manere.
3564 3744 3648 3801 Ad

2050 3831 2393 3887 matriculam
2446 3831 2651 3887 scilicet
2703 3831 2949 3888 ecclesia
2995 3833 3449 3900 Maisbodvillum,
3501 3834 3644 3901 Bais,

2051 3921 2288 3988 Senous,
2350 3921 2898 3984 Herbodcisternam.
2961 3923 3272 3989 Pomerias,
3332 3923 3644 3980 Herlincur-

2051 4018 2180 4076 tem,
2241 4018 2292 4064 et
2349 4010 2403 4063 in
2459 4010 2861 4065 Boninicurtem
2917 4027 3156 4078 mansos,
3189 4019 3386 4066 etcum
3433 4013 3652 4084 Longo-

2051 4099 2333 4172 bragium,
2395 4099 2630 4152 Manium
2656 4142 2668 4163 ,
2731 4098 2962 4152 Morsele
2987 4141 3000 4163 ,
3057 4108 3109 4154 et
3163 4100 3606 4172 Sceldogotheim
3634 4145 3648 4167 ,

2049 4187 2440 4255 Juventiacum,
2493 4195 2546 4240 et
2605 4187 2657 4240 in
2702 4186 2982 4242 Dominica
3033 4194 3184 4241 curte
3236 4204 3481 4243 mansum
3531 4206 3548 4243 ι
3597 4198 3650 4244 et

2049 4281 2105 4334 in
2161 4277 2416 4331 Farreolo
2472 4291 2718 4329 mansum
2776 4291 2812 4329 ι.
2876 4275 2956 4329 Ad
3011 4275 3323 4330 necessaria
3362 4293 3493 4331 vero
3531 4277 3650 4332 fra-

2051 4375 2233 4431 trum,
2295 4366 2466 4419 victus
2521 4363 2726 4419 scilicet
2781 4371 2833 4418 et
2889 4371 3080 4434 potus,
3143 4365 3488 4420 medietatem
3545 4367 3657 4429 vici

2051 4455 2141 4526 qui
2169 4462 2392 4510 vocatur
2438 4453 2734 4518 Hovavilla,
2787 4461 2840 4508 et
2885 4453 3166 4508 tabernam
3216 4470 3401 4520 unam,
3452 4455 3650 4511 Filcia-

363 4540 644 4595 firmamus
702 4549 972 4596 temerare
1025 4542 1344 4609 tentaverit,
1408 4543 1698 4596 anathema
1758 4542 1844 4607 sit,
1905 4529 2181 4599 etDcum
2231 4543 2557 4598 dominicam
2605 4551 2846 4607 curtem,
2899 4542 3272 4609 Theuludum,
3324 4543 3653 4614 Bigartium,

360 4629 496 4685 iram
527 4629 626 4685 Dei
655 4630 958 4700 incurrens,
991 4646 1023 4684 a
1053 4638 1193 4684 catu
1224 4631 1464 4685 omnium
1513 4639 1826 4686 sanctorum
1859 4648 1956 4686 ex-

362 4719 528 4774 torris
585 4718 796 4787 existat,
863 4726 915 4773 et
978 4719 1328 4774 nihilominus
1379 4719 1588 4790 prafati
1643 4720 1960 4776 monasterii

363 4808 600 4882 dignitas
629 4824 659 4862 a
690 4809 849 4864 nobis
879 4807 1082 4863 indulta
1112 4809 1498 4880 perpetualiter
1542 4809 1793 4866 inviolata
1827 4827 1959 4880 per-

362 4907 598 4965 maneat,
661 4898 960 4969 apostolica
1014 4900 1333 4954 auctoritate
1391 4899 1640 4954 subnixa.
1692 4899 1961 4970 Scriptum

363 5003 465 5058 per
493 5003 715 5042 manum
749 4987 898 5042 Pauli
930 4988 1142 5053 notarii,
1179 4987 1442 5043 scriniarii
1473 4997 1676 5044 sancta
1709 4988 1965 5043 Romana

363 5077 630 5132 Ecclesia
672 5077 727 5131 in
783 5093 972 5131 mense
1023 5075 1297 5142 Octobris,
1349 5076 1642 5132 indictione
1691 5093 1767 5131 v1.
1821 5078 1965 5132 Bene

365 5164 560 5221 valete.
583 5167 778 5220 Datum
811 5182 845 5218 v
875 5167 1014 5220 Non.
1054 5165 1341 5220 Octobrias
1363 5180 1458 5235 per
1477 5182 1695 5221 manum
1716 5166 1966 5238 Gregorii

369 5255 779 5310 nomencimissi
833 5263 886 5310 et
939 5254 1273 5326 apocrisiarii
1321 5262 1520 5309 sancta
1558 5255 1704 5310 sedis
1747 5264 1967 5326 aposto-

369 5343 526 5410 lica;
573 5351 838 5417 regnante
883 5344 1211 5414 imperatore
1271 5343 1503 5398 Domino
1551 5344 1681 5397 Jesu
1731 5343 1964 5412 Christo,

368 5449 514 5488 anno
544 5433 891 5504 pontificatus
930 5433 1133 5488 domini
1180 5432 1405 5488 Joannis
1454 5433 1647 5488 summi
1697 5431 1969 5503 pontificis

366 5530 420 5577 et
475 5522 800 5577 universalis
857 5538 1011 5595 papa
1068 5532 1119 5578 et
1186 5521 1426 5595 episoOpi
1482 5521 1659 5593 primo
1693 5564 1705 5588 ,
1779 5521 1966 5577 indict.

370 5618 521 5668 sexta
533 5653 546 5666 .

2060 4635 2568 4699 Hecnam-curtem,
2626 4631 3003 4698 Bernevillam,
3057 4631 3411 4698 Mediolanas,
3461 4633 3658 4688 Puteas

2063 4738 2249 4794 aquas,
2302 4721 2764 4794 Angeli-curtem,
2820 4720 2972 4774 valiis
3020 4736 3142 4775 cum
3189 4720 3381 4775 camba
3428 4737 3555 4788 una,
3609 4728 3664 4776 et

2064 4811 2276 4866 duobus
2332 4809 2676 4876 molendinis,
2741 4809 2967 4881 Stagras
3017 4809 3329 4872 Saltiacum,
3377 4809 3661 4865 Atiamen-

2067 4901 2267 4965 tarius,
2327 4901 2494 4965 Mast,
2554 4897 2868 4964 Marcheim,
2923 4897 3321 4968 Seringe-him,
3369 4901 3667 4970 precariam

2068 4988 2369 5052 Emmonis,
2404 4996 2455 5043 et
2503 4986 2832 5059 Tangigarii.
2887 4987 2970 5040 Ad
3019 5003 3290 5041 cameram
3339 5003 3470 5044 vero
3518 4989 3674 5045 villas

2072 5077 2203 5132 sitas
2233 5077 2286 5131 in
2319 5093 2459 5147 pago
2490 5077 2672 5140 Batua,
2709 5091 2829 5145 qua
2861 5074 3189 5129 circumfluit
3219 5077 3440 5131 Rhenus
3488 5078 3672 5134 bicor—

2075 5167 2158 5220 nis
2217 5166 2429 5230 fluvius,
2490 5165 2574 5216 his
2632 5163 2944 5218 nominibus
3001 5164 3318 5234 Rehxnam,
3381 5166 3676 5235 Wulfrum,

2076 5271 2178 5308 una
2237 5270 2360 5309 cum
2417 5251 2624 5321 capella
2682 5251 2888 5306 ibidem
2949 5253 3162 5323 posita,
3224 5255 3472 5311 Rotheim
3521 5272 3683 5326 super

2078 5343 2298 5397 fluvium
2358 5340 2604 5395 Versiam
2661 5341 2840 5394 sitam.
2904 5342 3036 5396 Item
3097 5343 3150 5396 in
3204 5343 3376 5398 altera
3431 5344 3678 5399 Itotheim

2080 5447 2301 5485 mansos
2361 5446 2436 5494 vr,
2497 5437 2760 5498 praeterea
2807 5431 2967 5486 etiam
3013 5431 3153 5487 ultra
3202 5434 3451 5488 Rhenum
3495 5433 3680 5503 prali-

2082 5522 2264 5575 batum
2295 5517 2513 5573 fluvium
2543 5535 2765 5574 mansos
2797 5537 3022 5577 numero
3051 5537 3255 5587 xxxvr,
3308 5521 3509 5592 pariter
3560 5537 3684 5576 cum

2082 5609 2232 5666 silvis
2283 5607 2734 5681 appendentibus.
2785 5610 2993 5666 Deinde
3037 5611 3092 5665 in
3131 5625 3276 5681 pago
3321 5610 3669 5666 Atrebatensi
