4174 6320
557 318 662 373 659

1831 308 2128 368 JOANNIS
2173 307 2368 365 ΡΑΡΕ
2406 307 2548 366 VIII.

3745 310 3852 365 660

560 440 801 510 Athejas,
863 438 1176 499 Saltiacum.
1236 437 1547 504 Liniacum,
1593 435 1952 508 Campanias,
2001 442 2054 491 et
2099 434 2152 490 in
2182 433 2301 498 Asi
2332 433 2478 504 apud
2508 430 2886 489 excellentiam
2917 437 3065 487 tuam
3087 429 3293 500 justitia
3319 430 3421 487 Dei
3462 431 3666 499 locum,
3714 433 3856 488 sicut

561 527 861 584 Fontanido
903 543 1125 597 mansos
1169 542 1248 594 ιιι,
1298 534 1348 583 et
1395 525 1453 581 in
1499 525 1760 581 Lambras
1817 539 2067 579 mansum
2113 539 2152 589 ι,

563 624 618 674 et
660 617 893 673 alterum
934 617 991 671 in
1033 616 1241 683 Hadas,
1292 623 1346 670 et
1388 614 1672 670 tabernam
1710 629 1728 668 1
1767 613 1821 666 in
1871 613 1992 668 vico
2037 627 2156 666 mo-

563 705 809 763 nasterii.
859 705 946 761 Ad
990 712 1206 776 portam
1251 703 1537 774 Bernejam
1579 701 1795 768 villam,
1841 709 1896 756 et
1938 700 1995 755 in
2036 703 2154 756 An-

559 795 701 852 zinio
728 809 982 850 mansum
1010 809 1048 860 ι,
1080 809 1205 850 cum
1249 791 1562 848 molendino
1609 797 1662 846 et
1707 790 1762 844 in
1804 790 1952 844 Enez
1993 804 2154 844 man-

560 899 654 940 sos
682 899 740 950 v,
769 898 896 940 cum
923 881 1237 938 molendino
1267 888 1320 937 et
1367 879 1638 936 decimam
1684 877 1861 934 omnis
1901 877 2152 934 abbatia.

559 972 646 1027 Ad
675 971 942 1043 hospitale
985 985 1285 1042 pauperum
1324 969 1380 1024 in
1429 967 1737 1040 Daginvilla
1781 981 2004 1022 mansos
2053 981 2150 1034 vn,

562 1059 620 1116 in
674 1061 934 1130 Bonejam
990 1059 1208 1125 villam,
1267 1065 1320 1113 et
1375 1056 1654 1112 Lentsales
1708 1070 1929 1112 mansos
1983 1069 2045 1110 ιιι
2101 1062 2155 1110 et

561 1147 808 1220 quintam
862 1155 1072 1220 partem
1117 1145 1293 1202 omnis
1333 1145 1578 1202 decima.
1629 1145 1716 1200 Ad
1755 1145 1978 1200 domum
2019 1158 2154 1200 vero

561 1235 900 1293 inﬁrmorum
942 1252 1103 1292 omne
1157 1233 1418 1291 telonium
1473 1250 1540 1291 ex
1593 1242 1834 1291 mercato
1854 1277 1872 1301 ,
1941 1240 1996 1288 et
2051 1233 2153 1287 has

557 1325 717 1382 villas
746 1341 879 1398 quas
905 1341 1006 1397 pro
1033 1323 1279 1380 remedio
1308 1323 1504 1379 anima
1553 1339 1666 1379 sua
1711 1321 1860 1378 dedit
1899 1321 1987 1378 vel
2023 1321 2152 1376 red-

557 1413 693 1469 didit
735 1414 792 1470 S.
844 1413 1102 1482 Vedasto,
1151 1411 1580 1480 Frontellicurte,
1632 1411 1934 1478 Cilliacum,
1983 1411 2152 1466 Luto-

561 1517 683 1558 sum
735 1509 977 1558 montem
997 1545 1010 1569 ,
1080 1492 1242 1574 atque
1295 1501 1586 1574 Tilgidum.
1639 1501 1751 1556 Has
1805 1514 1940 1572 ergo
1995 1498 2153 1555 villas

561 1607 684 1646 cum
713 1591 968 1647 omnibus
1008 1589 1356 1662 appenditiis,
1408 1597 1462 1646 et
1502 1588 1800 1644 redditibus
1845 1595 1898 1644 et
1941 1587 2152 1643 manci-

558 1679 686 1751 piis,
738 1679 1190 1753 quemadmodum
1235 1695 1335 1750 per
1384 1677 1639 1750 pracepti
1684 1677 1940 1751 paginam
1997 1675 2151 1732 ordi-

557 1775 689 1824 nata
744 1776 871 1823 sunt
924 1776 1088 1840 atque
1142 1766 1370 1837 tradita,
1446 1782 1546 1838 per
1599 1766 1770 1821 nostri
1819 1764 2152 1837 apostolatus

559 1857 936 1913 auctoritatem
989 1855 1281 1923 sancimus,
1337 1863 1397 1910 ut
1450 1854 1582 1910 nulli
1624 1854 1932 1910 mortalium
1989 1852 2152 1910 liceat

557 1944 716 2002 aliter
771 1945 1056 2012 ordinare,
1112 1952 1347 2011 mutare,
1397 1943 1486 2000 vel
1529 1943 1675 1998 aliud
1723 1943 1852 2015 quid
1900 1958 2150 2015 quoquo-

557 2035 724 2090 modo
767 2033 982 2100 exinde,
1038 2033 1126 2090 vel
1178 2049 1371 2105 parum
1424 2047 1608 2104 agere,
1666 2039 1863 2103 prater
1917 2031 2063 2104 quod
2118 2045 2153 2087 a

558 2122 852 2194 saepedicto
908 2121 1020 2179 ﬁlio
1077 2127 1260 2178 nostro
1323 2121 1569 2194 piissimo
1630 2123 1876 2192 Augusto
1943 2119 2151 2176 consti-

559 2218 736 2266 tutum
778 2217 895 2279 est;
936 2210 1035 2266 sed
1080 2209 1258 2266 omnis
1299 2209 1564 2266 ordinatio
1609 2208 1664 2264 in
1709 2208 1934 2264 arbitrio
1977 2209 2150 2264 abba-

555 2299 626 2355 tis
669 2299 924 2370 pendeat.
975 2297 1082 2368 Qui
1127 2313 1259 2370 ergo
1305 2313 1369 2353 ea
1415 2315 1536 2370 qua
1583 2305 1770 2354 sancta
1813 2304 1973 2370 atque
2019 2313 2152 2369 apo-

559 2387 750 2444 stolica
797 2388 958 2444 sedes
1003 2385 1257 2442 stabilivit
1297 2402 1399 2458 pro
1439 2385 1607 2441 nihilo
1644 2385 1876 2455 duxerit,
1909 2393 2148 2442 temera-

555 2476 748 2549 rioque
794 2491 930 2532 ausu
977 2474 1222 2532 avaritia
1269 2474 1664 2546 diabolicaque
1705 2473 2012 2546 cupiditatis
2058 2475 2148 2529 in-

556 2565 755 2623 stinctu
784 2564 1233 2638 qualitercunque
1273 2563 1474 2621 violare
1523 2563 1826 2632 tentaverit,
1867 2563 1913 2618 si
1941 2580 2008 2619 ex
2035 2571 2148 2620 toto

555 2661 647 2710 aut
701 2669 769 2710 ex
814 2661 964 2726 parte
1025 2661 1406 2726 transgressor
1469 2652 1802 2724 apparuerit,
1873 2653 1931 2707 Β.
2004 2652 2149 2708 Petri

555 2741 930 2814 apostolorum
989 2741 1252 2813 principis
1310 2741 1591 2814 nostrique
1651 2740 1989 2812 apostolatus
2045 2756 2147 2796 au-

553 2830 796 2888 ctoritate
823 2830 1181 2886 anathematis
1221 2829 1469 2899 nexibus,
1519 2837 1578 2884 ut
1618 2827 1707 2884 fur
1753 2837 1806 2885 et
1851 2829 2148 2903 sacrilegus

556 2919 809 2976 astrictus
833 2961 847 2987 ,
916 2925 1080 2992 atque
1147 2919 1216 2974 ab
1273 2918 1476 2973 unitate
1534 2917 1721 2974 matris
1777 2917 2040 2974 Ecclesia
2094 2925 2148 2972 et

553 3008 970 3081 participatione
999 3007 1246 3080 corporis
1288 3014 1342 3062 et
1387 3006 1670 3080 sanguinis
1716 3006 1914 3063 Christi
1955 3022 2149 3080 seque-

553 3105 752 3154 stratus
776 3140 790 3165 ,
858 3113 982 3154 cum
1035 3096 1173 3153 Juda
1228 3095 1486 3152 traditore
1540 3095 1758 3151 Domini
1811 3095 1981 3152 nostri
2017 3095 2144 3152 Jesu

554 3186 770 3255 Christi,
805 3193 859 3242 et
895 3185 1112 3243 diabolo
1160 3185 1386 3258 ejusque
1431 3184 1784 3242 atrocissimis
1830 3185 2044 3257 pompis
2089 3185 2146 3240 in

551 3276 837 3333 tremendo
880 3275 970 3331 die
1015 3274 1205 3348 magni
1247 3273 1511 3330 examinis
1555 3274 1878 3330 sententiam
1923 3275 2148 3330 damna-

550 3364 714 3422 tionis
766 3364 1012 3436 accipiat.
1087 3365 1158 3419 At
1221 3363 1314 3436 qui
1369 3363 1455 3418 his
1509 3363 1822 3434 apostolicis
1877 3363 2144 3419 constitu-

551 3453 786 3511 tionibus
817 3452 1032 3510 sincero
1058 3467 1244 3510 amore
1273 3452 1598 3508 observator
1645 3451 1926 3519 exstiterit,
1975 3451 2144 3508 bene-

550 3543 846 3601 dictionem
875 3550 929 3599 et
954 3541 1386 3598 misericordiam
1413 3558 1444 3597 a
1479 3540 1710 3597 Domino
1756 3542 1886 3596 Jesu
1932 3540 2143 3598 Christo

546 3631 828 3704 percipiat,
861 3639 913 3688 et
941 3640 1155 3704 partem
1185 3638 1238 3687 et
1266 3629 1583 3687 societatem
1629 3645 1754 3687 cum
1795 3629 1876 3686 eis
1912 3645 2143 3702 quorum

547 3720 771 3778 nomina
809 3729 935 3776 sunt
972 3721 1176 3792 scripta
1217 3719 1274 3775 in
1316 3719 1456 3776 libro
1501 3719 1626 3776 vita
1667 3719 1810 3792 Agni
1857 3735 1891 3775 a
1935 3719 2142 3776 constii-

549 3808 754 3866 tutione
779 3809 987 3865 mundi.
1020 3811 1214 3866 Amen.

618 3899 762 3954 Data
822 3913 924 3970 per
984 3913 1182 3954 manus
1245 3897 1517 3953 Anastasii
1579 3897 1929 3970 primiscrinii
1997 3913 2140 3954 anno

543 3987 722 4062 primo
750 3986 967 4060 imperii
1015 3986 1191 4044 Caroli
1239 3986 1579 4043 serenissimi
1621 3987 1870 4060 Augusti,
1920 3995 1975 4044 et
2015 3995 2140 4061 post

545 4075 887 4134 consulatum
915 4076 1032 4148 ejus
1062 4091 1204 4134 anno
1235 4093 1272 4145 ι,
1302 4075 1600 4135 indictione
1629 4091 1749 4133 vni.

1257 4247 1407 4304 XIV.

665 4379 739 4420 an
778 4378 1234 4422 CAROLOMANNUM
1265 4363 1387 4437 [al.,
1420 4379 1740 4421 LUDOVICUM
1777 4364 2010 4438 REGEM.]

1156 4481 1335 4551 (Anno
1365 4481 1516 4552 875.)

538 4597 689 4668 Quod
717 4597 1049 4654 Pannonica
1077 4596 1325 4653 dioecesi:
1375 4597 1645 4670 deputata
1690 4601 1774 4653 est
1818 4598 2128 4670 privilegiis

1069 4669 1389 4742 apostolicae
1426 4669 1593 4724 Sedis.

694 4765 854 4822 (Apud
880 4764 1156 4820 Timonem,
1179 4766 1352 4821 Imago
1373 4765 1474 4810 ant.
1509 4767 1688 4820 ﬂung,
1711 4774 1825 4820 pag.
1860 4765 1969 4818 164.)

605 4861 860 4916 JOANNES
887 4860 1178 4933 episcopus
1205 4859 1404 4916 dilecto
1424 4857 1536 4915 filio
1565 4860 1988 4915 Canosoumxo
2018 4859 2131 4934 glo-

564 4963 681 5031 ioso
708 4949 850 5022 regi.

604 5046 788 5102 Multis
807 5062 872 5104 ac
891 5047 1056 5106 variis
1075 5046 1489 5120 manifestisque
1509 5047 1798 5120 prudentia
1818 5056 1908 5104 tua
1931 5048 2131 5120 poterit

530 5134 748 5192 indiciis
804 5136 1238 5209 deprehendere,
1299 5137 1668 5194 Pannonicam
1723 5137 2006 5194 dioecesim
2060 5138 2130 5193 ab

531 5225 660 5282 olim
691 5225 1004 5298 apostolica
1034 5225 1182 5282 sedis
1211 5223 1380 5282 fuisse
1417 5227 1722 5301 privilegiis
1769 5228 2080 5300 deputatam
2113 5265 2128 5303 ε

532 4995 562 5036 ι·

581 5420 608 5448 ι
635 5402 933 5465 Amegtwm
975 5403 1200 5464 fratrem.
1236 5403 1389 5466 Quem
1428 5417 1490 5456 ex
1533 5404 1709 5455 abbate
1753 5405 1812 5455 S.
1873 5403 2128 5455 Michaelis

515 5473 569 5524 in
616 5470 898 5535 episcopatu
935 5470 1265 5522 Bellovacensi
1331 5471 1392 5522 ad
1449 5473 1784 5522 Senonensem
1847 5472 2130 5522 cathedram

512 5542 738 5592 evectum
763 5537 1020 5588 didicimus
1043 5549 1170 5588 anno
1190 5539 1306 5590 871.
1337 5539 1570 5590 Romana
1596 5538 1703 5600 ejus
1745 5537 2000 5602 legationis
2023 5549 2131 5589 cum

513 5607 677 5660 adhuc
698 5605 851 5658 abbas
873 5607 1020 5670 esset,
1041 5605 1525 5660 meminitAimoinus
1549 5606 1634 5658 lib.
1654 5619 1706 5670 ν,
1725 5618 1770 5657 c.
1793 5605 1878 5657 27.
1899 5607 2133 5658 Perverse

2256 523 2434 588 decet,
2467 520 2735 577 invenerit
2767 539 2780 576 :
2812 521 2928 577 Hoc
2949 520 3092 576 enim
3110 520 3387 592 synodalia
3406 527 3563 592 gesta
3582 520 3855 587 indicant;

2255 609 2494 666 historia
2521 609 2842 681 conscriptas
2870 609 3256 664 demonstrant.
3291 609 3494 664 Verum
3522 609 3646 682 quia
3673 625 3706 664 a
3735 609 3859 682 qui-

2255 699 2486 754 busdam
2533 699 2812 755 hostilium
2857 697 3223 753 turbationum
3270 697 3626 753 simultatibus
3667 698 3854 770 impe-

2255 787 2550 858 dientibus,
2581 787 2708 844 illuc
2737 787 2807 842 ab
2836 786 3136 858 apostolica
3164 786 3295 843 sede
3322 802 3432 843 non
3458 795 3544 843 est
3571 787 3664 843 diu
3705 787 3856 844 dire-

2254 883 2374 933 ctus
2401 876 2650 945 antistes,
2679 877 2786 932 hoc
2811 875 2954 948 apud
2978 875 3200 948 ignaros
3227 875 3374 932 venit
3400 875 3454 931 in
3503 876 3849 932 dubium.....

2988 991 3110 1049 XV.

2500 1105 2574 1146 AD
2602 1105 2902 1147 EPISCOPOS
2932 1104 3144 1146 GALLUE
3172 1106 3244 1146 ΕΤ
3273 1105 3596 1148 GERHANIE.

2854 1188 3035 1260 (Anno
3091 1189 3242 1262 8’76.)

2261 1288 2410 1345 Vices
2426 1302 2558 1343 suae
2575 1287 2640 1342 in
2660 1285 2760 1342 Gal
2765 1287 2843 1342 lia
2859 1291 2916 1342 et
2935 1287 3238 1343 Germania
3253 1288 3562 1344 committit
3577 1288 3850 1358 Ansegiso

2661 1358 3072 1431 archiepiscopo
3102 1359 3433 1415 Senonensi.

2321 1453 2576 1508 JOANNss
2605 1452 2912 1525 episcopus,
2936 1469 3126 1510 servus
3147 1469 3428 1510 servorum
3446 1453 3566 1522 Dei,
3591 1453 3849 1510 omnibus

2254 1542 2612 1598 sanctissimis
2639 1541 2914 1614 episcopis
2941 1558 3042 1614 per
3061 1541 3266 1599 Gallias
3295 1550 3350 1600 et
3377 1543 3703 1600 Germanias
3721 1558 3852 1600 con-

2254 1629 2470 1686 stitutis.

2327 1719 2536 1775 Vestra
2563 1718 2806 1774 omnium
2832 1718 3222 1776 innotescimus
3253 1719 3523 1777 sanctitati
3569 1721 3701 1793 quia
3743 1737 3850 1793 pro

2177 1789 2234 1852 Β
2253 1807 2568 1864 alleviandis
2596 1807 2983 1880 multiplicibus
3012 1809 3266 1866 oneribus
3295 1789 3704 1878 ecclesiasticis,
3736 1789 3852 1882 qui.

2252 1897 2356 1951 bus
2403 1895 2644 1969 quotidie
2691 1897 2819 1952 satis
2863 1897 3190 1970 abundeque
3241 1898 3599 1970 deprimimur
3649 1897 3850 1971 quibus

2250 1985 2487 2042 maxime
2516 2001 2682 2056 super
2701 1985 2936 2058 negotiis
2957 2002 3023 2041 ex
3042 1986 3338 2042 Galliarum
3357 1995 3411 2043 et
3435 1987 3850 2044 Germaniarum

2248 2074 2493 2147 partibus
2520 2074 2678 2131 nobis
2723 2074 2942 2130 assidue
2989 2075 3270 2131 destinatis
3315 2084 3610 2144 arctamus,
3659 2079 3848 2133 Anse-

2251 2163 2430 2236 gisurn
2460 2162 2688 2219 fratrem
2705 2171 2730 2198 ⁸
2760 2171 2814 2218 et
2837 2163 3223 2236 coepiscopum
3240 2173 3487 2222 nostrum
3509 2165 3849 2222 Senonensis

2251 2252 2512 2310 Ecclesia
2539 2253 2848 2325 prasulem,
2883 2253 2972 2326 qui
3002 2254 3214 2326 quoties
3242 2254 3442 2310 utilitas
3471 2254 3848 2312 ecclesiastica

2251 2341 2552 2408 dictaverit,
2585 2340 2700 2397 sive
2727 2341 2782 2396 in
2811 2342 3058 2398 vocanda
3079 2343 3308 2414 synodo,
3332 2343 3448 2400 sive
3465 2343 3520 2398 in
3542 2343 3662 2399 aliis
3677 2359 3846 2417 nego~

2248 2429 2338 2486 tiis
2367 2430 2683 2486 exercendis
2709 2446 2810 2503 per
2840 2430 3040 2486 Gallias
3071 2439 3124 2487 et
3154 2431 3476 2487 Germanias
3503 2432 3625 2488 vice
3655 2441 3848 2491 nostra

2247 2517 2474 2574 fruatur.
2506 2521 2574 2574 Et
2601 2520 2848 2575 volumus
2872 2527 2930 2574 ut
2960 2520 3181 2576 decreta
3211 2521 3356 2576 sedis
3383 2521 3696 2593 apostolica
3739 2539 3844 2594 per

2247 2607 2425 2680 ipsum
2483 2607 2639 2665 vobis
2691 2607 2977 2665 manifesta
3018 2608 3334 2677 efficiantur,
3383 2617 3436 2665 et
3477 2626 3670 2666 rursus
3718 2629 3843 2684 qua

2248 2705 2407 2770 gesta
2435 2695 2653 2764 fuerint,
2688 2698 2802 2767 ejus
2829 2697 2986 2753 nobis
3013 2698 3294 2770 relatione,
3327 2698 3373 2753 si
3401 2715 3630 2756 necesse
3659 2699 3838 2768 fuerit,

2245 2785 2554 2858 pandantur
2587 2805 2600 2841 :
2633 2795 2690 2842 ut
2719 2787 2927 2856 majora
2953 2787 3174 2860 negotia
3203 2803 3268 2844 ac
3287 2786 3587 2845 difﬁciliora
3608 2806 3842 2862 quaque

2248 2875 2602 2948 suggestione
2630 2875 2802 2946 ipsius
2828 2892 2859 2930 a
2887 2875 3045 2932 nobis
3075 2877 3414 2948 disponenda
3433 2883 3486 2933 et
3506 2878 3842 2934 enucleanda

2247 2971 2578 3035 quaerantur.
2611 2963 2954 3036 QuaprOpter
2981 2981 3079 3022 vos
3105 2965 3232 3022 huic
3259 2966 3364 3038 pia
3383 2967 3840 3023 sanctioniomni-

2246 3052 2422 3108 modis
2450 3052 2812 3122 intendentes,
2846 3070 2969 3126 qua
2997 3071 3162 3126 super
3187 3055 3293 3112 hoc
3321 3055 3620 3126 apostolica
3658 3065 3842 3114 aucto-

2173 3147 2226 3215 α
2247 3141 2400 3198 ritate
2429 3142 2774 3200 decernimus
2802 3143 3089 3199 unanimes
3118 3144 3399 3200 admittite.
3423 3145 3606 3201 Talem
3637 3147 3838 3218 quippe

2243 3231 2396 3287 illum
2423 3232 2762 3304 agnovimus,
2789 3232 3062 3306 talemque
3091 3233 3230 3289 circa
3259 3233 3447 3289 sedem
3483 3235 3837 3306 apostolicam

2243 3321 2496 3377 devotum
2525 3329 2579 3378 et
2607 3321 2661 3378 in
2690 3321 2983 3378 commisso
3012 3321 3230 3378 ﬁdelem
3259 3322 3580 3394 reperimus,
3627 3331 3686 3380 ut
3714 3341 3836 3382 me-

2242 3409 2343 3466 rito
2371 3409 2421 3467 ei
2449 3411 2578 3466 talia
2623 3411 2884 3467 committi
2923 3426 3090 3483 posse
3134 3411 3396 3468 ducamus
3427 3429 3441 3466 :
3477 3413 3607 3484 quin
3655 3421 3710 3469 et
3752 3413 3838 3470 his

2241 3499 2452 3569 majora
2480 3499 2717 3556 conferri
2745 3499 2948 3556 debere
2977 3499 3054 3555 illi
3092 3499 3208 3556 sine
3249 3501 3589 3558 cunctatione
3637 3503 3836 3558 creda-

2241 3605 2382 3658 mus,
2414 3605 2514 3660 pro
2543 3605 2644 3646 sua
2672 3589 2876 3645 scilicet
2905 3589 3207 3658 sanctitate,
3249 3598 3303 3646 et
3331 3589 3457 3646 ﬁdei
3484 3591 3698 3659 merito,
3748 3599 3820 3648 at-

2241 3693 2348 3750 que
2377 3677 2632 3734 divinitus
2662 3679 2942 3750 sapientia
2969 3679 3113 3736 dono
3143 3694 3424 3737 concesso.
3450 3679 3718 3752 Optamus
3737 3696 3838 3738 vos

2240 3766 2440 3823 benere
2459 3767 2662 3823 valere.
2685 3768 2824 3824 Data
2841 3785 2897 3824 ιν
2915 3770 3100 3825 Nonas
3117 3769 3420 3838 Ianuarias,
3444 3769 3738 3828 indictione
3754 3785 3809 3826 lx

2238 3857 2495 3913 Recitata
2525 3859 2589 3913 in
2617 3859 2822 3930 synodo
2848 3859 3272 3926 Pontigonensi.

2959 3973 3106 4030 XVI.

2274 4081 2447 4125 BULLA
2497 4082 2734 4125 JOANNIS
2788 4083 2947 4126 ΡᾹΡΒ
3004 4084 3078 4126 AD
3131 4085 3643 4127 οοΝσιιιζθΑτιοΝεκ
3695 4083 3744 4128 S.

2640 4155 2891 4198 MEDARDI
2948 4157 3398 4199 SUESSIONENSIS.

2855 4243 3035 4313 (Anno
3064 4245 3214 4313 876.)

2289 4339 2672 4410 Conﬁrmatur
2714 4343 2954 4414 partitio
2992 4343 3400 4399 monachorum
3433 4341 3488 4398 S.
3531 4339 3777 4398 Medardi

2799 4414 3237 4470 Suessionensis.

2163 4515 2224 4582 D
2311 4509 2566 4566 Joams
2597 4509 2906 4582 episc0pus,
2938 4527 3130 4567 servus
3171 4526 3455 4568 servorum
3497 4509 3618 4576 Dei,
3669 4523 3837 4564 vene-

2245 4601 2429 4656 randa
2457 4599 2874 4673 congregationi
2902 4599 3281 4672 religiosorum
3310 4601 3706 4657 monachorum
3743 4613 3840 4653 ve-

2231 4688 2493 4744 nerabilis
2546 4689 2864 4744 monasterii
2921 4689 3096 4746 sancti
3152 4698 3206 4746 et
3253 4688 3586 4747 confessoris
3632 4684 3832 4743 Christi

2227 4777 2490 4846 Medardi,
2522 4793 2735 4835 necnon
2763 4787 2818 4836 et
2844 4779 2988 4836 beati
3015 4779 3270 4852 martyris
3301 4778 3502 4835 Christi
3524 4777 3829 4835 Sebastiani

2228 4867 2285 4922 in
2313 4875 2652 4938 perpetuum.

2303 4965 2528 5035 Quoties
2559 4965 2652 5022 illa
2679 4983 2709 5021 a
2741 4968 2898 5024 nobis
2925 4967 3090 5024 tribui
3118 4983 3220 5040 pro
3247 4967 3522 5025 desiderio
3560 4967 3834 5038 postulan-

2229 5054 2298 5110 tis
2329 5071 2448 5126 qua
2478 5054 2626 5110 omni
2652 5056 2842 5112 rationi
2876 5057 3252 5114 incunctanter
3271 5055 3617 5123 conveniunt,
3643 5056 3827 5112 animo

2231 5159 2331 5201 nos
2361 5144 2521 5199 decet
2547 5144 2734 5202 libenti
2764 5147 3064 5203 concedere
3095 5154 3147 5202 et
3175 5147 3264 5218 pie
3292 5145 3604 5218 petentibus
3633 5145 3834 5216 impar-

2233 5233 2321 5288 tiri
2354 5231 2690 5308 suffragium.
2725 5235 2895 5308 Igitur
2923 5235 3164 5292 omnium
3197 5235 3399 5291 Christi
3449 5233 3693 5292 ﬁdelium
3734 5250 3835 5290 co-

2230 5406 2394 5457 autem
2442 5404 2629 5458 faciunt
2678 5407 2758 5471 qui
2815 5408 2945 5460 hunc
2967 5420 3079 5460 cum
3103 5407 3256 5458 altero
3275 5405 3547 5471 antiquiore
3595 5407 3836 5471 Ansegiso

2231 5473 2532 5525 confundunt
2577 5473 2753 5526 abbate
2773 5475 3022 5540 Lobiensi,
3047 5475 3128 5538 qui
3153 5475 3310 5526 Caroli
3331 5474 3492 5538 Magni
3511 5479 3560 5526 et
3601 5475 3836 5526 Ludovici

2232 5541 2302 5592 Pii
2325 5540 2534 5604 capitula
2569 5541 2617 5592 in
2655 5544 2861 5606 quatuor
2904 5543 3057 5595 libros
3093 5543 3296 5607 digessit
3329 5553 3458 5592 anno
3505 5542 3629 5592 827.
3678 5543 3824 5596 SIBI.
