4174 6300
314 339 412 392 661

1450 329 1805 388 EPISTOLE
1850 331 1939 386 ET
1992 330 2340 387 DECRETA.

3497 343 3601 397 662

316 466 552 533 gnoscat
580 456 798 514 solertia
828 456 1086 530 quoniam
1115 455 1497 512 dilectissimus
1553 454 1696 510 ﬁlius
1725 462 1913 510 noster
1941 457 1997 517 A
2019 455 2267 523 terdicto,
2302 465 2360 510 ut
2386 456 2590 512 nemini
2619 458 2926 513 mortalium
2984 459 3144 516 liceat
3182 478 3399 534 quoquo
3437 463 3602 519 modo

317 548 548 604 Carolus
567 549 865 618 imperator
887 549 1181 619 Augustus,
1215 546 1498 600 beatorum
1527 545 1671 600 Petri
1689 551 1738 598 et
1762 544 1914 599 Pauli

319 637 691 710 apostolorum
742 635 1046 706 principum
1075 635 1265 690 adiens
1293 633 1495 697 limina,
1548 633 1706 687 nobis
1734 640 1915 688 mente

315 728 516 782 devota
545 725 821 796 suggessit
849 732 1113 795 quatenus
1130 723 1308 778 eidem
1325 721 1584 793 praedicto
1615 721 1914 776 venerabili

319 814 656 870 monasterio
686 814 754 868 ad
783 813 1062 867 utilitatem
1092 819 1144 867 et
1172 827 1329 866 usum
1372 818 1484 865 tam
1515 810 1913 865 nominatorum

318 904 728 968 monachorum,
754 901 956 956 ibidem
987 901 1218 956 Domino
1247 899 1620 965 servientium,
1653 915 1753 970 per
1774 914 1914 969 apo-

321 992 552 1046 stolatus
581 991 752 1046 nostri
777 989 1116 1062 privilegium
1149 987 1613 1053 confirmaremus,
1645 995 1696 1042 et
1715 987 1913 1042 immo-

317 1080 450 1135 bilia
479 1079 618 1143 loca,
653 1095 774 1150 quae
802 1077 948 1132 idem
1002 1075 1498 1132 Christianissimus
1554 1076 1750 1144 Caesar,
1803 1083 1914 1130 tam

315 1185 414 1240 pro
443 1167 794 1223 veneratione
825 1167 1141 1221 eorumdem
1171 1173 1481 1221 sanctorum
1512 1180 1782 1236 quamque
1812 1180 1912 1234 pro

317 1255 588 1313 mercedis
618 1272 730 1310 sum
758 1262 1053 1327 augmento
1080 1270 1178 1325 per
1209 1253 1395 1326 regale
1427 1261 1757 1323 praeceptum
1789 1267 1913 1308 con-

318 1345 510 1401 tulisse
541 1343 898 1417 dignoscitur,
935 1359 1168 1414 quorum
1207 1342 1430 1397 nomina
1459 1340 1682 1396 inferius
1713 1341 1914 1412 scripta

317 1435 592 1507 leguntur,
655 1432 940 1487 Berneium
999 1431 1225 1496 scilicet,
1286 1429 1622 1495 Croviacum,
1700 1431 1912 1484 Domno

319 1523 552 1596 regium,
588 1521 901 1586 Sodoleum,
936 1519 1245 1575 Berziacum
1276 1534 1385 1573 una
1415 1533 1538 1574 cum
1575 1517 1908 1582 molendino,

319 1611 559 1676 Berziso,
581 1609 901 1665 mariziacos
922 1609 1080 1674 duos,
1105 1616 1267 1680 atque
1293 1607 1584 1678 spicarium
1607 1614 1659 1662 et
1685 1614 1913 1677 propter

316 1701 420 1755 has
449 1698 862 1762 Murocinetum,
896 1697 1480 1763 Cerniacum-vadum,
1526 1695 1661 1749 sicut
1704 1694 1913 1748 Hildui-

318 1804 423 1843 nus
452 1788 690 1842 anterior
717 1787 884 1840 abbas
914 1786 983 1840 ad
1005 1801 1160 1840 suum
1188 1784 1356 1839 tenuit
1384 1783 1790 1849 dominicatum,
1813 1799 1910 1837 su-

318 1876 631 1948 peraddens
687 1875 740 1928 in
798 1875 1134 1930 Murocincto
1181 1889 1430 1927 mansum
1459 1889 1644 1936 unum,
1709 1871 1912 1926 Maleas

321 1965 486 2020 etiam
510 1972 562 2020 et
600 1963 839 2034 piscinas
874 1979 1036 2035 super
1079 1978 1230 2017 mare
1277 1969 1328 2015 et
1358 1959 1704 2016 Cubonimaci
1761 1960 1917 2016 culta:

325 2063 489 2109 terrae
509 2053 738 2108 bonaria
766 2067 910 2107 xxxv
931 2060 984 2107 et
1011 2048 1330 2107 Ruminiaco
1378 2065 1600 2105 mansos
1656 2049 1912 2120 quinque,

325 2152 378 2198 et
407 2151 613 2213 partem
647 2141 784 2213 prati
815 2141 1024 2196 deloco
1055 2139 1270 2211 Geigio,
1306 2147 1358 2193 et
1406 2154 1625 2193 mansos
1682 2138 1816 2192 duos
1865 2137 1922 2191 in

324 2233 474 2301 villa,
499 2247 618 2303 qum
675 2229 873 2284 dicitur
912 2231 1216 2302 Lentegere
1273 2227 1912 2292 vicinium;decernens,

322 2329 382 2376 ut
406 2335 626 2376 camera
645 2319 1090 2374 vestimentorum
1120 2318 1516 2373 monachorum
1557 2315 1751 2370 haheat
1807 2323 1919 2368 tres

323 2410 499 2474 villas,
534 2409 780 2479 Capram,
805 2408 1086 2471 Abiacum,
1118 2415 1172 2462 et
1218 2405 1453 2461 Solmam
1490 2423 1502 2470 ;
1537 2413 1587 2458 et
1637 2403 1920 2473 hospitalis

323 2498 588 2554 nobilium
618 2497 851 2567 accipiat
881 2512 1078 2551 nonam
1108 2511 1179 2550 ex
1197 2494 1338 2549 villis
1367 2493 1536 2564 ipsius
1567 2493 1795 2546 abbatize
1828 2508 1920 2546 se-

323 2587 561 2643 cundum
591 2586 828 2656 priscam
851 2583 1318 2649 consuetudinem,
1353 2589 1405 2636 et
1448 2582 1645 2636 habeat
1690 2580 1920 2634 Caucia-

324 2691 448 2733 cum
493 2674 650 2730 simul
692 2689 814 2730 cum
853 2672 1101 2745 lignariis
1156 2671 1223 2726 de
1269 2671 1468 2726 Pivone
1501 2687 1514 2722 ε
1545 2678 1597 2724 et
1645 2667 1922 2739 hospitalis

321 2763 738 2837 peregrinorum
768 2761 995 2832 accipiat
1027 2760 1316 2824 decimam,
1351 2767 1402 2813 et
1431 2759 1625 2813 habeat
1671 2757 1922 2811 llatonis-

325 2861 552 2910 curtem.
613 2851 1002 2906 Thesaurarius
1049 2857 1226 2903 autem
1293 2856 1345 2903 et
1392 2848 1682 2919 portarius,
1761 2853 1923 2917 atque

323 2941 733 3013 hospitalarius,
768 2955 982 2994 necnon
1003 2945 1054 2994 et
1084 2937 1423 2993 camerarius
1454 2936 1598 2990 intra
1628 2943 1750 2990 octo
1800 2935 1922 2988 die-

327 3048 449 3087 rum
480 3029 778 3086 Dominicae
822 3028 1136 3092 nativitatis,
1186 3035 1239 3081 et
1294 3024 1683 3081 resurectionis
1732 3023 1920 3078 Domi-

327 3120 466 3176 nicae
515 3117 710 3190 spatia,
743 3117 827 3171 bis
856 3117 910 3170 in
932 3132 1074 3170 anno
1103 3113 1401 3186 plcnariam
1442 3112 1790 3168 refectionem
1821 3112 1922 3165 ha-

327 3210 542 3274 beant;
575 3207 800 3276 insuper
844 3222 908 3260 ex
966 3204 1208 3276 praefatis
1265 3202 1384 3258 aliis
1433 3202 1576 3257 villis
1632 3200 1922 3255 terminum

326 3297 624 3354 nativitatis
674 3294 854 3351 dilecti
908 3294 1002 3348 filii
1060 3293 1142 3347 sui
1180 3291 1561 3346 Carolomanni
1617 3289 1920 3360 plenariam

329 3387 686 3443 refectionem
715 3385 972 3451 habeant,
1004 3391 1055 3437 et
1075 3390 1198 3452 post
1232 3381 1348 3449 ejus
1377 3379 1581 3434 obitum
1637 3378 1781 3432 diem
1821 3394 1922 3431 na-

330 3476 551 3531 tivitatis
573 3473 896 3530 transferant
926 3472 980 3525 in
1035 3471 1179 3526 diem
1238 3467 1613 3539 depositionis,
1676 3467 1924 3521 similiter

329 3582 395 3622 ex
425 3564 553 3620 villa
597 3562 845 3618 Bernoilo
901 3560 1144 3616 decrevit
1179 3557 1530 3613 refectionem
1585 3555 1925 3610 abundanter

328 3654 446 3710 ﬁeri
476 3653 682 3708 eisdem
720 3649 1002 3706 monachis
1032 3649 1087 3703 in
1136 3647 1511 3703 anniversario
1543 3647 1716 3702 Bertze
1747 3645 1924 3699 amitte

329 3759 463 3808 suae,
488 3749 542 3798 et
569 3740 855 3796 luminaria
886 3739 1136 3794 exhibeat
1167 3736 1414 3792 ecclesiae
1461 3742 1661 3791 sanctae
1708 3733 1922 3803 Sephim

329 3831 593 3896 inferiori,
645 3837 697 3885 et
754 3835 955 3884 sancta:
997 3826 1267 3881 Trinitatis
1324 3823 1614 3894 superiori,
1677 3822 1814 3878 sicut
1869 3821 1924 3876 in

329 3919 617 3992 privilegio
649 3917 892 3986 ejusdem
923 3916 997 3987 pii
1028 3915 1241 3988 augusti
1272 3914 1339 3969 de
1361 3913 1447 3968 his
1485 3911 1737 3967 omnibus
1783 3911 1925 3966 facto

329 4009 633 4066 continetur
666 4026 679 4062 :
710 4015 767 4061 ut
793 4005 1051 4078 quidquid
1081 4005 1148 4059 ab
1179 4004 1371 4059 eodem
1410 4001 1775 4061 illustrissimo
1804 4002 1926 4056 Cae-

330 4115 456 4155 sare
487 4105 595 4152 tam
625 4097 694 4152 de
722 4095 1014 4157 nobilibus,
1049 4102 1102 4148 et
1130 4092 1497 4146 immobilibus
1536 4091 1722 4155 rebus,
1763 4106 1927 4160 quam

333 4197 403 4252 de
440 4195 695 4250 thesauro
727 4192 980 4248 collatum
1029 4198 1113 4245 est
1168 4197 1219 4244 et
1249 4189 1304 4242 in
1355 4191 1534 4241 futuro
1593 4185 1922 4249 conferetur,

331 4301 433 4356 pro
463 4283 657 4338 anima:
687 4298 800 4336 sua:
848 4279 1104 4334 remediis
1141 4277 1356 4331 firmum
1405 4283 1458 4330 et
1511 4273 1816 4329 inviolabile
1873 4273 1926 4327 in

334 4381 655 4445 perpetuum
681 4369 902 4426 omnino
922 4367 1200 4424 consistat.
1242 4365 1412 4433 Hujus
1459 4363 1534 4418 rei
1576 4364 1772 4435 gratia,
1804 4363 1928 4434 quia

331 4463 582 4518 eumdem
615 4459 902 4514 sublimem
930 4458 1312 4527 imperatorem
1349 4452 1532 4508 divino
1571 4468 1754 4506 amore
1800 4467 1929 4507 con-

332 4559 528 4608 tactum
558 4550 648 4620 pia
677 4548 858 4620 egisse
881 4545 1224 4609 confidimus,
1273 4541 1532 4616 congruis
1561 4540 1928 4614 suggestioui-
1955 4543 2006 4602 D

301 4641 434 4695 .bus
457 4640 571 4708 ejus
590 4637 771 4693 favere
801 4635 1066 4700 volentes,
1100 4633 1461 4698 decernimus,
1510 4631 1828 4696 stabilimus,
1877 4637 1929 4684 et

333 4728 637 4800 apostolica
664 4725 980 4782 auctoritate
1011 4723 1339 4778 omnimodis
1383 4720 1769 4777 confirmamus
1797 4736 1930 4775 cun-

334 4827 418 4875 cta
437 4816 686 4889 superius
715 4815 856 4870 dicta
876 4812 1173 4868 immobilia
1195 4812 1315 4867 loca
1345 4826 1468 4866 cum
1492 4810 1786 4876 nobilibus,
1832 4825 1928 4863 seu

336 4913 550 4970 famulis
579 4912 860 4982 utriusque
891 4925 1074 4977 sexus,
1108 4924 1215 4963 una
1244 4923 1369 4962 cum
1399 4907 1651 4960 thesauro
1673 4905 1741 4960 ad
1772 4921 1928 4959 usum

337 5012 388 5059 et
444 5001 728 5058 utilitatem
773 4997 1203 5069 supradictorum
1277 4996 1690 5060 monachorum,
1744 5001 1929 5063 utpote

335 5093 479 5148 idem
535 5086 1016 5162 praestantissimus
1074 5087 1368 5156 imperator
1453 5083 1724 5156 augustali
1787 5098 1929 5152 pra:-

337 5189 496 5252 cepto
526 5179 705 5235 eidem
755 5174 1086 5231 monasterio
1140 5175 1209 5228 ob
1267 5173 1502 5229 salutem
1569 5172 1761 5226 animae
1821 5187 1931 5225 sum

338 5268 628 5333 concessit,
676 5267 765 5322 vel
814 5280 1178 5321 concessurus
1220 5263 1340 5317 erit.
1401 5260 1695 5315 Statuimus
1751 5267 1932 5314 autem

341 5360 444 5414 sub
483 5356 653 5413 divini
688 5354 877 5425 judicii
926 5352 1304 5416 obtestatione,
1354 5357 1405 5405 et
1453 5348 1805 5404 anathematis
1851 5348 1933 5402 in-

406 5517 429 5544 a
461 5502 714 5564 Quamvis,
783 5503 880 5550 etc.
949 5497 1216 5561 Superstite
1282 5495 1546 5564 ltincmaro
1628 5493 1933 5564 Laudunensi

344 5560 497 5622 alium
546 5570 596 5619 in
645 5560 751 5629 ejus
802 5568 962 5617 locum
1009 5560 1259 5628 subrogari
1303 5562 1460 5624 jubet,
1505 5560 1677 5611 Carolo
1719 5561 1935 5629 impera—

346 5639 444 5690 tori
490 5637 550 5689 de
613 5626 745 5686 illius
803 5632 1108 5697 depositione
1167 5626 1456 5692 assentiens,
1505 5640 1650 5693 quam
1695 5626 1936 5678 Adrianus

2013 544 2216 616 aliquid
2248 546 2374 599 dare
2403 547 2470 600 de
2502 546 2584 600 his
2614 547 2865 601 omnibus
2895 563 2926 602 a
2953 549 3077 618 jure
3129 552 3458 606 venerabilis
3501 568 3598 608 no-

2014 634 2112 688 stri
2142 634 2478 701 monasterii,
2519 635 2605 691 vel
2664 635 2885 691 utilitate
2931 640 3322 694 monachorum
3366 641 3598 708 auferre,

2015 722 2271 789 alienare,
2305 723 2605 794 subripere,
2646 733 2736 778 aut
2785 741 2885 795 per
2906 726 3337 798 qualemcunque
3359 730 3601 796 modum,

2013 811 2100 866 vel
2139 819 2521 884 argumentum
2585 813 2903 870 subtrahere
2937 833 2950 869 :
2983 816 3079 870 sed
3118 817 3297 870 omnia
3352 817 3488 883 hac,
3557 826 3609 872 et

2015 917 2136 970 quze
2165 901 2342 954 adhuc
2363 901 2416 954 in
2447 901 2702 956 thesauro
2723 902 2789 955 ab
2819 903 2938 972 ipso
2992 903 3084 975 pio
3113 904 3329 959 Caesare
3385 906 3471 959 vel
3535 906 3604 959 ab

2013 988 2131 1044 aliis
2158 990 2330 1042 Deum
2364 989 2680 1044 timentibus
2709 990 2764 1044 in
2792 992 2900 1060 jus,
2935 991 3251 1058 dominium,
3285 993 3372 1049 vel
3401 993 3604 1048 utilita-

2014 1086 2124 1132 tem
2152 1078 2325 1132 nostri
2359 1079 2689 1134 venerabilis
2721 1081 3036 1135 monasterii
3101 1097 3166 1138 ac
3221 1084 3609 1139 monachorum

2014 1167 2212 1222 ibidem
2245 1169 2570 1221 morantium
2609 1167 2975 1238 conferentur,
3031 1171 3362 1240 perennibus
3423 1171 3608 1226 consi-

2015 1262 2116 1309 stat
2145 1255 2364 1310 omnino
2396 1256 2746 1326 temporibus.
2802 1257 2856 1311 Si
2893 1258 3014 1330 quis
3043 1267 3239 1327 autem,
3278 1260 3424 1330 quod
3462 1275 3609 1314 nun-

2015 1359 2178 1415 quam
2207 1352 2474 1414 optamus,
2531 1353 2713 1400 contra
2749 1346 2853 1402 hoc
2909 1355 3109 1402 nostrae
3193 1345 3616 1403 confirmationis

2013 1441 2374 1504 praeceptum,
2436 1433 2592 1488 aliter
2654 1449 2820 1506 agere
2875 1450 2984 1489 non
3038 1434 3356 1502 formidans,
3417 1437 3621 1508 aliquid

2013 1522 2141 1576 inde
2181 1522 2450 1588 alienare,
2493 1523 2760 1589 minuere,
2794 1524 3128 1593 subtrahere,
3187 1524 3275 1580 vel
3331 1525 3620 1580 temerario

2016 1626 2152 1665 ausu
2183 1619 2398 1666 mutare
2433 1611 2870 1682 praesumpserit,
2907 1613 3160 1668 autaliter
3174 1613 3446 1679 ordinare,
3478 1630 3620 1684 prae-

2015 1707 2098 1754 ter
2137 1701 2281 1771 quod
2305 1701 2419 1769 jam
2452 1701 2760 1755 ordinatum
2793 1710 2875 1756 est
2905 1702 3207 1767 tantaverit,
3240 1702 3326 1756 vel
3384 1703 3438 1756 in
3482 1710 3616 1769 toto,

2014 1789 2101 1842 vel
2149 1788 2202 1841 in
2247 1796 2398 1858 parte
2447 1796 2824 1859 transgressor
2863 1791 3193 1860 apparuerit,
3227 1789 3326 1845 Dei
3373 1789 3619 1860 omnipo-

2016 1876 2176 1931 tentis
2201 1876 2408 1945 judicio
2442 1877 2574 1931 sciat
2606 1894 2664 1932 se
2693 1894 2814 1932 esse
2865 1879 3224 1933 anathematis
3261 1878 3492 1934 vinculis
3529 1879 3616 1932 in-

2014 1966 2292 2034 nodatum,
2328 1973 2380 2020 et
2417 1981 2538 2022 cum
2569 1966 2814 2028 Diabolo,
2849 1976 2900 2022 et
2922 1967 3038 2035 ejus
3075 1951 3426 2023 atrocissimis
3459 1983 3613 2038 pom-

2015 2054 2100 2126 pis
2134 2062 2332 2126 ;atque
2364 2071 2485 2110 cum
2517 2055 2650 2109 Juda
2697 2055 2957 2111 traditore
2995 2055 3209 2110 Domini
3272 2055 3444 2110 nostri
3487 2057 3616 2110 Jesu

2018 2144 2218 2199 Christi
2253 2163 2267 2210 ;
2301 2152 2352 2199 et
2384 2160 2506 2199 cum
2538 2143 2716 2214 impiis
2746 2145 3000 2200 omnibus
3053 2144 3360 2215 portionem
3399 2144 3615 2210 habeat,

2019 2241 2071 2286 et
2101 2249 2133 2287 a
2163 2248 2336 2305 regno
2375 2233 2473 2287 Dei
2503 2232 2710 2287 alienus
2740 2232 2951 2288 existat.
2985 2233 3091 2302 Qui
3128 2249 3260 2288 vero
3291 2233 3381 2304 pio
3411 2233 3465 2287 in
3493 2248 3610 2287 om-

2018 2321 2176 2375 nibus
2208 2321 2401 2375 intuitu
2451 2338 2611 2376 verus
2640 2322 2977 2386 observator,
3012 2329 3064 2376 et
3095 2330 3312 2378 curator
3357 2321 3622 2377 exstiterit

2020 2410 2474 2477 benedictionem,
2507 2410 2758 2481 gratiam,
2781 2418 2832 2464 et
2854 2411 3130 2465 caelestem
3161 2409 3614 2475 misericordiam,

2022 2499 2135 2553 sive
2165 2499 2378 2554 veniam
2409 2499 2728 2553 delictorum
2786 2515 3007 2553 suorum
3039 2515 3070 2553 a
3095 2501 3241 2568 justo
3267 2499 3446 2568 judice
3495 2499 3611 2553 Do-

2021 2587 2167 2640 mino
2197 2588 2310 2640 Deo
2332 2595 2519 2642 nostro
2551 2587 2812 2658 consequi
2851 2596 3142 2642 mereatur.
3200 2587 3473 2658 Scriptum
3517 2603 3615 2658 per

2021 2692 2242 2730 manum
2281 2677 2556 2731 Benedicti
2597 2676 2791 2730 notarii
2821 2676 3130 2747 regionarii,
3192 2684 3244 2730 et
3282 2683 3617 2731 sacrosanta:

2024 2764 2282 2819 Romana:
2303 2764 2616 2819 ecclesimin
2635 2781 2822 2818 mense
2843 2764 3106 2829 Januarii,
3133 2763 3426 2818 indictione
3448 2753 3614 2818 nona.

2024 2855 2168 2908 Bene
2197 2854 2393 2920 valete,
2455 2852 2656 2920 Quarto
2713 2869 2887 2907 nonas
2942 2852 3199 2917 Januarii,
3260 2869 3357 2923 per
3393 2868 3615 2906 manum

2024 2942 2292 2996 Anastasii
2314 2942 2710 2997 bibliothecarii
2733 2949 2934 2997 sanctas
2965 2942 3110 2995 sedis
3139 2941 3452 3011 apostolicae
3473 2957 3616 2995 anno

2026 3033 2141 3086 Deo
2185 3031 2415 3102 propitio
2472 3030 2817 3101 pontificatus
2865 3031 3071 3084 domini
3120 3030 3341 3084 Joannis
3399 3036 3610 3100 quarto,

2025 3121 2354 3191 imperatore
2387 3119 2604 3173 domino
2635 3119 2878 3188 piissimo
2889 3126 3152 3188 perpetuo
3175 3121 3420 3190 Augusto
3443 3119 3616 3172 Caro-

1954 3183 2001 3245 C‘
2023 3209 2075 3264 lo
2105 3226 2136 3262 a
2159 3211 2272 3263 Deo
2304 3215 2562 3263 coronato
2593 3223 2790 3279 magno
2812 3207 3138 3277 imperatore
3171 3223 3312 3261 anno
3350 3206 3616 3277 primo,et

2021 3305 2142 3368 post
2174 3297 2511 3352 consulatum
2542 3295 2657 3364 ejus
2693 3311 2834 3349 anno
2867 3295 3059 3366 primo,
3105 3295 3399 3350 indictione
3453 3310 3613 3349 nona.

2733 3401 2904 3456 XVII.

2148 3508 2220 3547 AD
2251 3506 2579 3546 HINCMARUM
2604 3506 3078 3547 ARCHIEPISCOPUM
3110 3505 3472 3545 RIIEMEXSEM.

2635 3599 2814 3668 (Anno
2846 3599 2994 3666 876.)

2101 3692 2167 3746 Ut
2211 3691 2272 3745 in
2320 3688 2504 3744 locum
2551 3687 2841 3743 Hincmari
2875 3687 3170 3743 ordinetur
3211 3687 3498 3759 episcopus
3554 3686 3617 3741 in

2429 3759 2677 3815 Ecclesia
2707 3760 3114 3814 Laudunensis.

2085 3847 2338 3901 Joaxxus
2351 3847 2658 3918 episc0pus,
2678 3864 2868 3902 servus
2888 3863 3164 3903 servorum
3185 3846 3302 3914 Dei,
3320 3847 3615 3902 HINCMARO

2023 3936 2434 4007 archiepiscopo
2464 3937 2775 3992 Rhemensi.

2098 4023 2358 4093 Quamvis
2389 4037 2412 4064 δ
2442 4027 2509 4080 de
2538 4025 2833 4080 sanctitatis
2863 4033 2966 4080 tuae
2981 4025 3184 4093 judicio
3215 4025 3347 4079 nihil
3375 4025 3618 4079 dubitas-

2027 4130 2228 4178 semus,
2263 4114 2386 4185 quia
2416 4121 2592 4168 tamen
2624 4113 2974 4168 charissimus
3006 4111 3147 4166 filius
3174 4121 3358 4167 noster
3388 4114 3614 4168 Carolus

2025 4210 2412 4265 invictissimus
2443 4210 2753 4280 imperator,
2795 4225 2824 4263 a
2853 4209 3012 4264 nobis
3043 4210 3457 4282 diligentissime
3485 4227 3614 4280 per-

2027 4306 2324 4365 cunctatus,
2349 4298 2810 4354 circumstantiam
2841 4297 3030 4366 judicii
3061 4314 3092 4353 a
3140 4297 3470 4353 beatitudine
3527 4306 3616 4352 tua

2026 4387 2471 4458 coepiscopisque
2522 4387 2633 4442 suis
2663 4387 2718 4441 in
2765 4388 3117 4442 Ilincmarum
3175 4387 3375 4442 dudum
3407 4387 3616 4442 Laudu-

2027 4493 2254 4530 nensem
2285 4477 2600 4547 episcopum
2629 4477 2823 4547 prolati
2853 4477 3171 4548 apostolatui
3202 4484 3388 4531 nostro
3410 4475 3610 4542 retulit,

2030 4565 2354 4638 agnovimus
2379 4566 2582 4633 justum
2612 4565 2778 4621 fuisse
2808 4567 3029 4622 omnino
3075 4565 3359 4635 judicium.
3412 4565 3604 4636 Neque

2029 4655 2171 4710 enim
2204 4662 2381 4708 tantus
2411 4655 2664 4725 princeps
2693 4655 2796 4709 nisi
2835 4655 3057 4710 veritate
3081 4654 3271 4709 fultum
3320 4653 3614 4725 quidquam

2029 4752 2238 4815 poterat
2269 4743 2562 4798 afﬁrmare.
2595 4744 2749 4799 Unde
2789 4743 2944 4798 nefas
3010 4759 3131 4799 esse
3188 4743 3442 4797 duximus
3500 4743 3617 4811 ejus

2029 4833 2276 4888 relationi
2315 4849 2423 4888 non
2479 4833 2724 4903 prmbere
2749 4833 3124 4888 incunctanter
3173 4831 3433 4886 auditum.
3493 4831 3616 4886 Noli

2031 4938 2164 4993 ergo
2187 4923 2300 4990 jam
2335 4938 2476 4977 nunc
2527 4921 2829 4976 Ecclesiam
2879 4920 3289 4975 Laudunensem
3345 4920 3616 4976 viduatam

2031 5020 2082 5066 et
2112 5012 2228 5065 sine
2278 5011 2545 5083 regimine
2593 5009 2849 5080 pastorali
2906 5007 3342 5075 dimittere;sed
3397 5008 3616 5065 indiffe-

2031 5108 2218 5154 rentur
2245 5099 2495 5165 electum,
2531 5107 2581 5152 et
2611 5099 2678 5153 de
2711 5097 3086 5152 Laudunensis
3138 5097 3401 5153 Ecclesiae
3438 5098 3617 5165 clero,

2032 5189 2208 5244 virum
2231 5189 2502 5251 idoneum,
2537 5195 2589 5241 et
2617 5187 2671 5239 in
2703 5202 2810 5258 quo
2839 5187 3074 5241 omnium
3098 5195 3219 5242 vota
3257 5187 3619 5251 consentiant,

2033 5279 2209 5332 eidem
2233 5276 2492 5332 Ecclesia:
2523 5274 2738 5346 prmfice
2775 5292 2998 5346 prorsus
3012 5275 3344 5347 episcopum.
3380 5276 3476 5331 Cui
3507 5277 3622 5331 ele-

2034 5366 2197 5422 ctioni
2225 5365 2472 5420 volumus
2503 5365 2663 5420 etiam
2693 5364 2919 5420 missum
2950 5363 3156 5436 praefati
3187 5365 3414 5437 piissimi
3453 5364 3624 5435 impe-

2033 5492 2348 5555 improbarat.
2400 5492 2566 5554 Itaque
2605 5491 2749 5543 tertio
2791 5496 2902 5557 post
2953 5505 3116 5545 mense
3156 5493 3338 5546 electus
3385 5493 3460 5542 est
3505 5491 3597 5540 He-

2033 5560 2275 5612 denulfus.
2304 5561 2446 5610 Sunt.
