4174 6322
571 201 673 255 663
1803 197 2102 254 JOANNIS
2143 197 2339 254 PAPzE
2389 197 2529 254 VIII.
3767 199 3881 254 66L

561 322 758 379 ratoris
793 323 1077 394 interesse,
1119 331 1180 379 ut
1208 323 1326 380 sine
1356 322 1697 380 sacularium
1727 323 1958 394 strepitu
2014 321 2163 378 omni
2189 322 2246 384 A
2337 321 2564 378 Litteras
2593 321 2896 379 devotionis
2907 329 3105 379 vestra
3133 321 3514 394 suscipientes,
3539 321 3670 395 quia
3697 321 3874 378 devo-

563 412 738 467 latere
767 411 890 467 talis
921 412 1172 485 eligatur,
1207 413 1298 485 qui
1327 420 1484 484 aptus
1513 413 1686 468 sacris
1715 412 2016 469 canonibus
2047 428 2170 468 esse
2270 418 2496 468 tumvos
2513 427 2635 466 esse
2665 411 3050 483 cognoscimus
3079 427 3212 486 erga
3239 419 3482 469 vestram
3495 419 3745 468 sanctam
3762 412 3875 467 Ec-

562 500 742 555 modis
789 501 1042 556 omnibus
1064 502 1419 572 approbetur.
1473 501 1738 576 Optamus
1822 501 2165 556 sanctitatem

559 595 712 644 tuam
729 589 786 643 in
817 589 1036 645 Christo
1065 590 1206 645 bene
1237 589 1440 646 valere.
1473 591 1619 646 Data
1649 593 1734 646 est
1757 591 1939 646 Romae
1995 590 2168 645 Theo-

567 678 774 744 dorico,
817 681 988 750 jussu
1013 696 1175 752 papae
1204 680 1440 736 Joannis
1469 682 1527 734 et
1574 680 1768 736 damni
1801 679 1986 734 Caroli
2038 678 2170 734 novi

561 766 941 838 imperatoris,
959 784 1064 840 per
1082 783 1288 824 manus
1326 767 1616 823 Anastasii
1649 767 2072 834 bibliothecarii,
2103 767 2168 822 in

563 864 868 920 secretario
890 865 1144 920 ecclesiae
1169 867 1358 921 sancti
1373 866 1544 930 Petri,
1565 880 1718 920 anno
1735 865 2161 920 incarnationis

563 952 873 1009 Dominicce
897 955 1019 1008 876.
1047 955 1217 1009 Nonis
1233 955 1522 1019 Januaris,
1544 953 1854 1010 indictione
1877 968 1956 1008 rx.
1980 954 2051 1008 Et
2065 953 2166 1008 de-

573 1041 694 1096 lata
709 1044 797 1096 est
823 1042 889 1097 ab
937 1042 1128 1098 eodem
1189 1043 1512 1098 Theoderico
1543 1042 1607 1096 in
1646 1043 1878 1098 civitate
1939 1041 2165 1098 Rhemis

567 1129 872 1186 Hincmaro
903 1131 1241 1187 Rhemorum
1257 1131 1694 1203 archiepiscopo,
1719 1131 1910 1188 eodem
1929 1146 2080 1186 anno
2109 1133 2166 1186 et

567 1217 764 1274 eadem
793 1218 1122 1286 indictione,
1143 1234 1180 1272 v
1217 1219 1348 1275 Idus
1381 1219 1590 1274 Martii.

1261 1342 1460 1398 XVIII.

1032 1447 1107 1487 AD
1135 1446 1468 1488 ALDFONSUM
1497 1446 1706 1487 REGEM.

1145 1521 1326 1592 (Anno
1356 1519 1504 1592 876.)

568 1615 852 1674 Ovetensis
873 1611 1124 1670 Ecclesia
1140 1611 1418 1668 Callaecia:
1430 1611 1869 1684 metropolitano
1899 1609 2158 1682 efﬁcitur.

635 1723 891 1779 JOANNES
931 1719 1238 1792 episc0pus,
1261 1734 1452 1774 servus
1481 1733 1768 1774 servorum
1795 1716 1916 1784 Dei,
1977 1720 2166 1772 ALDE-

567 1827 745 1870 rorzso
774 1811 892 1883 regi
921 1806 1400 1874 Christianissimo,
1432 1822 1530 1862 seu
1559 1807 1769 1863 cunctis
1802 1806 2168 1862 venerabilius

569 1900 863 1975 episcopis,
899 1897 1208 1964 abbatibus,
1241 1895 1330 1953 vel
1350 1895 1666 1950 orthodoxis
1697 1895 2040 1951 Christianis.

643 1989 784 2060 Quia
809 1988 976 2062 igitur
1003 1986 1058 2041 in
1086 2001 1216 2041 cura
1269 1999 1371 2039 nos
1427 1983 1590 2039 totius
1637 1983 2058 2039 Christianitatis
2104 1985 2163 2040 B.

577 2079 720 2134 Petri
749 2076 1120 2149 apostolorum
1167 2073 1428 2146 principis
1456 2071 1784 2144 sempiterna
1827 2073 2171 2145 providentia

573 2166 737 2224 efﬁcit
765 2179 1133 2233 successores,
1172 2178 1236 2218 ea
1291 2161 1508 2218 Domini
1563 2161 1738 2217 nostri
1790 2162 1920 2217 Jesu
1973 2161 2171 2218 Christi

572 2253 1001 2326 constringimur
1056 2249 1452 2317 adhortatione,
1519 2266 1628 2322 qua
1677 2251 1894 2306 beatum
1951 2251 2172 2306 Petrum

569 2343 880 2416 apostolum
909 2340 1136 2407 monuit,
1171 2339 1362 2396 dicens
1394 2339 1633 2412 quadam
1662 2355 1796 2396 voce
1827 2339 1965 2412 [vice
2004 2339 2171 2411 privi-

567 2432 719 2508 legii]
754 2449 766 2488 :
797 2435 873 2490 Tu
885 2449 940 2488 es
956 2433 1181 2497 Petrus,
1201 2433 1258 2487 et
1277 2445 1446 2500 super
1468 2430 1616 2486 hanc
1641 2433 1869 2502 petram
1885 2429 2172 2498 aediﬁcabo

572 2523 892 2580 Eeclesiam
914 2537 1120 2587 meam,
1145 2523 1200 2576 et
1219 2520 1322 2576 tibi
1333 2519 1468 2575 dabo
1489 2519 1672 2575 claves
1689 2519 1854 2591 regni
1881 2519 2170 2586 caelorum,

574 2621 628 2668 et
655 2611 866 2684 reliqua
888 2610 1108 2681 (Matth.
1139 2609 1282 2678 xvx).
1313 2608 1453 2664 Hinc
1483 2623 1674 2663 rursus
1695 2607 2010 2664 imminente
2055 2609 2173 2663 Do-

574 2699 710 2755 mini
727 2698 900 2756 nostri
929 2697 1160 2754 articulo
1191 2695 1448 2770 gloriosa
1475 2695 1766 2768 passionis,
1812 2695 1987 2768 inquit
2021 2711 2033 2752 :
2066 2697 2173 2768 Ego

574 2806 676 2864 pro
696 2793 750 2846 te
761 2789 968 2860 rogavi,
985 2791 1051 2845 ut
1062 2803 1178 2843 non
1189 2787 1415 2856 deﬁciat
1427 2785 1564 2855 ﬁdes
1583 2790 1702 2852 tua,
1719 2789 1774 2842 et
1795 2785 2174 2858 tualiquando

577 2893 879 2936 conversus
904 2877 1182 2947 conﬁrma
1195 2877 1410 2948 fratres
1444 2875 1718 2946 tuos(Luc
1741 2874 1910 2945 χχιι).
1937 2875 2174 2946 Ideoque

579 2967 708 3041 quia
741 2973 940 3022 vestra
971 2964 1174 3020 notitia
1201 2963 1342 3018 fama
1369 2979 1470 3035 per
1492 2963 1591 3018 hos
1609 2961 1808 3018 fratres
1828 2963 2016 3018 limina
2045 2978 2176 3034 apo-

2268 500 2494 556 clesiam
2521 499 2730 573 gratias
2758 499 2916 556 vobis
2957 499 3284 572 multiplices
3314 499 3618 567 referimus,
3669 499 3875 556 Domi-

2267 605 2396 643 num
2426 597 2710 644 exorantes
2737 595 2792 644 ut
2822 589 2983 662 vigor
3011 589 3168 661 regni
3231 589 3402 645 vestri
3444 589 3686 645 abundet
3743 588 3872 662 [al.,

2267 677 2524 750 abunde],
2559 678 2626 732 de
2656 677 2886 734 inimicis
2915 678 3114 734 vestris
3151 677 3436 734 victoriam
3463 677 3621 734 vobis
3664 693 3878 734 conce-

2267 765 2380 821 dat.
2410 766 2554 821 Nam
2580 782 2702 833 nos,
2735 765 2810 820 ﬁli
2839 765 3178 834 charissime,
3211 766 3348 822 sicut
3373 765 3604 838 petistis,
3647 767 3877 822 sedulas

2263 870 2460 926 preces
2489 854 3030 927 Dominofundimus,
3062 863 3121 910 ut
3149 871 3381 929 regnum
3394 864 3636 912 vestrum
3658 857 3873 930 guber-

2265 951 2375 1014 net,
2400 959 2499 1000 vos
2529 943 2711 1000 salvos
2742 942 2918 1010 faciat,
2951 944 3220 1000 custodiat
3240 952 3293 1000 et
3314 952 3583 1018 protegat,
3617 953 3672 1001 et
3702 961 3876 1017 super

2265 1031 2512 1088 inimicos
2541 1041 2754 1089 vestros
2794 1033 2972 1106 erigat
3005 1049 3018 1088 :
3043 1033 3333 1089 ecclesiam
3377 1041 3558 1089 autem
3586 1035 3647 1088 B.
3678 1034 3876 1090 Jacobi

2265 1121 2336 1176 ab
2367 1121 2620 1192 Hispanis
2650 1121 2922 1194 episcopis
2969 1123 3278 1178 consecrari
3305 1121 3485 1190 facite,
3519 1130 3572 1178 et
3601 1138 3730 1180 cum
3789 1123 3874 1179 eis

2263 1209 2554 1267 concilium
2567 1211 2860 1266 celebrate.
2881 1211 2949 1265 Et
2962 1227 3061 1266 nos
3074 1211 3316 1282 quidem,
3336 1211 3574 1284 gloriose
3611 1229 3731 1280 rex,
3791 1212 3868 1266 si-

2265 1299 2374 1356 cuti
2403 1315 2522 1369 vos,
2555 1315 2585 1354 a
2613 1299 2844 1372 paganis
2865 1300 2981 1370 jam
3005 1300 3457 1372 constringimur,
3491 1300 3579 1356 die
3609 1316 3676 1357 ac
3704 1308 3873 1358 nocte

2264 1403 2390 1444 cum
2419 1387 2528 1442 illis
2557 1388 2702 1444 bella
2731 1389 3118 1445 committimus
3150 1407 3164 1457 ;
3199 1389 3297 1444 sed
3335 1389 3680 1461 omnipotens
3717 1391 3872 1446 Deus

2263 1477 2356 1533 dat
2383 1477 2506 1550 [al.,
2539 1477 2674 1550 det,]
2694 1477 2853 1534 nobis
2881 1478 2950 1533 de
2993 1477 3102 1533 illis
3149 1478 3501 1551 triumphum.
3557 1479 3730 1549 Hujus
3789 1479 3874 1534 rei

2263 1566 2441 1637 gratia
2493 1582 2754 1640 rogamus
2807 1566 3154 1623 dilectionem
3209 1575 3467 1634 vestram,
3519 1575 3572 1622 et
3623 1567 3868 1624 animum

2195 1685 2248 1746 B
2271 1654 2538 1729 [nimium]
2568 1655 2942 1727 deprecamur,
3004 1664 3063 1710 ut
3093 1655 3236 1728 quia,
3270 1664 3327 1711 ut
3355 1656 3610 1723 diximus,
3649 1657 3810 1712 valde
3837 1673 3871 1711 a

2268 1744 2499 1818 paganis
2529 1744 2850 1816 opprimitur
2870 1745 3178 1817 aliquantos
3197 1745 3354 1800 utiles
3383 1753 3436 1800 et
3458 1745 3690 1817 Optimos
3718 1747 3872 1800 Mau-

2270 1834 2447 1890 riscos
2474 1850 2594 1890 cum
2625 1833 2810 1904 armis,
2842 1849 2980 1906 quos
3001 1833 3228 1906 Hispani
3257 1833 3496 1890 cavallos
3531 1835 3872 1906 Alpharaccs

2265 1930 2482 1989 vocant,
2516 1923 2596 1986 ad
2616 1938 2716 1978 nos
2747 1922 2986 1995 dirigere
3017 1938 3126 1978 non
3171 1923 3448 1979 omittatis.
3480 1922 3724 1992 Qualiter
3764 1939 3870 1979 nos

2267 2011 2614 2082 recipientes,
2657 2010 2949 2066 Dominum
3004 2011 3392 2078 collaudemus,
3443 2011 3598 2068 vobis
3654 2011 3870 2084 gratias

2269 2099 2589 2167 referamus,
2623 2108 2676 2156 et
2707 2117 2808 2172 per
2835 2116 3026 2156 eorum
3054 2108 3382 2172 portatorem
3423 2101 3492 2156 de
3523 2100 3867 2156 benedictio-

2269 2189 2430 2244 nibus
2459 2190 2514 2244 S.
2539 2189 2684 2244 Petri
2711 2205 2810 2245 vos
2839 2205 3272 2246 remuneremus.
3300 2191 3444 2246 Bene
3461 2190 3600 2256 vale,
3620 2189 3868 2246 dilectis-

2275 2277 2411 2333 sime
2442 2276 2517 2333 ﬁli
2545 2286 2600 2334 et
2631 2277 2936 2334 clarissime
2954 2295 3070 2334 rex.

3001 2385 3128 2452 XX,

2271 2489 2346 2530 AD
2358 2489 2658 2530 EPISCOPOS
2672 2489 2742 2530 ΕΤ
2753 2489 2987 2532 COMITES
3006 2490 3066 2530 1N
3085 2490 3272 2531 REGNO
3284 2489 3480 2530 (ΞΑΕοιί
3492 2489 3868 2532 οοΝετιτστοε

2889 2565 3067 2635 (Anno
3099 2565 3247 2636 876.)

2272 2655 2488 2710 Laudat
2514 2653 2644 2727 illos
2675 2653 2816 2726 quod
2845 2654 2906 2727 in
2934 2654 3042 2724 ﬁde
3063 2657 3390 2710 constantes
3424 2670 3558 2727 erga
3596 2654 3865 2727 Carolum

2341 2725 2709 2800 perstiterint
2729 2745 2748 2790 ;
2768 2729 2827 2800 et
2855 2725 2921 2800 de
2953 2727 3169 2800 legatis,
3211 2741 3344 2798 quos
3383 2727 3455 2782 ad
3484 2725 3870 2800 componenda

2345 2795 2580 2851 dissidia
2593 2797 2852 2850 mittebat
2868 2797 2932 2851 in
2947 2795 3209 2852 Galliam.

2346 2900 2722 2957 Benedicimus
2751 2903 2897 2956 Deus
2954 2909 3008 2958 et
3057 2903 3218 2958 Pater
3259 2901 3475 2958 Domini
3509 2903 3685 2958 nostri
3731 2904 3862 2959 Iesu

2281 2989 2500 3058 Christi,
2535 2991 2626 3062 qui
2659 2998 2856 3048 vestra
2885 2991 3212 3048 sinceritatis
3242 2991 3478 3065 ﬁdeique
3507 2993 3869 3048 constantiam

582 3057 847 3156 “019mm
893 3054 1226 3156 Ῑυῗιτξωιθδζ
1265 3069 1364 3156 Per
1411 3051 1669 3156 Sev‘eTm
1693 3060 1780 3156 ,θί
1831 3051 2182 3156 D‘eSiqeriflfn
2207 3045 2254 3109 Ο
2277 3045 2574 3146 duriorem:
2605 3088 2660 3134 ut
2691 3079 2764 3135 ita
2792 3080 3108 3148 dixerimus,
3141 3045 3425 3136 adamantie
3469 3097 3602 3156 erga
3631 3081 3872 3138 ﬁdelita-

577 3145 932 3220 presbyteros
963 3143 1061 3217 [al.
1082 3143 1462 3214 presbyterum
1481 3149 1534 3198 et
1564 3141 2001 3215 Synderendum]
2017 3142 2176 3197 nobis

577 3235 716 3292 miro
745 3235 916 3290 odore
944 3232 1199 3288 bonitatis
1223 3239 1305 3288 est
1333 3232 1592 3296 revelata,
1615 3239 1843 3303 paterna
1858 3247 1958 3288 vos
1970 3231 2176 3286 adhor-

579 3324 783 3380 tatione
803 3337 1144 3390 commoneo,
1175 3321 1232 3375 in
1261 3321 1452 3392 coeptis
1483 3319 1640 3376 bonis
1671 3319 1949 3392 operibus,
1999 3320 2178 3393 gratia

582 3413 742 3480 duce,
773 3426 1154 3484 perseverare,
1188 3416 1457 3482 quatenus
1473 3410 1696 3482 c0piosa
1719 3425 1818 3465 vos
1845 3408 1988 3465 beati
2033 3409 2178 3465 Petri

583 3500 913 3576 protectoris
945 3499 1114 3556 vestri
1136 3506 1189 3554 et
1213 3507 1400 3554 nostra
1426 3506 1683 3572 protegat
1724 3497 2050 3554 benedictio.
2108 3498 2179 3554 Et

583 3591 1030 3664 quotiescunque,
1063 3587 1160 3644 ﬁlii
1191 3588 1520 3656 charissimi,
1552 3588 1623 3644 ad
1648 3603 1750 3643 nos
1779 3588 1966 3644 venire
2013 3587 2178 3660 quili-

583 3681 676 3736 bet
703 3687 944 3736 vestrum
973 3685 1067 3733 aut
1121 3677 1482 3733 transmittere
1539 3676 1792 3743 voluerit,
1833 3684 1941 3732 tota
1996 3676 2180 3733 cordis

588 3764 946 3824 exsultatione
977 3771 1030 3820 et
1060 3762 1226 3818 animi
1246 3763 1448 3836 gaudio
1479 3763 1548 3818 de
1579 3761 1780 3817 ultimis
1813 3761 2084 3818 Gallacia
2113 3761 2184 3816 ﬁ-

581 3854 764 3922 nibus,
797 3853 884 3910 cui
913 3869 1012 3909 vos
1042 3860 1242 3924 prater
1266 3867 1353 3907 me
1383 3853 1649 3908 Dominus
1678 3859 1924 3909 rectores
1971 3851 2178 3908 consti-

582 3943 696 4012 tuit,
723 3942 1118 4016 tanquamjure
1145 3939 1284 3997 ﬁlios
1317 3948 1534 3997 nostros
1583 3958 1682 3998 vos
1741 3941 2049 4014 colligimus
2082 3960 2095 3996 :
2128 3949 2181 3996 et

579 4031 825 4090 ecclesiae
843 4031 1122 4100 Ovetensi,
1158 4047 1323 4104 quam
1351 4039 1538 4088 nestro
1573 4047 1844 4088 consensu
1873 4037 1927 4086 et
1961 4031 2179 4089 assidua

581 4121 842 4196 petitione
874 4121 1344 4193 metrOpolitanam
1375 4121 1770 4189 constituimus,
1821 4137 2014 4177 omnes
2081 4136 2180 4177 vos

585 4212 832 4270 subditos
849 4227 972 4268 esse
999 4211 1342 4267 mandamus.
1375 4212 1442 4266 Et
1463 4211 1816 4268 concedimus
1845 4210 2010 4266 etiam
2039 4227 2181 4282 pra-

585 4298 744 4355 dicta
761 4296 877 4353 sedi
906 4303 964 4351 ut
995 4311 1061 4351 ea
1091 4312 1208 4368 qua
1237 4312 1400 4370 reges
1431 4313 1527 4352 seu
1574 4295 1764 4351 ﬁdeles
1809 4295 1907 4368 [al.
1956 4294 2180 4366 quilibet

585 4384 784 4458 ﬁdelis]
807 4386 952 4456 juste
969 4384 1298 4451 obtulerunt,
1315 4385 1401 4440 vel
1426 4385 1483 4439 in
1503 4384 1764 4455 futurum,
1796 4383 2030 4440 Domino
2059 4383 2177 4455 opi-

578 4475 805 4542 tulante,
843 4473 1187 4542 contulerint,
1212 4482 1333 4529 rata
1348 4471 1505 4528 ﬁrma
1533 4482 1585 4528 et
1612 4473 1938 4529 inconcussa
1954 4489 2176 4528 manere

587 4561 646 4615 in
673 4566 997 4632 perpetuum
1017 4559 1384 4630 pracipimus.
1417 4560 1528 4614 Hos
1562 4574 1776 4630 quoque
1797 4557 2001 4612 lateros
2041 4557 2184 4612 litte-

588 4665 772 4705 rarum
799 4655 1108 4704 nostrarum
1135 4663 1325 4702 omnes
1380 4648 1566 4702 hortor
1631 4655 1687 4702 ut
1731 4646 1977 4702 habeatis
2033 4661 2181 4702 com-

586 4739 892 4796 mendatos.
924 4738 1068 4793 Bene
1097 4737 1292 4794 valete.
1379 4775 1387 4782 .

1311 4843 1464 4898 XIX.

1185 4942 1210 4968 θ’
1241 4947 1314 4988 AD
1345 4947 1596 4988 EUMDEM.

1215 5021 1394 5094 (Anno
1425 5023 1572 5095 876.)

736 5113 920 5170 Monet
947 5113 1246 5168 ecclesiam
1273 5112 1462 5168 sancti
1480 5112 1668 5168 Jacobi
1696 5113 2037 5169 consecrari.

661 5221 918 5276 .IOANNES
949 5219 1256 5290 episcopus,
1295 5235 1488 5276 servus
1519 5235 1796 5276 servorum
1828 5219 1950 5288 Dei,
1982 5217 2182 5274 dilecto

592 5309 701 5368 ﬁlio
723 5313 1059 5366 ALDEFONSO
1081 5309 1322 5382 glorioso
1351 5308 1470 5380 regi
1491 5309 1892 5366 Gallaciarum.

662 5476 687 5506 ο
710 5465 826 5518 Hac
847 5463 1126 5529 etsuperior
1145 5464 1350 5528 epistola
1367 5464 1612 5516 habentur.
1630 5464 1680 5516 in
1705 5463 1908 5514 historia
1931 5459 2159 5524 Sampiti.
2185 5543 2192 5550 π

2277 3176 2387 3223 tem
2407 3169 2744 3224 invictissimi
2772 3169 3036 3241 principis
3063 3171 3250 3226 domni
3280 3171 3455 3227 Caroli
3485 3170 3739 3242 spiritalis
3775 3170 3874 3228 ﬁlii

2277 3257 2452 3313 nostri
2496 3275 2816 3330 semperque
2863 3259 3092 3333 Augusti
3161 3261 3422 3316 hactenus
3467 3276 3575 3326 non
3634 3261 3876 3318 indebite

2278 3347 2402 3404 fecit
2443 3348 2758 3420 persistere,
2811 3357 2864 3404 et
2910 3349 3094 3422 quanti
3134 3349 3330 3405 caloris
3359 3349 3413 3404 in
3443 3349 3598 3406 vobis
3634 3351 3874 3406 charitas

2277 3437 2478 3509 vigeat,
2511 3438 2654 3493 dono
2682 3437 2872 3512 gratia
2898 3437 3163 3512 largitatis
3184 3455 3296 3494 sua
3315 3438 3511 3495 clarius
3528 3439 3876 3495 demonstra-

2277 3527 2372 3592 vit,
2409 3535 2675 3598 quatenus
2703 3535 2889 3582 notam
2926 3526 3130 3584 faceret
3158 3528 3412 3604 gentibus
3450 3528 3707 3584 virtutem
3741 3529 3869 3600 glo-

2276 3615 2374 3671 ria
2411 3632 2540 3686 sua,
2559 3624 2613 3671 et
2643 3617 2856 3672 divitias
2885 3617 3141 3672 bonitatis
3162 3634 3274 3672 sua
3311 3617 3380 3672 ad
3408 3615 3710 3688 profectum
3728 3618 3871 3674 ﬁde-

2279 3703 2411 3760 lium
2441 3713 2495 3760 et
2517 3707 2584 3760 ad
2615 3706 3008 3763 correctionem
3030 3705 3330 3762 infidelium
3361 3707 3612 3762 omnibus
3651 3707 3872 3763 revela-

2279 3798 2382 3846 ret.
2403 3789 2728 3846 Ostendistis
2759 3791 2923 3859 enim,
2967 3791 3274 3848 charissimi
3313 3799 3572 3864 quantum
3621 3792 3689 3846 sit
3737 3807 3876 3866 erga

2277 3879 2430 3951 pacis
2460 3887 2514 3936 et
2543 3881 2854 3938 concordia
2881 3881 3081 3938 cultum
3119 3888 3316 3938 vestra
3346 3881 3741 3938 benevolentia
3771 3882 3876 3938 be-

2277 3968 2476 4040 nignus
2501 3969 2748 4037 alfectus,
2775 3979 2827 4026 et
2858 3971 3124 4042 implestis
3145 3987 3310 4044 opere
3341 3973 3488 4044 quod
3516 3971 3635 4043 ipse
3655 3987 3688 4026 a
3716 3971 3878 4027 vobis

2278 4059 2446 4132 exigit
2475 4059 2742 4129 Christus,
2789 4061 2977 4116 dicens
3007 4061 3062 4116 in
3101 4060 3400 4134 Evangelio
3433 4077 3446 4116 :
3483 4061 3686 4118 Omnia
3715 4077 3875 4134 qum-

2278 4165 2496 4222 cunque
2516 4151 2689 4206 vultis
2717 4154 2780 4205 ut
2814 4152 3040 4222 faciant
3061 4151 3210 4207 vobis
3227 4149 3504 4218 homines,
3529 4155 3587 4206 et
3601 4166 3693 4206 vos
3713 4152 3893 4222 facite

2276 4239 2398 4294 illis
2422 4239 2644 4310 (Matth.
2674 4239 2775 4310 vn)
2800 4258 2814 4305 ;
2844 4247 2897 4294 et
2919 4239 3212 4311 Apostolus
3233 4240 3306 4295 ait
3338 4240 3527 4296 :Fides
3544 4240 3668 4296 sine
3692 4241 3880 4312 operi-

2277 4329 2375 4384 bus
2401 4331 2626 4384 mortua
2657 4332 2742 4384 est
2779 4329 2916 4399 (Jac.
2965 4329 3047 4399 ιι).
3083 4329 3238 4386 Unde
3293 4336 3480 4385 noster
3517 4328 3876 4400 apostolatus,

2203 4413 2257 4474 D
2278 4417 2558 4473 immensa
2586 4416 2784 4473 latitia
2813 4417 3054 4488 repletus
3093 4417 3344 4489 tripudio,
3374 4417 3610 4489 primum
3655 4417 3877 4489 quidem

2282 4508 2396 4562 Deo
2425 4506 2780 4577 omnipotenti
2807 4506 3136 4562 sufﬁcientes
3165 4523 3226 4562 ac
3253 4507 3446 4562 laudes
3475 4507 3707 4573 debitas,
3743 4507 3875 4579 quia

2282 4595 2414 4650 nihil
2446 4595 2562 4650 sine
2591 4611 2656 4651 eo
2687 4595 2865 4652 facere
2882 4612 3192 4667 possumus,
3225 4597 3426 4665 retulit,
3478 4605 3531 4652 et
3573 4597 3750 4666 vobis,
3784 4596 3879 4668 qui

2285 4685 2522 4740 studiose
2551 4692 2701 4740 tanto
2731 4685 3046 4757 imperatori
3093 4685 3258 4742 ﬁdem
3300 4686 3700 4741 immaculatam
3747 4701 3874 4740 ser-

2283 4773 2449 4829 vastis
2472 4774 2820 4830 multimodas
2845 4775 3150 4848 gratiarum
3178 4775 3420 4831 actiones
3458 4791 3626 4848 agere
3667 4775 3880 4848 dignis-

2281 4880 2386 4936 que
2417 4879 2516 4918 vos
2533 4861 2730 4920 efferre
2750 4865 3004 4920 laudibus
3036 4880 3145 4920 non
3181 4864 3392 4921 omittit.
3419 4864 3719 4936 Siquidem,
3740 4864 3874 4920 dile-

2284 4951 2530 5019 ctissimi,
2555 4953 2687 5008 satis
2715 4954 2871 5010 vobis
2899 4955 3195 5025 prudenter
3241 4954 3608 5020 consuluistis,
3659 4953 3879 5025 quando

2285 5042 2424 5107 aliis,
2459 5042 2604 5114 quod
2632 5042 2825 5100 ﬂentes
2854 5043 3103 5110 dicimus,
3124 5043 3211 5100 vel
3239 5050 3434 5114 sponte
3462 5043 3549 5099 vel
3577 5043 3776 5098 callide
3813 5057 3878 5098 ac

2284 5131 2656 5188 fraudulenter
2683 5133 2943 5204 deceptis,
2977 5149 3094 5200 vos,
3127 5132 3266 5190 sicut
3283 5131 3536 5196 diximus,
3555 5129 3682 5188 ﬁdei
3699 5132 3886 5187 calore

2279 5227 2514 5290 utentes,
2565 5231 2618 5276 et
2653 5223 2826 5277 Deum
2890 5239 3006 5294 pra
3065 5221 3238 5278 oculis
3301 5221 3582 5288 habentes,
3631 5220 3884 5276 noluistis
3925 5250 3934 5255 -

2283 5308 2591 5382 iniquorum
2627 5311 2714 5366 vel
2744 5320 3092 5384 tyrannorum
3121 5310 3364 5366 fascibus
3392 5308 3612 5366 onerari
3641 5309 3728 5366 vel
3766 5325 3887 5366 ma-
