  <div class='ocr_page' id='page_1' title='image "/cluster/home/n/w/nwhite01/storage/ocr_20150623/126/umn.31951002477419r/396.png"; bbox 0 0 4174 6322; ppageno 0'>
   <div class='ocr_carea' id='block_1_1' title="bbox 341 315 446 369">
    <p class='ocr_par' dir='ltr' id='par_1_1' title="bbox 341 315 446 369">
     <span class='ocr_line' id='line_1_1' title="bbox 341 315 446 369; baseline -0.01 -1"><span class='ocrx_word' id='word_1_1' title='bbox 341 315 446 369; x_wconf 81' lang='grc'>665</span> 
     </span>
    </p>
   </div>
   <div class='ocr_carea' id='block_1_2' title="bbox 1482 307 2378 367">
    <p class='ocr_par' dir='ltr' id='par_1_2' title="bbox 1482 307 2378 367">
     <span class='ocr_line' id='line_1_2' title="bbox 1482 307 2378 367; baseline 0 0"><span class='ocrx_word' id='word_1_2' title='bbox 1482 307 1838 367; x_wconf 69' lang='lat' dir='ltr'>EPISTOLE</span> <span class='ocrx_word' id='word_1_3' title='bbox 1885 308 1975 364; x_wconf 90' lang='lat' dir='ltr'>ET</span> <span class='ocrx_word' id='word_1_4' title='bbox 2029 308 2378 367; x_wconf 80' lang='lat' dir='ltr'>DECRETA.</span> 
     </span>
    </p>
   </div>
   <div class='ocr_carea' id='block_1_3' title="bbox 3533 317 3636 372">
    <p class='ocr_par' dir='ltr' id='par_1_3' title="bbox 3533 317 3636 372">
     <span class='ocr_line' id='line_1_3' title="bbox 3533 317 3636 372; baseline 0.029 -3"><span class='ocrx_word' id='word_1_5' title='bbox 3533 317 3636 372; x_wconf 89' lang='lat'><strong>666</strong></span> 
     </span>
    </p>
   </div>
   <div class='ocr_carea' id='block_1_4' title="bbox 341 433 3638 510">
    <p class='ocr_par' dir='ltr' id='par_1_4' title="bbox 341 433 3638 510">
     <span class='ocr_line' id='line_1_4' title="bbox 341 433 3638 510; baseline 0 -17"><span class='ocrx_word' id='word_1_6' title='bbox 341 435 529 493; x_wconf 89' lang='lat' dir='ltr'>culari.</span> <span class='ocrx_word' id='word_1_7' title='bbox 597 434 740 504; x_wconf 87' lang='lat' dir='ltr'>Quin</span> <span class='ocrx_word' id='word_1_8' title='bbox 796 435 976 508; x_wconf 81' lang='lat' dir='ltr'>potius</span> <span class='ocrx_word' id='word_1_9' title='bbox 1004 435 1292 506; x_wconf 80' lang='lat' dir='ltr'>restitistis,</span> <span class='ocrx_word' id='word_1_10' title='bbox 1336 435 1697 508; x_wconf 83' lang='lat' dir='ltr'>pravitatibus</span> <span class='ocrx_word' id='word_1_11' title='bbox 1754 433 2012 496; x_wconf 80' lang='lat' dir='ltr'>eorumA</span> <span class='ocrx_word' id='word_1_12' title='bbox 2042 449 2138 489; x_wconf 89' lang='lat' dir='ltr'>sua</span> <span class='ocrx_word' id='word_1_13' title='bbox 2166 434 2346 506; x_wconf 91' lang='lat' dir='ltr'>prisco</span> <span class='ocrx_word' id='word_1_14' title='bbox 2370 436 2485 506; x_wconf 90' lang='lat' dir='ltr'>jam</span> <span class='ocrx_word' id='word_1_15' title='bbox 2513 443 2754 509; x_wconf 90' lang='lat' dir='ltr'>tempore</span> <span class='ocrx_word' id='word_1_16' title='bbox 2777 444 3078 510; x_wconf 71' lang='lat' dir='ltr'>praeoptata</span> <span class='ocrx_word' id='word_1_17' title='bbox 3106 438 3338 494; x_wconf 91' lang='lat' dir='ltr'>Domino</span> <span class='ocrx_word' id='word_1_18' title='bbox 3365 437 3483 494; x_wconf 90' lang='lat' dir='ltr'>Deo</span> <span class='ocrx_word' id='word_1_19' title='bbox 3529 454 3638 494; x_wconf 83' lang='lat' dir='ltr'>nu-</span> 
     </span>
    </p>
   </div>
   <div class='ocr_carea' id='block_1_5' title="bbox 339 523 1931 596">
    <p class='ocr_par' dir='ltr' id='par_1_5' title="bbox 339 523 1931 596">
     <span class='ocr_line' id='line_1_5' title="bbox 339 523 1931 596; baseline -0.002 -16"><span class='ocrx_word' id='word_1_20' title='bbox 339 541 450 581; x_wconf 92' lang='lat' dir='ltr'>non</span> <span class='ocrx_word' id='word_1_21' title='bbox 479 525 853 593; x_wconf 89' lang='lat' dir='ltr'>consensistis,</span> <span class='ocrx_word' id='word_1_22' title='bbox 889 533 941 580; x_wconf 91' lang='lat' dir='ltr'>et</span> <span class='ocrx_word' id='word_1_23' title='bbox 984 526 1225 596; x_wconf 88' lang='lat' dir='ltr'>peccatis</span> <span class='ocrx_word' id='word_1_24' title='bbox 1273 525 1465 581; x_wconf 91' lang='lat' dir='ltr'>alienis</span> <span class='ocrx_word' id='word_1_25' title='bbox 1507 523 1729 578; x_wconf 91' lang='lat' dir='ltr'>minime</span> <span class='ocrx_word' id='word_1_26' title='bbox 1777 539 1931 578; x_wconf 92' lang='lat' dir='ltr'>com-</span> 
     </span>
    </p>
   </div>
   <div class='ocr_carea' id='block_1_6' title="bbox 337 611 1936 670">
    <p class='ocr_par' dir='ltr' id='par_1_6' title="bbox 337 611 1936 670">
     <span class='ocr_line' id='line_1_6' title="bbox 337 611 1936 670; baseline -0.002 -1"><span class='ocrx_word' id='word_1_27' title='bbox 337 613 673 669; x_wconf 90' lang='lat' dir='ltr'>municastis.</span> <span class='ocrx_word' id='word_1_28' title='bbox 709 614 920 669; x_wconf 85' lang='lat' dir='ltr'>Idcirco</span> <span class='ocrx_word' id='word_1_29' title='bbox 950 613 1122 669; x_wconf 89' lang='lat' dir='ltr'>libere</span> <span class='ocrx_word' id='word_1_30' title='bbox 1153 614 1336 669; x_wconf 89' lang='lat' dir='ltr'>dicere</span> <span class='ocrx_word' id='word_1_31' title='bbox 1361 613 1609 670; x_wconf 85' lang='lat' dir='ltr'>valebitis</span> <span class='ocrx_word' id='word_1_32' title='bbox 1643 629 1656 667; x_wconf 87' lang='lat'><strong>:</strong></span> <span class='ocrx_word' id='word_1_33' title='bbox 1686 613 1810 667; x_wconf 90' lang='lat' dir='ltr'>Non</span> <span class='ocrx_word' id='word_1_34' title='bbox 1839 611 1936 666; x_wconf 91' lang='lat' dir='ltr'>ad-</span> 
     </span>
    </p>
   </div>
   <div class='ocr_carea' id='block_1_7' title="bbox 338 699 1935 775">
    <p class='ocr_par' dir='ltr' id='par_1_7' title="bbox 338 699 1935 775">
     <span class='ocr_line' id='line_1_7' title="bbox 338 699 1935 775; baseline -0.003 -16"><span class='ocrx_word' id='word_1_35' title='bbox 338 703 498 759; x_wconf 69' lang='lat' dir='ltr'>haesit</span> <span class='ocrx_word' id='word_1_36' title='bbox 526 703 658 757; x_wconf 89' lang='lat' dir='ltr'>mihi</span> <span class='ocrx_word' id='word_1_37' title='bbox 686 718 782 758; x_wconf 94' lang='lat' dir='ltr'>cor</span> <span class='ocrx_word' id='word_1_38' title='bbox 810 719 1055 774; x_wconf 90' lang='lat' dir='ltr'>pravum,</span> <span class='ocrx_word' id='word_1_39' title='bbox 1105 703 1360 775; x_wconf 89' lang='lat' dir='ltr'>quoniam</span> <span class='ocrx_word' id='word_1_40' title='bbox 1418 702 1564 756; x_wconf 91' lang='lat' dir='ltr'>nulla</span> <span class='ocrx_word' id='word_1_41' title='bbox 1606 717 1708 772; x_wconf 89' lang='lat' dir='ltr'>par</span> <span class='ocrx_word' id='word_1_42' title='bbox 1759 699 1935 756; x_wconf 84' lang='lat' dir='ltr'>fidelis</span> 
     </span>
    </p>
   </div>
   <div class='ocr_carea' id='block_1_8' title="bbox 338 790 1936 861">
    <p class='ocr_par' dir='ltr' id='par_1_8' title="bbox 338 790 1936 861">
     <span class='ocr_line' id='line_1_8' title="bbox 338 790 1936 861; baseline -0.003 -14"><span class='ocrx_word' id='word_1_43' title='bbox 338 809 463 848; x_wconf 91' lang='lat' dir='ltr'>cum</span> <span class='ocrx_word' id='word_1_44' title='bbox 495 790 718 857; x_wconf 88' lang='lat' dir='ltr'>infideli,</span> <span class='ocrx_word' id='word_1_45' title='bbox 755 791 954 846; x_wconf 88' lang='lat' dir='ltr'>Christi</span> <span class='ocrx_word' id='word_1_46' title='bbox 983 792 1051 845; x_wconf 89' lang='lat' dir='ltr'>ad</span> <span class='ocrx_word' id='word_1_47' title='bbox 1080 791 1266 856; x_wconf 85' lang='lat' dir='ltr'>Belial,</span> <span class='ocrx_word' id='word_1_48' title='bbox 1314 791 1535 860; x_wconf 72' lang='lat' dir='ltr'>justitize</span> <span class='ocrx_word' id='word_1_49' title='bbox 1578 791 1645 844; x_wconf 92' lang='lat' dir='ltr'>ad</span> <span class='ocrx_word' id='word_1_50' title='bbox 1686 790 1936 861; x_wconf 90' lang='lat' dir='ltr'>iniquita-</span> 
     </span>
    </p>
   </div>
   <div class='ocr_carea' id='block_1_9' title="bbox 341 878 1937 952">
    <p class='ocr_par' dir='ltr' id='par_1_9' title="bbox 341 878 1937 952">
     <span class='ocr_line' id='line_1_9' title="bbox 341 878 1937 952; baseline -0.001 -18"><span class='ocrx_word' id='word_1_51' title='bbox 341 888 471 947; x_wconf 90' lang='lat' dir='ltr'>tem,</span> <span class='ocrx_word' id='word_1_52' title='bbox 504 880 593 935; x_wconf 89' lang='lat' dir='ltr'>vel</span> <span class='ocrx_word' id='word_1_53' title='bbox 623 879 761 935; x_wconf 90' lang='lat' dir='ltr'>lucis</span> <span class='ocrx_word' id='word_1_54' title='bbox 793 881 864 934; x_wconf 91' lang='lat' dir='ltr'>ad</span> <span class='ocrx_word' id='word_1_55' title='bbox 894 880 1162 935; x_wconf 88' lang='lat' dir='ltr'>tenebras.</span> <span class='ocrx_word' id='word_1_56' title='bbox 1195 881 1366 952; x_wconf 92' lang='lat' dir='ltr'>Ergo,</span> <span class='ocrx_word' id='word_1_57' title='bbox 1401 879 1526 952; x_wconf 88' lang='lat' dir='ltr'>quia</span> <span class='ocrx_word' id='word_1_58' title='bbox 1555 878 1624 932; x_wconf 91' lang='lat' dir='ltr'>ita</span> <span class='ocrx_word' id='word_1_59' title='bbox 1652 886 1750 948; x_wconf 88' lang='lat' dir='ltr'>est,</span> <span class='ocrx_word' id='word_1_60' title='bbox 1802 885 1937 932; x_wconf 87' lang='lat' dir='ltr'>state</span> 
     </span>
    </p>
   </div>
   <div class='ocr_carea' id='block_1_10' title="bbox 338 967 1938 1041">
    <p class='ocr_par' dir='ltr' id='par_1_10' title="bbox 338 967 1938 1041">
     <span class='ocr_line' id='line_1_10' title="bbox 338 967 1938 1041; baseline -0.001 -18"><span class='ocrx_word' id='word_1_61' title='bbox 338 969 396 1023; x_wconf 92' lang='lat' dir='ltr'>in</span> <span class='ocrx_word' id='word_1_62' title='bbox 425 968 549 1034; x_wconf 86' lang='lat' dir='ltr'>fide,</span> <span class='ocrx_word' id='word_1_63' title='bbox 585 976 637 1023; x_wconf 91' lang='lat' dir='ltr'>et</span> <span class='ocrx_word' id='word_1_64' title='bbox 664 967 892 1023; x_wconf 89' lang='lat' dir='ltr'>viriliter</span> <span class='ocrx_word' id='word_1_65' title='bbox 913 969 1075 1041; x_wconf 81' lang='lat' dir='ltr'>agite,</span> <span class='ocrx_word' id='word_1_66' title='bbox 1127 968 1437 1040; x_wconf 90' lang='lat' dir='ltr'>seniorique</span> <span class='ocrx_word' id='word_1_67' title='bbox 1486 975 1669 1023; x_wconf 89' lang='lat' dir='ltr'>vestro</span> <span class='ocrx_word' id='word_1_68' title='bbox 1717 967 1938 1022; x_wconf 91' lang='lat' dir='ltr'>domino</span> 
     </span>
    </p>
   </div>
   <div class='ocr_carea' id='block_1_11' title="bbox 336 1055 1938 1128">
    <p class='ocr_par' dir='ltr' id='par_1_11' title="bbox 336 1055 1938 1128">
     <span class='ocr_line' id='line_1_11' title="bbox 336 1055 1938 1128; baseline -0.001 -16"><span class='ocrx_word' id='word_1_69' title='bbox 336 1057 650 1128; x_wconf 85' lang='lat' dir='ltr'>imperatori</span> <span class='ocrx_word' id='word_1_70' title='bbox 682 1056 845 1111; x_wconf 89' lang='lat' dir='ltr'>fidem</span> <span class='ocrx_word' id='word_1_71' title='bbox 877 1057 1184 1128; x_wconf 89' lang='lat' dir='ltr'>specialiter</span> <span class='ocrx_word' id='word_1_72' title='bbox 1232 1056 1638 1128; x_wconf 88' lang='lat' dir='ltr'>repromissam,</span> <span class='ocrx_word' id='word_1_73' title='bbox 1666 1055 1801 1111; x_wconf 82' lang='lat' dir='ltr'>sicut</span> <span class='ocrx_word' id='word_1_74' title='bbox 1822 1071 1938 1110; x_wconf 75' lang='lat' dir='ltr'>c03-</span> 
     </span>
    </p>
   </div>
   <div class='ocr_carea' id='block_1_12' title="bbox 338 1144 1940 1217">
    <p class='ocr_par' dir='ltr' id='par_1_12' title="bbox 338 1144 1940 1217">
     <span class='ocr_line' id='line_1_12' title="bbox 338 1144 1940 1217; baseline -0.001 -17"><span class='ocrx_word' id='word_1_75' title='bbox 338 1145 516 1217; x_wconf 88' lang='lat' dir='ltr'>pistis,</span> <span class='ocrx_word' id='word_1_76' title='bbox 551 1146 927 1201; x_wconf 87' lang='lat' dir='ltr'>inconvulsam</span> <span class='ocrx_word' id='word_1_77' title='bbox 957 1155 1192 1213; x_wconf 88' lang='lat' dir='ltr'>servate,</span> <span class='ocrx_word' id='word_1_78' title='bbox 1226 1154 1278 1200; x_wconf 92' lang='lat' dir='ltr'>et</span> <span class='ocrx_word' id='word_1_79' title='bbox 1317 1148 1371 1199; x_wconf 94' lang='lat' dir='ltr'>in</span> <span class='ocrx_word' id='word_1_80' title='bbox 1419 1145 1613 1200; x_wconf 91' lang='lat' dir='ltr'>melius</span> <span class='ocrx_word' id='word_1_81' title='bbox 1651 1144 1940 1200; x_wconf 86' lang='lat' dir='ltr'>confortati</span> 
     </span>
    </p>
   </div>
   <div class='ocr_carea' id='block_1_13' title="bbox 344 1233 1941 1305">
    <p class='ocr_par' dir='ltr' id='par_1_13' title="bbox 344 1233 1941 1305">
     <span class='ocr_line' id='line_1_13' title="bbox 344 1233 1941 1305; baseline -0.001 -17"><span class='ocrx_word' id='word_1_82' title='bbox 344 1234 588 1303; x_wconf 89' lang='lat' dir='ltr'>ejusdem</span> <span class='ocrx_word' id='word_1_83' title='bbox 611 1235 806 1290; x_wconf 90' lang='lat' dir='ltr'>honori</span> <span class='ocrx_word' id='word_1_84' title='bbox 837 1251 934 1289; x_wconf 89' lang='lat' dir='ltr'>seu</span> <span class='ocrx_word' id='word_1_85' title='bbox 963 1234 1226 1305; x_wconf 88' lang='lat' dir='ltr'>profectui</span> <span class='ocrx_word' id='word_1_86' title='bbox 1253 1233 1574 1304; x_wconf 89' lang='lat' dir='ltr'>providete;</span> <span class='ocrx_word' id='word_1_87' title='bbox 1608 1248 1674 1289; x_wconf 90' lang='lat' dir='ltr'>ac</span> <span class='ocrx_word' id='word_1_88' title='bbox 1723 1249 1792 1287; x_wconf 90' lang='lat' dir='ltr'>ne</span> <span class='ocrx_word' id='word_1_89' title='bbox 1843 1248 1941 1303; x_wconf 92' lang='lat' dir='ltr'>pro</span> 
     </span>
    </p>
   </div>
   <div class='ocr_carea' id='block_1_14' title="bbox 344 1321 1939 1394">
    <p class='ocr_par' dir='ltr' id='par_1_14' title="bbox 344 1321 1939 1394">
     <span class='ocr_line' id='line_1_14' title="bbox 344 1321 1939 1394; baseline -0.003 -16"><span class='ocrx_word' id='word_1_90' title='bbox 344 1323 736 1394; x_wconf 87' lang='lat' dir='ltr'>temporalibus</span> <span class='ocrx_word' id='word_1_91' title='bbox 797 1332 1022 1393; x_wconf 71' lang='lat' dir='ltr'>mterna,</span> <span class='ocrx_word' id='word_1_92' title='bbox 1092 1339 1194 1394; x_wconf 93' lang='lat' dir='ltr'>pro</span> <span class='ocrx_word' id='word_1_93' title='bbox 1255 1323 1620 1393; x_wconf 87' lang='lat' dir='ltr'>corporalibus</span> <span class='ocrx_word' id='word_1_94' title='bbox 1660 1321 1939 1392; x_wconf 90' lang='lat' dir='ltr'>spiritalia,</span> 
     </span>
    </p>
   </div>
   <div class='ocr_carea' id='block_1_15' title="bbox 345 1411 1944 1484">
    <p class='ocr_par' dir='ltr' id='par_1_15' title="bbox 345 1411 1944 1484">
     <span class='ocr_line' id='line_1_15' title="bbox 345 1411 1944 1484; baseline -0.002 -17"><span class='ocrx_word' id='word_1_95' title='bbox 345 1429 444 1484; x_wconf 91' lang='lat' dir='ltr'>pro</span> <span class='ocrx_word' id='word_1_96' title='bbox 474 1413 706 1467; x_wconf 88' lang='lat' dir='ltr'>terrenis</span> <span class='ocrx_word' id='word_1_97' title='bbox 736 1412 981 1468; x_wconf 67' lang='lat' dir='ltr'>caelestia</span> <span class='ocrx_word' id='word_1_98' title='bbox 1025 1413 1225 1483; x_wconf 89' lang='lat' dir='ltr'>gaudia</span> <span class='ocrx_word' id='word_1_99' title='bbox 1273 1411 1546 1478; x_wconf 87' lang='lat' dir='ltr'>amittatis,</span> <span class='ocrx_word' id='word_1_100' title='bbox 1593 1425 1944 1481; x_wconf 91' lang='lat' dir='ltr'>summopore</span> 
     </span>
    </p>
   </div>
   <div class='ocr_carea' id='block_1_16' title="bbox 347 1498 1942 1572">
    <p class='ocr_par' dir='ltr' id='par_1_16' title="bbox 347 1498 1942 1572">
     <span class='ocr_line' id='line_1_16' title="bbox 347 1498 1942 1572; baseline -0.004 -16"><span class='ocrx_word' id='word_1_101' title='bbox 347 1502 636 1571; x_wconf 90' lang='lat' dir='ltr'>decertate,</span> <span class='ocrx_word' id='word_1_102' title='bbox 679 1501 915 1557; x_wconf 89' lang='lat' dir='ltr'>scientes</span> <span class='ocrx_word' id='word_1_103' title='bbox 965 1500 1090 1572; x_wconf 90' lang='lat' dir='ltr'>quia</span> <span class='ocrx_word' id='word_1_104' title='bbox 1136 1501 1427 1570; x_wconf 86' lang='lat' dir='ltr'>adjuvante</span> <span class='ocrx_word' id='word_1_105' title='bbox 1475 1500 1568 1555; x_wconf 94' lang='lat' dir='ltr'>illo</span> <span class='ocrx_word' id='word_1_106' title='bbox 1617 1499 1708 1571; x_wconf 91' lang='lat' dir='ltr'>qui</span> <span class='ocrx_word' id='word_1_107' title='bbox 1763 1498 1942 1554; x_wconf 91' lang='lat' dir='ltr'>dicit:</span> 
     </span>
    </p>
   </div>
   <div class='ocr_carea' id='block_1_17' title="bbox 353 1588 1947 1663">
    <p class='ocr_par' dir='ltr' id='par_1_17' title="bbox 353 1588 1947 1663">
     <span class='ocr_line' id='line_1_17' title="bbox 353 1588 1947 1663; baseline -0.003 -17"><span class='ocrx_word' id='word_1_108' title='bbox 353 1591 456 1659; x_wconf 86' lang='lat' dir='ltr'>Qui</span> <span class='ocrx_word' id='word_1_109' title='bbox 502 1591 951 1663; x_wconf 78' lang='lat' dir='ltr'>perseveraverit</span> <span class='ocrx_word' id='word_1_110' title='bbox 976 1607 1148 1662; x_wconf 88' lang='lat' dir='ltr'>usque</span> <span class='ocrx_word' id='word_1_111' title='bbox 1179 1591 1242 1644; x_wconf 87' lang='lat' dir='ltr'>in</span> <span class='ocrx_word' id='word_1_112' title='bbox 1271 1590 1465 1659; x_wconf 80' lang='lat' dir='ltr'>ﬁnem,</span> <span class='ocrx_word' id='word_1_113' title='bbox 1493 1590 1582 1644; x_wconf 88' lang='lat' dir='ltr'>hic</span> <span class='ocrx_word' id='word_1_114' title='bbox 1612 1590 1801 1644; x_wconf 85' lang='lat' dir='ltr'>salvus</span> <span class='ocrx_word' id='word_1_115' title='bbox 1835 1588 1947 1642; x_wconf 86' lang='lat' dir='ltr'>erit</span> 
     </span>
    </p>
   </div>
   <div class='ocr_carea' id='block_1_18' title="bbox 353 1677 1949 1750">
    <p class='ocr_par' dir='ltr' id='par_1_18' title="bbox 353 1677 1949 1750">
     <span class='ocr_line' id='line_1_18' title="bbox 353 1677 1949 1750; baseline -0.003 -16"><span class='ocrx_word' id='word_1_116' title='bbox 353 1679 572 1749; x_wconf 83' lang='lat' dir='ltr'>(Matth.</span> <span class='ocrx_word' id='word_1_117' title='bbox 605 1679 689 1749; x_wconf 85' lang='lat' dir='ltr'>x),</span> <span class='ocrx_word' id='word_1_118' title='bbox 723 1686 776 1733; x_wconf 94' lang='lat' dir='ltr'>et</span> <span class='ocrx_word' id='word_1_119' title='bbox 803 1695 968 1750; x_wconf 89' lang='lat' dir='ltr'>posse</span> <span class='ocrx_word' id='word_1_120' title='bbox 997 1678 1153 1733; x_wconf 89' lang='lat' dir='ltr'>vobis</span> <span class='ocrx_word' id='word_1_121' title='bbox 1183 1678 1394 1733; x_wconf 81' lang='lat' dir='ltr'>caelitus</span> <span class='ocrx_word' id='word_1_122' title='bbox 1424 1677 1660 1743; x_wconf 88' lang='lat' dir='ltr'>dabitur,</span> <span class='ocrx_word' id='word_1_123' title='bbox 1683 1685 1734 1732; x_wconf 92' lang='lat' dir='ltr'>et</span> <span class='ocrx_word' id='word_1_124' title='bbox 1755 1691 1949 1748; x_wconf 91' lang='lat' dir='ltr'>perse-</span> 
     </span>
    </p>
   </div>
   <div class='ocr_carea' id='block_1_19' title="bbox 2035 522 3640 599">
    <p class='ocr_par' dir='ltr' id='par_1_19' title="bbox 2035 522 3640 599">
     <span class='ocr_line' id='line_1_19' title="bbox 2035 522 3640 599; baseline 0.002 -21"><span class='ocrx_word' id='word_1_125' title='bbox 2035 522 2236 579; x_wconf 90' lang='lat' dir='ltr'>militer</span> <span class='ocrx_word' id='word_1_126' title='bbox 2266 525 2598 592; x_wconf 88' lang='lat' dir='ltr'>exsolvente,</span> <span class='ocrx_word' id='word_1_127' title='bbox 2633 526 3039 599; x_wconf 88' lang='lat' dir='ltr'>Augustaleque</span> <span class='ocrx_word' id='word_1_128' title='bbox 3069 527 3341 595; x_wconf 84' lang='lat' dir='ltr'>diadema,</span> <span class='ocrx_word' id='word_1_129' title='bbox 3363 527 3466 583; x_wconf 88' lang='lat' dir='ltr'>sibi</span> <span class='ocrx_word' id='word_1_130' title='bbox 3494 527 3640 583; x_wconf 84' lang='lat' dir='ltr'>divi-</span> 
     </span>
    </p>
   </div>
   <div class='ocr_carea' id='block_1_20' title="bbox 2035 599 3646 694">
    <p class='ocr_par' dir='ltr' id='par_1_20' title="bbox 2035 599 3646 694">
     <span class='ocr_line' id='line_1_20' title="bbox 2035 599 3646 694; baseline 0.004 -28"><span class='ocrx_word' id='word_1_131' title='bbox 2035 611 2181 667; x_wconf 89' lang='lat' dir='ltr'>nitus</span> <span class='ocrx_word' id='word_1_132' title='bbox 2232 613 2347 694; x_wconf 84' lang='lat' dir='ltr'>sine</span> <span class='ocrx_word' id='word_1_133' title='bbox 2396 614 2559 669; x_wconf 93' lang='lat' dir='ltr'>dubio</span> <span class='ocrx_word' id='word_1_134' title='bbox 2608 615 2881 681; x_wconf 90' lang='lat' dir='ltr'>collatum,</span> <span class='ocrx_word' id='word_1_135' title='bbox 2933 631 3030 686; x_wconf 90' lang='lat' dir='ltr'>per</span> <span class='ocrx_word' id='word_1_136' title='bbox 3073 616 3388 671; x_wconf 90' lang='lat' dir='ltr'>humilitatis</span> <span class='ocrx_word' id='word_1_137' title='bbox 3434 599 3646 673; x_wconf 26' lang='lat' dir='ltr'>nostra).</span> 
     </span>
    </p>
   </div>
   <div class='ocr_carea' id='block_1_21' title="bbox 2036 701 3636 775">
    <p class='ocr_par' dir='ltr' id='par_1_21' title="bbox 2036 701 3636 775">
     <span class='ocr_line' id='line_1_21' title="bbox 2036 701 3636 775; baseline 0.003 -19"><span class='ocrx_word' id='word_1_138' title='bbox 2036 701 2398 757; x_wconf 88' lang='lat' dir='ltr'>ministerium</span> <span class='ocrx_word' id='word_1_139' title='bbox 2427 702 2746 775; x_wconf 87' lang='lat' dir='ltr'>accipiente,</span> <span class='ocrx_word' id='word_1_140' title='bbox 2781 703 2933 758; x_wconf 89' lang='lat' dir='ltr'>fratri</span> <span class='ocrx_word' id='word_1_141' title='bbox 2971 705 3106 773; x_wconf 90' lang='lat' dir='ltr'>ejus,</span> <span class='ocrx_word' id='word_1_142' title='bbox 3157 705 3428 762; x_wconf 89' lang='lat' dir='ltr'>Ludovico</span> <span class='ocrx_word' id='word_1_143' title='bbox 3484 704 3636 762; x_wconf 86' lang='lat' dir='ltr'>scili-</span> 
     </span>
    </p>
   </div>
   <div class='ocr_carea' id='block_1_22' title="bbox 2039 790 3638 864">
    <p class='ocr_par' dir='ltr' id='par_1_22' title="bbox 2039 790 3638 864">
     <span class='ocr_line' id='line_1_22' title="bbox 2039 790 3638 864; baseline 0.004 -21"><span class='ocrx_word' id='word_1_144' title='bbox 2039 797 2124 844; x_wconf 92' lang='lat' dir='ltr'>cet</span> <span class='ocrx_word' id='word_1_145' title='bbox 2151 790 2291 863; x_wconf 87' lang='lat' dir='ltr'>regi,</span> <span class='ocrx_word' id='word_1_146' title='bbox 2327 791 2374 845; x_wconf 93' lang='lat' dir='ltr'>si</span> <span class='ocrx_word' id='word_1_147' title='bbox 2401 799 2582 847; x_wconf 91' lang='lat' dir='ltr'>tamen</span> <span class='ocrx_word' id='word_1_148' title='bbox 2611 808 2715 848; x_wconf 91' lang='lat' dir='ltr'>rex</span> <span class='ocrx_word' id='word_1_149' title='bbox 2738 793 2863 862; x_wconf 87' lang='lat' dir='ltr'>jure</span> <span class='ocrx_word' id='word_1_150' title='bbox 2902 792 3011 848; x_wconf 90' lang='lat' dir='ltr'>dici</span> <span class='ocrx_word' id='word_1_151' title='bbox 3041 793 3257 860; x_wconf 88' lang='lat' dir='ltr'>debeat,</span> <span class='ocrx_word' id='word_1_152' title='bbox 3303 793 3396 864; x_wconf 88' lang='lat' dir='ltr'>qui</span> <span class='ocrx_word' id='word_1_153' title='bbox 3441 793 3638 849; x_wconf 90' lang='lat' dir='ltr'>mentis</span> 
     </span>
    </p>
   </div>
   <div class='ocr_carea' id='block_1_23' title="bbox 2039 879 3638 952">
    <p class='ocr_par' dir='ltr' id='par_1_23' title="bbox 2039 879 3638 952">
     <span class='ocr_line' id='line_1_23' title="bbox 2039 879 3638 952; baseline 0.002 -18"><span class='ocrx_word' id='word_1_154' title='bbox 2039 894 2150 934; x_wconf 67' lang='lat' dir='ltr'>suae</span> <span class='ocrx_word' id='word_1_155' title='bbox 2199 887 2377 934; x_wconf 91' lang='lat' dir='ltr'>motus</span> <span class='ocrx_word' id='word_1_156' title='bbox 2423 879 2480 934; x_wconf 89' lang='lat' dir='ltr'>in</span> <span class='ocrx_word' id='word_1_157' title='bbox 2527 881 2818 951; x_wconf 89' lang='lat' dir='ltr'>abruptum</span> <span class='ocrx_word' id='word_1_158' title='bbox 2863 880 3154 952; x_wconf 88' lang='lat' dir='ltr'>impietatis</span> <span class='ocrx_word' id='word_1_159' title='bbox 3215 881 3470 937; x_wconf 89' lang='lat' dir='ltr'>cadentes</span> <span class='ocrx_word' id='word_1_160' title='bbox 3527 896 3638 938; x_wconf 90' lang='lat' dir='ltr'>non</span> 
     </span>
    </p>
   </div>
   <div class='ocr_carea' id='block_1_24' title="bbox 2040 967 3640 1041">
    <p class='ocr_par' dir='ltr' id='par_1_24' title="bbox 2040 967 3640 1041">
     <span class='ocr_line' id='line_1_24' title="bbox 2040 967 3640 1041; baseline 0.003 -21"><span class='ocrx_word' id='word_1_161' title='bbox 2040 967 2195 1033; x_wconf 88' lang='lat' dir='ltr'>rexit,</span> <span class='ocrx_word' id='word_1_162' title='bbox 2254 967 2308 1023; x_wconf 92' lang='lat' dir='ltr'>in</span> <span class='ocrx_word' id='word_1_163' title='bbox 2367 985 2594 1041; x_wconf 84' lang='lat' dir='ltr'>regnum</span> <span class='ocrx_word' id='word_1_164' title='bbox 2647 969 2838 1040; x_wconf 86' lang='lat' dir='ltr'>ipsius,</span> <span class='ocrx_word' id='word_1_165' title='bbox 2900 969 3129 1025; x_wconf 90' lang='lat' dir='ltr'>collecta</span> <span class='ocrx_word' id='word_1_166' title='bbox 3183 969 3369 1041; x_wconf 84' lang='lat' dir='ltr'>populi</span> <span class='ocrx_word' id='word_1_167' title='bbox 3423 969 3640 1025; x_wconf 88' lang='lat' dir='ltr'>nefandi</span> 
     </span>
    </p>
   </div>
   <div class='ocr_carea' id='block_1_25' title="bbox 2039 1056 3644 1130">
    <p class='ocr_par' dir='ltr' id='par_1_25' title="bbox 2039 1056 3644 1130">
     <span class='ocr_line' id='line_1_25' title="bbox 2039 1056 3644 1130; baseline 0.002 -20"><span class='ocrx_word' id='word_1_168' title='bbox 2039 1056 2395 1123; x_wconf 88' lang='lat' dir='ltr'>multitudine,</span> <span class='ocrx_word' id='word_1_169' title='bbox 2428 1057 2664 1128; x_wconf 88' lang='lat' dir='ltr'>intranti,</span> <span class='ocrx_word' id='word_1_170' title='bbox 2697 1065 2749 1113; x_wconf 92' lang='lat' dir='ltr'>et</span> <span class='ocrx_word' id='word_1_171' title='bbox 2776 1074 3117 1130; x_wconf 84' lang='lat' dir='ltr'>paganorum</span> <span class='ocrx_word' id='word_1_172' title='bbox 3137 1075 3289 1115; x_wconf 89' lang='lat' dir='ltr'>more</span> <span class='ocrx_word' id='word_1_173' title='bbox 3341 1057 3644 1115; x_wconf 88' lang='lat' dir='ltr'>Ecclesiam</span> 
     </span>
    </p>
   </div>
   <div class='ocr_carea' id='block_1_26' title="bbox 2041 1145 3639 1218">
    <p class='ocr_par' dir='ltr' id='par_1_26' title="bbox 2041 1145 3639 1218">
     <span class='ocr_line' id='line_1_26' title="bbox 2041 1145 3639 1218; baseline 0.002 -19"><span class='ocrx_word' id='word_1_174' title='bbox 2041 1145 2162 1212; x_wconf 90' lang='lat' dir='ltr'>Dei,</span> <span class='ocrx_word' id='word_1_175' title='bbox 2195 1145 2457 1216; x_wconf 87' lang='lat' dir='ltr'>populum</span> <span class='ocrx_word' id='word_1_176' title='bbox 2485 1146 2739 1202; x_wconf 90' lang='lat' dir='ltr'>videlicet</span> <span class='ocrx_word' id='word_1_177' title='bbox 2769 1147 3010 1218; x_wconf 89' lang='lat' dir='ltr'>pretioso</span> <span class='ocrx_word' id='word_1_178' title='bbox 3045 1147 3244 1203; x_wconf 89' lang='lat' dir='ltr'>Christi</span> <span class='ocrx_word' id='word_1_179' title='bbox 3320 1163 3518 1203; x_wconf 88' lang='lat' dir='ltr'>cruore</span> <span class='ocrx_word' id='word_1_180' title='bbox 3547 1162 3639 1202; x_wconf 87' lang='lat' dir='ltr'>re-</span> 
     </span>
    </p>
   </div>
   <div class='ocr_carea' id='block_1_27' title="bbox 2043 1234 3642 1306">
    <p class='ocr_par' dir='ltr' id='par_1_27' title="bbox 2043 1234 3642 1306">
     <span class='ocr_line' id='line_1_27' title="bbox 2043 1234 3642 1306; baseline 0.003 -18"><span class='ocrx_word' id='word_1_181' title='bbox 2043 1234 2340 1305; x_wconf 89' lang='lat' dir='ltr'>demptum,</span> <span class='ocrx_word' id='word_1_182' title='bbox 2373 1234 2429 1288; x_wconf 91' lang='lat' dir='ltr'>in</span> <span class='ocrx_word' id='word_1_183' title='bbox 2458 1250 2591 1306; x_wconf 89' lang='lat' dir='ltr'>pace</span> <span class='ocrx_word' id='word_1_184' title='bbox 2621 1236 2856 1306; x_wconf 89' lang='lat' dir='ltr'>positum</span> <span class='ocrx_word' id='word_1_185' title='bbox 2884 1236 3251 1305; x_wconf 88' lang='lat' dir='ltr'>conturbanti,</span> <span class='ocrx_word' id='word_1_186' title='bbox 3287 1236 3492 1292; x_wconf 87' lang='lat' dir='ltr'>relictis</span> <span class='ocrx_word' id='word_1_187' title='bbox 3541 1251 3642 1292; x_wconf 87' lang='lat' dir='ltr'>ve-</span> 
     </span>
    </p>
   </div>
   <div class='ocr_carea' id='block_1_28' title="bbox 2044 1322 3644 1397">
    <p class='ocr_par' dir='ltr' id='par_1_28' title="bbox 2044 1322 3644 1397">
     <span class='ocr_line' id='line_1_28' title="bbox 2044 1322 3644 1397; baseline 0.003 -21"><span class='ocrx_word' id='word_1_188' title='bbox 2044 1322 2168 1376; x_wconf 90' lang='lat' dir='ltr'>stris</span> <span class='ocrx_word' id='word_1_189' title='bbox 2195 1322 2509 1378; x_wconf 88' lang='lat' dir='ltr'>concivibus</span> <span class='ocrx_word' id='word_1_190' title='bbox 2539 1331 2700 1396; x_wconf 90' lang='lat' dir='ltr'>atque</span> <span class='ocrx_word' id='word_1_191' title='bbox 2732 1323 3030 1392; x_wconf 85' lang='lat' dir='ltr'>sodalibus,</span> <span class='ocrx_word' id='word_1_192' title='bbox 3067 1325 3157 1397; x_wconf 89' lang='lat' dir='ltr'>qui</span> <span class='ocrx_word' id='word_1_193' title='bbox 3186 1325 3304 1380; x_wconf 93' lang='lat' dir='ltr'>Deo</span> <span class='ocrx_word' id='word_1_194' title='bbox 3335 1333 3389 1381; x_wconf 92' lang='lat' dir='ltr'>et</span> <span class='ocrx_word' id='word_1_195' title='bbox 3437 1323 3644 1380; x_wconf 87' lang='lat' dir='ltr'>seniori</span> 
     </span>
    </p>
   </div>
   <div class='ocr_carea' id='block_1_29' title="bbox 2045 1409 3642 1483">
    <p class='ocr_par' dir='ltr' id='par_1_29' title="bbox 2045 1409 3642 1483">
     <span class='ocr_line' id='line_1_29' title="bbox 2045 1409 3642 1483; baseline 0.003 -18"><span class='ocrx_word' id='word_1_196' title='bbox 2045 1426 2144 1466; x_wconf 92' lang='lat' dir='ltr'>suo</span> <span class='ocrx_word' id='word_1_197' title='bbox 2173 1409 2364 1467; x_wconf 89' lang='lat' dir='ltr'>fideles</span> <span class='ocrx_word' id='word_1_198' title='bbox 2390 1413 2582 1483; x_wconf 89' lang='lat' dir='ltr'>procul</span> <span class='ocrx_word' id='word_1_199' title='bbox 2613 1413 2778 1468; x_wconf 92' lang='lat' dir='ltr'>dubio</span> <span class='ocrx_word' id='word_1_200' title='bbox 2809 1429 2933 1469; x_wconf 91' lang='lat' dir='ltr'>esse</span> <span class='ocrx_word' id='word_1_201' title='bbox 2961 1412 3231 1481; x_wconf 89' lang='lat' dir='ltr'>videntur,</span> <span class='ocrx_word' id='word_1_202' title='bbox 3263 1415 3497 1480; x_wconf 77' lang='lat' dir='ltr'>haerere,</span> <span class='ocrx_word' id='word_1_203' title='bbox 3552 1421 3642 1469; x_wconf 87' lang='lat' dir='ltr'>at-</span> 
     </span>
    </p>
   </div>
   <div class='ocr_carea' id='block_1_30' title="bbox 2019 1502 3644 1574">
    <p class='ocr_par' dir='ltr' id='par_1_30' title="bbox 2019 1502 3644 1574">
     <span class='ocr_line' id='line_1_30' title="bbox 2019 1502 3644 1574; baseline 0.005 -25"><span class='ocrx_word' id='word_1_204' title='bbox 2019 1545 2022 1549; x_wconf 93' lang='lat'>.</span> <span class='ocrx_word' id='word_1_205' title='bbox 2047 1516 2152 1571; x_wconf 92' lang='lat' dir='ltr'>que</span> <span class='ocrx_word' id='word_1_206' title='bbox 2181 1515 2303 1555; x_wconf 89' lang='lat' dir='ltr'>cum</span> <span class='ocrx_word' id='word_1_207' title='bbox 2333 1515 2399 1556; x_wconf 87' lang='lat' dir='ltr'>eo</span> <span class='ocrx_word' id='word_1_208' title='bbox 2427 1502 2690 1558; x_wconf 92' lang='lat' dir='ltr'>adversus</span> <span class='ocrx_word' id='word_1_209' title='bbox 2719 1502 3030 1570; x_wconf 89' lang='lat' dir='ltr'>Dominum,</span> <span class='ocrx_word' id='word_1_210' title='bbox 3062 1510 3283 1573; x_wconf 82' lang='lat' dir='ltr'>gentem</span> <span class='ocrx_word' id='word_1_211' title='bbox 3315 1510 3367 1558; x_wconf 91' lang='lat' dir='ltr'>et</span> <span class='ocrx_word' id='word_1_212' title='bbox 3380 1502 3644 1574; x_wconf 88' lang='lat' dir='ltr'>populum</span> 
     </span>
    </p>
   </div>
   <div class='ocr_carea' id='block_1_31' title="bbox 2053 1588 3642 1663">
    <p class='ocr_par' dir='ltr' id='par_1_31' title="bbox 2053 1588 3642 1663">
     <span class='ocr_line' id='line_1_31' title="bbox 2053 1588 3642 1663; baseline 0.001 -19"><span class='ocrx_word' id='word_1_213' title='bbox 2053 1596 2306 1655; x_wconf 66' lang='lat' dir='ltr'>vestrum,</span> <span class='ocrx_word' id='word_1_214' title='bbox 2342 1589 2411 1644; x_wconf 86' lang='lat' dir='ltr'>ad</span> <span class='ocrx_word' id='word_1_215' title='bbox 2441 1597 2582 1645; x_wconf 89' lang='lat' dir='ltr'>statu</span> <span class='ocrx_word' id='word_1_216' title='bbox 2621 1597 2818 1646; x_wconf 84' lang='lat' dir='ltr'>vestrae</span> <span class='ocrx_word' id='word_1_217' title='bbox 2865 1588 3140 1647; x_wconf 88' lang='lat' dir='ltr'>ﬁdelitatis</span> <span class='ocrx_word' id='word_1_218' title='bbox 3179 1599 3232 1647; x_wconf 90' lang='lat' dir='ltr'>et</span> <span class='ocrx_word' id='word_1_219' title='bbox 3276 1591 3642 1663; x_wconf 88' lang='lat' dir='ltr'>promissione</span> 
     </span>
    </p>
   </div>
   <div class='ocr_carea' id='block_1_32' title="bbox 2047 1676 3645 1747">
    <p class='ocr_par' dir='ltr' id='par_1_32' title="bbox 2047 1676 3645 1747">
     <span class='ocr_line' id='line_1_32' title="bbox 2047 1676 3645 1747; baseline 0.003 -17"><span class='ocrx_word' id='word_1_220' title='bbox 2047 1676 2350 1733; x_wconf 88' lang='lat' dir='ltr'>divinorum</span> <span class='ocrx_word' id='word_1_221' title='bbox 2395 1687 2876 1747; x_wconf 87' lang='lat' dir='ltr'>sacramentorum,</span> <span class='ocrx_word' id='word_1_222' title='bbox 2927 1687 3119 1735; x_wconf 87' lang='lat' dir='ltr'>contra</span> <span class='ocrx_word' id='word_1_223' title='bbox 3165 1680 3310 1736; x_wconf 88' lang='lat' dir='ltr'>sacri</span> <span class='ocrx_word' id='word_1_224' title='bbox 3357 1679 3645 1735; x_wconf 89' lang='lat' dir='ltr'>ministerii</span> 
     </span>
    </p>
   </div>
   <div class='ocr_carea' id='block_1_33' title="bbox 349 1764 3644 1852">
    <p class='ocr_par' dir='ltr' id='par_1_33' title="bbox 349 1764 3644 1852">
     <span class='ocr_line' id='line_1_33' title="bbox 349 1764 3644 1852; baseline 0 -29"><span class='ocrx_word' id='word_1_225' title='bbox 349 1767 592 1823; x_wconf 89' lang='lat' dir='ltr'>verantia</span> <span class='ocrx_word' id='word_1_226' title='bbox 621 1767 886 1822; x_wconf 90' lang='lat' dir='ltr'>tribuetur</span> <span class='ocrx_word' id='word_1_227' title='bbox 919 1786 932 1821; x_wconf 92' lang='lat'><strong>:</strong></span> <span class='ocrx_word' id='word_1_228' title='bbox 978 1783 1189 1839; x_wconf 90' lang='lat' dir='ltr'>opeque</span> <span class='ocrx_word' id='word_1_229' title='bbox 1234 1783 1461 1821; x_wconf 78' lang='lat' dir='ltr'>summae</span> <span class='ocrx_word' id='word_1_230' title='bbox 1507 1764 1800 1820; x_wconf 89' lang='lat' dir='ltr'>divinitatis</span> <span class='ocrx_word' id='word_1_231' title='bbox 1844 1781 1944 1819; x_wconf 89' lang='lat' dir='ltr'>ve-</span> <span class='ocrx_word' id='word_1_232' title='bbox 1965 1793 2017 1852; x_wconf 85' lang='lat' dir='ltr'><strong>B</strong></span> <span class='ocrx_word' id='word_1_233' title='bbox 2048 1766 2214 1822; x_wconf 88' lang='lat' dir='ltr'>vestri</span> <span class='ocrx_word' id='word_1_234' title='bbox 2245 1765 2499 1836; x_wconf 69' lang='lat' dir='ltr'>officium,</span> <span class='ocrx_word' id='word_1_235' title='bbox 2533 1775 2587 1823; x_wconf 90' lang='lat' dir='ltr'>et</span> <span class='ocrx_word' id='word_1_236' title='bbox 2616 1776 2806 1823; x_wconf 89' lang='lat' dir='ltr'>contra</span> <span class='ocrx_word' id='word_1_237' title='bbox 2835 1768 3143 1839; x_wconf 89' lang='lat' dir='ltr'>sponsionis</span> <span class='ocrx_word' id='word_1_238' title='bbox 3172 1784 3238 1824; x_wconf 92' lang='lat' dir='ltr'>ac</span> <span class='ocrx_word' id='word_1_239' title='bbox 3276 1767 3402 1823; x_wconf 88' lang='lat' dir='ltr'>ﬁdei</span> <span class='ocrx_word' id='word_1_240' title='bbox 3446 1776 3644 1824; x_wconf 63' lang='lat' dir='ltr'>vestras</span> 
     </span>
    </p>
   </div>
   <div class='ocr_carea' id='block_1_34' title="bbox 349 1855 1944 1922">
    <p class='ocr_par' dir='ltr' id='par_1_34' title="bbox 349 1855 1944 1922">
     <span class='ocr_line' id='line_1_34' title="bbox 349 1855 1944 1922; baseline -0.001 -12"><span class='ocrx_word' id='word_1_241' title='bbox 349 1865 521 1911; x_wconf 88' lang='lat' dir='ltr'>strum</span> <span class='ocrx_word' id='word_1_242' title='bbox 551 1873 647 1912; x_wconf 87' lang='lat' dir='ltr'>cor</span> <span class='ocrx_word' id='word_1_243' title='bbox 669 1856 1074 1922; x_wconf 88' lang='lat' dir='ltr'>confortabitur,</span> <span class='ocrx_word' id='word_1_244' title='bbox 1099 1856 1207 1910; x_wconf 93' lang='lat' dir='ltr'>imo</span> <span class='ocrx_word' id='word_1_245' title='bbox 1225 1863 1277 1909; x_wconf 90' lang='lat' dir='ltr'>et</span> <span class='ocrx_word' id='word_1_246' title='bbox 1298 1856 1365 1909; x_wconf 86' lang='lat' dir='ltr'>ad</span> <span class='ocrx_word' id='word_1_247' title='bbox 1388 1872 1578 1910; x_wconf 90' lang='lat' dir='ltr'>omnes</span> <span class='ocrx_word' id='word_1_248' title='bbox 1600 1855 1944 1909; x_wconf 89' lang='lat' dir='ltr'>inimicorum</span> 
     </span>
    </p>
   </div>
   <div class='ocr_carea' id='block_1_35' title="bbox 349 1943 1948 2016">
    <p class='ocr_par' dir='ltr' id='par_1_35' title="bbox 349 1943 1948 2016">
     <span class='ocr_line' id='line_1_35' title="bbox 349 1943 1948 2016; baseline -0.001 -18"><span class='ocrx_word' id='word_1_249' title='bbox 349 1945 578 2000; x_wconf 90' lang='lat' dir='ltr'>insidias</span> <span class='ocrx_word' id='word_1_250' title='bbox 628 1944 1001 2016; x_wconf 88' lang='lat' dir='ltr'>reprimendas</span> <span class='ocrx_word' id='word_1_251' title='bbox 1049 1944 1375 2000; x_wconf 88' lang='lat' dir='ltr'>confortabit</span> <span class='ocrx_word' id='word_1_252' title='bbox 1420 1943 1684 1999; x_wconf 90' lang='lat' dir='ltr'>Dominus</span> <span class='ocrx_word' id='word_1_253' title='bbox 1737 1950 1948 1998; x_wconf 90' lang='lat' dir='ltr'>mentes</span> 
     </span>
    </p>
   </div>
   <div class='ocr_carea' id='block_1_36' title="bbox 351 2031 1948 2107">
    <p class='ocr_par' dir='ltr' id='par_1_36' title="bbox 351 2031 1948 2107">
     <span class='ocr_line' id='line_1_36' title="bbox 351 2031 1948 2107; baseline -0.003 -17"><span class='ocrx_word' id='word_1_254' title='bbox 351 2041 562 2090; x_wconf 89' lang='lat' dir='ltr'>vestras</span> <span class='ocrx_word' id='word_1_255' title='bbox 594 2034 648 2088; x_wconf 91' lang='lat' dir='ltr'>in</span> <span class='ocrx_word' id='word_1_256' title='bbox 677 2033 935 2088; x_wconf 89' lang='lat' dir='ltr'>charitate</span> <span class='ocrx_word' id='word_1_257' title='bbox 968 2041 1022 2088; x_wconf 93' lang='lat' dir='ltr'>et</span> <span class='ocrx_word' id='word_1_258' title='bbox 1052 2033 1242 2107; x_wconf 88' lang='lat' dir='ltr'>gratia,</span> <span class='ocrx_word' id='word_1_259' title='bbox 1280 2041 1333 2087; x_wconf 90' lang='lat' dir='ltr'>et</span> <span class='ocrx_word' id='word_1_260' title='bbox 1363 2033 1598 2088; x_wconf 89' lang='lat' dir='ltr'>tuebitur</span> <span class='ocrx_word' id='word_1_261' title='bbox 1627 2048 1725 2088; x_wconf 91' lang='lat' dir='ltr'>vos</span> <span class='ocrx_word' id='word_1_262' title='bbox 1755 2031 1810 2085; x_wconf 90' lang='lat' dir='ltr'>in</span> <span class='ocrx_word' id='word_1_263' title='bbox 1841 2048 1948 2086; x_wconf 69' lang='lat' dir='ltr'>sae-</span> 
     </span>
    </p>
   </div>
   <div class='ocr_carea' id='block_1_37' title="bbox 356 2120 1950 2193">
    <p class='ocr_par' dir='ltr' id='par_1_37' title="bbox 356 2120 1950 2193">
     <span class='ocr_line' id='line_1_37' title="bbox 356 2120 1950 2193; baseline -0.003 -15"><span class='ocrx_word' id='word_1_264' title='bbox 356 2123 476 2178; x_wconf 91' lang='lat' dir='ltr'>cula</span> <span class='ocrx_word' id='word_1_265' title='bbox 509 2123 829 2178; x_wconf 81' lang='lat' dir='ltr'>saeculorum</span> <span class='ocrx_word' id='word_1_266' title='bbox 863 2140 875 2176; x_wconf 90' lang='lat'><strong>:</strong></span> <span class='ocrx_word' id='word_1_267' title='bbox 907 2130 966 2177; x_wconf 93' lang='lat' dir='ltr'>ut</span> <span class='ocrx_word' id='word_1_268' title='bbox 993 2121 1185 2176; x_wconf 92' lang='lat' dir='ltr'>iterum</span> <span class='ocrx_word' id='word_1_269' title='bbox 1217 2130 1380 2193; x_wconf 90' lang='lat' dir='ltr'>atque</span> <span class='ocrx_word' id='word_1_270' title='bbox 1410 2121 1604 2175; x_wconf 88' lang='lat' dir='ltr'>iterum</span> <span class='ocrx_word' id='word_1_271' title='bbox 1657 2120 1950 2176; x_wconf 89' lang='lat' dir='ltr'>benedica-</span> 
     </span>
    </p>
   </div>
   <div class='ocr_carea' id='block_1_38' title="bbox 355 2209 1953 2275">
    <p class='ocr_par' dir='ltr' id='par_1_38' title="bbox 355 2209 1953 2275">
     <span class='ocr_line' id='line_1_38' title="bbox 355 2209 1953 2275; baseline -0.003 -9"><span class='ocrx_word' id='word_1_272' title='bbox 355 2221 442 2268; x_wconf 88' lang='lat' dir='ltr'>tur</span> <span class='ocrx_word' id='word_1_273' title='bbox 470 2213 732 2268; x_wconf 92' lang='lat' dir='ltr'>Dominus</span> <span class='ocrx_word' id='word_1_274' title='bbox 765 2219 817 2267; x_wconf 92' lang='lat' dir='ltr'>et</span> <span class='ocrx_word' id='word_1_275' title='bbox 846 2213 1004 2267; x_wconf 89' lang='lat' dir='ltr'>Pater</span> <span class='ocrx_word' id='word_1_276' title='bbox 1033 2211 1250 2265; x_wconf 91' lang='lat' dir='ltr'>Domini</span> <span class='ocrx_word' id='word_1_277' title='bbox 1281 2210 1452 2265; x_wconf 91' lang='lat' dir='ltr'>nostri</span> <span class='ocrx_word' id='word_1_278' title='bbox 1481 2211 1608 2266; x_wconf 89' lang='lat' dir='ltr'>Jesu</span> <span class='ocrx_word' id='word_1_279' title='bbox 1635 2209 1855 2275; x_wconf 89' lang='lat' dir='ltr'>Christi,</span> <span class='ocrx_word' id='word_1_280' title='bbox 1898 2216 1953 2264; x_wconf 90' lang='lat' dir='ltr'>et</span> 
     </span>
    </p>
   </div>
   <div class='ocr_carea' id='block_1_39' title="bbox 355 2297 1950 2372">
    <p class='ocr_par' dir='ltr' id='par_1_39' title="bbox 355 2297 1950 2372">
     <span class='ocr_line' id='line_1_39' title="bbox 355 2297 1950 2372; baseline -0.002 -16"><span class='ocrx_word' id='word_1_281' title='bbox 355 2318 386 2356; x_wconf 88' lang='lat' dir='ltr'>a</span> <span class='ocrx_word' id='word_1_282' title='bbox 417 2309 604 2356; x_wconf 91' lang='lat' dir='ltr'>nostro</span> <span class='ocrx_word' id='word_1_283' title='bbox 633 2299 969 2372; x_wconf 83' lang='lat' dir='ltr'>pontificatu,</span> <span class='ocrx_word' id='word_1_284' title='bbox 1005 2299 1112 2354; x_wconf 89' lang='lat' dir='ltr'>imo</span> <span class='ocrx_word' id='word_1_285' title='bbox 1143 2300 1212 2355; x_wconf 90' lang='lat' dir='ltr'>ab</span> <span class='ocrx_word' id='word_1_286' title='bbox 1243 2299 1515 2354; x_wconf 87' lang='lat' dir='ltr'>universis</span> <span class='ocrx_word' id='word_1_287' title='bbox 1563 2298 1761 2353; x_wconf 88' lang='lat' dir='ltr'>Christi</span> <span class='ocrx_word' id='word_1_288' title='bbox 1810 2297 1950 2353; x_wconf 85' lang='lat' dir='ltr'>ﬁde-</span> 
     </span>
    </p>
   </div>
   <div class='ocr_carea' id='block_1_40' title="bbox 353 2386 1953 2461">
    <p class='ocr_par' dir='ltr' id='par_1_40' title="bbox 353 2386 1953 2461">
     <span class='ocr_line' id='line_1_40' title="bbox 353 2386 1953 2461; baseline -0.003 -17"><span class='ocrx_word' id='word_1_289' title='bbox 353 2390 516 2460; x_wconf 90' lang='lat' dir='ltr'>libus,</span> <span class='ocrx_word' id='word_1_290' title='bbox 551 2390 706 2445; x_wconf 83' lang='lat' dir='ltr'>vobis</span> <span class='ocrx_word' id='word_1_291' title='bbox 736 2389 1034 2444; x_wconf 84' lang='lat' dir='ltr'>innumerae</span> <span class='ocrx_word' id='word_1_292' title='bbox 1065 2389 1256 2461; x_wconf 66' lang='lat' dir='ltr'>gratia:</span> <span class='ocrx_word' id='word_1_293' title='bbox 1299 2387 1618 2442; x_wconf 81' lang='lat' dir='ltr'>referantur.</span> <span class='ocrx_word' id='word_1_294' title='bbox 1668 2388 1857 2453; x_wconf 92' lang='lat' dir='ltr'>Porro,</span> <span class='ocrx_word' id='word_1_295' title='bbox 1907 2386 1953 2440; x_wconf 91' lang='lat' dir='ltr'>si</span> 
     </span>
    </p>
   </div>
   <div class='ocr_carea' id='block_1_41' title="bbox 357 2474 1953 2552">
    <p class='ocr_par' dir='ltr' id='par_1_41' title="bbox 357 2474 1953 2552">
     <span class='ocr_line' id='line_1_41' title="bbox 357 2474 1953 2552; baseline -0.004 -18"><span class='ocrx_word' id='word_1_296' title='bbox 357 2479 449 2552; x_wconf 90' lang='lat' dir='ltr'>qui</span> <span class='ocrx_word' id='word_1_297' title='bbox 479 2479 674 2545; x_wconf 87' lang='lat' dir='ltr'>adhuc,</span> <span class='ocrx_word' id='word_1_298' title='bbox 709 2478 852 2550; x_wconf 92' lang='lat' dir='ltr'>quod</span> <span class='ocrx_word' id='word_1_299' title='bbox 897 2477 1118 2532; x_wconf 89' lang='lat' dir='ltr'>minime</span> <span class='ocrx_word' id='word_1_300' title='bbox 1167 2476 1462 2545; x_wconf 89' lang='lat' dir='ltr'>credimus,</span> <span class='ocrx_word' id='word_1_301' title='bbox 1511 2476 1566 2530; x_wconf 91' lang='lat' dir='ltr'>in</span> <span class='ocrx_word' id='word_1_302' title='bbox 1612 2475 1792 2547; x_wconf 91' lang='lat' dir='ltr'>aliquo</span> <span class='ocrx_word' id='word_1_303' title='bbox 1838 2474 1953 2530; x_wconf 72' lang='lat' dir='ltr'>laesi</span> 
     </span>
    </p>
   </div>
   <div class='ocr_carea' id='block_1_42' title="bbox 359 2565 1955 2641">
    <p class='ocr_par' dir='ltr' id='par_1_42' title="bbox 359 2565 1955 2641">
     <span class='ocr_line' id='line_1_42' title="bbox 359 2565 1955 2641; baseline -0.004 -18"><span class='ocrx_word' id='word_1_304' title='bbox 359 2567 669 2641; x_wconf 89' lang='lat' dir='ltr'>quicunque</span> <span class='ocrx_word' id='word_1_305' title='bbox 711 2575 950 2623; x_wconf 87' lang='lat' dir='ltr'>vestrum</span> <span class='ocrx_word' id='word_1_306' title='bbox 1001 2565 1200 2638; x_wconf 89' lang='lat' dir='ltr'>reperti</span> <span class='ocrx_word' id='word_1_307' title='bbox 1240 2565 1478 2631; x_wconf 86' lang='lat' dir='ltr'>fuerunt,</span> <span class='ocrx_word' id='word_1_308' title='bbox 1543 2565 1823 2619; x_wconf 87' lang='lat' dir='ltr'>hortamur</span> <span class='ocrx_word' id='word_1_309' title='bbox 1895 2571 1955 2617; x_wconf 92' lang='lat' dir='ltr'>ut</span> 
     </span>
    </p>
   </div>
   <div class='ocr_carea' id='block_1_43' title="bbox 356 2652 1955 2728">
    <p class='ocr_par' dir='ltr' id='par_1_43' title="bbox 356 2652 1955 2728">
     <span class='ocr_line' id='line_1_43' title="bbox 356 2652 1955 2728; baseline -0.004 -16"><span class='ocrx_word' id='word_1_310' title='bbox 356 2657 699 2728; x_wconf 90' lang='lat' dir='ltr'>resipiscant,</span> <span class='ocrx_word' id='word_1_311' title='bbox 734 2663 786 2711; x_wconf 92' lang='lat' dir='ltr'>et</span> <span class='ocrx_word' id='word_1_312' title='bbox 816 2655 1038 2727; x_wconf 83' lang='lat' dir='ltr'>dignam</span> <span class='ocrx_word' id='word_1_313' title='bbox 1070 2654 1504 2710; x_wconf 89' lang='lat' dir='ltr'>emendationem</span> <span class='ocrx_word' id='word_1_314' title='bbox 1537 2670 1595 2708; x_wconf 91' lang='lat' dir='ltr'>se</span> <span class='ocrx_word' id='word_1_315' title='bbox 1626 2652 1955 2725; x_wconf 85' lang='lat' dir='ltr'>corrigendo</span> 
     </span>
    </p>
   </div>
   <div class='ocr_carea' id='block_1_44' title="bbox 360 2741 1953 2816">
    <p class='ocr_par' dir='ltr' id='par_1_44' title="bbox 360 2741 1953 2816">
     <span class='ocr_line' id='line_1_44' title="bbox 360 2741 1953 2816; baseline -0.003 -15"><span class='ocrx_word' id='word_1_316' title='bbox 360 2746 669 2801; x_wconf 84' lang='lat' dir='ltr'>exhibeant.</span> <span class='ocrx_word' id='word_1_317' title='bbox 701 2746 841 2799; x_wconf 91' lang='lat' dir='ltr'>Nam</span> <span class='ocrx_word' id='word_1_318' title='bbox 870 2744 1241 2816; x_wconf 89' lang='lat' dir='ltr'>cujuscunque</span> <span class='ocrx_word' id='word_1_319' title='bbox 1272 2742 1339 2796; x_wconf 91' lang='lat' dir='ltr'>sit</span> <span class='ocrx_word' id='word_1_320' title='bbox 1369 2741 1734 2806; x_wconf 89' lang='lat' dir='ltr'>sublimitatis,</span> <span class='ocrx_word' id='word_1_321' title='bbox 1767 2741 1953 2812; x_wconf 85' lang='lat' dir='ltr'>digni-</span> 
     </span>
    </p>
   </div>
   <div class='ocr_carea' id='block_1_45' title="bbox 357 2829 1952 2905">
    <p class='ocr_par' dir='ltr' id='par_1_45' title="bbox 357 2829 1952 2905">
     <span class='ocr_line' id='line_1_45' title="bbox 357 2829 1952 2905; baseline -0.005 -14"><span class='ocrx_word' id='word_1_322' title='bbox 357 2835 484 2891; x_wconf 87' lang='lat' dir='ltr'>tatis</span> <span class='ocrx_word' id='word_1_323' title='bbox 514 2834 600 2890; x_wconf 89' lang='lat' dir='ltr'>vel</span> <span class='ocrx_word' id='word_1_324' title='bbox 632 2833 858 2900; x_wconf 91' lang='lat' dir='ltr'>ordinis,</span> <span class='ocrx_word' id='word_1_325' title='bbox 885 2833 975 2905; x_wconf 91' lang='lat' dir='ltr'>qui</span> <span class='ocrx_word' id='word_1_326' title='bbox 998 2849 1118 2888; x_wconf 94' lang='lat' dir='ltr'>cum</span> <span class='ocrx_word' id='word_1_327' title='bbox 1141 2831 1501 2903; x_wconf 66' lang='lat' dir='ltr'>prmsentibus</span> <span class='ocrx_word' id='word_1_328' title='bbox 1517 2829 1713 2903; x_wconf 87' lang='lat' dir='ltr'>legatis</span> <span class='ocrx_word' id='word_1_329' title='bbox 1730 2829 1952 2898; x_wconf 89' lang='lat' dir='ltr'>nostris,</span> 
     </span>
    </p>
   </div>
   <div class='ocr_carea' id='block_1_46' title="bbox 359 2918 1953 2990">
    <p class='ocr_par' dir='ltr' id='par_1_46' title="bbox 359 2918 1953 2990">
     <span class='ocr_line' id='line_1_46' title="bbox 359 2918 1953 2990; baseline -0.004 -12"><span class='ocrx_word' id='word_1_330' title='bbox 359 2925 569 2979; x_wconf 89' lang='lat' dir='ltr'>Joanne</span> <span class='ocrx_word' id='word_1_331' title='bbox 598 2922 850 2979; x_wconf 86' lang='lat' dir='ltr'>videlicet</span> <span class='ocrx_word' id='word_1_332' title='bbox 878 2930 930 2977; x_wconf 87' lang='lat' dir='ltr'>et</span> <span class='ocrx_word' id='word_1_333' title='bbox 955 2923 1161 2977; x_wconf 87' lang='lat' dir='ltr'>Joanne</span> <span class='ocrx_word' id='word_1_334' title='bbox 1201 2919 1608 2976; x_wconf 90' lang='lat' dir='ltr'>venerabilibus</span> <span class='ocrx_word' id='word_1_335' title='bbox 1659 2918 1953 2990; x_wconf 82' lang='lat' dir='ltr'>episcopis,</span> 
     </span>
    </p>
   </div>
   <div class='ocr_carea' id='block_1_47' title="bbox 358 3009 1956 3085">
    <p class='ocr_par' dir='ltr' id='par_1_47' title="bbox 358 3009 1956 3085">
     <span class='ocr_line' id='line_1_47' title="bbox 358 3009 1956 3085; baseline -0.004 -17"><span class='ocrx_word' id='word_1_336' title='bbox 358 3013 572 3070; x_wconf 89' lang='lat' dir='ltr'>dilectis</span> <span class='ocrx_word' id='word_1_337' title='bbox 602 3028 815 3085; x_wconf 91' lang='lat' dir='ltr'>quoque</span> <span class='ocrx_word' id='word_1_338' title='bbox 844 3011 1193 3066; x_wconf 87' lang='lat' dir='ltr'>familiaribus</span> <span class='ocrx_word' id='word_1_339' title='bbox 1222 3009 1442 3076; x_wconf 92' lang='lat' dir='ltr'>nostris,</span> <span class='ocrx_word' id='word_1_340' title='bbox 1475 3024 1611 3080; x_wconf 90' lang='lat' dir='ltr'>quos</span> <span class='ocrx_word' id='word_1_341' title='bbox 1660 3023 1794 3064; x_wconf 91' lang='lat' dir='ltr'>voce</span> <span class='ocrx_word' id='word_1_342' title='bbox 1851 3023 1956 3062; x_wconf 91' lang='lat' dir='ltr'>no-</span> 
     </span>
    </p>
   </div>
   <div class='ocr_carea' id='block_1_48' title="bbox 363 3095 1957 3171">
    <p class='ocr_par' dir='ltr' id='par_1_48' title="bbox 363 3095 1957 3171">
     <span class='ocr_line' id='line_1_48' title="bbox 363 3095 1957 3171; baseline -0.004 -15"><span class='ocrx_word' id='word_1_343' title='bbox 363 3110 471 3157; x_wconf 87' lang='lat' dir='ltr'>stra</span> <span class='ocrx_word' id='word_1_344' title='bbox 499 3102 619 3157; x_wconf 88' lang='lat' dir='ltr'>illas</span> <span class='ocrx_word' id='word_1_345' title='bbox 666 3101 720 3155; x_wconf 92' lang='lat' dir='ltr'>in</span> <span class='ocrx_word' id='word_1_346' title='bbox 764 3109 946 3171; x_wconf 91' lang='lat' dir='ltr'>partes</span> <span class='ocrx_word' id='word_1_347' title='bbox 993 3101 1062 3154; x_wconf 91' lang='lat' dir='ltr'>ad</span> <span class='ocrx_word' id='word_1_348' title='bbox 1101 3099 1458 3154; x_wconf 84' lang='lat' dir='ltr'>examinanda</span> <span class='ocrx_word' id='word_1_349' title='bbox 1507 3097 1774 3168; x_wconf 91' lang='lat' dir='ltr'>simulque</span> <span class='ocrx_word' id='word_1_350' title='bbox 1815 3095 1957 3152; x_wconf 80' lang='lat' dir='ltr'>diffi-</span> 
     </span>
    </p>
   </div>
   <div class='ocr_carea' id='block_1_49' title="bbox 363 3185 1963 3260">
    <p class='ocr_par' dir='ltr' id='par_1_49' title="bbox 363 3185 1963 3260">
     <span class='ocr_line' id='line_1_49' title="bbox 363 3185 1963 3260; baseline -0.005 -14"><span class='ocrx_word' id='word_1_351' title='bbox 363 3191 565 3247; x_wconf 86' lang='lat' dir='ltr'>nienda</span> <span class='ocrx_word' id='word_1_352' title='bbox 596 3189 858 3246; x_wconf 85' lang='lat' dir='ltr'>canonice</span> <span class='ocrx_word' id='word_1_353' title='bbox 889 3188 1003 3244; x_wconf 91' lang='lat' dir='ltr'>sive</span> <span class='ocrx_word' id='word_1_354' title='bbox 1044 3189 1294 3260; x_wconf 86' lang='lat' dir='ltr'>legaliter</span> <span class='ocrx_word' id='word_1_355' title='bbox 1338 3204 1456 3260; x_wconf 65' lang='lat' dir='ltr'>quae</span> <span class='ocrx_word' id='word_1_356' title='bbox 1497 3188 1602 3242; x_wconf 91' lang='lat' dir='ltr'>hoc</span> <span class='ocrx_word' id='word_1_357' title='bbox 1645 3201 1789 3240; x_wconf 89' lang='lat' dir='ltr'>anno</span> <span class='ocrx_word' id='word_1_358' title='bbox 1820 3185 1963 3239; x_wconf 90' lang='lat' dir='ltr'>inter</span> 
     </span>
    </p>
   </div>
   <div class='ocr_carea' id='block_1_50' title="bbox 363 3273 1960 3352">
    <p class='ocr_par' dir='ltr' id='par_1_50' title="bbox 363 3273 1960 3352">
     <span class='ocr_line' id='line_1_50' title="bbox 363 3273 1960 3352; baseline -0.005 -16"><span class='ocrx_word' id='word_1_359' title='bbox 363 3288 651 3352; x_wconf 90' lang='lat' dir='ltr'>ustrosque</span> <span class='ocrx_word' id='word_1_360' title='bbox 674 3278 870 3333; x_wconf 88' lang='lat' dir='ltr'>fratres</span> <span class='ocrx_word' id='word_1_361' title='bbox 891 3294 1164 3333; x_wconf 88' lang='lat' dir='ltr'>emersere</span> <span class='ocrx_word' id='word_1_362' title='bbox 1185 3276 1422 3348; x_wconf 88' lang='lat' dir='ltr'>negotia,</span> <span class='ocrx_word' id='word_1_363' title='bbox 1447 3274 1741 3331; x_wconf 90' lang='lat' dir='ltr'>convenire</span> <span class='ocrx_word' id='word_1_364' title='bbox 1760 3273 1812 3327; x_wconf 91' lang='lat' dir='ltr'>in</span> <span class='ocrx_word' id='word_1_365' title='bbox 1839 3273 1960 3328; x_wconf 91' lang='lat' dir='ltr'>loco</span> 
     </span>
    </p>
   </div>
   <div class='ocr_carea' id='block_1_51' title="bbox 365 3362 1961 3440">
    <p class='ocr_par' dir='ltr' id='par_1_51' title="bbox 365 3362 1961 3440">
     <span class='ocr_line' id='line_1_51' title="bbox 365 3362 1961 3440; baseline -0.005 -16"><span class='ocrx_word' id='word_1_366' title='bbox 365 3370 436 3424; x_wconf 91' lang='lat' dir='ltr'>ab</span> <span class='ocrx_word' id='word_1_367' title='bbox 465 3369 543 3423; x_wconf 91' lang='lat' dir='ltr'>eis</span> <span class='ocrx_word' id='word_1_368' title='bbox 574 3367 880 3440; x_wconf 87' lang='lat' dir='ltr'>designato,</span> <span class='ocrx_word' id='word_1_369' title='bbox 915 3366 1102 3438; x_wconf 89' lang='lat' dir='ltr'>eisque</span> <span class='ocrx_word' id='word_1_370' title='bbox 1135 3365 1448 3420; x_wconf 87' lang='lat' dir='ltr'>satisfacere</span> <span class='ocrx_word' id='word_1_371' title='bbox 1478 3362 1752 3418; x_wconf 86' lang='lat' dir='ltr'>humiliter</span> <span class='ocrx_word' id='word_1_372' title='bbox 1779 3363 1961 3416; x_wconf 87' lang='lat' dir='ltr'>detre-</span> 
     </span>
    </p>
   </div>
   <div class='ocr_carea' id='block_1_52' title="bbox 367 3453 1962 3526">
    <p class='ocr_par' dir='ltr' id='par_1_52' title="bbox 367 3453 1962 3526">
     <span class='ocr_line' id='line_1_52' title="bbox 367 3453 1962 3526; baseline -0.006 -11"><span class='ocrx_word' id='word_1_373' title='bbox 367 3457 606 3524; x_wconf 89' lang='lat' dir='ltr'>ctaverit,</span> <span class='ocrx_word' id='word_1_374' title='bbox 643 3457 960 3512; x_wconf 87' lang='lat' dir='ltr'>auctoritate</span> <span class='ocrx_word' id='word_1_375' title='bbox 982 3455 1081 3510; x_wconf 92' lang='lat' dir='ltr'>Dei</span> <span class='ocrx_word' id='word_1_376' title='bbox 1111 3453 1497 3526; x_wconf 90' lang='lat' dir='ltr'>omnipotentis</span> <span class='ocrx_word' id='word_1_377' title='bbox 1544 3460 1962 3522; x_wconf 88' lang='lat' dir='ltr'>sanctorumque</span> 
     </span>
    </p>
   </div>
   <div class='ocr_carea' id='block_1_53' title="bbox 368 3542 1964 3620">
    <p class='ocr_par' dir='ltr' id='par_1_53' title="bbox 368 3542 1964 3620">
     <span class='ocr_line' id='line_1_53' title="bbox 368 3542 1964 3620; baseline -0.006 -16"><span class='ocrx_word' id='word_1_378' title='bbox 368 3547 736 3620; x_wconf 88' lang='lat' dir='ltr'>apostolorum</span> <span class='ocrx_word' id='word_1_379' title='bbox 775 3546 1079 3617; x_wconf 90' lang='lat' dir='ltr'>principum</span> <span class='ocrx_word' id='word_1_380' title='bbox 1129 3543 1269 3599; x_wconf 90' lang='lat' dir='ltr'>Petri</span> <span class='ocrx_word' id='word_1_381' title='bbox 1317 3551 1367 3599; x_wconf 85' lang='lat' dir='ltr'>et</span> <span class='ocrx_word' id='word_1_382' title='bbox 1425 3542 1592 3609; x_wconf 91' lang='lat' dir='ltr'>Pauli,</span> <span class='ocrx_word' id='word_1_383' title='bbox 1653 3549 1964 3612; x_wconf 84' lang='lat' dir='ltr'>nostraeque</span> 
     </span>
    </p>
   </div>
   <div class='ocr_carea' id='block_1_54' title="bbox 368 3630 1964 3708">
    <p class='ocr_par' dir='ltr' id='par_1_54' title="bbox 368 3630 1964 3708">
     <span class='ocr_line' id='line_1_54' title="bbox 368 3630 1964 3708; baseline -0.005 -16"><span class='ocrx_word' id='word_1_384' title='bbox 368 3635 780 3701; x_wconf 89' lang='lat' dir='ltr'>mediocritatis,</span> <span class='ocrx_word' id='word_1_385' title='bbox 812 3635 1027 3689; x_wconf 91' lang='lat' dir='ltr'>veniam</span> <span class='ocrx_word' id='word_1_386' title='bbox 1053 3634 1156 3708; x_wconf 81' lang='lat' dir='ltr'>sibi</span> <span class='ocrx_word' id='word_1_387' title='bbox 1184 3633 1444 3704; x_wconf 87' lang='lat' dir='ltr'>deinceps</span> <span class='ocrx_word' id='word_1_388' title='bbox 1492 3631 1743 3687; x_wconf 89' lang='lat' dir='ltr'>noverint</span> <span class='ocrx_word' id='word_1_389' title='bbox 1791 3630 1964 3684; x_wconf 91' lang='lat' dir='ltr'>dene-</span> 
     </span>
    </p>
   </div>
   <div class='ocr_carea' id='block_1_55' title="bbox 369 3717 1965 3800">
    <p class='ocr_par' dir='ltr' id='par_1_55' title="bbox 369 3717 1965 3800">
     <span class='ocr_line' id='line_1_55' title="bbox 369 3717 1965 3800; baseline -0.006 -19"><span class='ocrx_word' id='word_1_390' title='bbox 369 3726 512 3800; x_wconf 83' lang='lat' dir='ltr'>gari,</span> <span class='ocrx_word' id='word_1_391' title='bbox 544 3739 646 3780; x_wconf 90' lang='lat' dir='ltr'>nec</span> <span class='ocrx_word' id='word_1_392' title='bbox 675 3724 871 3779; x_wconf 92' lang='lat' dir='ltr'>amodo</span> <span class='ocrx_word' id='word_1_393' title='bbox 901 3722 1300 3778; x_wconf 90' lang='lat' dir='ltr'>communionis</span> <span class='ocrx_word' id='word_1_394' title='bbox 1328 3729 1526 3777; x_wconf 64' lang='lat' dir='ltr'>nostrae</span> <span class='ocrx_word' id='word_1_395' title='bbox 1557 3719 1798 3787; x_wconf 82' lang='lat' dir='ltr'>futurum</span> <span class='ocrx_word' id='word_1_396' title='bbox 1846 3717 1965 3773; x_wconf 90' lang='lat' dir='ltr'>fore</span> 
     </span>
    </p>
   </div>
   <div class='ocr_carea' id='block_1_56' title="bbox 370 3808 1962 3885">
    <p class='ocr_par' dir='ltr' id='par_1_56' title="bbox 370 3808 1962 3885">
     <span class='ocr_line' id='line_1_56' title="bbox 370 3808 1962 3885; baseline -0.007 -13"><span class='ocrx_word' id='word_1_397' title='bbox 370 3823 696 3881; x_wconf 89' lang='lat' dir='ltr'>consortem,</span> <span class='ocrx_word' id='word_1_398' title='bbox 754 3813 843 3885; x_wconf 91' lang='lat' dir='ltr'>qui</span> <span class='ocrx_word' id='word_1_399' title='bbox 901 3812 1080 3868; x_wconf 91' lang='lat' dir='ltr'>socius</span> <span class='ocrx_word' id='word_1_400' title='bbox 1149 3828 1269 3867; x_wconf 91' lang='lat' dir='ltr'>esse</span> <span class='ocrx_word' id='word_1_401' title='bbox 1345 3810 1576 3866; x_wconf 86' lang='lat' dir='ltr'>noluerit</span> <span class='ocrx_word' id='word_1_402' title='bbox 1642 3808 1962 3879; x_wconf 72' lang='lat' dir='ltr'>disciplinae.</span> 
     </span>
    </p>
   </div>
   <div class='ocr_carea' id='block_1_57' title="bbox 373 3897 1966 3976">
    <p class='ocr_par' dir='ltr' id='par_1_57' title="bbox 373 3897 1966 3976">
     <span class='ocr_line' id='line_1_57' title="bbox 373 3897 1966 3976; baseline -0.006 -17"><span class='ocrx_word' id='word_1_403' title='bbox 373 3905 634 3976; x_wconf 90' lang='lat' dir='ltr'>Optamus</span> <span class='ocrx_word' id='word_1_404' title='bbox 665 3903 1002 3958; x_wconf 86' lang='lat' dir='ltr'>sanctitatem</span> <span class='ocrx_word' id='word_1_405' title='bbox 1026 3901 1111 3956; x_wconf 91' lang='lat' dir='ltr'>vel</span> <span class='ocrx_word' id='word_1_406' title='bbox 1139 3900 1365 3974; x_wconf 82' lang='lat' dir='ltr'>gloriam</span> <span class='ocrx_word' id='word_1_407' title='bbox 1395 3907 1633 3955; x_wconf 88' lang='lat' dir='ltr'>vestram</span> <span class='ocrx_word' id='word_1_408' title='bbox 1681 3897 1734 3952; x_wconf 92' lang='lat' dir='ltr'>in</span> <span class='ocrx_word' id='word_1_409' title='bbox 1756 3897 1966 3952; x_wconf 87' lang='lat' dir='ltr'>Christo</span> 
     </span>
    </p>
   </div>
   <div class='ocr_carea' id='block_1_58' title="bbox 373 3985 1967 4054">
    <p class='ocr_par' dir='ltr' id='par_1_58' title="bbox 373 3985 1967 4054">
     <span class='ocr_line' id='line_1_58' title="bbox 373 3985 1967 4054; baseline -0.005 -7"><span class='ocrx_word' id='word_1_410' title='bbox 373 3994 512 4049; x_wconf 91' lang='lat' dir='ltr'>bene</span> <span class='ocrx_word' id='word_1_411' title='bbox 579 3992 784 4048; x_wconf 90' lang='lat' dir='ltr'>valere.</span> <span class='ocrx_word' id='word_1_412' title='bbox 854 3993 991 4046; x_wconf 90' lang='lat' dir='ltr'>Data</span> <span class='ocrx_word' id='word_1_413' title='bbox 1041 4006 1146 4045; x_wconf 87' lang='lat' dir='ltr'>xm</span> <span class='ocrx_word' id='word_1_414' title='bbox 1215 3989 1490 4044; x_wconf 87' lang='lat' dir='ltr'>Kalendas</span> <span class='ocrx_word' id='word_1_415' title='bbox 1541 3987 1783 4054; x_wconf 89' lang='lat' dir='ltr'>Martias,</span> <span class='ocrx_word' id='word_1_416' title='bbox 1829 3985 1967 4040; x_wconf 90' lang='lat' dir='ltr'>indi-</span> 
     </span>
    </p>
   </div>
   <div class='ocr_carea' id='block_1_59' title="bbox 375 4078 1750 4151">
    <p class='ocr_par' dir='ltr' id='par_1_59' title="bbox 375 4078 1750 4151">
     <span class='ocr_line' id='line_1_59' title="bbox 375 4078 1750 4151; baseline -0.007 -11"><span class='ocrx_word' id='word_1_417' title='bbox 375 4083 551 4140; x_wconf 90' lang='lat' dir='ltr'>ctione</span> <span class='ocrx_word' id='word_1_418' title='bbox 581 4098 660 4137; x_wconf 81' lang='lat' dir='ltr'>ix.</span> <span class='ocrx_word' id='word_1_419' title='bbox 697 4081 951 4138; x_wconf 82' lang='lat' dir='ltr'>Recitata</span> <span class='ocrx_word' id='word_1_420' title='bbox 981 4081 1045 4134; x_wconf 87' lang='lat' dir='ltr'>in</span> <span class='ocrx_word' id='word_1_421' title='bbox 1074 4080 1279 4151; x_wconf 79' lang='lat' dir='ltr'>synodo</span> <span class='ocrx_word' id='word_1_422' title='bbox 1329 4078 1750 4149; x_wconf 82' lang='lat' dir='ltr'>Pontigonensi.</span> 
     </span>
    </p>
   </div>
   <div class='ocr_carea' id='block_1_60' title="bbox 1095 4187 1246 4240">
    <p class='ocr_par' dir='ltr' id='par_1_60' title="bbox 1095 4187 1246 4240">
     <span class='ocr_line' id='line_1_60' title="bbox 1095 4187 1246 4240; baseline 0 -1"><span class='ocrx_word' id='word_1_423' title='bbox 1095 4187 1246 4240; x_wconf 84' lang='lat' dir='ltr'>XXI.</span> 
     </span>
    </p>
   </div>
   <div class='ocr_carea' id='block_1_61' title="bbox 477 4285 1858 4340">
    <p class='ocr_par' dir='ltr' id='par_1_61' title="bbox 477 4285 1858 4340">
     <span class='ocr_line' id='line_1_61' title="bbox 477 4285 1858 4340; baseline -0.008 -6"><span class='ocrx_word' id='word_1_424' title='bbox 477 4295 549 4335; x_wconf 81' lang='lat' dir='ltr'>AD</span> <span class='ocrx_word' id='word_1_425' title='bbox 585 4293 882 4333; x_wconf 80' lang='lat' dir='ltr'>EPISCOPOS</span> <span class='ocrx_word' id='word_1_426' title='bbox 931 4290 1048 4340; x_wconf 83' lang='lat' dir='ltr'>QUI,</span> <span class='ocrx_word' id='word_1_427' title='bbox 1100 4290 1132 4328; x_wconf 74' lang='grc' dir='ltr'>Α</span> <span class='ocrx_word' id='word_1_428' title='bbox 1177 4288 1388 4328; x_wconf 72' lang='lat' dir='ltr'><strong>CAROLO</strong></span> <span class='ocrx_word' id='word_1_429' title='bbox 1432 4285 1858 4333; x_wconf 81' lang='lat' dir='ltr'>DESCISCENTES,</span> 
     </span>
    </p>
   </div>
   <div class='ocr_carea' id='block_1_62' title="bbox 734 4376 1605 4422">
    <p class='ocr_par' dir='ltr' id='par_1_62' title="bbox 734 4376 1605 4422">
     <span class='ocr_line' id='line_1_62' title="bbox 734 4376 1605 4422; baseline -0.009 0"><span class='ocrx_word' id='word_1_430' title='bbox 734 4381 1012 4422; x_wconf 76' lang='lat' dir='ltr'>LUDOVICO</span> <span class='ocrx_word' id='word_1_431' title='bbox 1041 4379 1171 4419; x_wconf 78' lang='lat' dir='ltr'>REGI</span> <span class='ocrx_word' id='word_1_432' title='bbox 1199 4376 1605 4416; x_wconf 60' lang='lat' dir='ltr'>ADHIESEBANT.</span> 
     </span>
    </p>
   </div>
   <div class='ocr_carea' id='block_1_63' title="bbox 996 4452 1354 4521">
    <p class='ocr_par' dir='ltr' id='par_1_63' title="bbox 996 4452 1354 4521">
     <span class='ocr_line' id='line_1_63' title="bbox 996 4452 1354 4521; baseline -0.008 -13"><span class='ocrx_word' id='word_1_433' title='bbox 996 4456 1173 4509; x_wconf 77' lang='lat' dir='ltr'>&#39;Anno</span> <span class='ocrx_word' id='word_1_434' title='bbox 1203 4452 1354 4521; x_wconf 84' lang='lat'>876.)</span> 
     </span>
    </p>
   </div>
   <div class='ocr_carea' id='block_1_64' title="bbox 2040 1856 3641 1929">
    <p class='ocr_par' dir='ltr' id='par_1_64' title="bbox 2040 1856 3641 1929">
     <span class='ocr_line' id='line_1_64' title="bbox 2040 1856 3641 1929; baseline 0.002 -20"><span class='ocrx_word' id='word_1_435' title='bbox 2040 1856 2440 1925; x_wconf 91' lang='lat' dir='ltr'>jusjurandum,</span> <span class='ocrx_word' id='word_1_436' title='bbox 2473 1873 2626 1912; x_wconf 88' lang='lat' dir='ltr'>arma</span> <span class='ocrx_word' id='word_1_437' title='bbox 2654 1874 2776 1913; x_wconf 91' lang='lat' dir='ltr'>cum</span> <span class='ocrx_word' id='word_1_438' title='bbox 2806 1857 3054 1912; x_wconf 90' lang='lat' dir='ltr'>hostibus</span> <span class='ocrx_word' id='word_1_439' title='bbox 3075 1858 3308 1925; x_wconf 85' lang='lat' dir='ltr'>elevare,</span> <span class='ocrx_word' id='word_1_440' title='bbox 3326 1857 3641 1929; x_wconf 89' lang='lat' dir='ltr'>pariterque</span> 
     </span>
    </p>
   </div>
   <div class='ocr_carea' id='block_1_65' title="bbox 2047 1944 3636 2018">
    <p class='ocr_par' dir='ltr' id='par_1_65' title="bbox 2047 1944 3636 2018">
     <span class='ocr_line' id='line_1_65' title="bbox 2047 1944 3636 2018; baseline 0.001 -20"><span class='ocrx_word' id='word_1_441' title='bbox 2047 1944 2279 1999; x_wconf 83' lang='lat' dir='ltr'>nefanda</span> <span class='ocrx_word' id='word_1_442' title='bbox 2327 1952 2380 2000; x_wconf 90' lang='lat' dir='ltr'>et</span> <span class='ocrx_word' id='word_1_443' title='bbox 2426 1944 2592 2016; x_wconf 91' lang='lat' dir='ltr'>impia</span> <span class='ocrx_word' id='word_1_444' title='bbox 2628 1946 2966 2002; x_wconf 90' lang='lat' dir='ltr'>committere</span> <span class='ocrx_word' id='word_1_445' title='bbox 3008 1945 3452 2018; x_wconf 74' lang='lat' dir='ltr'>praesumpsistis.</span> <span class='ocrx_word' id='word_1_446' title='bbox 3497 1947 3636 2013; x_wconf 89' lang='lat' dir='ltr'>Heu,</span> 
     </span>
    </p>
   </div>
   <div class='ocr_carea' id='block_1_66' title="bbox 2048 2033 3647 2107">
    <p class='ocr_par' dir='ltr' id='par_1_66' title="bbox 2048 2033 3647 2107">
     <span class='ocr_line' id='line_1_66' title="bbox 2048 2033 3647 2107; baseline 0.002 -20"><span class='ocrx_word' id='word_1_447' title='bbox 2048 2034 2189 2105; x_wconf 91' lang='lat' dir='ltr'>proh</span> <span class='ocrx_word' id='word_1_448' title='bbox 2216 2033 2408 2090; x_wconf 86' lang='lat' dir='ltr'>dolori</span> <span class='ocrx_word' id='word_1_449' title='bbox 2458 2051 2625 2106; x_wconf 91' lang='lat' dir='ltr'>quare</span> <span class='ocrx_word' id='word_1_450' title='bbox 2675 2042 2840 2090; x_wconf 70' lang='lat' dir='ltr'>tantae</span> <span class='ocrx_word' id='word_1_451' title='bbox 2876 2035 3175 2107; x_wconf 88' lang='lat' dir='ltr'>iniquitatis</span> <span class='ocrx_word' id='word_1_452' title='bbox 3225 2035 3402 2090; x_wconf 91' lang='lat' dir='ltr'>scelus</span> <span class='ocrx_word' id='word_1_453' title='bbox 3453 2041 3647 2106; x_wconf 89' lang='lat' dir='ltr'>sponte</span> 
     </span>
    </p>
   </div>
   <div class='ocr_carea' id='block_1_67' title="bbox 2049 2122 3649 2195">
    <p class='ocr_par' dir='ltr' id='par_1_67' title="bbox 2049 2122 3649 2195">
     <span class='ocr_line' id='line_1_67' title="bbox 2049 2122 3649 2195; baseline 0.001 -18"><span class='ocrx_word' id='word_1_454' title='bbox 2049 2122 2405 2189; x_wconf 88' lang='lat' dir='ltr'>committere,</span> <span class='ocrx_word' id='word_1_455' title='bbox 2440 2139 2623 2195; x_wconf 75' lang='lat' dir='ltr'>quaere</span> <span class='ocrx_word' id='word_1_456' title='bbox 2651 2131 2813 2179; x_wconf 82' lang='lat' dir='ltr'>tantae</span> <span class='ocrx_word' id='word_1_457' title='bbox 2842 2122 3174 2179; x_wconf 87' lang='lat' dir='ltr'>infidelitatis</span> <span class='ocrx_word' id='word_1_458' title='bbox 3205 2123 3406 2178; x_wconf 91' lang='lat' dir='ltr'>malum</span> <span class='ocrx_word' id='word_1_459' title='bbox 3445 2123 3649 2179; x_wconf 90' lang='lat' dir='ltr'>mundo</span> 
     </span>
    </p>
   </div>
   <div class='ocr_carea' id='block_1_68' title="bbox 2050 2210 3647 2278">
    <p class='ocr_par' dir='ltr' id='par_1_68' title="bbox 2050 2210 3647 2278">
     <span class='ocr_line' id='line_1_68' title="bbox 2050 2210 3647 2278; baseline 0.001 -13"><span class='ocrx_word' id='word_1_460' title='bbox 2050 2211 2325 2278; x_wconf 88' lang='lat' dir='ltr'>universo,</span> <span class='ocrx_word' id='word_1_461' title='bbox 2360 2212 2499 2267; x_wconf 92' lang='lat' dir='ltr'>sicut</span> <span class='ocrx_word' id='word_1_462' title='bbox 2527 2213 2684 2268; x_wconf 68' lang='lat' dir='ltr'>Iudae</span> <span class='ocrx_word' id='word_1_463' title='bbox 2713 2212 3010 2278; x_wconf 70' lang='lat' dir='ltr'>Iscariotaa,</span> <span class='ocrx_word' id='word_1_464' title='bbox 3034 2212 3368 2269; x_wconf 85' lang='lat' dir='ltr'>exsecrabile</span> <span class='ocrx_word' id='word_1_465' title='bbox 3387 2210 3443 2267; x_wconf 92' lang='lat' dir='ltr'>in</span> <span class='ocrx_word' id='word_1_466' title='bbox 3463 2227 3647 2267; x_wconf 87' lang='lat' dir='ltr'>exem-</span> 
     </span>
    </p>
   </div>
   <div class='ocr_carea' id='block_1_69' title="bbox 2049 2300 3652 2374">
    <p class='ocr_par' dir='ltr' id='par_1_69' title="bbox 2049 2300 3652 2374">
     <span class='ocr_line' id='line_1_69' title="bbox 2049 2300 3652 2374; baseline 0.001 -20"><span class='ocrx_word' id='word_1_467' title='bbox 2049 2301 2200 2371; x_wconf 91' lang='lat' dir='ltr'>plum</span> <span class='ocrx_word' id='word_1_468' title='bbox 2229 2301 2522 2356; x_wconf 88' lang='lat' dir='ltr'>ostendere</span> <span class='ocrx_word' id='word_1_469' title='bbox 2549 2317 2660 2356; x_wconf 91' lang='lat' dir='ltr'>non</span> <span class='ocrx_word' id='word_1_470' title='bbox 2689 2301 2978 2356; x_wconf 89' lang='lat' dir='ltr'>dubitastis</span> <span class='ocrx_word' id='word_1_471' title='bbox 2999 2300 3026 2354; x_wconf 85' lang='lat'><strong><em>?</em></strong></span> <span class='ocrx_word' id='word_1_472' title='bbox 3057 2300 3192 2369; x_wconf 76' lang='lat' dir='ltr'>Quae</span> <span class='ocrx_word' id='word_1_473' title='bbox 3221 2317 3359 2374; x_wconf 87' lang='lat' dir='ltr'>gens</span> <span class='ocrx_word' id='word_1_474' title='bbox 3399 2302 3504 2357; x_wconf 90' lang='lat' dir='ltr'>hoc</span> <span class='ocrx_word' id='word_1_475' title='bbox 3549 2316 3652 2355; x_wconf 90' lang='lat' dir='ltr'>au-</span> 
     </span>
    </p>
   </div>
   <div class='ocr_carea' id='block_1_70' title="bbox 2051 2388 3654 2460">
    <p class='ocr_par' dir='ltr' id='par_1_70' title="bbox 2051 2388 3654 2460">
     <span class='ocr_line' id='line_1_70' title="bbox 2051 2388 3654 2460; baseline 0.001 -16"><span class='ocrx_word' id='word_1_476' title='bbox 2051 2389 2208 2444; x_wconf 90' lang='lat' dir='ltr'>diens</span> <span class='ocrx_word' id='word_1_477' title='bbox 2233 2405 2330 2444; x_wconf 91' lang='lat' dir='ltr'>vos</span> <span class='ocrx_word' id='word_1_478' title='bbox 2361 2405 2471 2445; x_wconf 88' lang='lat' dir='ltr'>non</span> <span class='ocrx_word' id='word_1_479' title='bbox 2499 2390 2645 2444; x_wconf 89' lang='lat' dir='ltr'>odiat</span> <span class='ocrx_word' id='word_1_480' title='bbox 2676 2391 2704 2444; x_wconf 67' lang='grc' dir='ltr'>ἱ)</span> <span class='ocrx_word' id='word_1_481' title='bbox 2735 2389 2893 2458; x_wconf 90' lang='lat' dir='ltr'>Quod</span> <span class='ocrx_word' id='word_1_482' title='bbox 2924 2404 3150 2460; x_wconf 82' lang='lat' dir='ltr'>regnum</span> <span class='ocrx_word' id='word_1_483' title='bbox 3190 2405 3288 2444; x_wconf 92' lang='lat' dir='ltr'>vos</span> <span class='ocrx_word' id='word_1_484' title='bbox 3319 2404 3514 2445; x_wconf 87' lang='lat' dir='ltr'>exosos</span> <span class='ocrx_word' id='word_1_485' title='bbox 3536 2388 3654 2446; x_wconf 87' lang='lat' dir='ltr'>fore</span> 
     </span>
    </p>
   </div>
   <div class='ocr_carea' id='block_1_71' title="bbox 2053 2478 3654 2551">
    <p class='ocr_par' dir='ltr' id='par_1_71' title="bbox 2053 2478 3654 2551">
     <span class='ocr_line' id='line_1_71' title="bbox 2053 2478 3654 2551; baseline 0.001 -19"><span class='ocrx_word' id='word_1_486' title='bbox 2053 2494 2162 2532; x_wconf 90' lang='lat' dir='ltr'>non</span> <span class='ocrx_word' id='word_1_487' title='bbox 2203 2479 2454 2547; x_wconf 84' lang='lat' dir='ltr'>judicet?</span> <span class='ocrx_word' id='word_1_488' title='bbox 2498 2478 2726 2547; x_wconf 87' lang='lat' dir='ltr'>Quando</span> <span class='ocrx_word' id='word_1_489' title='bbox 2769 2478 2930 2533; x_wconf 89' lang='lat' dir='ltr'>etiam</span> <span class='ocrx_word' id='word_1_490' title='bbox 2979 2478 3252 2551; x_wconf 82' lang='lat' dir='ltr'>gentibus,</span> <span class='ocrx_word' id='word_1_491' title='bbox 3305 2495 3426 2550; x_wconf 75' lang='lat' dir='ltr'>qua:</span> <span class='ocrx_word' id='word_1_492' title='bbox 3479 2479 3654 2533; x_wconf 88' lang='lat' dir='ltr'>Deum</span> 
     </span>
    </p>
   </div>
   <div class='ocr_carea' id='block_1_72' title="bbox 2051 2565 3654 2639">
    <p class='ocr_par' dir='ltr' id='par_1_72' title="bbox 2051 2565 3654 2639">
     <span class='ocr_line' id='line_1_72' title="bbox 2051 2565 3654 2639; baseline -0.001 -16"><span class='ocrx_word' id='word_1_493' title='bbox 2051 2583 2242 2623; x_wconf 88' lang='lat' dir='ltr'>verum</span> <span class='ocrx_word' id='word_1_494' title='bbox 2281 2566 2468 2638; x_wconf 89' lang='lat' dir='ltr'>utique</span> <span class='ocrx_word' id='word_1_495' title='bbox 2496 2567 2767 2639; x_wconf 87' lang='lat' dir='ltr'>ignorant,</span> <span class='ocrx_word' id='word_1_496' title='bbox 2802 2567 2907 2623; x_wconf 89' lang='lat' dir='ltr'>tale</span> <span class='ocrx_word' id='word_1_497' title='bbox 2935 2566 3274 2623; x_wconf 85' lang='lat' dir='ltr'>committere</span> <span class='ocrx_word' id='word_1_498' title='bbox 3303 2565 3456 2621; x_wconf 86' lang='lat' dir='ltr'>nefas</span> <span class='ocrx_word' id='word_1_499' title='bbox 3493 2565 3654 2622; x_wconf 89' lang='lat' dir='ltr'>vide-</span> 
     </span>
    </p>
   </div>
   <div class='ocr_carea' id='block_1_73' title="bbox 2054 2654 3656 2728">
    <p class='ocr_par' dir='ltr' id='par_1_73' title="bbox 2054 2654 3656 2728">
     <span class='ocr_line' id='line_1_73' title="bbox 2054 2654 3656 2728; baseline 0 -18"><span class='ocrx_word' id='word_1_500' title='bbox 2054 2663 2140 2710; x_wconf 88' lang='lat' dir='ltr'>tur</span> <span class='ocrx_word' id='word_1_501' title='bbox 2184 2654 2569 2728; x_wconf 90' lang='lat' dir='ltr'>incongruum.</span> <span class='ocrx_word' id='word_1_502' title='bbox 2630 2655 2868 2725; x_wconf 88' lang='lat' dir='ltr'>Quarum</span> <span class='ocrx_word' id='word_1_503' title='bbox 2917 2671 3018 2727; x_wconf 91' lang='lat' dir='ltr'>pro</span> <span class='ocrx_word' id='word_1_504' title='bbox 3062 2654 3295 2711; x_wconf 90' lang='lat' dir='ltr'>terrenis</span> <span class='ocrx_word' id='word_1_505' title='bbox 3339 2654 3503 2711; x_wconf 92' lang='lat' dir='ltr'>lucris</span> <span class='ocrx_word' id='word_1_506' title='bbox 3566 2655 3656 2712; x_wconf 88' lang='lat' dir='ltr'>vel</span> 
     </span>
    </p>
   </div>
   <div class='ocr_carea' id='block_1_74' title="bbox 2054 2743 3657 2816">
    <p class='ocr_par' dir='ltr' id='par_1_74' title="bbox 2054 2743 3657 2816">
     <span class='ocr_line' id='line_1_74' title="bbox 2054 2743 3657 2816; baseline -0.001 -17"><span class='ocrx_word' id='word_1_507' title='bbox 2054 2744 2217 2799; x_wconf 91' lang='lat' dir='ltr'>minis</span> <span class='ocrx_word' id='word_1_508' title='bbox 2249 2760 2365 2811; x_wconf 90' lang='lat' dir='ltr'>eos,</span> <span class='ocrx_word' id='word_1_509' title='bbox 2399 2759 2540 2816; x_wconf 90' lang='lat' dir='ltr'>quos</span> <span class='ocrx_word' id='word_1_510' title='bbox 2569 2744 2824 2800; x_wconf 89' lang='lat' dir='ltr'>societate</span> <span class='ocrx_word' id='word_1_511' title='bbox 2856 2752 2909 2799; x_wconf 92' lang='lat' dir='ltr'>et</span> <span class='ocrx_word' id='word_1_512' title='bbox 2936 2743 3283 2798; x_wconf 86' lang='lat' dir='ltr'>unanimitate</span> <span class='ocrx_word' id='word_1_513' title='bbox 3328 2750 3509 2799; x_wconf 88' lang='lat' dir='ltr'>vestra</span> <span class='ocrx_word' id='word_1_514' title='bbox 3555 2744 3657 2798; x_wconf 90' lang='lat' dir='ltr'>de-</span> 
     </span>
    </p>
   </div>
   <div class='ocr_carea' id='block_1_75' title="bbox 2055 2832 3656 2905">
    <p class='ocr_par' dir='ltr' id='par_1_75' title="bbox 2055 2832 3656 2905">
     <span class='ocr_line' id='line_1_75' title="bbox 2055 2832 3656 2905; baseline -0.001 -17"><span class='ocrx_word' id='word_1_515' title='bbox 2055 2833 2280 2889; x_wconf 90' lang='lat' dir='ltr'>fendere</span> <span class='ocrx_word' id='word_1_516' title='bbox 2311 2833 2628 2905; x_wconf 90' lang='lat' dir='ltr'>salvareque</span> <span class='ocrx_word' id='word_1_517' title='bbox 2656 2841 2713 2887; x_wconf 93' lang='lat' dir='ltr'>ut</span> <span class='ocrx_word' id='word_1_518' title='bbox 2741 2839 2954 2888; x_wconf 90' lang='lat' dir='ltr'>vosmet</span> <span class='ocrx_word' id='word_1_519' title='bbox 2981 2832 3263 2900; x_wconf 88' lang='lat' dir='ltr'>debuistis,</span> <span class='ocrx_word' id='word_1_520' title='bbox 3295 2839 3570 2903; x_wconf 90' lang='lat' dir='ltr'>appetere,</span> <span class='ocrx_word' id='word_1_521' title='bbox 3601 2839 3656 2888; x_wconf 92' lang='lat' dir='ltr'>et</span> 
     </span>
    </p>
   </div>
   <div class='ocr_carea' id='block_1_76' title="bbox 2057 2920 3656 2994">
    <p class='ocr_par' dir='ltr' id='par_1_76' title="bbox 2057 2920 3656 2994">
     <span class='ocr_line' id='line_1_76' title="bbox 2057 2920 3656 2994; baseline -0.001 -16"><span class='ocrx_word' id='word_1_522' title='bbox 2057 2939 2181 2978; x_wconf 90' lang='lat' dir='ltr'>cum</span> <span class='ocrx_word' id='word_1_523' title='bbox 2236 2921 2470 2978; x_wconf 90' lang='lat' dir='ltr'>inimicis</span> <span class='ocrx_word' id='word_1_524' title='bbox 2519 2923 2776 2994; x_wconf 91' lang='lat' dir='ltr'>persequi</span> <span class='ocrx_word' id='word_1_525' title='bbox 2839 2938 2950 2977; x_wconf 91' lang='lat' dir='ltr'>non</span> <span class='ocrx_word' id='word_1_526' title='bbox 3007 2920 3452 2992; x_wconf 84' lang='lat' dir='ltr'>contempsistis?</span> <span class='ocrx_word' id='word_1_527' title='bbox 3521 2920 3656 2976; x_wconf 90' lang='lat' dir='ltr'>Cum</span> 
     </span>
    </p>
   </div>
   <div class='ocr_carea' id='block_1_77' title="bbox 2057 3010 3652 3084">
    <p class='ocr_par' dir='ltr' id='par_1_77' title="bbox 2057 3010 3652 3084">
     <span class='ocr_line' id='line_1_77' title="bbox 2057 3010 3652 3084; baseline -0.001 -18"><span class='ocrx_word' id='word_1_528' title='bbox 2057 3012 2270 3067; x_wconf 92' lang='lat' dir='ltr'>dicente</span> <span class='ocrx_word' id='word_1_529' title='bbox 2301 3012 2531 3067; x_wconf 91' lang='lat' dir='ltr'>Domino</span> <span class='ocrx_word' id='word_1_530' title='bbox 2566 3028 2577 3066; x_wconf 91' lang='lat'>:</span> <span class='ocrx_word' id='word_1_531' title='bbox 2613 3013 2874 3084; x_wconf 80' lang='lat' dir='ltr'>Majorem</span> <span class='ocrx_word' id='word_1_532' title='bbox 2903 3012 3245 3067; x_wconf 86' lang='lat' dir='ltr'>charitatem</span> <span class='ocrx_word' id='word_1_533' title='bbox 3273 3027 3437 3066; x_wconf 88' lang='lat' dir='ltr'>nemo</span> <span class='ocrx_word' id='word_1_534' title='bbox 3469 3010 3652 3076; x_wconf 85' lang='lat' dir='ltr'>habet,</span> 
     </span>
    </p>
   </div>
   <div class='ocr_carea' id='block_1_78' title="bbox 2059 3099 3654 3173">
    <p class='ocr_par' dir='ltr' id='par_1_78' title="bbox 2059 3099 3654 3173">
     <span class='ocr_line' id='line_1_78' title="bbox 2059 3099 3654 3173; baseline -0.003 -17"><span class='ocrx_word' id='word_1_535' title='bbox 2059 3119 2227 3173; x_wconf 86' lang='lat' dir='ltr'>quam</span> <span class='ocrx_word' id='word_1_536' title='bbox 2247 3105 2314 3157; x_wconf 86' lang='lat' dir='ltr'>ut</span> <span class='ocrx_word' id='word_1_537' title='bbox 2332 3103 2587 3156; x_wconf 80' lang='lat' dir='ltr'>animum</span> <span class='ocrx_word' id='word_1_538' title='bbox 2609 3118 2772 3157; x_wconf 87' lang='lat' dir='ltr'>suam</span> <span class='ocrx_word' id='word_1_539' title='bbox 2785 3104 2963 3172; x_wconf 82' lang='lat' dir='ltr'>ponat</span> <span class='ocrx_word' id='word_1_540' title='bbox 2974 3117 3077 3172; x_wconf 84' lang='lat' dir='ltr'>pro</span> <span class='ocrx_word' id='word_1_541' title='bbox 3098 3100 3298 3155; x_wconf 82' lang='lat' dir='ltr'>amicis</span> <span class='ocrx_word' id='word_1_542' title='bbox 3319 3099 3436 3154; x_wconf 85' lang='lat' dir='ltr'>suis</span> <span class='ocrx_word' id='word_1_543' title='bbox 3467 3099 3654 3169; x_wconf 86' lang='lat' dir='ltr'>(Joan.</span> 
     </span>
    </p>
   </div>
   <div class='ocr_carea' id='block_1_79' title="bbox 2060 3185 3656 3262">
    <p class='ocr_par' dir='ltr' id='par_1_79' title="bbox 2060 3185 3656 3262">
     <span class='ocr_line' id='line_1_79' title="bbox 2060 3185 3656 3262; baseline -0.003 -18"><span class='ocrx_word' id='word_1_544' title='bbox 2060 3190 2182 3261; x_wconf 87' lang='lat' dir='ltr'>xv),</span> <span class='ocrx_word' id='word_1_545' title='bbox 2215 3190 2269 3243; x_wconf 92' lang='lat' dir='ltr'>in</span> <span class='ocrx_word' id='word_1_546' title='bbox 2300 3206 2406 3262; x_wconf 91' lang='lat' dir='ltr'>quo</span> <span class='ocrx_word' id='word_1_547' title='bbox 2438 3189 2644 3245; x_wconf 91' lang='lat' dir='ltr'>scilicet</span> <span class='ocrx_word' id='word_1_548' title='bbox 2673 3204 2771 3244; x_wconf 91' lang='lat' dir='ltr'>vos</span> <span class='ocrx_word' id='word_1_549' title='bbox 2802 3204 2942 3255; x_wconf 89' lang='lat' dir='ltr'>eam,</span> <span class='ocrx_word' id='word_1_550' title='bbox 2996 3205 3117 3260; x_wconf 64' lang='lat' dir='ltr'>qua</span> <span class='ocrx_word' id='word_1_551' title='bbox 3161 3203 3262 3258; x_wconf 92' lang='lat' dir='ltr'>per</span> <span class='ocrx_word' id='word_1_552' title='bbox 3310 3185 3656 3242; x_wconf 87' lang='lat' dir='ltr'>dilectionem</span> 
     </span>
    </p>
   </div>
   <div class='ocr_carea' id='block_1_80' title="bbox 2060 3275 3656 3350">
    <p class='ocr_par' dir='ltr' id='par_1_80' title="bbox 2060 3275 3656 3350">
     <span class='ocr_line' id='line_1_80' title="bbox 2060 3275 3656 3350; baseline -0.004 -15"><span class='ocrx_word' id='word_1_553' title='bbox 2060 3287 2334 3350; x_wconf 84' lang='lat' dir='ltr'>operatur,</span> <span class='ocrx_word' id='word_1_554' title='bbox 2367 3278 2707 3342; x_wconf 90' lang='lat' dir='ltr'>charitatem,</span> <span class='ocrx_word' id='word_1_555' title='bbox 2742 3277 2860 3332; x_wconf 91' lang='lat' dir='ltr'>sine</span> <span class='ocrx_word' id='word_1_556' title='bbox 2891 3292 2998 3348; x_wconf 91' lang='lat' dir='ltr'>qua</span> <span class='ocrx_word' id='word_1_557' title='bbox 3027 3275 3365 3347; x_wconf 90' lang='lat' dir='ltr'>impossibile</span> <span class='ocrx_word' id='word_1_558' title='bbox 3397 3282 3479 3331; x_wconf 88' lang='lat' dir='ltr'>est</span> <span class='ocrx_word' id='word_1_559' title='bbox 3529 3275 3656 3346; x_wconf 93' lang='lat' dir='ltr'>pla-</span> 
     </span>
    </p>
   </div>
   <div class='ocr_carea' id='block_1_81' title="bbox 2062 3363 3658 3438">
    <p class='ocr_par' dir='ltr' id='par_1_81' title="bbox 2062 3363 3658 3438">
     <span class='ocr_line' id='line_1_81' title="bbox 2062 3363 3658 3438; baseline -0.004 -13"><span class='ocrx_word' id='word_1_560' title='bbox 2062 3384 2188 3425; x_wconf 93' lang='lat' dir='ltr'>cere</span> <span class='ocrx_word' id='word_1_561' title='bbox 2219 3369 2356 3434; x_wconf 92' lang='lat' dir='ltr'>Deo,</span> <span class='ocrx_word' id='word_1_562' title='bbox 2389 3367 2443 3422; x_wconf 92' lang='lat' dir='ltr'>in</span> <span class='ocrx_word' id='word_1_563' title='bbox 2475 3381 2581 3438; x_wconf 89' lang='lat' dir='ltr'>qua</span> <span class='ocrx_word' id='word_1_564' title='bbox 2610 3374 2776 3422; x_wconf 89' lang='lat' dir='ltr'>totam</span> <span class='ocrx_word' id='word_1_565' title='bbox 2807 3365 2990 3438; x_wconf 87' lang='lat' dir='ltr'>legem</span> <span class='ocrx_word' id='word_1_566' title='bbox 3019 3373 3073 3421; x_wconf 92' lang='lat' dir='ltr'>et</span> <span class='ocrx_word' id='word_1_567' title='bbox 3100 3365 3394 3437; x_wconf 78' lang='lat' dir='ltr'>prOphetas</span> <span class='ocrx_word' id='word_1_568' title='bbox 3414 3363 3658 3436; x_wconf 89' lang='lat' dir='ltr'>pendere</span> 
     </span>
    </p>
   </div>
   <div class='ocr_carea' id='block_1_82' title="bbox 2062 3451 3654 3526">
    <p class='ocr_par' dir='ltr' id='par_1_82' title="bbox 2062 3451 3654 3526">
     <span class='ocr_line' id='line_1_82' title="bbox 2062 3451 3654 3526; baseline -0.004 -13"><span class='ocrx_word' id='word_1_569' title='bbox 2062 3457 2286 3522; x_wconf 90' lang='lat' dir='ltr'>scimus,</span> <span class='ocrx_word' id='word_1_570' title='bbox 2333 3456 2642 3511; x_wconf 89' lang='lat' dir='ltr'>nullatenus</span> <span class='ocrx_word' id='word_1_571' title='bbox 2686 3462 2897 3512; x_wconf 91' lang='lat' dir='ltr'>constet</span> <span class='ocrx_word' id='word_1_572' title='bbox 2939 3454 3215 3521; x_wconf 89' lang='lat' dir='ltr'>habuisse,</span> <span class='ocrx_word' id='word_1_573' title='bbox 3282 3453 3413 3526; x_wconf 91' lang='lat' dir='ltr'>quin</span> <span class='ocrx_word' id='word_1_574' title='bbox 3472 3451 3654 3524; x_wconf 87' lang='lat' dir='ltr'>potius</span> 
     </span>
    </p>
   </div>
   <div class='ocr_carea' id='block_1_83' title="bbox 2063 3541 3662 3617">
    <p class='ocr_par' dir='ltr' id='par_1_83' title="bbox 2063 3541 3662 3617">
     <span class='ocr_line' id='line_1_83' title="bbox 2063 3541 3662 3617; baseline -0.003 -15"><span class='ocrx_word' id='word_1_575' title='bbox 2063 3547 2193 3602; x_wconf 89' lang='lat' dir='ltr'>Cain</span> <span class='ocrx_word' id='word_1_576' title='bbox 2239 3545 2572 3602; x_wconf 90' lang='lat' dir='ltr'>fratricidam</span> <span class='ocrx_word' id='word_1_577' title='bbox 2620 3544 2712 3599; x_wconf 92' lang='lat' dir='ltr'>diu</span> <span class='ocrx_word' id='word_1_578' title='bbox 2753 3552 2934 3600; x_wconf 89' lang='lat' dir='ltr'>mente</span> <span class='ocrx_word' id='word_1_579' title='bbox 2979 3542 3240 3617; x_wconf 85' lang='lat' dir='ltr'>gessisse.</span> <span class='ocrx_word' id='word_1_580' title='bbox 3302 3543 3497 3597; x_wconf 90' lang='lat' dir='ltr'>Nonne</span> <span class='ocrx_word' id='word_1_581' title='bbox 3567 3541 3662 3597; x_wconf 82' lang='lat' dir='ltr'>lux</span> 
     </span>
    </p>
   </div>
   <div class='ocr_carea' id='block_1_84' title="bbox 2070 3631 3655 3705">
    <p class='ocr_par' dir='ltr' id='par_1_84' title="bbox 2070 3631 3655 3705">
     <span class='ocr_line' id='line_1_84' title="bbox 2070 3631 3655 3705; baseline -0.004 -13"><span class='ocrx_word' id='word_1_582' title='bbox 2070 3635 2276 3702; x_wconf 91' lang='lat' dir='ltr'>mundi,</span> <span class='ocrx_word' id='word_1_583' title='bbox 2329 3643 2382 3690; x_wconf 91' lang='lat' dir='ltr'>et</span> <span class='ocrx_word' id='word_1_584' title='bbox 2404 3635 2486 3691; x_wconf 93' lang='lat' dir='ltr'>sal</span> <span class='ocrx_word' id='word_1_585' title='bbox 2533 3642 2715 3705; x_wconf 71' lang='lat' dir='ltr'>terrae,</span> <span class='ocrx_word' id='word_1_586' title='bbox 2752 3634 2992 3690; x_wconf 80' lang='lat' dir='ltr'>Veritate</span> <span class='ocrx_word' id='word_1_587' title='bbox 3023 3638 3330 3698; x_wconf 82' lang='lat' dir='ltr'>attestante,</span> <span class='ocrx_word' id='word_1_588' title='bbox 3381 3647 3481 3687; x_wconf 89' lang='lat' dir='ltr'>vos</span> <span class='ocrx_word' id='word_1_589' title='bbox 3504 3631 3655 3702; x_wconf 84' lang='lat' dir='ltr'>estis,</span> 
     </span>
    </p>
   </div>
   <div class='ocr_carea' id='block_1_85' title="bbox 2065 3719 3662 3798">
    <p class='ocr_par' dir='ltr' id='par_1_85' title="bbox 2065 3719 3662 3798">
     <span class='ocr_line' id='line_1_85' title="bbox 2065 3719 3662 3798; baseline -0.004 -17"><span class='ocrx_word' id='word_1_590' title='bbox 2065 3726 2157 3798; x_wconf 90' lang='lat' dir='ltr'>qui</span> <span class='ocrx_word' id='word_1_591' title='bbox 2227 3724 2409 3781; x_wconf 92' lang='lat' dir='ltr'>verbis</span> <span class='ocrx_word' id='word_1_592' title='bbox 2456 3723 2659 3796; x_wconf 86' lang='lat' dir='ltr'>pariter</span> <span class='ocrx_word' id='word_1_593' title='bbox 2706 3731 2758 3778; x_wconf 90' lang='lat' dir='ltr'>et</span> <span class='ocrx_word' id='word_1_594' title='bbox 2814 3721 3098 3794; x_wconf 86' lang='lat' dir='ltr'>exemplis,</span> <span class='ocrx_word' id='word_1_595' title='bbox 3161 3721 3317 3794; x_wconf 89' lang='lat' dir='ltr'>quasi</span> <span class='ocrx_word' id='word_1_596' title='bbox 3377 3719 3662 3776; x_wconf 85' lang='lat' dir='ltr'>luminaria</span> 
     </span>
    </p>
   </div>
   <div class='ocr_carea' id='block_1_86' title="bbox 2065 3811 3663 3884">
    <p class='ocr_par' dir='ltr' id='par_1_86' title="bbox 2065 3811 3663 3884">
     <span class='ocr_line' id='line_1_86' title="bbox 2065 3811 3663 3884; baseline -0.003 -14"><span class='ocrx_word' id='word_1_597' title='bbox 2065 3815 2268 3873; x_wconf 88' lang='lat' dir='ltr'>mundo</span> <span class='ocrx_word' id='word_1_598' title='bbox 2314 3813 2494 3869; x_wconf 91' lang='lat' dir='ltr'>lucere</span> <span class='ocrx_word' id='word_1_599' title='bbox 2537 3812 2808 3884; x_wconf 90' lang='lat' dir='ltr'>omnibus,</span> <span class='ocrx_word' id='word_1_600' title='bbox 2854 3820 3018 3884; x_wconf 88' lang='lat' dir='ltr'>atque</span> <span class='ocrx_word' id='word_1_601' title='bbox 3078 3811 3313 3866; x_wconf 91' lang='lat' dir='ltr'>insulsas</span> <span class='ocrx_word' id='word_1_602' title='bbox 3382 3811 3663 3867; x_wconf 90' lang='lat' dir='ltr'>hominum</span> 
     </span>
    </p>
   </div>
   <div class='ocr_carea' id='block_1_87' title="bbox 2065 3900 3666 3975">
    <p class='ocr_par' dir='ltr' id='par_1_87' title="bbox 2065 3900 3666 3975">
     <span class='ocr_line' id='line_1_87' title="bbox 2065 3900 3666 3975; baseline -0.004 -15"><span class='ocrx_word' id='word_1_603' title='bbox 2065 3913 2275 3960; x_wconf 90' lang='lat' dir='ltr'>mentes</span> <span class='ocrx_word' id='word_1_604' title='bbox 2306 3902 2584 3975; x_wconf 62' lang='lat' dir='ltr'>sapientia</span> <span class='ocrx_word' id='word_1_605' title='bbox 2612 3902 2850 3958; x_wconf 61' lang='lat' dir='ltr'>caelestis</span> <span class='ocrx_word' id='word_1_606' title='bbox 2880 3902 2993 3956; x_wconf 90' lang='lat' dir='ltr'>sale</span> <span class='ocrx_word' id='word_1_607' title='bbox 3023 3901 3247 3958; x_wconf 91' lang='lat' dir='ltr'>condire</span> <span class='ocrx_word' id='word_1_608' title='bbox 3277 3900 3666 3956; x_wconf 90' lang='lat' dir='ltr'>instantissime</span> 
     </span>
    </p>
   </div>
   <div class='ocr_carea' id='block_1_88' title="bbox 2067 3989 3666 4062">
    <p class='ocr_par' dir='ltr' id='par_1_88' title="bbox 2067 3989 3666 4062">
     <span class='ocr_line' id='line_1_88' title="bbox 2067 3989 3666 4062; baseline -0.004 -13"><span class='ocrx_word' id='word_1_609' title='bbox 2067 3994 2276 4050; x_wconf 88' lang='lat' dir='ltr'>debetis</span> <span class='ocrx_word' id='word_1_610' title='bbox 2298 3993 2325 4047; x_wconf 83' lang='lat'>‘?</span> <span class='ocrx_word' id='word_1_611' title='bbox 2355 3993 2549 4048; x_wconf 90' lang='lat' dir='ltr'>Nonne</span> <span class='ocrx_word' id='word_1_612' title='bbox 2566 4007 2664 4047; x_wconf 87' lang='lat' dir='ltr'>vos</span> <span class='ocrx_word' id='word_1_613' title='bbox 2682 3991 2860 4062; x_wconf 88' lang='lat' dir='ltr'>posuit</span> <span class='ocrx_word' id='word_1_614' title='bbox 2882 3990 3112 4061; x_wconf 92' lang='lat' dir='ltr'>Spiritus</span> <span class='ocrx_word' id='word_1_615' title='bbox 3135 3997 3354 4046; x_wconf 89' lang='lat' dir='ltr'>sanctus</span> <span class='ocrx_word' id='word_1_616' title='bbox 3375 3989 3666 4061; x_wconf 83' lang='lat' dir='ltr'>episcOpos</span> 
     </span>
    </p>
   </div>
   <div class='ocr_carea' id='block_1_89' title="bbox 2067 4078 3666 4156">
    <p class='ocr_par' dir='ltr' id='par_1_89' title="bbox 2067 4078 3666 4156">
     <span class='ocr_line' id='line_1_89' title="bbox 2067 4078 3666 4156; baseline -0.004 -18"><span class='ocrx_word' id='word_1_617' title='bbox 2067 4099 2260 4156; x_wconf 87' lang='lat' dir='ltr'>regere</span> <span class='ocrx_word' id='word_1_618' title='bbox 2283 4081 2589 4137; x_wconf 86' lang='lat' dir='ltr'>Ecclesiam</span> <span class='ocrx_word' id='word_1_619' title='bbox 2606 4079 2725 4146; x_wconf 92' lang='lat' dir='ltr'>Dei,</span> <span class='ocrx_word' id='word_1_620' title='bbox 2749 4095 2905 4150; x_wconf 90' lang='lat' dir='ltr'>quam</span> <span class='ocrx_word' id='word_1_621' title='bbox 2921 4078 3208 4150; x_wconf 88' lang='lat' dir='ltr'>acquisivit</span> <span class='ocrx_word' id='word_1_622' title='bbox 3231 4078 3499 4151; x_wconf 84' lang='lat' dir='ltr'>sanguine</span> <span class='ocrx_word' id='word_1_623' title='bbox 3524 4094 3624 4133; x_wconf 88' lang='lat' dir='ltr'>suo</span> <span class='ocrx_word' id='word_1_624' title='bbox 3638 4078 3666 4131; x_wconf 83' lang='lat'><strong>?</strong></span> 
     </span>
    </p>
   </div>
   <div class='ocr_carea' id='block_1_90' title="bbox 2065 4166 3665 4242">
    <p class='ocr_par' dir='ltr' id='par_1_90' title="bbox 2065 4166 3665 4242">
     <span class='ocr_line' id='line_1_90' title="bbox 2065 4166 3665 4242; baseline -0.003 -16"><span class='ocrx_word' id='word_1_625' title='bbox 2065 4173 2260 4226; x_wconf 89' lang='lat' dir='ltr'>Nonne</span> <span class='ocrx_word' id='word_1_626' title='bbox 2276 4170 2450 4242; x_wconf 88' lang='lat' dir='ltr'>magis</span> <span class='ocrx_word' id='word_1_627' title='bbox 2471 4176 2712 4224; x_wconf 89' lang='lat' dir='ltr'>vestrum</span> <span class='ocrx_word' id='word_1_628' title='bbox 2725 4174 2839 4223; x_wconf 91' lang='lat' dir='ltr'>erat</span> <span class='ocrx_word' id='word_1_629' title='bbox 2856 4167 3052 4223; x_wconf 89' lang='lat' dir='ltr'>docere</span> <span class='ocrx_word' id='word_1_630' title='bbox 3067 4166 3346 4237; x_wconf 91' lang='lat' dir='ltr'>populum,</span> <span class='ocrx_word' id='word_1_631' title='bbox 3363 4181 3470 4221; x_wconf 93' lang='lat' dir='ltr'>non</span> <span class='ocrx_word' id='word_1_632' title='bbox 3484 4173 3665 4221; x_wconf 89' lang='lat' dir='ltr'>autem</span> 
     </span>
    </p>
   </div>
   <div class='ocr_carea' id='block_1_91' title="bbox 2068 4254 3666 4330">
    <p class='ocr_par' dir='ltr' id='par_1_91' title="bbox 2068 4254 3666 4330">
     <span class='ocr_line' id='line_1_91' title="bbox 2068 4254 3666 4330; baseline -0.004 -16"><span class='ocrx_word' id='word_1_633' title='bbox 2068 4261 2124 4314; x_wconf 89' lang='lat' dir='ltr'>in</span> <span class='ocrx_word' id='word_1_634' title='bbox 2154 4269 2262 4314; x_wconf 88' lang='lat' dir='ltr'>tam</span> <span class='ocrx_word' id='word_1_635' title='bbox 2288 4258 2562 4330; x_wconf 89' lang='lat' dir='ltr'>perversis</span> <span class='ocrx_word' id='word_1_636' title='bbox 2592 4257 2754 4311; x_wconf 90' lang='lat' dir='ltr'>rebus</span> <span class='ocrx_word' id='word_1_637' title='bbox 2784 4271 3067 4310; x_wconf 78' lang='lat' dir='ltr'>assensum</span> <span class='ocrx_word' id='word_1_638' title='bbox 3091 4254 3336 4325; x_wconf 65' lang='lat' dir='ltr'>prmbere</span> <span class='ocrx_word' id='word_1_639' title='bbox 3358 4255 3385 4310; x_wconf 86' lang='lat'><strong>?</strong></span> <span class='ocrx_word' id='word_1_640' title='bbox 3404 4255 3666 4310; x_wconf 90' lang='lat' dir='ltr'>Dolemus</span> 
     </span>
    </p>
   </div>
   <div class='ocr_carea' id='block_1_92' title="bbox 2068 4343 3672 4422">
    <p class='ocr_par' dir='ltr' id='par_1_92' title="bbox 2068 4343 3672 4422">
     <span class='ocr_line' id='line_1_92' title="bbox 2068 4343 3672 4422; baseline -0.005 -17"><span class='ocrx_word' id='word_1_641' title='bbox 2068 4349 2248 4422; x_wconf 91' lang='lat' dir='ltr'>itaque</span> <span class='ocrx_word' id='word_1_642' title='bbox 2262 4349 2330 4404; x_wconf 92' lang='lat' dir='ltr'>de</span> <span class='ocrx_word' id='word_1_643' title='bbox 2352 4347 2520 4417; x_wconf 88' lang='lat' dir='ltr'>vobis,</span> <span class='ocrx_word' id='word_1_644' title='bbox 2547 4346 2701 4418; x_wconf 91' lang='lat' dir='ltr'>quasi</span> <span class='ocrx_word' id='word_1_645' title='bbox 2722 4347 2790 4401; x_wconf 91' lang='lat' dir='ltr'>de</span> <span class='ocrx_word' id='word_1_646' title='bbox 2806 4344 3068 4401; x_wconf 90' lang='lat' dir='ltr'>membris</span> <span class='ocrx_word' id='word_1_647' title='bbox 3088 4343 3329 4416; x_wconf 91' lang='lat' dir='ltr'>corporis</span> <span class='ocrx_word' id='word_1_648' title='bbox 3351 4343 3567 4410; x_wconf 88' lang='lat' dir='ltr'>Christi,</span> <span class='ocrx_word' id='word_1_649' title='bbox 3592 4343 3672 4398; x_wconf 89' lang='lat' dir='ltr'>di-</span> 
     </span>
    </p>
   </div>
   <div class='ocr_carea' id='block_1_93' title="bbox 2071 4435 3665 4508">
    <p class='ocr_par' dir='ltr' id='par_1_93' title="bbox 2071 4435 3665 4508">
     <span class='ocr_line' id='line_1_93' title="bbox 2071 4435 3665 4508; baseline -0.004 -13"><span class='ocrx_word' id='word_1_650' title='bbox 2071 4448 2257 4495; x_wconf 90' lang='lat' dir='ltr'>centes</span> <span class='ocrx_word' id='word_1_651' title='bbox 2277 4455 2400 4494; x_wconf 93' lang='lat' dir='ltr'>cum</span> <span class='ocrx_word' id='word_1_652' title='bbox 2412 4437 2680 4508; x_wconf 88' lang='lat' dir='ltr'>Propheta</span> <span class='ocrx_word' id='word_1_653' title='bbox 2701 4455 2714 4490; x_wconf 88' lang='lat'><strong>:</strong></span> <span class='ocrx_word' id='word_1_654' title='bbox 2736 4439 2993 4493; x_wconf 82' lang='lat' dir='ltr'>Ventrem</span> <span class='ocrx_word' id='word_1_655' title='bbox 3009 4451 3198 4490; x_wconf 87' lang='lat' dir='ltr'>meum</span> <span class='ocrx_word' id='word_1_656' title='bbox 3211 4435 3382 4500; x_wconf 85' lang='lat' dir='ltr'>doleo,</span> <span class='ocrx_word' id='word_1_657' title='bbox 3408 4437 3665 4489; x_wconf 87' lang='lat' dir='ltr'>ventrem</span> 
     </span>
    </p>
   </div>
   <div class='ocr_carea' id='block_1_94' title="bbox 375 4516 3666 4619">
    <p class='ocr_par' dir='ltr' id='par_1_94' title="bbox 375 4516 3666 4619">
     <span class='ocr_line' id='line_1_94' title="bbox 375 4516 3666 4619; baseline -0.009 -14"><span class='ocrx_word' id='word_1_658' title='bbox 375 4549 640 4619; x_wconf 82' lang='lat' dir='ltr'>Increpat</span> <span class='ocrx_word' id='word_1_659' title='bbox 687 4562 879 4619; x_wconf 84' lang='lat' dir='ltr'>eorum</span> <span class='ocrx_word' id='word_1_660' title='bbox 918 4516 1343 4619; x_wconf 76' lang='lat' dir='ltr'>inﬁdelitatem,</span> <span class='ocrx_word' id='word_1_661' title='bbox 1402 4543 1698 4619; x_wconf 78' lang='lat' dir='ltr'>monetque</span> <span class='ocrx_word' id='word_1_662' title='bbox 1720 4541 1783 4619; x_wconf 74' lang='lat' dir='ltr'>ut</span> <span class='ocrx_word' id='word_1_663' title='bbox 1820 4536 1961 4619; x_wconf 76' lang='lat' dir='ltr'>resi-</span> <span class='ocrx_word' id='word_1_664' title='bbox 1993 4516 2045 4576; x_wconf 84' lang='lat' dir='ltr'><strong>D</strong></span> <span class='ocrx_word' id='word_1_665' title='bbox 2071 4546 2261 4586; x_wconf 88' lang='lat' dir='ltr'>meum</span> <span class='ocrx_word' id='word_1_666' title='bbox 2277 4528 2448 4619; x_wconf 85' lang='lat' dir='ltr'>doleo,</span> <span class='ocrx_word' id='word_1_667' title='bbox 2468 4543 2665 4619; x_wconf 79' lang='lat' dir='ltr'>sensus</span> <span class='ocrx_word' id='word_1_668' title='bbox 2683 4527 2862 4582; x_wconf 87' lang='lat' dir='ltr'>cordis</span> <span class='ocrx_word' id='word_1_669' title='bbox 2879 4528 2997 4619; x_wconf 83' lang='lat' dir='ltr'>mei</span> <span class='ocrx_word' id='word_1_670' title='bbox 3019 4526 3234 4581; x_wconf 84' lang='lat' dir='ltr'>turbati</span> <span class='ocrx_word' id='word_1_671' title='bbox 3249 4527 3385 4580; x_wconf 88' lang='lat' dir='ltr'>sunt</span> <span class='ocrx_word' id='word_1_672' title='bbox 3407 4524 3540 4593; x_wconf 86' lang='lat' dir='ltr'>(Jer.</span> <span class='ocrx_word' id='word_1_673' title='bbox 3562 4521 3666 4619; x_wconf 60' lang='lat' dir='ltr'>tvj;</span> 
     </span>
    </p>
   </div>
   <div class='ocr_carea' id='block_1_95' title="bbox 445 4607 1944 4692">
    <p class='ocr_par' dir='ltr' id='par_1_95' title="bbox 445 4607 1944 4692">
     <span class='ocr_line' id='line_1_95' title="bbox 445 4607 1944 4692; baseline -0.009 -18"><span class='ocrx_word' id='word_1_674' title='bbox 445 4607 693 4692; x_wconf 75' lang='lat' dir='ltr'>piscant,</span> <span class='ocrx_word' id='word_1_675' title='bbox 751 4633 814 4692; x_wconf 88' lang='lat' dir='ltr'>ac</span> <span class='ocrx_word' id='word_1_676' title='bbox 849 4607 1054 4692; x_wconf 76' lang='lat' dir='ltr'>legatos</span> <span class='ocrx_word' id='word_1_677' title='bbox 1084 4633 1118 4670; x_wconf 80' lang='grc' dir='ltr'>(ι</span> <span class='ocrx_word' id='word_1_678' title='bbox 1147 4614 1271 4669; x_wconf 85' lang='lat' dir='ltr'>sede</span> <span class='ocrx_word' id='word_1_679' title='bbox 1312 4607 1620 4685; x_wconf 75' lang='lat' dir='ltr'>apostolica</span> <span class='ocrx_word' id='word_1_680' title='bbox 1666 4611 1864 4666; x_wconf 83' lang='lat' dir='ltr'>missos</span> <span class='ocrx_word' id='word_1_681' title='bbox 1886 4607 1944 4662; x_wconf 81' lang='lat' dir='ltr'>be</span> 
     </span>
    </p>
   </div>
   <div class='ocr_carea' id='block_1_96' title="bbox 452 4688 988 4761">
    <p class='ocr_par' dir='ltr' id='par_1_96' title="bbox 452 4688 988 4761">
     <span class='ocr_line' id='line_1_96' title="bbox 452 4688 988 4761; baseline -0.004 -19"><span class='ocrx_word' id='word_1_682' title='bbox 452 4688 623 4761; x_wconf 80' lang='lat' dir='ltr'>nigne</span> <span class='ocrx_word' id='word_1_683' title='bbox 655 4688 988 4760; x_wconf 81' lang='lat' dir='ltr'>suscipiant.</span> 
     </span>
    </p>
   </div>
   <div class='ocr_carea' id='block_1_97' title="bbox 448 4769 1970 4846">
    <p class='ocr_par' dir='ltr' id='par_1_97' title="bbox 448 4769 1970 4846">
     <span class='ocr_line' id='line_1_97' title="bbox 448 4769 1970 4846; baseline -0.005 -13"><span class='ocrx_word' id='word_1_684' title='bbox 448 4778 732 4835; x_wconf 83' lang='lat' dir='ltr'>Relatione</span> <span class='ocrx_word' id='word_1_685' title='bbox 760 4793 894 4832; x_wconf 91' lang='lat' dir='ltr'>vera</span> <span class='ocrx_word' id='word_1_686' title='bbox 915 4785 937 4810; x_wconf 75' lang='grc' dir='ltr'>ει</span> <span class='ocrx_word' id='word_1_687' title='bbox 959 4775 1246 4830; x_wconf 90' lang='lat' dir='ltr'>didicimus</span> <span class='ocrx_word' id='word_1_688' title='bbox 1265 4773 1409 4846; x_wconf 92' lang='lat' dir='ltr'>quod</span> <span class='ocrx_word' id='word_1_689' title='bbox 1432 4772 1630 4827; x_wconf 91' lang='lat' dir='ltr'>dilecto</span> <span class='ocrx_word' id='word_1_690' title='bbox 1650 4787 1712 4827; x_wconf 87' lang='lat' dir='ltr'>ac</span> <span class='ocrx_word' id='word_1_691' title='bbox 1743 4769 1970 4841; x_wconf 90' lang='lat' dir='ltr'>spiritali</span> 
     </span>
    </p>
   </div>
   <div class='ocr_carea' id='block_1_98' title="bbox 381 4863 1970 4938">
    <p class='ocr_par' dir='ltr' id='par_1_98' title="bbox 381 4863 1970 4938">
     <span class='ocr_line' id='line_1_98' title="bbox 381 4863 1970 4938; baseline -0.006 -16"><span class='ocrx_word' id='word_1_692' title='bbox 381 4867 491 4923; x_wconf 88' lang='lat' dir='ltr'>ﬁlio</span> <span class='ocrx_word' id='word_1_693' title='bbox 519 4875 707 4923; x_wconf 91' lang='lat' dir='ltr'>nostro</span> <span class='ocrx_word' id='word_1_694' title='bbox 739 4866 931 4920; x_wconf 90' lang='lat' dir='ltr'>Carolo</span> <span class='ocrx_word' id='word_1_695' title='bbox 952 4863 1347 4938; x_wconf 88' lang='lat' dir='ltr'>gloriosissimo</span> <span class='ocrx_word' id='word_1_696' title='bbox 1365 4863 1683 4934; x_wconf 88' lang='lat' dir='ltr'>imperatore</span> <span class='ocrx_word' id='word_1_697' title='bbox 1705 4864 1970 4932; x_wconf 82' lang='lat' dir='ltr'>Augusto,</span> 
     </span>
    </p>
   </div>
   <div class='ocr_carea' id='block_1_99' title="bbox 384 4949 1974 5023">
    <p class='ocr_par' dir='ltr' id='par_1_99' title="bbox 384 4949 1974 5023">
     <span class='ocr_line' id='line_1_99' title="bbox 384 4949 1974 5023; baseline -0.006 -11"><span class='ocrx_word' id='word_1_698' title='bbox 384 4958 600 5012; x_wconf 88' lang='lat' dir='ltr'>seniore</span> <span class='ocrx_word' id='word_1_699' title='bbox 646 4964 846 5023; x_wconf 91' lang='lat' dir='ltr'>vestro,</span> <span class='ocrx_word' id='word_1_700' title='bbox 901 4956 968 5010; x_wconf 89' lang='lat' dir='ltr'>ad</span> <span class='ocrx_word' id='word_1_701' title='bbox 1011 4953 1195 5008; x_wconf 88' lang='lat' dir='ltr'>limina</span> <span class='ocrx_word' id='word_1_702' title='bbox 1238 4959 1552 5008; x_wconf 89' lang='lat' dir='ltr'>sanctorum</span> <span class='ocrx_word' id='word_1_703' title='bbox 1607 4949 1974 5020; x_wconf 83' lang='lat' dir='ltr'>aposlolorum</span> 
     </span>
    </p>
   </div>
   <div class='ocr_carea' id='block_1_100' title="bbox 382 5037 1975 5115">
    <p class='ocr_par' dir='ltr' id='par_1_100' title="bbox 382 5037 1975 5115">
     <span class='ocr_line' id='line_1_100' title="bbox 382 5037 1975 5115; baseline -0.006 -14"><span class='ocrx_word' id='word_1_704' title='bbox 382 5047 524 5101; x_wconf 89' lang='lat' dir='ltr'>Petri</span> <span class='ocrx_word' id='word_1_705' title='bbox 554 5055 606 5101; x_wconf 91' lang='lat' dir='ltr'>et</span> <span class='ocrx_word' id='word_1_706' title='bbox 635 5045 784 5100; x_wconf 89' lang='lat' dir='ltr'>Pauli</span> <span class='ocrx_word' id='word_1_707' title='bbox 812 5044 1118 5115; x_wconf 88' lang='lat' dir='ltr'>principum</span> <span class='ocrx_word' id='word_1_708' title='bbox 1149 5042 1417 5106; x_wconf 89' lang='lat' dir='ltr'>veniente,</span> <span class='ocrx_word' id='word_1_709' title='bbox 1463 5040 1663 5112; x_wconf 92' lang='lat' dir='ltr'>ubique</span> <span class='ocrx_word' id='word_1_710' title='bbox 1708 5046 1766 5093; x_wconf 92' lang='lat' dir='ltr'>ut</span> <span class='ocrx_word' id='word_1_711' title='bbox 1814 5037 1975 5093; x_wconf 84' lang='lat' dir='ltr'>Chri-</span> 
     </span>
    </p>
   </div>
   <div class='ocr_carea' id='block_1_101' title="bbox 387 5129 1979 5200">
    <p class='ocr_par' dir='ltr' id='par_1_101' title="bbox 387 5129 1979 5200">
     <span class='ocr_line' id='line_1_101' title="bbox 387 5129 1979 5200; baseline -0.004 -12"><span class='ocrx_word' id='word_1_712' title='bbox 387 5135 780 5190; x_wconf 91' lang='lat' dir='ltr'>stianissimum</span> <span class='ocrx_word' id='word_1_713' title='bbox 809 5134 966 5189; x_wconf 87' lang='lat' dir='ltr'>decet</span> <span class='ocrx_word' id='word_1_714' title='bbox 995 5131 1258 5189; x_wconf 67' lang='lat' dir='ltr'>Ecclesiae</span> <span class='ocrx_word' id='word_1_715' title='bbox 1289 5129 1488 5187; x_wconf 91' lang='lat' dir='ltr'>Christi</span> <span class='ocrx_word' id='word_1_716' title='bbox 1519 5137 1828 5200; x_wconf 89' lang='lat' dir='ltr'>patronum,</span> <span class='ocrx_word' id='word_1_717' title='bbox 1852 5134 1979 5183; x_wconf 87' lang='lat' dir='ltr'>vola</span> 
     </span>
    </p>
   </div>
   <div class='ocr_carea' id='block_1_102' title="bbox 449 5272 1980 5338">
    <p class='ocr_par' dir='ltr' id='par_1_102' title="bbox 449 5272 1980 5338">
     <span class='ocr_line' id='line_1_102' title="bbox 449 5272 1980 5338; baseline -0.005 -7"><span class='ocrx_word' id='word_1_718' title='bbox 449 5293 472 5320; x_wconf 73' lang='grc' dir='ltr'>ι</span> <span class='ocrx_word' id='word_1_719' title='bbox 496 5280 752 5331; x_wconf 80' lang='lat' dir='ltr'>Rclatione</span> <span class='ocrx_word' id='word_1_720' title='bbox 776 5291 918 5329; x_wconf 86' lang='lat' dir='ltr'>vera.</span> <span class='ocrx_word' id='word_1_721' title='bbox 947 5279 1145 5329; x_wconf 89' lang='lat' dir='ltr'>Eorum</span> <span class='ocrx_word' id='word_1_722' title='bbox 1199 5276 1278 5338; x_wconf 86' lang='lat' dir='ltr'>qui</span> <span class='ocrx_word' id='word_1_723' title='bbox 1321 5279 1434 5325; x_wconf 88' lang='lat' dir='ltr'>tunc</span> <span class='ocrx_word' id='word_1_724' title='bbox 1475 5288 1503 5324; x_wconf 90' lang='lat' dir='ltr'>a</span> <span class='ocrx_word' id='word_1_725' title='bbox 1542 5272 1715 5323; x_wconf 91' lang='lat' dir='ltr'>Carolo</span> <span class='ocrx_word' id='word_1_726' title='bbox 1735 5272 1980 5323; x_wconf 86' lang='lat' dir='ltr'>descivere</span> 
     </span>
    </p>
   </div>
   <div class='ocr_carea' id='block_1_103' title="bbox 380 5339 1982 5412">
    <p class='ocr_par' dir='ltr' id='par_1_103' title="bbox 380 5339 1982 5412">
     <span class='ocr_line' id='line_1_103' title="bbox 380 5339 1982 5412; baseline -0.004 -14"><span class='ocrx_word' id='word_1_727' title='bbox 380 5349 614 5412; x_wconf 88' lang='lat' dir='ltr'>princeps</span> <span class='ocrx_word' id='word_1_728' title='bbox 630 5347 740 5406; x_wconf 89' lang='lat' dir='ltr'>fuit,</span> <span class='ocrx_word' id='word_1_729' title='bbox 757 5346 978 5396; x_wconf 81' lang='lat' dir='ltr'>Aimonio</span> <span class='ocrx_word' id='word_1_730' title='bbox 995 5348 1140 5403; x_wconf 90' lang='lat' dir='ltr'>teste,</span> <span class='ocrx_word' id='word_1_731' title='bbox 1159 5343 1494 5412; x_wconf 79' lang='lat' dir='ltr'>lngelramnus</span> <span class='ocrx_word' id='word_1_732' title='bbox 1509 5353 1667 5412; x_wconf 85' lang='lat' dir='ltr'>nuper</span> <span class='ocrx_word' id='word_1_733' title='bbox 1683 5339 1982 5412; x_wconf 79' lang='lat' dir='ltr'>camerarius</span> 
     </span>
    </p>
   </div>
   <div class='ocr_carea' id='block_1_104' title="bbox 380 5407 1980 5476">
    <p class='ocr_par' dir='ltr' id='par_1_104' title="bbox 380 5407 1980 5476">
     <span class='ocr_line' id='line_1_104' title="bbox 380 5407 1980 5476; baseline -0.006 -12"><span class='ocrx_word' id='word_1_734' title='bbox 380 5407 584 5476; x_wconf 68' lang='lat' dir='ltr'>regique</span> <span class='ocrx_word' id='word_1_735' title='bbox 626 5414 845 5475; x_wconf 91' lang='lat' dir='ltr'>intimus,</span> <span class='ocrx_word' id='word_1_736' title='bbox 885 5425 1013 5463; x_wconf 82' lang='lat' dir='ltr'>nunc.</span> <span class='ocrx_word' id='word_1_737' title='bbox 1055 5411 1298 5462; x_wconf 86' lang='lat' dir='ltr'>Ludovico</span> <span class='ocrx_word' id='word_1_738' title='bbox 1340 5408 1614 5476; x_wconf 71' lang='lat' dir='ltr'>Germania:</span> <span class='ocrx_word' id='word_1_739' title='bbox 1662 5407 1766 5476; x_wconf 80' lang='lat' dir='ltr'>regi</span> <span class='ocrx_word' id='word_1_740' title='bbox 1811 5411 1980 5476; x_wconf 85' lang='lat' dir='ltr'>auctor</span> 
     </span>
    </p>
   </div>
   <div class='ocr_carea' id='block_1_105' title="bbox 385 5474 1980 5541">
    <p class='ocr_par' dir='ltr' id='par_1_105' title="bbox 385 5474 1980 5541">
     <span class='ocr_line' id='line_1_105' title="bbox 385 5474 1980 5541; baseline -0.004 -11"><span class='ocrx_word' id='word_1_741' title='bbox 385 5474 591 5532; x_wconf 69' lang='lat' dir='ltr'>fraterni</span> <span class='ocrx_word' id='word_1_742' title='bbox 619 5481 758 5541; x_wconf 82' lang='lat' dir='ltr'>regni</span> <span class='ocrx_word' id='word_1_743' title='bbox 784 5474 1057 5531; x_wconf 87' lang='lat' dir='ltr'>invadendi.</span> <span class='ocrx_word' id='word_1_744' title='bbox 1081 5479 1148 5528; x_wconf 82' lang='lat' dir='ltr'>De</span> <span class='ocrx_word' id='word_1_745' title='bbox 1175 5477 1254 5527; x_wconf 91' lang='lat' dir='ltr'>his</span> <span class='ocrx_word' id='word_1_746' title='bbox 1281 5489 1396 5540; x_wconf 84' lang='lat' dir='ltr'>ergo</span> <span class='ocrx_word' id='word_1_747' title='bbox 1421 5475 1669 5526; x_wconf 81' lang='lat' dir='ltr'>Aimonius</span> <span class='ocrx_word' id='word_1_748' title='bbox 1694 5474 1822 5524; x_wconf 88' lang='lat' dir='ltr'>idem</span> <span class='ocrx_word' id='word_1_749' title='bbox 1863 5475 1980 5541; x_wconf 76' lang='lat' dir='ltr'>(imo</span> 
     </span>
    </p>
   </div>
   <div class='ocr_carea' id='block_1_106' title="bbox 381 5539 1979 5666">
    <p class='ocr_par' dir='ltr' id='par_1_106' title="bbox 381 5539 1979 5666">
     <span class='ocr_line' id='line_1_106' title="bbox 381 5539 1979 5666; baseline -0.004 -68"><span class='ocrx_word' id='word_1_750' title='bbox 381 5550 491 5666; x_wconf 44' lang='grc' dir='ltr'>ἵξις</span> <span class='ocrx_word' id='word_1_751' title='bbox 509 5539 826 5666; x_wconf 56' lang='grc' dir='ltr'>Οοηιὶηὶιὲιὲον</span> <span class='ocrx_word' id='word_1_752' title='bbox 846 5560 909 5599; x_wconf 77' lang='lat' dir='ltr'>ea:</span> <span class='ocrx_word' id='word_1_753' title='bbox 934 5546 1204 5598; x_wconf 75' lang='lat' dir='ltr'>Annalibus</span> <span class='ocrx_word' id='word_1_754' title='bbox 1250 5539 1555 5596; x_wconf 70' lang='lat' dir='ltr'>Bertinianis</span> <span class='ocrx_word' id='word_1_755' title='bbox 1594 5543 1659 5592; x_wconf 81' lang='lat' dir='ltr'>ad</span> <span class='ocrx_word' id='word_1_756' title='bbox 1697 5555 1778 5592; x_wconf 81' lang='lat' dir='ltr'>an.</span> <span class='ocrx_word' id='word_1_757' title='bbox 1833 5539 1979 5607; x_wconf 80' lang='lat'>875),</span> 
     </span>
     <span class='ocr_line' id='line_1_107' title="bbox 401 5628 807 5666; baseline -0.007 0"><span class='ocrx_word' id='word_1_758' title='bbox 401 5629 417 5666; x_wconf 86' lang='lat'><strong>1</strong></span> <span class='ocrx_word' id='word_1_759' title='bbox 458 5653 471 5666; x_wconf 96' lang='lat'>.</span> <span class='ocrx_word' id='word_1_760' title='bbox 498 5628 549 5666; x_wconf 84' lang='lat' dir='ltr'>v.</span> <span class='ocrx_word' id='word_1_761' title='bbox 570 5628 678 5666; x_wconf 85' lang='lat' dir='ltr'>can.</span> <span class='ocrx_word' id='word_1_762' title='bbox 795 5632 807 5663; x_wconf 91' lang='lat'><strong>:</strong></span> 
     </span>
    </p>
   </div>
   <div class='ocr_carea' id='block_1_107' title="bbox 401 5615 807 5680">
    <p class='ocr_par' dir='ltr' id='par_1_107' title="bbox 401 5615 807 5680">
     <span class='ocr_line' id='line_1_108' title="bbox 401 5615 807 5680; baseline -0.012 -12"><span class='ocrx_word' id='word_1_763' title='bbox 401 5615 471 5668; x_wconf 86' lang='lat' dir='ltr'>ib.</span> <span class='ocrx_word' id='word_1_764' title='bbox 498 5628 549 5680; x_wconf 86' lang='lat' dir='ltr'>v,</span> <span class='ocrx_word' id='word_1_765' title='bbox 570 5628 678 5680; x_wconf 88' lang='lat' dir='ltr'>cap.</span> <span class='ocrx_word' id='word_1_766' title='bbox 702 5615 767 5668; x_wconf 72' lang='grc'>32</span> <span class='ocrx_word' id='word_1_767' title='bbox 795 5632 807 5663; x_wconf 92' lang='lat'><strong>:</strong></span> 
     </span>
    </p>
   </div>
   <div class='ocr_carea' id='block_1_108' title="bbox 2073 4613 3666 4690">
    <p class='ocr_par' dir='ltr' id='par_1_108' title="bbox 2073 4613 3666 4690">
     <span class='ocr_line' id='line_1_109' title="bbox 2073 4613 3666 4690; baseline -0.006 -15"><span class='ocrx_word' id='word_1_768' title='bbox 2073 4628 2126 4675; x_wconf 91' lang='lat' dir='ltr'>et</span> <span class='ocrx_word' id='word_1_769' title='bbox 2146 4620 2337 4674; x_wconf 91' lang='lat' dir='ltr'>iterum</span> <span class='ocrx_word' id='word_1_770' title='bbox 2365 4636 2377 4672; x_wconf 94' lang='lat'>:</span> <span class='ocrx_word' id='word_1_771' title='bbox 2401 4618 2532 4686; x_wconf 82' lang='lat' dir='ltr'>Quis</span> <span class='ocrx_word' id='word_1_772' title='bbox 2554 4617 2712 4673; x_wconf 80' lang='lat' dir='ltr'>dabit</span> <span class='ocrx_word' id='word_1_773' title='bbox 2733 4618 2887 4690; x_wconf 85' lang='lat' dir='ltr'>capti</span> <span class='ocrx_word' id='word_1_774' title='bbox 2951 4631 3072 4672; x_wconf 90' lang='lat' dir='ltr'>meo</span> <span class='ocrx_word' id='word_1_775' title='bbox 3126 4631 3348 4687; x_wconf 86' lang='lat' dir='ltr'>aquam,</span> <span class='ocrx_word' id='word_1_776' title='bbox 3411 4616 3468 4668; x_wconf 89' lang='lat' dir='ltr'>et</span> <span class='ocrx_word' id='word_1_777' title='bbox 3487 4613 3666 4667; x_wconf 87' lang='lat' dir='ltr'>oculis</span> 
     </span>
    </p>
   </div>
   <div class='ocr_carea' id='block_1_109' title="bbox 2075 4714 3666 4792">
    <p class='ocr_par' dir='ltr' id='par_1_109' title="bbox 2075 4714 3666 4792">
     <span class='ocr_line' id='line_1_110' title="bbox 2075 4714 3666 4792; baseline -0.006 -15"><span class='ocrx_word' id='word_1_778' title='bbox 2075 4723 2212 4777; x_wconf 83' lang='lat' dir='ltr'>meis</span> <span class='ocrx_word' id='word_1_779' title='bbox 2245 4722 2463 4792; x_wconf 84' lang='lat' dir='ltr'>fontem</span> <span class='ocrx_word' id='word_1_780' title='bbox 2501 4719 2898 4789; x_wconf 86' lang='lat' dir='ltr'>lacrymarum,</span> <span class='ocrx_word' id='word_1_781' title='bbox 2954 4718 3012 4770; x_wconf 81' lang='lat' dir='ltr'>et</span> <span class='ocrx_word' id='word_1_782' title='bbox 3076 4715 3344 4786; x_wconf 86' lang='lat' dir='ltr'>plangam</span> <span class='ocrx_word' id='word_1_783' title='bbox 3394 4714 3666 4785; x_wconf 81' lang='lat' dir='ltr'>populum</span> 
     </span>
    </p>
   </div>
   <div class='ocr_carea' id='block_1_110' title="bbox 2074 4810 3665 4886">
    <p class='ocr_par' dir='ltr' id='par_1_110' title="bbox 2074 4810 3665 4886">
     <span class='ocr_line' id='line_1_111' title="bbox 2074 4810 3665 4886; baseline -0.005 -10"><span class='ocrx_word' id='word_1_784' title='bbox 2074 4822 2250 4877; x_wconf 84' lang='lat' dir='ltr'>istum</span> <span class='ocrx_word' id='word_1_785' title='bbox 2271 4819 2360 4874; x_wconf 87' lang='lat' dir='ltr'>die</span> <span class='ocrx_word' id='word_1_786' title='bbox 2381 4835 2445 4875; x_wconf 87' lang='lat' dir='ltr'>ac</span> <span class='ocrx_word' id='word_1_787' title='bbox 2470 4821 2634 4872; x_wconf 88' lang='lat' dir='ltr'>nocte</span> <span class='ocrx_word' id='word_1_788' title='bbox 2657 4817 2830 4886; x_wconf 81' lang='lat' dir='ltr'>?(Jer.</span> <span class='ocrx_word' id='word_1_789' title='bbox 2852 4813 2958 4884; x_wconf 81' lang='lat' dir='ltr'>IX.)</span> <span class='ocrx_word' id='word_1_790' title='bbox 2982 4810 3330 4883; x_wconf 86' lang='lat' dir='ltr'>Quapropter</span> <span class='ocrx_word' id='word_1_791' title='bbox 3359 4825 3665 4880; x_wconf 88' lang='lat' dir='ltr'>monemus,</span> 
     </span>
    </p>
   </div>
   <div class='ocr_carea' id='block_1_111' title="bbox 2074 4908 3666 4984">
    <p class='ocr_par' dir='ltr' id='par_1_111' title="bbox 2074 4908 3666 4984">
     <span class='ocr_line' id='line_1_112' title="bbox 2074 4908 3666 4984; baseline -0.005 -10"><span class='ocrx_word' id='word_1_792' title='bbox 2074 4921 2374 4984; x_wconf 90' lang='lat' dir='ltr'>hortamur,</span> <span class='ocrx_word' id='word_1_793' title='bbox 2407 4925 2459 4973; x_wconf 92' lang='lat' dir='ltr'>et</span> <span class='ocrx_word' id='word_1_794' title='bbox 2490 4915 2648 4972; x_wconf 87' lang='lat' dir='ltr'>saluti</span> <span class='ocrx_word' id='word_1_795' title='bbox 2677 4921 2872 4969; x_wconf 69' lang='lat' dir='ltr'>vestrae</span> <span class='ocrx_word' id='word_1_796' title='bbox 2900 4909 3145 4966; x_wconf 91' lang='lat' dir='ltr'>volentes</span> <span class='ocrx_word' id='word_1_797' title='bbox 3173 4923 3274 4981; x_wconf 91' lang='lat' dir='ltr'>pro</span> <span class='ocrx_word' id='word_1_798' title='bbox 3306 4908 3502 4967; x_wconf 69' lang='lat' dir='ltr'>affectu</span> <span class='ocrx_word' id='word_1_799' title='bbox 3534 4925 3666 4967; x_wconf 90' lang='lat' dir='ltr'>con-</span> 
     </span>
    </p>
   </div>
   <div class='ocr_carea' id='block_1_112' title="bbox 2076 5008 3670 5092">
    <p class='ocr_par' dir='ltr' id='par_1_112' title="bbox 2076 5008 3670 5092">
     <span class='ocr_line' id='line_1_113' title="bbox 2076 5008 3670 5092; baseline -0.006 -17"><span class='ocrx_word' id='word_1_800' title='bbox 2076 5020 2271 5085; x_wconf 92' lang='lat' dir='ltr'>sulere,</span> <span class='ocrx_word' id='word_1_801' title='bbox 2297 5032 2629 5092; x_wconf 86' lang='lat' dir='ltr'>magnopere</span> <span class='ocrx_word' id='word_1_802' title='bbox 2650 5013 2942 5070; x_wconf 91' lang='lat' dir='ltr'>suademus</span> <span class='ocrx_word' id='word_1_803' title='bbox 2969 5017 3028 5066; x_wconf 89' lang='lat' dir='ltr'>ut</span> <span class='ocrx_word' id='word_1_804' title='bbox 3056 5008 3464 5081; x_wconf 89' lang='lat' dir='ltr'>resipiscentes,</span> <span class='ocrx_word' id='word_1_805' title='bbox 3512 5017 3670 5066; x_wconf 82' lang='lat' dir='ltr'>tantae</span> 
     </span>
    </p>
   </div>
   <div class='ocr_carea' id='block_1_113' title="bbox 2077 5106 3670 5191">
    <p class='ocr_par' dir='ltr' id='par_1_113' title="bbox 2077 5106 3670 5191">
     <span class='ocr_line' id='line_1_114' title="bbox 2077 5106 3670 5191; baseline -0.007 -17"><span class='ocrx_word' id='word_1_806' title='bbox 2077 5117 2371 5191; x_wconf 90' lang='lat' dir='ltr'>iniquitatis</span> <span class='ocrx_word' id='word_1_807' title='bbox 2392 5123 2610 5172; x_wconf 92' lang='lat' dir='ltr'>auctore</span> <span class='ocrx_word' id='word_1_808' title='bbox 2639 5112 2873 5168; x_wconf 92' lang='lat' dir='ltr'>scelesto</span> <span class='ocrx_word' id='word_1_809' title='bbox 2891 5108 3099 5174; x_wconf 82' lang='lat' dir='ltr'>relicto,</span> <span class='ocrx_word' id='word_1_810' title='bbox 3147 5107 3215 5162; x_wconf 90' lang='lat' dir='ltr'>ad</span> <span class='ocrx_word' id='word_1_811' title='bbox 3254 5108 3370 5162; x_wconf 91' lang='lat' dir='ltr'>Deo</span> <span class='ocrx_word' id='word_1_812' title='bbox 3411 5106 3670 5164; x_wconf 87' lang='lat' dir='ltr'>dilectum</span> 
     </span>
    </p>
   </div>
   <div class='ocr_carea' id='block_1_114' title="bbox 2087 5252 3670 5323">
    <p class='ocr_par' dir='ltr' id='par_1_114' title="bbox 2087 5252 3670 5323">
     <span class='ocr_line' id='line_1_115' title="bbox 2087 5252 3670 5323; baseline -0.007 -10"><span class='ocrx_word' id='word_1_813' title='bbox 2087 5281 2108 5313; x_wconf 70' lang='grc' dir='ltr'><strong>α</strong></span> <span class='ocrx_word' id='word_1_814' title='bbox 2131 5266 2203 5317; x_wconf 83' lang='lat' dir='ltr'>Ad</span> <span class='ocrx_word' id='word_1_815' title='bbox 2230 5263 2581 5323; x_wconf 88' lang='lat' dir='ltr'>obsistendum,</span> <span class='ocrx_word' id='word_1_816' title='bbox 2598 5255 3032 5323; x_wconf 87' lang='lat' dir='ltr'>inquit,Ludovico</span> <span class='ocrx_word' id='word_1_817' title='bbox 3054 5254 3295 5319; x_wconf 88' lang='lat' dir='ltr'>primores</span> <span class='ocrx_word' id='word_1_818' title='bbox 3317 5255 3461 5323; x_wconf 74' lang='lat' dir='ltr'>regni</span> <span class='ocrx_word' id='word_1_819' title='bbox 3493 5252 3670 5316; x_wconf 89' lang='lat' dir='ltr'>Caroli,</span> 
     </span>
    </p>
   </div>
   <div class='ocr_carea' id='block_1_115' title="bbox 2071 5321 3671 5395">
    <p class='ocr_par' dir='ltr' id='par_1_115' title="bbox 2071 5321 3671 5395">
     <span class='ocr_line' id='line_1_116' title="bbox 2071 5321 3671 5395; baseline -0.009 -12"><span class='ocrx_word' id='word_1_820' title='bbox 2071 5332 2277 5395; x_wconf 88' lang='lat' dir='ltr'>jubente</span> <span class='ocrx_word' id='word_1_821' title='bbox 2303 5329 2526 5382; x_wconf 82' lang='lat' dir='ltr'>Richilde</span> <span class='ocrx_word' id='word_1_822' title='bbox 2567 5321 2765 5391; x_wconf 44' lang='lat' dir='ltr'>regi—na,</span> <span class='ocrx_word' id='word_1_823' title='bbox 2797 5327 3108 5395; x_wconf 85' lang='lat' dir='ltr'>sacramento</span> <span class='ocrx_word' id='word_1_824' title='bbox 3143 5334 3197 5395; x_wconf 84' lang='lat' dir='ltr'>se</span> <span class='ocrx_word' id='word_1_825' title='bbox 3238 5321 3671 5395; x_wconf 66' lang='lat' dir='ltr'>confirmaverunt,</span> 
     </span>
    </p>
   </div>
   <div class='ocr_carea' id='block_1_116' title="bbox 2079 5387 3671 5463">
    <p class='ocr_par' dir='ltr' id='par_1_116' title="bbox 2079 5387 3671 5463">
     <span class='ocr_line' id='line_1_117' title="bbox 2079 5387 3671 5463; baseline -0.009 -13"><span class='ocrx_word' id='word_1_826' title='bbox 2079 5387 2205 5463; x_wconf 76' lang='lat' dir='ltr'>quod</span> <span class='ocrx_word' id='word_1_827' title='bbox 2231 5411 2324 5449; x_wconf 91' lang='lat' dir='ltr'>non</span> <span class='ocrx_word' id='word_1_828' title='bbox 2352 5387 2696 5463; x_wconf 80' lang='lat' dir='ltr'>servaverunt,</span> <span class='ocrx_word' id='word_1_829' title='bbox 2737 5387 2824 5445; x_wconf 70' lang='lat' dir='ltr'>Sed</span> <span class='ocrx_word' id='word_1_830' title='bbox 2844 5404 2905 5463; x_wconf 78' lang='lat' dir='ltr'>ex</span> <span class='ocrx_word' id='word_1_831' title='bbox 2943 5404 3030 5444; x_wconf 83' lang='lat' dir='ltr'>sua</span> <span class='ocrx_word' id='word_1_832' title='bbox 3078 5393 3469 5463; x_wconf 69' lang='lat' dir='ltr'>parte__reg_num</span> <span class='ocrx_word' id='word_1_833' title='bbox 3503 5387 3671 5463; x_wconf 63' lang='lat' dir='ltr'>Caroli</span> 
     </span>
    </p>
   </div>
   <div class='ocr_carea' id='block_1_117' title="bbox 2078 5455 3671 5531">
    <p class='ocr_par' dir='ltr' id='par_1_117' title="bbox 2078 5455 3671 5531">
     <span class='ocr_line' id='line_1_118' title="bbox 2078 5455 3671 5531; baseline -0.01 -14"><span class='ocrx_word' id='word_1_834' title='bbox 2078 5455 2454 5531; x_wconf 75' lang='lat' dir='ltr'>pessumdantes</span> <span class='ocrx_word' id='word_1_835' title='bbox 2480 5462 2646 5515; x_wconf 85' lang='lat' dir='ltr'>hostili</span> <span class='ocrx_word' id='word_1_836' title='bbox 2672 5455 2808 5531; x_wconf 78' lang='lat' dir='ltr'>inore</span> <span class='ocrx_word' id='word_1_837' title='bbox 2833 5460 3177 5531; x_wconf 78' lang='lat' dir='ltr'>devastavere.</span> <span class='ocrx_word' id='word_1_838' title='bbox 3206 5455 3439 5508; x_wconf 85' lang='lat' dir='ltr'>Similiter</span> <span class='ocrx_word' id='word_1_839' title='bbox 3480 5455 3671 5531; x_wconf 48' lang='lat' dir='ltr'>muliu-</span> 
     </span>
    </p>
   </div>
   <div class='ocr_carea' id='block_1_118' title="bbox 2077 5520 3667 5590">
    <p class='ocr_par' dir='ltr' id='par_1_118' title="bbox 2077 5520 3667 5590">
     <span class='ocr_line' id='line_1_119' title="bbox 2077 5520 3667 5590; baseline -0.009 -6"><span class='ocrx_word' id='word_1_840' title='bbox 2077 5520 2277 5586; x_wconf 66' lang='lat' dir='ltr'>aOViCLS</span> <span class='ocrx_word' id='word_1_841' title='bbox 2325 5544 2433 5584; x_wconf 89' lang='lat' dir='ltr'>cum</span> <span class='ocrx_word' id='word_1_842' title='bbox 2477 5543 2562 5582; x_wconf 92' lang='lat' dir='ltr'>suo</span> <span class='ocrx_word' id='word_1_843' title='bbox 2589 5530 2809 5582; x_wconf 88' lang='lat' dir='ltr'>exercitu</span> <span class='ocrx_word' id='word_1_844' title='bbox 2845 5529 2974 5583; x_wconf 80' lang='lat' dir='ltr'>idem</span> <span class='ocrx_word' id='word_1_845' title='bbox 3018 5537 3223 5589; x_wconf 74' lang='lat' dir='ltr'>regnum</span> <span class='ocrx_word' id='word_1_846' title='bbox 3272 5520 3618 5590; x_wconf 83' lang='lat' dir='ltr'>pessumdedit.</span> <span class='ocrx_word' id='word_1_847' title='bbox 3644 5537 3667 5562; x_wconf 73' lang='grc' dir='ltr'><strong>ι</strong></span> 
     </span>
    </p>
   </div>
   <div class='ocr_carea' id='block_1_119' title="bbox 2078 5603 2221 5653">
    <p class='ocr_par' dir='ltr' id='par_1_119' title="bbox 2078 5603 2221 5653">
     <span class='ocr_line' id='line_1_120' title="bbox 2078 5603 2221 5653; baseline 0 0"><span class='ocrx_word' id='word_1_848' title='bbox 2078 5603 2221 5653; x_wconf 76' lang='lat' dir='ltr'>Sunt.</span> 
     </span>
    </p>
   </div>
  </div>
