4174 6342
517 319 624 376 667

1759 314 2058 374 JOANNIS
2115 313 2312 370 ΡΑΡᾸΞ
2356 314 2504 374 VIII.

3709 321 3819 374 668

517 441 905 513 imperatorem
924 441 1197 498 seniorem
1213 446 1453 498 vestrum
1470 443 1778 515 Augustum
1798 447 1912 496 toto
1933 439 2115 496 animo
2135 439 2192 498 A
2223 439 2481 510 spiritalis
2526 439 2748 496 Israelis
2794 457 3014 496 murum
3058 440 3415 498 correctionis
3461 441 3817 514 opponimus,

515 527 776 602 ﬁdelique
795 529 1075 587 voluntate
1097 530 1314 599 reverti,
1358 545 1422 585 ac
1461 529 1722 601 deinceps
1757 530 1808 585 ei
1841 527 2118 585 ﬁdeliores

521 618 756 674 existere
788 619 1042 675 omnibus
1081 618 1262 674 modis
1319 618 1650 690 procuratis.
1687 619 1830 674 Nam
1877 624 2118 674 vestrum

518 715 635 762 erat
676 722 868 780 pacem
921 707 1244 763 annuntiare
1309 707 1396 762 his
1443 706 1537 778 qui
1579 721 1750 778 prope
1796 713 1849 762 et
1895 706 1981 760 his
2025 705 2118 776 qui

511 795 677 868 longe
708 804 847 866 sunt,
881 795 1096 852 dicente
1130 795 1363 852 Domino
1391 813 1405 849 :
1441 796 1624 867 Supra
1644 798 1900 852 montem
1919 795 2118 850 excel-

517 901 646 941 sum
665 885 902 942 ascende
925 889 990 940 tu
1009 885 1104 956 qui
1123 884 1488 955 Evangelims
1507 883 1662 940 Sion.
1687 883 1901 950 Clama,
1920 899 1992 939 ne
2009 898 2123 939 ces-

517 989 624 1040 ses,
661 975 824 1047 quasi
845 974 978 1030 tuba
1001 973 1202 1029 exulta
1231 989 1418 1028 vocem
1449 975 1610 1028 tuam
1645 972 1776 1044 (Isa.
1810 973 1942 1043 XL);
1987 987 2118 1028 ves-

516 1068 767 1134 trumque
779 1069 896 1118 erat
914 1061 1230 1117 annuntiare
1241 1059 1444 1132 populo
1457 1059 1668 1115 scelera
1683 1067 1736 1115 et
1753 1067 1981 1130 peccata
1997 1073 2116 1125 sua,

519 1165 590 1206 ne
625 1149 850 1224 sanguis
881 1164 1067 1205 eorum
1097 1149 1167 1204 de
1194 1164 1358 1204 manu
1387 1155 1574 1204 vestra
1603 1165 1634 1202 a
1666 1148 1900 1204 Domino
1928 1147 2119 1220 requi-

522 1245 692 1306 ratur,
725 1253 856 1306 non,
889 1245 948 1293 ut
975 1237 1182 1294 dictum
1211 1244 1312 1304 est,
1342 1236 1518 1309 sequi.
1564 1238 1634 1292 Et
1678 1235 1804 1292 ideo
1848 1235 2120 1292 contami-

523 1325 634 1382 nati
664 1327 798 1383 estis
825 1326 1164 1383 sencundum
1191 1326 1520 1397 Prophetam
1547 1325 1819 1381 dicentem
1843 1343 1857 1380 :
1886 1327 1970 1380 Vw
1989 1327 2122 1398 quia

523 1416 698 1482 tacui,
745 1417 877 1488 quia
931 1415 1018 1470 vir
1072 1415 1325 1485 pollutus
1385 1415 1548 1471 labiis
1604 1430 1698 1486 ego
1751 1429 1897 1480 sum,
1946 1417 2004 1470 et
2057 1415 2122 1470 in

520 1503 704 1561 medio
741 1503 934 1574 populi
991 1503 1212 1576 polluta
1279 1503 1429 1559 labia
1475 1502 1732 1560 habentis
1786 1518 1879 1574 ego
1935 1503 2121 1559 habito

519 1592 652 1661 (Isa.
700 1594 819 1662 vr);
865 1598 919 1646 et
963 1589 1432 1648 communicantes
1473 1589 1658 1664 pravis
1706 1606 1896 1646 eorum
1943 1589 2122 1646 scele-

519 1679 673 1736 ribus
731 1679 1192 1752 infructuosisque
1245 1679 1523 1752 operibus,
1593 1695 1693 1736 vos
1774 1678 2124 1751 reprehensi-

522 1767 663 1824 biles
755 1767 1089 1825 ostendistis.
1171 1769 1376 1824 Tamen
1460 1767 1584 1840 quia
1647 1767 1852 1825 scimus
1933 1767 2123 1840 procul

522 1857 692 1914 dubio
731 1857 837 1914 late
892 1864 1081 1928 patere
1155 1857 1368 1914 viscera
1436 1857 1654 1929 pietatis
1729 1857 1851 1924 Dei,
1931 1873 2122 1914 rever-

519 1944 716 2012 timini,
760 1952 814 2001 et
870 1945 1036 2001 nolite
1091 1945 1159 2002 de
1207 1953 1406 2002 caetero
1455 1946 1648 2018 jugum
1702 1961 1826 2001 cum
1883 1943 2126 2001 inﬁdeli-

521 2033 625 2089 bus
653 2034 876 2090 ducere.
905 2033 1088 2090 Nolite
1139 2034 1374 2106 amplius
1419 2033 1622 2090 imitari
1660 2049 1774 2101 eos,
1825 2033 1918 2106 qui
1970 2034 2126 2106 pacis

523 2130 730 2180 sanctae
757 2121 969 2180 fadera
993 2123 1214 2193 violant,
1247 2123 1509 2179 unitatem
1540 2123 1806 2194 dividunt,
1843 2123 1970 2178 etin
1989 2138 2125 2197 agro

525 2210 812 2268 Dominico
839 2211 1043 2268 zizania
1070 2212 1510 2284 superseminare
1555 2212 1626 2268 ad
1671 2211 1947 2284 propriam
1987 2211 2110 2268 infe-

523 2299 783 2357 licitatem
813 2308 1169 2372 praesumunt.
1191 2301 1547 2359 Revertimini
1577 2308 1630 2358 et
1673 2301 1959 2358 sectamini
1989 2301 2124 2356 cha-

525 2388 754 2445 rismata
781 2388 1027 2456 meliora,
1061 2405 1165 2446 nec
1191 2389 1388 2446 iterum
1414 2389 1620 2463 antiqui
1651 2389 1823 2445 hostis
1867 2389 2126 2446 versutiis

524 2478 804 2550 parcatis;
837 2478 935 2534 sed
961 2477 1102 2536 sicut
1147 2479 1250 2534 Dei
1295 2478 1550 2545 ministri,
1602 2478 1820 2534 Domini
1849 2485 2127 2550 pracepta

523 2573 833 2640 sequentes,
866 2567 923 2622 in
969 2567 1222 2622 omnibus
1264 2583 1388 2624 cum
1431 2567 1546 2636 jam
1597 2566 1742 2624 dicto
1791 2567 2127 2639 imperatore

521 2655 850 2712 charissimo
879 2654 990 2712 ﬁlio
1021 2664 1212 2712 nostro
1240 2655 1484 2728 perfecte
1512 2664 1657 2712 stare
1688 2656 1938 2729 satagite.
1984 2654 2128 2724 Quia

529 2744 576 2800 si
605 2759 730 2801 cum
759 2743 982 2816 praefato
1012 2760 1146 2818 rege
1202 2745 1477 2804 Ludovico
1532 2745 1619 2801 vel
1675 2745 1841 2817 aliqui
1894 2744 2128 2800 ﬁliorum

525 2832 646 2903 ejus
672 2832 744 2888 ad
775 2833 1088 2888 scandalum
1120 2841 1174 2888 et
1203 2833 1358 2904 regni
1385 2832 1854 2904 perturbationem
1882 2847 2124 2899 manere,

525 2929 621 2978 aut
649 2921 730 2978 eis
758 2920 978 2994 aliquod
1004 2920 1331 2993 adjutorium
1371 2922 1536 2977 modo
1585 2921 1827 2994 quolibet
1882 2921 2128 2993 praebere

524 3009 882 3080 tentaveritis,
933 3019 983 3067 et
1039 3027 1148 3067 non
1202 3010 1384 3082 potius
1443 3011 1511 3066 ad
1565 3010 1814 3066 eumdem
1870 3009 2130 3066 dilectum

520 3097 692 3154 ﬁlium
722 3107 965 3156 nostrum
1014 3099 1288 3156 Caesarem
1335 3102 1640 3173 Augustum
1689 3099 1995 3156 certissime
2038 3115 2125 3155 re-

521 3186 754 3256 dieritis,
786 3195 950 3260 atque
979 3205 1103 3244 cum
1129 3204 1196 3245 eo
1217 3188 1478 3246 adversus
1508 3189 1626 3260 ejus
1645 3187 1894 3244 inimicos
1915 3187 2126 3244 viribus

521 3275 650 3333 totis
677 3276 909 3333 ﬁdeliter
936 3293 1046 3332 non
1075 3277 1352 3346 steteritis,
1386 3278 1576 3334 scitote
1621 3293 1722 3334 vos
1751 3293 1850 3349 per
1879 3277 2126 3333 auctori-

526 3365 654 3421 tatis
685 3374 888 3422 nostraa
919 3365 1136 3438 legatos
1167 3367 1499 3422 anathemati
1529 3365 1945 3422 submittendos.
1979 3365 2133 3422 Prae-

525 3460 708 3510 sentes
737 3461 920 3510 autem
948 3454 1148 3511 missos
1176 3461 1416 3522 nostros,
1461 3455 1725 3512 Joannem
1776 3454 2031 3511 videlicet
2075 3461 2130 3510 et

522 3543 792 3599 Joannem
817 3543 1163 3600 venerabiles
1223 3543 1532 3616 episcopos,
1578 3543 1916 3615 dilectosque
1963 3543 2127 3599 fami-

525 3630 695 3688 liares
723 3638 964 3703 nostros,
1025 3631 1262 3706 benigne
1319 3633 1602 3700 admittite,
1665 3632 1965 3703 injunctam
2024 3632 2130 3688 sibi

525 3721 858 3793 legationem
888 3721 1258 3793 intelligenter
1281 3721 1482 3787 audite,
1521 3729 1576 3776 et
1623 3720 1911 3778 eﬁicaciter
1954 3721 2131 3778 obau-

527 3809 640 3866 dite
674 3824 688 3865 :
718 3817 776 3864 ut
805 3809 862 3864 in
889 3810 996 3866 hoc
1023 3825 1184 3882 quam
1211 3826 1342 3866 vere
1399 3809 1516 3866 sitis
1559 3808 1656 3864 ﬁlii
1696 3811 1850 3882 pacis
1921 3811 2128 3868 cunctis

525 3898 690 3954 detur
716 3897 964 3970 intelligi,
999 3905 1051 3954 et
1079 3898 1352 3954 neminem
1381 3899 1554 3972 possit
1581 3899 1754 3956 latere
1796 3899 2124 3956 mortalium.

525 3988 633 4043 Pro
680 3986 892 4044 Christo
936 3987 1098 4055 enim,
1151 3987 1244 4060 qui
1289 3995 1372 4044 est
1415 4005 1518 4060 pax
1586 3995 1792 4056 nostra,
1859 3989 2128 4061 legatione

524 4075 871 4150 frunguntur,
906 4091 1030 4134 cum
1057 4077 1246 4150 procul
1275 4077 1440 4134 dubio
1469 4095 1501 4134 a
1532 4079 1664 4135 sede
1705 4077 2006 4150 apostolica
2025 4094 2127 4150 pro

526 4181 666 4239 pace
693 4165 996 4223 mittuntur.
1029 4166 1292 4240 Optamus
1346 4183 1447 4224 vos
1501 4167 1559 4224 in
1607 4166 1821 4224 Christo
1878 4183 2023 4224 nunc
2075 4175 2129 4223 et

525 4269 742 4328 semper
769 4255 910 4312 bene
939 4257 1140 4314 valere.
1200 4257 1457 4315 Recitata
1497 4259 1562 4314 in
1605 4257 1811 4330 synodo
1855 4257 2126 4330 Pontigo-

527 4345 714 4402 nensi.

1248 4451 1406 4508 XXII

2146 3149 2196 3212 G

2216 537 2269 584 et
2299 529 2701 586 concordantes
2731 529 2962 597 animos,
2995 539 3086 585 aut
3117 529 3220 585 sub
3253 529 3638 587 ecclesiasticae
3663 530 3821 602 pacis

2215 617 2414 673 unione
2430 617 2854 690 complectimur,
2872 626 2963 674 aut
2977 619 3268 676 discordes
3289 619 3359 676 ad
3375 619 3684 676 concordiae
3692 635 3825 691 gra-

2216 706 2346 762 tiam
2368 723 2706 775 revocamus,
2739 715 2830 762 aut
2859 715 3010 764 certe
3041 708 3184 764 inter
3211 723 3314 764 nos
3344 716 3396 765 et
3425 708 3549 765 illos
3563 709 3658 780 qui
3675 724 3818 780 apo-

2218 803 2372 851 statae
2393 795 2594 868 angeli,
2620 795 2805 850 zizanii
2827 795 3034 852 scilicet
3055 795 3417 863 seminatoris,
3440 795 3722 852 fraudibus
3751 796 3823 852 ir-

2218 883 2382 950 retiti,
2411 891 2615 940 sanctae
2635 883 2752 938 sedi
2768 884 3082 955 apostolicae
3101 885 3434 942 concordare
3481 883 3812 955 deSpiciunt,

2220 971 2550 1045 sartaginem
2569 971 2805 1028 ferream
2830 972 2984 1043 juxta
3016 973 3323 1030 Ezechielis
3347 973 3628 1046 prophetae
3647 973 3826 1047 magi-

2220 1061 2446 1116 sterium
2482 1060 2811 1117 collocamus
2841 1061 3065 1132 (Exech.
3101 1061 3202 1135 Iv).
3241 1063 3513 1118 Reversus
3553 1061 3700 1118 enim
3749 1062 3821 1117 ad

2219 1149 2432 1206 Patrem
2463 1149 2728 1205 Dominus
2758 1151 2906 1222 pacis
2970 1150 3176 1206 bonum
3239 1149 3518 1222 discipulis
3573 1149 3831 1205 attentius

2221 1237 2620 1294 commendavit
2639 1254 2869 1310 eamque
2882 1238 3038 1310 quasi
3055 1245 3434 1296 testamentum
3447 1236 3822 1295 ﬁrmissimum

2220 1325 2416 1382 futuris
2435 1327 2742 1384 hreredibus
2762 1327 3072 1400 dereliquit,
3101 1327 3292 1384 dicens
3323 1345 3338 1383 :
3387 1330 3592 1384 Pacem
3629 1345 3822 1385 meam

2221 1415 2288 1472 do
2309 1415 2475 1482 vobis,
2499 1432 2698 1489 pacem
2718 1417 2974 1490 relinquo
2995 1417 3142 1473 vobis
3157 1416 3342 1489 (Joau.
3360 1415 3516 1487 xxv);
3550 1423 3602 1472 et
3621 1416 3821 1472 beatus

2224 1503 2503 1576 apostolus
2546 1505 2748 1560 Paulus
2789 1504 2910 1560 ait:
2961 1505 3207 1562 Solliciti
3251 1520 3476 1562 servare
3529 1507 3820 1563 unitatem

2222 1594 2460 1666 spiritus
2475 1593 2538 1648 in
2558 1593 2784 1650 vinculo
2799 1595 2978 1666 pacis,
3007 1609 3191 1650 unum
3212 1597 3501 1667 corpus,et
3533 1611 3687 1650 unus
3717 1595 3829 1668 spi-

2223 1683 2390 1748 ritus,
2414 1683 2565 1738 sicut
2579 1684 2762 1740 vocati
2781 1683 2917 1738 estis
2936 1683 3000 1739 in
3030 1699 3148 1739 una
3164 1699 3261 1756 spe
3280 1683 3588 1740 vocationis
3620 1687 3822 1739 vestrae

2142 1793 2195 1854 Β
2226 1769 2446 1843 (Ephes.
2479 1770 2560 1841 ιν)
2584 1789 2598 1836 ς
2633 1769 2763 1842 quia
2793 1769 3048 1826 videlicet
3063 1771 3131 1825 ad
3159 1785 3320 1826 unam
3345 1769 3643 1826 vocationis
3665 1787 3824 1843 spem

2224 1872 2571 1932 nequaquam
2598 1858 2929 1930 pertingant,
2973 1859 3020 1914 si
3045 1875 3156 1914 non
3185 1859 3257 1914 ad
3296 1875 3416 1915 eam
3463 1875 3588 1916 cum
3626 1861 3822 1931 proxi-

2223 1947 2329 2004 mis
2355 1947 2506 2002 unita
2535 1954 2718 2003 mente
2746 1955 3015 2004 curratur.
3050 1946 3399 2019 Quapropter
3427 1948 3566 2004 sicut
3593 1946 3690 2004 ﬁlii
3714 1947 3822 2004 Dei

2225 2035 2318 2108 qui
2347 2051 2413 2091 ex
2441 2042 2764 2092 testamento
2793 2035 2911 2105 ejus
2941 2035 3045 2091 sibi
3092 2051 3193 2108 per
3235 2036 3510 2106 apostolos
3557 2036 3824 2094 derelicto

2224 2139 2419 2197 pacem
2449 2125 2778 2190 custodiunt,
2811 2125 2886 2180 ita
2915 2124 3170 2180 nimirum
3198 2124 3402 2181 diaboli
3431 2133 3555 2181 sunt
3582 2124 3681 2180 ﬁlii
3726 2127 3823 2198 qui

2223 2228 2420 2285 pacem
2449 2212 2802 2270 confondunt.
2827 2213 2922 2269 llle
2953 2213 3153 2286 quippe
3183 2213 3252 2269 ab
3272 2213 3422 2270 initio
3443 2214 3678 2270 mendax
3698 2213 3820 2286 fuit,

2227 2309 2280 2358 et
2307 2302 2364 2356 in
2389 2301 2618 2359 veritate
2647 2317 2756 2358 non
2789 2302 2952 2370 stetit,
2987 2303 3218 2376 ejusque
3248 2301 3470 2370 invidia,
3500 2303 3638 2359 sicut
3676 2303 3818 2360 scri-

2224 2399 2377 2463 ptum
2405 2398 2490 2446 est
2518 2391 2668 2464 (Sap.
2701 2390 2782 2464 Ii),
2816 2407 2966 2447 mors
3022 2391 3260 2448 introivit
3305 2391 3361 2446 in
3404 2391 3596 2447 orbem
3638 2399 3818 2448 terra-
3900 2449 3908 2456 _

2226 2495 2366 2535 rum.
2399 2480 2538 2536 Nam
2571 2481 2702 2534 dum
2746 2479 3098 2552 protOplastis
3155 2479 3424 2550 invidens,
3482 2480 3820 2552 deceptionis

2225 2569 2481 2640 laqueum
2504 2569 2618 2638 jam
2646 2569 2908 2640 deceptus
2939 2569 3124 2641 utique
3169 2586 3200 2625 a
3247 2569 3540 2640 semetipso
3587 2585 3820 2641 compo-

2228 2653 2354 2720 suit,
2386 2653 2576 2709 mortis
2605 2652 2859 2724 poculum
2891 2653 3210 2710 mortalibus
3225 2653 3568 2726 propinavit;
3603 2662 3657 2709 et
3685 2669 3822 2726 quos

2227 2742 2563 2798 immortales
2593 2741 2916 2798 obedientiaz
2944 2743 3138 2798 merito
3159 2751 3369 2798 tuturos
3397 2751 3646 2810 noverat,
3694 2742 3818 2798 ino-

2227 2831 2516 2888 bedientiae
2544 2831 2772 2887 venenis
2801 2830 3004 2898 infecit,
3041 2831 3228 2904 sicque
3257 2831 3313 2886 in
3341 2848 3532 2888 omnes
3571 2831 3820 2888 homines

2225 2920 2418 2976 mortis
2473 2920 2796 2976 sententiam
2850 2920 2974 2976 vita:
3028 2920 3200 2976 hostis
3256 2920 3482 2975 induxit.
3571 2920 3817 2993 Denique

2227 3009 2433 3064 eisdem
2461 3008 2686 3081 laqueis,
2713 3008 2910 3081 quibus
2929 3008 3291 3081 protoplastos
3311 3009 3622 3080 deceperat,
3647 3009 3820 3065 adhuc

2227 3097 2361 3154 Ada:
2385 3095 2526 3153 ﬁlios
2549 3097 2784 3170 jugulat,
2817 3105 2870 3153 et
2901 3097 3026 3154 odio
3059 3114 3172 3154 sum
3215 3097 3522 3154 ambitionis
3580 3098 3816 3154 fraterna

2227 3185 2396 3243 corda
2443 3185 2699 3241 dissociat
2735 3201 2749 3240 :
2797 3185 2872 3241 ita
2917 3193 2977 3240 ut
3025 3203 3162 3258 quos
3204 3202 3373 3241 unum
3419 3186 3588 3257 patris
3648 3185 3822 3242 femur

2225 3281 2490 3341 tenuerat,
2517 3275 2632 3344 jam
2659 3274 2850 3331 Gallia:
2877 3290 3070 3330 omnes
3116 3291 3226 3330 non
3271 3273 3504 3346 capiant,
3564 3273 3820 3330 fraternis

2224 3363 2574 3435 provectibus
2599 3361 2770 3420 frater
2796 3363 3052 3433 invideat,
3085 3370 3138 3418 et
3169 3379 3333 3436 quem
3358 3362 3578 3418 monitis
3606 3370 3822 3434 aposto-

2224 3451 2344 3508 licis
2374 3452 2573 3526 saepius
2602 3452 2766 3508 etiam
2795 3451 2852 3507 in
2891 3451 3199 3508 durissimis
3258 3451 3476 3509 casibus
3523 3453 3825 3524 obsequen-

2227 3549 2336 3597 tem
2367 3541 2523 3614 sequi
2551 3541 2896 3612 despexerat,
2929 3542 3071 3596 hunc
3109 3556 3142 3597 a
3189 3540 3322 3597 sede
3371 3541 3675 3612 apostolica
3719 3539 3822 3596 sibi

2226 3631 2514 3702 praelatum
2546 3631 2748 3698 doleat,
2778 3630 2887 3686 imo
2903 3638 2974 3686 ~ut
3005 3630 3137 3686 Cain
3163 3629 3345 3685 fratris
3374 3630 3568 3696 hostia,
3613 3629 3823 3688 scilicet

2227 3719 2558 3785 obedientia,
2617 3718 2942 3790 stimulatus,
3021 3726 3213 3775 contra
3295 3717 3516 3776 fratrem
3601 3717 3825 3774 fredens

2227 3815 2479 3864 occurrat
2513 3824 2526 3864 :
2557 3805 2748 3863 ﬁdeles
2777 3809 2894 3878 ejus
2927 3806 3208 3864 fraudibus
3238 3807 3470 3864 diversis
3495 3805 3724 3874 inﬁciat,
3754 3807 3826 3863 ad

2226 3897 2582 3969 pejerandum
2610 3896 2868 3953 terribilis
2899 3896 2998 3952 Dei
3047 3913 3250 3953 nomen
3306 3895 3570 3968 impellat,
3629 3911 3827 3968 pacem

2227 3985 2387 4059 regni
2415 3986 2672 4042 diuturno
2718 3985 2906 4041 fratris
2953 3985 3132 4041 studio
3177 3985 3441 4042 radictam
3479 4001 3828 4056 corrumpere

2227 4074 2444 4148 gestiat,
2505 4083 2558 4130 et
2612 4075 2838 4130 laetatus
2876 4091 2908 4128 a
2963 4074 3342 4146 peccatoribus
3400 4074 3513 4129 suis
3565 4075 3828 4131 duntaxat

2229 4163 2585 4234 complicibus
2642 4163 3018 4235 acquiescens,
3073 4163 3243 4234 pedes
3326 4177 3455 4218 suos
3497 4163 3567 4218 ad
3619 4161 3830 4218 malum

2228 4267 2444 4309 currere
2466 4251 2646 4320 faciat,
2670 4251 3014 4308 madentibus
3044 4251 3222 4308 adhuc
3249 4251 3458 4322 campis
3493 4251 3825 4319 Fontanicis,

2231 4357 2370 4414 quos
2399 4341 2456 4397 in
2479 4343 2698 4412 juvente
2719 4357 2816 4416 sua
2854 4341 3090 4397 humano
3134 4339 3398 4412 sanguine
3453 4340 3706 4408 tinxerat,
3767 4341 3825 4396 in

2229 4438 2508 4487 senectute
2538 4430 2835 4501 decrepita,
2866 4429 3139 4485 minarum
3167 4437 3220 4484 et
3248 4429 3415 4486 cadis
3461 4429 3698 4501 spirans,
3749 4429 3822 4486 ad

526 4553 600 4596 AD
631 4553 932 4597 EPISCOPOS
959 4555 1020 4596 IN
1072 4555 1262 4596 REGNO
1317 4555 1577 4595 LUDOVICI
1637 4555 1800 4596 REGIS
1855 4553 2124 4596 BAJOARLE

2235 4519 2569 4577 fundendum
2593 4517 3019 4575 Christianorum
3037 4518 3327 4574 multorum
3357 4517 3680 4592 sanguinem
3721 4532 3824 4590 pro

1131 4643 1473 4684 CONSTITU‘I‘O
1481 4644 1508 4684 S
1515 4671 1528 4683 .

1145 4719 1327 4792 (Anno
1359 4717 1510 4790 8'76.)

535 4806 743 4882 Arguit
764 4824 882 4882 geos
923 4808 1069 4882 quod
1103 4807 1444 4882 Ludovicum
1472 4821 1658 4878 regem
1690 4807 1756 4862 ab
1817 4807 2132 4882 invadenda

615 4879 801 4936 Caroli
843 4879 1047 4952 fratris
1082 4880 1331 4936 absentis
1368 4893 1540 4952 regno
1577 4893 1693 4932 non
1740 4879 2126 4952 Acohibuerint,

601 4948 898 5034 monetque
920 4955 986 5006 ut
1026 4951 1409 5034 l‘egatis,_‘quos
1434 4948 1516 5034 ’ᾳᾴ
1535 4949 1942 5034 examinanda
1977 4953 2130 5034 iritcr

605 5021 871 5096 utrosque
889 5021 1114 5094 negotia
1143 5021 1342 5086 mittit,
1377 5021 1710 5092 satisfacere
1758 5021 2050 5078 studeant.

608 5133 864 5187 Ioams
893 5129 1202 5201 episcopus,
1221 5142 1409 5183 servus
1429 5142 1717 5184 servorum
1735 5128 1856 5196 Dei,
1881 5129 2130 5186 omnibus

531 5217 989 5280 reverentissimis
1054 5223 1107 5272 et
1181 5215 1536 5272 sanctissimis
1611 5217 2037 5290 archiepiscopis
2079 5225 2132 5274 et

533 5307 806 5384 episcOpis
834 5306 892 5362 in
920 5320 1094 5378 regno
1122 5304 1376 5363 Ludovici
1403 5305 1632 5380 gloriosi
1669 5306 1822 5380 regis
1867 5307 2132 5376 Bajoariie

533 5396 852 5458 constitutis.

603 5503 929 5578 Apostolicm
973 5501 1360 5560 moderationis
1409 5501 1656 5560 ordinem
1697 5503 1998 5577 sequimur,
2061 5503 2128 5574 si,

535 5595 907 5664 Ecclesiarum
938 5591 1039 5650 Dei
1067 5590 1484 5660 sollicitudinem
1501 5593 1818 5670 retinentes,
1844 5605 1947 5669 pro
1965 5593 2128 5650 domo

2229 4625 2325 4666 sua
2354 4609 2616 4681 singulari
2662 4607 2955 4664 ambitione
3011 4607 3304 4664 discurrat.
3364 4608 3436 4662 Et
3487 4607 3580 4680 qui
3635 4621 3826 4664 amore

2228 4698 2414 4755 fratris
2443 4714 2477 4754 a
2508 4698 2639 4755 sede
2668 4697 2966 4769 apostolica
2993 4696 3320 4754 obedientiae
3347 4713 3461 4753 sua
3488 4697 3685 4752 merito
3724 4696 3826 4752 be-

2227 4787 2594 4844 nedictionem
2615 4802 2842 4859 sperare
2872 4802 3138 4860 suumque
3167 4785 3272 4858 piis
3312 4785 3569 4858 operibus
3621 4799 3826 4857 propa-

2229 4893 2362 4952 gare
2395 4877 2670 4946 debuerat,
2703 4876 2924 4932 alterius
2953 4891 3186 4948 regnum
3201 4875 3558 4948 pervicaciter
3573 4875 3676 4930 sibi
3712 4873 3825 4930 suis

2229 4966 2398 5022 armis
2427 4967 2722 5038 subjugare
2751 4964 3046 5032 desiderat,
3087 4965 3296 5022 scilicet
3349 4973 3408 5020 ut
3463 4980 3600 5036 quos
3655 4963 3824 5020 armis

2231 5055 2480 5129 acquirit,
2514 5055 2724 5112 ditione
2751 5054 3048 5127 possideat,
3083 5062 3136 5111 et
3159 5053 3302 5110 colla
3330 5061 3557 5110 vetustae
3600 5052 3825 5110 liberta-

2231 5143 2300 5200 tis
2327 5145 2567 5218 ingenua
2595 5159 2734 5200 nova
2762 5143 3020 5200 servitute
3049 5151 3379 5216 prosternat.
3413 5141 3549 5212 Quis
3577 5143 3684 5199 hoc
3727 5141 3818 5198 di-

2231 5232 2513 5290 lectissimi
2543 5233 2722 5301 nobis,
2757 5233 2861 5288 nisi
2886 5233 3139 5305 antiquus
3188 5231 3407 5288 humani
3455 5231 3673 5303 generis
3721 5231 3825 5286 ad-

2230 5322 2528 5392 versarius,
2558 5322 2702 5380 inter
2729 5322 2864 5379 tales
2920 5337 2986 5379 ac
3042 5329 3220 5377 tantos
3277 5320 3487 5388 fratres,
3549 5335 3688 5394 quos
3726 5335 3829 5376 nos

2229 5413 2345 5485 pari
2374 5413 2593 5486 spiritus
2621 5428 2807 5469 amore
2836 5410 3262 5484 complectimur,
3302 5427 3400 5482 per
3457 5425 3586 5466 suos
3615 5409 3828 5464 satelli-

2230 5510 2311 5559 tes
2339 5511 2597 5574 operatur
2616 5505 2644 5560 Ὺ
2675 5501 2768 5575 qui
2805 5502 2934 5557 dum
2980 5503 3244 5558 bonorum
3293 5499 3638 5582 provectibus
3685 5497 3830 5555 invi-

2231 5591 2341 5664 det,
2374 5591 2431 5648 in
2468 5608 2602 5665 agro
2651 5599 2856 5649 sancta;
2896 5589 2997 5647 Dei
3041 5589 3306 5649 Ecclesia:
3342 5603 3563 5662 semper
3622 5585 3832 5645 zizania
