4174 6298
335 325 441 379 669

1509 327 1870 387 EPISTOLE
1928 329 2020 388 ET
2073 331 2421 391 DECRETA.

3527 340 3630 393 6'70

345 447 620 504 seminare
650 449 945 506 contendit.
981 450 1116 520 Quis
1145 453 1268 521 hoc,
1303 453 1627 520 charissimi,
1675 454 1780 509 nisi
1818 455 1936 510 dia-
1966 457 2023 517 A
2043 459 2324 528 pendens;
2359 459 2458 514 sed
2485 473 2661 531 neque
2692 458 3014 516 Christianae
3061 461 3344 534 religionis
3389 461 3630 533 discipli-

346 544 506 599 bolus
546 547 847 616 operatur?
885 547 977 620 qui
1025 549 1206 605 Caroli
1249 551 1537 607 virtutibus
1586 552 1655 608 ab
1702 552 1938 606 ineuntis

342 634 520 689 etatis
549 635 830 707 principiis
859 636 1128 706 invidens,
1163 639 1390 711 ejusque
1446 640 1761 714 religiosum
1810 657 1940 712 pro-

337 723 576 793 positum
606 722 825 796 longius
852 727 1150 798 propagari
1181 743 1504 797 pavescens,
1527 729 1740 784 levibus
1760 730 1939 800 primo

332 811 550 879 jaculis,
583 827 893 884 quanquam
922 813 1314 886 frequentibus,
1365 816 1643 873 lacessivit
1695 834 1706 873 :
1741 818 1938 874 deinde

342 899 760 954 adversitatibus
832 903 1036 969 multis,
1099 905 1255 976 quasi
1311 905 1620 960 durissimis
1674 906 1938 961 arietibus

337 987 670 1057 stimulavit;
730 987 919 1046 fideles
974 992 1090 1060 ejus
1163 992 1604 1064 frequentissime
1669 995 1938 1051 rebellare

337 1077 528 1144 suasit,
561 1078 615 1132 in
646 1079 944 1149 procinctu
975 1088 1157 1136 contra
1173 1082 1582 1138 Northmannos
1611 1099 1712 1156 pro
1739 1083 1937 1140 Eccle-

331 1165 428 1221 siae
473 1166 572 1221 Dei
621 1166 940 1223 liberatione
996 1170 1281 1241 pugnanti,
1345 1178 1399 1226 et
1456 1171 1704 1228 inimicos
1761 1173 1937 1229 crucis

335 1253 535 1308 Christi
567 1271 741 1327 usque
779 1257 848 1311 ad
895 1257 1138 1312 ultimam
1184 1259 1516 1315 deditionem
1561 1262 1938 1334 constringere

337 1343 628 1414 satagenti,
664 1344 896 1400 senioris
931 1347 1095 1401 vestri
1126 1347 1382 1420 utrinque
1410 1349 1647 1404 animum
1677 1350 1748 1404 ad
1776 1350 1935 1406 inva-

334 1432 548 1487 sionem
577 1433 746 1488 relicti
773 1433 989 1505 imperii
1047 1435 1327 1491 suscitavit
1361 1454 1373 1491 :
1405 1437 1555 1508 ipsos
1613 1437 1933 1505 familiares,

335 1520 516 1591 ipsum
545 1529 824 1592 postremo
853 1521 1044 1589 filium,
1078 1524 1148 1579 ad
1178 1525 1295 1594 ejus
1326 1525 1738 1581 exstinctionem
1767 1527 1937 1582 hosti-

339 1608 464 1664 liter
507 1611 846 1680 provocavit.
906 1610 974 1666 Et
1019 1628 1088 1667 ne
1143 1614 1466 1685 quandoque
1521 1615 1590 1670 ad
1629 1615 1932 1686 imperium,

339 1698 485 1770 quod
516 1697 566 1752 ei
597 1707 808 1754 constat
837 1715 946 1754 non
974 1702 1212 1756 humano
1240 1703 1496 1757 collatum
1542 1703 1831 1771 beneficio,
1867 1704 1936 1758 li-

2040 561 2169 601 nam
2201 547 2514 603 custodiens
2549 566 2561 602 :
2595 557 2699 602 tam
2731 550 3084 605 decessorum
3099 559 3408 606 nostrorum
3429 551 3633 622 scripta

2042 651 2204 707 quam
2246 636 2485 692 recentia
2523 643 2708 692 nostra
2756 637 2962 692 monita
3003 639 3386 712 religiosorum
3433 639 3632 710 princi-

2039 740 2191 794 pum,
2227 732 2281 779 et
2311 726 2456 796 quod
2486 733 2569 780 est
2597 725 2918 792 mirabilius,
2953 734 3141 782 contra
3185 727 3630 782 consuetudinem

2041 820 2389 884 tyrannorum
2419 821 2682 881 veterum,
2717 815 3082 885 parvipendit,
3115 823 3166 871 et
3219 815 3481 870 indictum
3528 814 3632 869 sibi

2041 917 2072 956 a
2101 901 2259 956 nobis
2288 909 2503 973 tempus
2534 918 2657 957 cum
2688 903 3051 958 mediantibus
3099 903 3258 958 nobis
3296 919 3421 959 cum
3468 902 3631 957 fratre

2032 990 2156 1060 jure
2197 990 2585 1060 pacisceretur,
2647 991 2989 1063 praeripiens,
3052 999 3312 1064 quantum
3341 992 3396 1047 in
3428 1007 3486 1046 se
3535 990 3634 1046 fuit

2037 1095 2135 1150 per
2162 1088 2399 1134 vestram
2429 1080 2818 1151 negligentiam
2860 1080 2974 1136 sive
3022 1081 3499 1136 condessensionis
3529 1095 3632 1134 au-
3696 1095 3703 1101 ·

2039 1167 2271 1233 daciam,
2330 1167 2516 1222 fratris
2560 1169 2801 1223 absentis
2856 1185 3084 1240 regnum
3126 1168 3387 1241 pervasit,
3441 1184 3506 1224 ac
3535 1183 3636 1239 per

2039 1257 2142 1312 hoc
2172 1257 2334 1312 totius
2379 1255 2629 1313 ecclesiae
2678 1257 2779 1312 Dei
2816 1257 3272 1329 pulchritudinem
3323 1257 3630 1326 maculavit,

2036 1360 2230 1417 pacem
2261 1346 2520 1417 corrupit,
2555 1345 2873 1419 religionem
2903 1346 3126 1418 fugavit,
3166 1354 3218 1402 et
3247 1354 3305 1402 ut
3351 1360 3476 1402 cum
3532 1346 3635 1400 Te-

2037 1434 2210 1490 rentio
2238 1434 2624 1506 compendiose
2655 1435 2922 1503 dicamus,
2957 1437 3085 1491 dum
3126 1435 3182 1490 in
3226 1435 3405 1492 alieno
3460 1435 3634 1490 bono-

2037 1548 2159 1586 rum
2185 1539 2423 1588 extortor
2455 1540 2508 1588 et
2537 1533 2721 1606 legum
2768 1541 3049 1590 contortor
3094 1532 3363 1605 apparuit,
3425 1531 3634 1588 cunctis

2038 1619 2356 1676 criminibus
2384 1621 2662 1678 licentiam
2691 1623 2971 1680 relaxavit.
3003 1622 3118 1678 Nos
3142 1621 3361 1690 etenim,
3381 1619 3633 1694 quamvis

2037 1707 2210 1776 illum,
2243 1725 2404 1782 quem
2426 1710 2644 1766 interim
2675 1709 2950 1766 filiolitatis
2980 1726 3165 1767 amore
3197 1709 3629 1781 complectimur,

339 1794 424 1840 cet
452 1801 554 1856 per
582 1795 782 1842 nostrae
802 1788 1196 1845 mediocritatis
1212 1789 1590 1859 ministerium,
1612 1793 1711 1847 sed
1730 1792 1933 1862 divino,
1967 1811 2019 1871 Β
2041 1798 2240 1868 Oppido
2273 1799 2758 1870 reprehensibilem
2800 1814 2909 1856 non
2961 1815 3248 1871 negemus,
3312 1813 3410 1855 vos
3449 1805 3634 1853 tamen

335 1874 652 1946 pertingere
681 1877 964 1946 potuisset,
995 1885 1102 1932 tota
1151 1877 1528 1935 fraudulentiee
1575 1896 1688 1935 suae
1734 1881 1931 1937 virtute

335 1963 633 2034 prohibuit,
667 1971 778 2020 tota
809 1965 1020 2021 consilii
1049 1966 1132 2020 sui
1183 1968 1419 2022 versutia
1474 1968 1754 2025 debellare
1795 1985 1931 2025 con-

335 2051 523 2107 tendit.
558 2053 666 2108 Sed
698 2055 845 2109 Deus
869 2055 1227 2125 omnipotens,
1263 2057 1417 2125 cujus
1439 2055 1781 2127 providentia
1837 2074 1934 2128 per

334 2141 678 2196 mutabilium
709 2159 888 2198 rerum
920 2143 1197 2215 principes
1227 2145 1414 2200 mundi
1445 2145 1670 2201 latitudo
1727 2147 1933 2218 guber-

335 2237 495 2285 natur
551 2238 603 2285 et
649 2231 875 2304 regitur,
923 2233 1066 2288 hunc
1113 2233 1348 2306 ﬂagellis
1379 2234 1581 2289 erudiri
1613 2235 1800 2301 voluit,
1830 2236 1933 2291 de-

335 2319 498 2390 primi
525 2319 759 2390 penitus,
791 2320 929 2376 sicut
973 2321 1126 2376 vobis
1171 2330 1254 2376 est
1298 2323 1594 2395 cognitum,
1656 2339 1934 2396 nunquam

334 2407 603 2478 permisit.
664 2410 731 2464 Et
780 2408 1096 2465 aﬁlictiones
1145 2419 1344 2467 sanctae
1392 2428 1506 2467 suae
1546 2412 1806 2468 Ecclesia
1835 2429 1936 2485 per

335 2511 462 2551 eum
492 2497 820 2568 specialiter,
857 2498 994 2554 sicut
1024 2499 1279 2565 divinitus
1311 2501 1604 2557 revelatum
1648 2501 1838 2569 fuerat,
1882 2510 1935 2558 et

333 2600 478 2640 nunc
507 2587 776 2641 veraciter
812 2588 1106 2654 credimus,
1158 2589 1373 2643 tandem
1423 2589 1714 2662 aliquando
1771 2607 1933 2646 reve-

331 2671 451 2728 lare
483 2676 837 2741 contendens,
868 2677 1030 2743 hunc,
1065 2693 1094 2731 a
1125 2677 1510 2733 decessoribus
1557 2679 1779 2746 nostris,
1839 2697 1933 2735 re-

334 2763 592 2818 verenda
622 2763 828 2820 scilicet
857 2765 1136 2821 memoriae
1165 2766 1392 2822 Nicolao
1422 2775 1474 2822 et
1502 2767 1744 2823 Adriano
1765 2769 1938 2840 ponti-

332 2848 547 2917 ﬁcibus,
583 2851 676 2906 diu
707 2853 927 2924 quidem
948 2855 1246 2910 desiderari
1275 2855 1441 2910 voluit
1466 2875 1478 2910 :
1513 2857 1732 2911 tandem
1761 2874 1934 2929 usque

334 2939 406 2994 ad
453 2941 569 2996 haec
625 2941 1089 3012 periculosissima
1147 2951 1415 3015 tempora,
1477 2945 1674 3017 quibus
1707 2945 1935 3001 aBelial

332 3025 459 3083 ﬁliis
489 3045 631 3099 pene
660 3037 769 3084 tota
799 3032 1030 3086 vallatur
1061 3032 1231 3099 Italia,
1281 3033 1715 3090 misericorditer
1746 3051 1932 3090 reser-

331 3116 497 3187 vavit,
551 3119 816 3191 angelicis
873 3120 1124 3176 ductibus
1181 3122 1300 3178 vias
1354 3123 1471 3190 ejus
1516 3139 1616 3194 per
1637 3123 1780 3179 invia
1811 3124 1933 3179 loca

331 3205 551 3273 direxit,
609 3205 880 3262 frustratis
929 3209 1139 3265 insidiis
1199 3210 1247 3265 ei
1299 3211 1615 3282 compositis
1663 3212 1930 3279 liberavit,

327 3294 555 3365 paludes
585 3295 826 3352 lubricas
857 3299 1184 3369 equitabiles
1216 3299 1472 3368 reddidit,
1509 3300 1650 3355 vada
1701 3299 1932 3371 profun-

329 3383 528 3439 dorum
557 3384 835 3440 ﬂuminum
868 3387 1048 3442 multis
1072 3388 1283 3443 saculis
1312 3389 1590 3460 incognita
1629 3397 1931 3446 transmea-

331 3471 459 3527 bilia
507 3473 946 3530 demonstravit:
981 3477 1030 3532 ei
1088 3477 1374 3533 elementis
1431 3486 1622 3534 contra
1679 3487 1931 3534 naturam

332 3562 656 3618 cedentibus
685 3563 1042 3622 ditﬁdentium
1073 3566 1241 3622 corda
1257 3567 1549 3638 perterruit
1580 3585 1594 3622 :
1626 3583 1735 3622 non
1756 3568 1930 3622 solum

333 3651 452 3705 sine
475 3652 762 3725 sanguine,
799 3671 990 3709 verum
1021 3654 1182 3710 etiam
1211 3672 1334 3712 cum
1363 3656 1578 3728 magnis
1608 3656 1926 3723 honoribus,

331 3739 458 3795 hinc
496 3740 623 3796 inde
672 3743 1036 3813 gaudentibus
1081 3745 1321 3816 populis,
1385 3745 1595 3801 Italiam
1649 3753 1929 3817 penetrare

331 3829 599 3899 permisit,
634 3839 686 3886 et
715 3848 811 3902 per
840 3833 1154 3903 apostolicae
1183 3833 1330 3890 sedis
1377 3834 1743 3908 privilegium,
1796 3851 1930 3891 cun-

330 3926 539 3974 ctorum
568 3918 844 3977 favoribus
869 3923 1228 3994 approbatum
1271 3923 1502 3995 sceptris
1558 3923 1928 3995 imperialibus

331 4008 634 4064 sublimavit
669 4027 681 4066 :
713 4018 768 4066 ut
799 4012 890 4083 qui
919 4029 1018 4084 per
1046 4021 1123 4067 tot
1153 4029 1346 4083 annos,
1369 4014 1748 4069 communibus
1790 4028 1926 4084 pec-

329 4097 466 4152 catis
512 4100 866 4167 merentibus,
913 4117 1010 4172 pro
1041 4101 1341 4157 defectibus
1371 4111 1570 4158 sanctae
1601 4102 1699 4157 Dei
1729 4103 1924 4158 Eccle-

328 4187 425 4244 sia
444 4188 674 4246 diversis
705 4190 882 4245 modis
911 4189 1218 4263 afﬂigimur,
1259 4208 1358 4262 per
1397 4192 1512 4260 ejus
1548 4190 1924 4246 sollicitudinis

329 4289 610 4354 expertam
639 4279 980 4350 prudentiam
1012 4280 1374 4347 consolemur,
1406 4296 1506 4351 per
1535 4297 1696 4351 quem
1746 4278 1922 4334 Galli-

327 4385 590 4426 canarum
647 4369 1014 4425 Ecclesiarum
1063 4377 1252 4435 status,
1313 4377 1365 4424 et
1421 4367 1583 4424 totius
1641 4368 1921 4439 religionis

326 4460 488 4531 vigor
516 4459 623 4514 illis
651 4458 705 4512 in
726 4458 972 4529 partibus
1001 4458 1363 4529 plausibiliter
1379 4457 1692 4512 reﬂoruisse
1714 4473 1921 4530 cogno-

2045 1887 2214 1941 multo
2271 1887 2812 1958 reprehensibiliores
2854 1887 3218 1960 agnoscimus,
3278 1886 3370 1960 qui
3423 1885 3478 1942 in
3526 1884 3635 1941 illis

2033 1975 2274 2046 partibus
2331 1976 2654 2032 sacerdotali
2709 1977 3020 2048 magisterio
3076 1976 3309 2048 praediti,
3369 1983 3420 2031 et
3491 1990 3630 2045 apo-

2035 2064 2256 2119 stolatus
2302 2064 2474 2120 nostri
2544 2066 2855 2121 recentibus
2909 2064 3132 2121 monitis
3194 2064 3441 2134 instituti,
3501 2063 3630 2118 dum

2035 2169 2099 2207 ex
2131 2153 2309 2209 ofﬁcio
2337 2161 2518 2209 vestro
2548 2154 2815 2210 restitisse
2836 2153 3010 2210 libere
3040 2169 3321 2226 nunquam
3349 2151 3628 2221 videmini,

2033 2242 2224 2313 procul
2251 2241 2416 2297 dubio
2445 2243 2792 2299 consensisse
2820 2243 3150 2315 probamini,
3184 2251 3236 2298 et
3267 2258 3364 2299 vos
3407 2240 3499 2314 qui
3525 2255 3630 2312 pa-

2036 2338 2210 2385 stores
2256 2330 2517 2399 dicimini;
2559 2349 2790 2405 gregem
2831 2332 2986 2387 vobis
3032 2332 3296 2389 creditum
3351 2331 3475 2402 quia
3522 2344 3634 2384 non

2034 2419 2357 2485 retraxistis,
2406 2420 2590 2491 utique
2652 2421 2722 2476 ad
2767 2420 3129 2492 praecipitium
3174 2419 3527 2491 provocastis.
3557 2417 3628 2474 Et

2033 2507 2126 2561 ubi
2147 2515 2250 2573 est,
2284 2523 2616 2578 quasumus,
2651 2509 2798 2580 quod
2827 2509 3003 2565 vicem
3035 2508 3237 2564 Christi
3282 2508 3338 2562 in
3382 2505 3630 2563 Ecclesia

2034 2595 2327 2667 fungimur,
2359 2597 2405 2651 si
2462 2612 2563 2668 pro
2593 2597 2806 2652 Christo
2834 2605 3023 2652 contra
3051 2597 3394 2653 insolentiam
3421 2594 3631 2668 princi-

2031 2699 2164 2756 pum
2191 2700 2300 2740 non
2329 2685 2630 2754 luctamur;
2660 2686 2963 2758 presertim
2994 2701 3116 2742 cum
3147 2685 3448 2742 secundum
3477 2685 3628 2756 Apo-

2033 2782 2228 2838 stolum
2248 2797 2359 2838 non
2389 2783 2457 2837 sit
2475 2783 2636 2839 nobis
2665 2783 2978 2840 colluctatio
3009 2785 3274 2840 adversus
3322 2797 3545 2838 carnem
3574 2787 3630 2837 et

2036 2872 2382 2944 sanguinem,
2437 2872 2534 2928 sed
2593 2873 2858 2929 adversus
2901 2872 3182 2945 principes
3230 2879 3283 2927 et
3333 2878 3629 2944 potestates

2037 2961 2256 3033 (Ephes.
2290 2961 2390 3033 v1).
2452 2961 2556 3017 Ubi
2602 2969 2684 3018 est
2722 2961 2868 3034 quod
2916 2961 3159 3033 episcOpi
3209 2960 3452 3029 dicimur,
3486 2959 3534 3015 si
3561 2958 3631 3016 de

2035 3049 2358 3104 sublimibus
2413 3049 2800 3106 ecclesiastica:
2846 3049 3195 3106 discretionis
3243 3047 3482 3119 speculis
3507 3048 3626 3120 gla-

2036 3138 2181 3193 dium
2212 3137 2518 3193 venientem
2547 3153 2656 3193 non
2676 3139 2970 3204 cernimus,
3004 3145 3290 3194 cernentes
3320 3145 3379 3192 ut
3414 3137 3627 3192 devite-

2034 3233 2119 3279 tur
2174 3226 2497 3282 annuntiare
2564 3226 2882 3298 diffugimus
2911 3229 2940 3282 ?
2969 3227 3266 3282 Enimvero
3315 3225 3629 3281 sacerdotes

2032 3329 2142 3369 non
2172 3315 2240 3369 ad
2269 3315 2519 3387 gratiam,
2554 3315 2651 3371 sed
2689 3316 2759 3371 ad
2788 3331 3043 3388 pompam
3070 3314 3337 3371 immerito
3393 3314 3501 3369 dici
3528 3328 3628 3370 co-

2032 3404 2367 3474 gnoscimur,
2401 3404 2446 3460 si
2487 3419 2623 3476 quos
2653 3405 2851 3462 docere
2871 3405 3163 3461 debuimus
3181 3402 3628 3476 sequicontendi-

2031 3509 2172 3559 mus,
2215 3493 2260 3546 si
2292 3509 2429 3565 quos
2456 3493 2732 3566 corrigere
2759 3494 3068 3561 debuimus,
3099 3494 3290 3548 saltem
3318 3492 3501 3549 verbis
3531 3507 3629 3562 pa-

2032 3581 2320 3636 storalibus
2350 3597 2460 3638 non
2506 3590 2801 3638 terremus.
2841 3583 2980 3640 Hinc
3010 3582 3274 3638 Dominus
3297 3597 3399 3652 per
3427 3581 3627 3636 Isaiam

2030 3671 2353 3743 prOphetam
2373 3671 2711 3728 sacerdotum
2725 3672 3119 3729 taciturnitates
3137 3670 3381 3742 increpat
3397 3670 3586 3727 dicens
3610 3686 3623 3724 :

2034 3759 2208 3817 Canes
2228 3763 2396 3827 muti,
2415 3777 2534 3818 non
2553 3762 2804 3818 valentes
2824 3763 3035 3818 latrare
3056 3761 3187 3833 (Isa.
3202 3760 3336 3832 LVI).
3361 3759 3499 3816 Hinc
3529 3773 3628 3830 per

2029 3849 2373 3905 Ezechielem
2395 3850 2740 3906 sacerdotum
2776 3850 3142 3924 negligentias
3173 3849 3356 3922 arguit
3386 3848 3576 3906 dicens
3607 3865 3620 3903 :

2030 3939 2150 3996 Non
2163 3941 2500 3996 ascendistis
2512 3957 2586 3996 ex
2597 3940 2824 3997 adverso
2833 3957 2956 4012 ,neq
2963 3957 3029 3996 ue
3041 3957 3069 3997 ο
3072 3958 3106 4012 ρ
3111 3939 3376 4012 posuistis
3393 3955 3626 3994 murum

2025 4043 2126 4100 pro
2141 4030 2298 4085 domo
2329 4031 2524 4094 Israel,
2564 4033 2631 4084 ut
2658 4030 2892 4085 staretis
2912 4031 2976 4083 in
2986 4030 3187 4101 praelia
3205 4030 3269 4084 in
3290 4029 3378 4084 die
3397 4027 3625 4084 Domini

2026 4119 2246 4187 (Ezech.
2281 4117 2421 4188 xm).
2452 4118 2536 4171 Ex
2555 4118 2790 4173 adverso
2819 4117 3019 4188 quippe
3048 4117 3342 4172 ascendere
3389 4123 3491 4182 est,
3523 4131 3622 4186 pro

2025 4204 2343 4261 defensione
2381 4205 2570 4278 gregis
2601 4204 2773 4261 libera
2803 4220 2936 4261 voce
2966 4205 3125 4273 hujus
3165 4204 3356 4260 mundi
3384 4211 3624 4276 potesta-

2023 4293 2168 4349 tibus
2197 4293 2463 4350 contraire
2488 4313 2501 4361 ;
2536 4301 2588 4349 et
2616 4294 2671 4350 in
2701 4293 2788 4350 die
2818 4292 3037 4348 Domini
3063 4293 3119 4349 in
3148 4292 3338 4364 praelio
3365 4300 3510 4348 stare
3532 4301 3617 4348 est

2031 4381 2214 4454 pravis
2261 4382 2670 4439 decertantibus
2715 4398 2782 4440 ex
2833 4381 3055 4452 justitia:
3105 4398 3292 4440 amore
3344 4382 3618 4439 resistere.

2034 4471 2191 4540 Quod
2222 4489 2438 4528 rursum
2467 4488 2567 4544 per
2595 4472 2846 4528 eumdem
2894 4472 3217 4545 prophetam
3262 4471 3497 4529 deterret
3540 4471 3623 4526 in-

333 4549 519 4604 scitur.
584 4549 713 4604 Haec
760 4547 949 4619 itaque
991 4547 1162 4602 hostis
1219 4547 1438 4603 humani
1496 4547 1718 4620 generis
1753 4547 1929 4603 futura

2033 4561 2223 4634 quiens
2260 4578 2272 4617 :
2308 4563 2369 4619 Si
2399 4578 2514 4619 non
2543 4564 2980 4619 annuntiaveris
3009 4563 3202 4635 iniquo
3253 4561 3619 4634 iniquitatem

326 4653 592 4709 prospera
660 4653 992 4708 praecavens,
1053 4636 1234 4692 dilecti
1287 4636 1382 4692 filii
1438 4637 1609 4692 nostri
1664 4636 1921 4692 Ludovici

326 4725 555 4798 gloriosi
583 4725 732 4799 regis
759 4725 946 4794 vestri,
995 4725 1041 4780 si
1090 4733 1272 4781 tamen
1309 4725 1453 4781 filius
1497 4727 1603 4782 dici
1658 4734 1917 4792 meretur,

329 4815 423 4886 qui
472 4815 783 4887 apostolicae
833 4814 979 4870 sedis
1025 4815 1242 4870 monitis
1275 4832 1375 4886 per
1405 4823 1788 4871 antecessores
1817 4832 1922 4870 no-

325 4891 476 4961 stros?
517 4921 723 4976 perque
751 4920 852 4959 nos
883 4904 1031 4975 ipsos
1062 4904 1307 4975 prolatis,
1342 4920 1558 4975 semper
1598 4904 1921 4960 inobedien-

327 4993 588 5059 tissimus,
625 4993 845 5060 exstitit,
879 4993 925 5048 si
955 4993 1231 5065 gloriosus
1261 4993 1365 5049 dici
1394 4994 1575 5060 debet,
1611 4994 1696 5049 cui
1734 5001 1923 5049 contra

330 5081 681 5138 Christicolas
737 5083 878 5137 bella
934 5083 1054 5156 geri
1123 5082 1340 5153 placuit,
1418 5082 1595 5136 nullos
1678 5081 1922 5136 habitura

327 5171 654 5243 triumphos,
689 5172 733 5226 si
763 5188 858 5227 rex
889 5171 994 5227 dici
1041 5179 1235 5242 potest,
1287 5171 1378 5242 qui
1427 5171 1779 5242 semetipsum
1828 5188 1921 5226 re-

329 5277 463 5331 gere
505 5260 706 5328 noluit,
768 5277 874 5332 quo
920 5261 1100 5316 minus
1148 5267 1333 5315 contra
1381 5258 1561 5315 fratris
1618 5260 1923 5315 absentiam

324 5350 594 5423 inglorius
644 5351 1014 5423 pugnavisset,
1066 5349 1276 5404 animos
1325 5348 1584 5416 incitavit,
1640 5357 1697 5403 ut
1744 5366 1922 5421 neque

326 5439 569 5494 divinum
604 5441 851 5494 timorem
883 5455 994 5509 prae
1034 5439 1206 5494 oculis
1236 5437 1497 5504 retinens,
1529 5454 1707 5509 neque
1738 5438 1920 5492 immi-

322 5545 462 5583 nens
511 5527 611 5582 sibi
664 5528 923 5596 judicium
971 5535 1239 5598 provectae
1270 5527 1560 5582 senectutis
1591 5543 1917 5600 agnoscens,

323 5642 504 5701 neque
536 5625 817 5700 sanguinis
849 5625 1160 5683 afﬁnitatem
1190 5625 1533 5699 fraternaque
1580 5633 1738 5702 pacta
1792 5642 1921 5700 per-

2026 4668 2206 4720 sua-m,
2223 4653 2562 4724 sanguinem
2573 4655 2694 4724 ejus
2712 4651 2775 4708 de
2789 4669 2967 4709 manu
2981 4656 3076 4707 tua
3091 4653 3376 4724 requiram
3394 4651 3612 4720 (Ezech.

2017 4742 2248 4810 xxxm).
2277 4739 2420 4809 Quid
2449 4741 2519 4797 ad
2536 4743 2654 4798 hac
2680 4739 3150 4806 dicemus,fratres
3171 4741 3200 4794 ‘i
3223 4739 3468 4794 Forsitan
3487 4738 3611 4797 ideo

2022 4845 2120 4886 vos
2162 4830 2499 4886 excusabiles
2543 4829 2783 4898 creditis,
2832 4829 2960 4901 quia
2998 4843 3188 4901 regem
3217 4843 3326 4884 non
3369 4844 3610 4902 arguen-

2022 4918 2170 4984 dum,
2202 4919 2397 4984 dicitis,
2432 4919 2528 4974 sed
2560 4919 2908 4974 monendum.
2933 4917 3016 4973 Ad
3034 4917 3148 4974 haec
3164 4917 3463 4990 apostolica
3485 4917 3616 4975 tuba

2020 5009 2313 5079 respondet
2343 5025 2357 5062 :
2393 5009 2616 5066 Obcdire
2675 5011 2888 5080 oportet
2910 5009 3017 5064 Deo
3047 5010 3226 5080 magis
3247 5025 3413 5082 quam
3440 5008 3617 5065 homi-

2022 5097 2343 5169 nibas(Act.
2377 5097 2435 5169 v)
2460 5116 2473 5164 ;
2499 5105 2551 5152 et
2571 5096 2768 5152 Paulus
2795 5096 3077 5153 Timotheo
3112 5097 3348 5168 :Argue,
3371 5098 3612 5164 obsecra,

2023 5188 2254 5259 increpa
2271 5188 2335 5242 in
2356 5187 2511 5243 omni
2533 5187 2818 5258 patientia
2851 5189 2906 5242 et
2936 5185 3202 5242 doctrina
3231 5185 3308 5259 (II
3338 5187 3474 5242 Tim.
3510 5187 3608 5258 IV).

2023 5277 2156 5331 Item
2173 5275 2291 5331 Tito
2326 5292 2339 5328 :
2371 5276 2643 5332 Divitibus
2669 5275 2840 5347 hujus
2869 5276 3064 5332 saeculi
3089 5277 3332 5348 praecipe
3368 5292 3484 5334 non
3512 5293 3614 5332 su-

2021 5366 2183 5437 perbe
2198 5380 2594 5437 sapere,neque
2606 5381 2830 5437 sperare
2845 5366 2908 5420 in
2918 5365 3137 5422 incerto
3148 5365 3481 5422 divitiarum
3491 5382 3618 5421 sua-

2023 5469 2152 5509 rum
2177 5454 2228 5522 (I
2241 5454 2376 5509 Tim.
2411 5453 2510 5524 vr).
2544 5455 2648 5509 Aut
2676 5454 3112 5525 persecutionem
3143 5454 3439 5526 quamlibet
3465 5470 3614 5525 pra-

2023 5541 2262 5598 cavislis.
2326 5542 2433 5598 Sed
2475 5558 2507 5597 a
2548 5542 2780 5599 Domino
2822 5544 3033 5611 jussum
3085 5551 3168 5598 est
3197 5543 3474 5600 ita:Cum
3522 5559 3614 5598 vos

2023 5632 2307 5706 persecuti
2335 5632 2559 5704 fuerint
2586 5633 2650 5688 in
2670 5649 2787 5690 una
2816 5635 3062 5699 civitate,
3098 5632 3278 5706 fugite
3322 5633 3385 5687 in
3435 5631 3614 5692 aliam
