4174 6328
531 278 626 332 671

533 494 633 553 est,
666 486 937 541 timuistis.
972 487 1082 542 Sed
1101 486 1246 542 idem
1275 486 1606 558 Redemptor
1651 492 1833 541 noster
1859 485 1915 539 in
1943 484 2132 540 Evan-

528 575 675 647 gelio
696 591 798 630 nos
825 577 1070 631 hortatus
1101 583 1183 631 est
1212 575 1403 632 dicens
1436 593 1448 629 :
1483 576 1665 631 Nolite
1684 576 1882 630 timere
1912 590 2003 630 eos
2036 575 2133 646 qui

534 664 801 720 occidunt
831 681 1050 739 corpus,
1080 666 1339 721 animam
1369 668 1563 720 autem
1586 680 1702 721 non
1717 667 1957 736 possunt
1981 662 2130 719 occi-

529 753 658 810 dere
689 752 889 824 (ibid.).

603 842 803 897 Verum
859 841 982 915 quia
1050 841 1184 897 nihil
1243 842 1467 911 horum,
1547 841 1677 912 quia
1732 854 1836 895 nec
1888 838 2129 895 inferen-

532 930 662 985 dum
687 930 845 987 vobis
873 931 943 986 ab
972 930 1153 1003 aliquo
1182 929 1373 997 fuerat,
1406 928 1680 994 timuistis,
1736 935 1906 983 restat
1935 927 2129 999 procul

531 1019 696 1075 dubio
727 1019 852 1092 quia
880 1035 989 1075 non
1009 1020 1181 1074 solum
1211 1018 1505 1074 secundum
1537 1016 1953 1089 prohibitionem
1983 1017 2130 1072 sedis

532 1108 847 1179 apostolicae:
903 1107 1288 1179 compatriotas
1319 1112 1533 1161 vestros
1562 1106 1629 1160 ab
1658 1106 1940 1161 invasione
1970 1104 2130 1178 regni

526 1196 748 1252 alterius
795 1196 1203 1253 sacerdotaliter
1231 1210 1342 1250 non
1373 1194 1641 1262 vetuistis,
1671 1194 1780 1249 imo
1842 1193 2129 1266 cupiditati

530 1301 720 1340 eorum
749 1285 917 1341 veStri
947 1283 1149 1340 favoris
1192 1283 1592 1340 conniventiam
1645 1282 1936 1353 sociantes,
1973 1283 2128 1355 quasi

531 1373 787 1446 pulvillos
815 1373 916 1428 sub
945 1372 1124 1429 cubito
1173 1388 1364 1428 eorum
1402 1387 1663 1427 manuum
1716 1370 2025 1439 consuistis,
2077 1378 2128 1426 et

532 1461 667 1517 illud
684 1462 776 1518 Vas
802 1461 959 1518 vobis
988 1461 1361 1533 prOpheticum
1382 1460 1716 1527 maturastis,
1742 1475 1849 1532 quo
1875 1460 2076 1516 dicitur
2109 1477 2123 1514 :

538 1551 620 1607 Va:
637 1551 725 1606 his
740 1552 836 1623 qui
846 1554 1131 1607 consuunt
1140 1551 1407 1623 pulvillos
1418 1550 1518 1605 sub
1529 1550 1686 1606 omni
1697 1550 1881 1605 cubito
1896 1566 2124 1616 manus,

534 1642 592 1694 et
606 1640 837 1710 faciunt
877 1639 1178 1695 cervicalia
1202 1639 1303 1694 sub
1334 1638 1520 1711 capite
1546 1638 1827 1694 universae
1850 1638 2038 1693 aetatis
2057 1637 2130 1693 ad

1804 270 2100 327 JOANNIS
2156 270 2352 327 PAPIE
2406 270 2549 327 VIII.

534 397 754 468 (Matth.
785 398 868 469 χ).
898 398 1008 453 Aut
1036 404 1286 466 mortem,
1320 412 1441 470 quas
1469 395 1677 453 cunctis
1717 395 1908 465 ultima
1961 410 2125 467 poena
2152 395 2210 457 A

3728 271 3842 327 6'72

2320 497 2393 537 AD
2423 498 2661 539 COMITES
2692 498 2752 538 IN
2772 498 2961 539 REGNO
2992 498 3253 538 LUDOVICI
3282 497 3444 538 REGIS
3470 496 3753 537 BAJOARIE

2823 586 3215 627 CONSTITUTOS.

2823 661 3004 730 (Anno
3033 661 3178 732 8'76).

2229 749 2430 821 Arguit
2444 763 2535 806 eos
2546 749 2689 822 quod
2709 749 2893 805 Caroli
2908 766 3146 821 regnum
3155 749 3462 823 pervadere
3497 751 3787 805 tentarint
3818 769 3837 814 ;

2299 842 2596 912 monetque
2611 841 2678 894 ut
2692 838 3034 895 Ludovicum
3049 854 3236 911 regem
3262 839 3330 894 ab
3344 853 3411 895 ea
3451 842 3642 895 mente
3670 854 3830 895 revo-

2299 930 2449 996 cent,
2477 930 2619 982 etut
2641 927 2861 998 legatis,
2907 943 3041 1000 quos
3085 928 3289 993 mittit,
3321 927 3659 998 satisfacere
3706 943 3828 982 non

2299 1016 2634 1072 detrectent.

2297 1103 2551 1159 Joannes
2571 1103 2881 1176 episcopus,
2902 1120 3094 1160 servus
3114 1120 3397 1161 servorum
3418 1103 3541 1170 Dei,
3566 1103 3829 1160 omnibus

2227 1191 2483 1264 gloriosis
2512 1192 2800 1249 comitibus
2829 1193 2886 1247 in
2905 1209 3079 1266 regno
3107 1192 3364 1250 Ludovici
3385 1192 3533 1267 regis
3562 1192 3828 1262 Bajoariae

2227 1281 2552 1337 constitutis.

2298 1368 2577 1426 Ministerii
2604 1370 2774 1425 nostri
2804 1377 2885 1426 est
2898 1369 3224 1427 universalis
3253 1369 3516 1426 Ecclesiae
3536 1369 3637 1426 Dei
3669 1369 3827 1425 solli-

2223 1457 2534 1525 citudinem,
2554 1459 2856 1514 secundum
2886 1459 3030 1515 beati
3058 1459 3209 1514 Pauli
3230 1458 3820 1532 apostolitsententiam

2227 1546 2597 1615 circumferre,
2648 1555 2703 1604 et
2749 1548 2880 1621 quid
2916 1549 2972 1602 in
3021 1548 3261 1621 qualibet
3289 1548 3477 1604 mundi
3506 1556 3662 1620 parte
3694 1563 3829 1604 con-

2226 1643 2405 1707 gruat,
2438 1636 2555 1692 sive
2584 1652 2695 1692 non
2728 1645 3013 1708 congruat,
3047 1637 3295 1693 censoria
3322 1637 3828 1710 gravitatede_pro-

529 1727 832 1800 capiendas
853 1729 1078 1783 animas
1111 1727 1330 1797 (Ezech.
1353 1726 1500 1798 xm).
1533 1725 1698 1795 Quasi
1739 1725 1884 1782 enim
1905 1725 2126 1798 pulvillo
2145 1763 2199 1823 B
2226 1740 2398 1793 mere,
2426 1732 2692 1797 quatenus
2722 1741 2856 1781 oves
2877 1725 3192 1794 Dominicw,
3216 1743 3336 1798 quae
3356 1741 3549 1782 vocem
3575 1733 3829 1797 pastora-

529 1815 855 1883 cubitus,vel
880 1814 1240 1872 cervicalibus
1253 1823 1415 1886 caput
1438 1815 1670 1884 jacentis
1705 1814 2126 1886 excipitur,dum

530 1904 887 1960 correctionis
907 1903 1107 1959 duritia
1128 1905 1375 1976 peccanti
1405 1903 1756 1972 subtrahitur,
1792 1903 1951 1975 eique
1980 1903 2125 1958 mol-

534 1992 683 2049 lities
714 1992 916 2049 favoris
947 1993 1250 2059 adhibetur,
1273 1993 1410 2047 utin
1440 2008 1622 2049 errore
1650 1992 1890 2047 molliter
1926 1993 2124 2060 jaceat,

2231 1813 2296 1868 lis
2314 1821 2513 1868 nostrae
2543 1813 2922 1870 sollicitudinis
2943 1826 3358 1888 cognoscentes,
3374 1823 3653 1886 pastorum
3675 1815 3831 1886 priu-

2223 1901 2402 1973 cipem
2432 1903 2711 1959 humiliter
2739 1904 2981 1971 audiunt,
2995 1903 3051 1959 in
3081 1904 3221 1960 ovile
3244 1904 3538 1960 Dominum
3562 1904 3829 1979 recogni-

2226 1999 2296 2046 ιω
2326 1991 2680 2058 collocentur,
2729 2000 2783 2047 et
2811 2009 2943 2048 oves
2972 1993 3254 2063 morbidos,
3311 2010 3432 2065 quae
3458 1993 3826 2065 pervicaciter

532 2099 693 2155 quem
722 2081 870 2137 nulla
897 2081 1339 2138 contradictionis
1369 2081 1635 2153 asperitas
1662 2081 1858 2153 pulsat.
1885 2081 1994 2137 Sed
2012 2082 2130 2138 haec
2219 2079 2524 2152 negligunt,
2559 2080 2627 2135 ab
2665 2080 2794 2136 ovili
2824 2081 3129 2149 Dominico,
3174 2098 3245 2137 ne
3284 2098 3446 2137 sanas
3475 2083 3637 2139 vicini
3658 2099 3823 2155 peco-

532 2178 776 2227 rectores
808 2171 897 2243 qui
925 2170 1247 2244 semetipsos
1294 2170 1548 2243 diligunt,
1596 2170 1680 2225 his
1717 2169 1907 2241 procul
1938 2169 2124 2236 dubio,

525 2260 676 2330 juxta
704 2261 851 2333 quod
878 2262 1070 2316 beatus
1086 2261 1464 2332 praedecessor
1479 2267 1666 2316 noster
1687 2259 1992 2331 Gregorius
2009 2276 2127 2314 me-

529 2348 704 2416 minit,
728 2349 1001 2416 exhibent,
1033 2366 1062 2404 a
1095 2349 1292 2421 quibus
1323 2365 1384 2404 se
1411 2349 1591 2404 minus
1621 2365 1783 2421 posse
1815 2349 1993 2403 studio
2010 2348 2128 2420 glo-

529 2437 624 2495 ria:
653 2438 967 2510 temporalis
998 2438 1205 2495 timent.
1238 2437 1379 2508 Quid
1408 2438 1589 2510 igitur,
1622 2437 1840 2507 fratres,
1876 2437 1922 2491 si
1946 2445 2130 2493 tamen

528 2526 705 2583 adhuc
732 2526 933 2583 fratres
963 2527 1070 2583 dici
1111 2527 1418 2594 meremini,
1477 2527 1569 2599 qui
1617 2527 1763 2582 sedis
1817 2526 2129 2598 apostolicae

529 2616 768 2671 salubria
794 2616 997 2672 monita
1023 2623 1432 2672 contemnentes
1461 2630 1564 2687 pro
1595 2615 1808 2671 Christo
1854 2615 2126 2687 legatione

530 2698 730 2755 functis
758 2715 868 2755 non
900 2700 1051 2768 estis,
1076 2700 1233 2756 vobis
1262 2699 1538 2771 agendum
1569 2707 1670 2764 est,
1702 2698 1805 2755 nisi
1835 2707 1892 2754 ut
1910 2700 2130 2754 tandem

531 2788 824 2861 aliquando
854 2804 977 2844 cum
1008 2796 1198 2845 sancta
1258 2788 1390 2843 sede
1447 2787 1749 2859 apostolica
1802 2788 2122 2853 sentientes,

530 2883 643 2932 tam
670 2877 933 2934 dilectum
963 2876 1132 2932 ﬁlium
1162 2885 1412 2932 nostrum
1441 2876 1774 2933 Ludovicum
1806 2892 1992 2948 regem
2028 2892 2130 2932 ve-

534 2973 727 3033 strum,
759 2980 920 3038 quam
949 2966 1192 3038 paternis
1222 2964 1503 3021 aﬂ'ectibus
1561 2966 1737 3021 adhuc
1767 2965 2131 3036 complecten-

535 3055 661 3115 dum
690 3054 1052 3122 decernimus,
1088 3071 1249 3127 quam
1278 3063 1503 3111 cunctos
1520 3054 1665 3109 illius
1684 3054 1839 3128 regni
1862 3053 2125 3121 subditos,

2228 2168 2305 2223 ris
2326 2169 2581 2242 contagio
2611 2169 2826 2239 laedant,
2860 2169 2987 2242 quia
3014 2170 3272 2226 nimirum
3305 2172 3475 2227 multa
3502 2173 3832 2244 corporibus

2226 2257 2548 2312 transitione
2576 2266 2775 2314 nocent
2802 2275 2903 2330 per
2934 2259 3244 2330 apostolicae
3286 2260 3618 2316 auctoritatis
3640 2260 3830 2316 minis-

2228 2346 2427 2402 terium
2454 2346 2805 2423 repellantur.
2857 2347 3129 2420 Scriptum
3160 2348 3361 2421 quippe
3397 2358 3481 2405 est
3529 2367 3542 2404 :
3577 2350 3634 2406 Si
3668 2367 3830 2424 sepa-

2226 2435 2441 2491 raveris
2461 2453 2661 2492 carum
2690 2438 2854 2503 avili,
2879 2439 3042 2509 quasi
3071 2455 3129 2493 os
3167 2455 3358 2494 meum
3390 2441 3502 2495 eris
3531 2439 3666 2511 (Jer.
3691 2439 3825 2512 xv);

2229 2531 2283 2578 et
2311 2523 2506 2578 iterum
2528 2542 2541 2578 :
2565 2525 2798 2596 Auferte
2815 2527 3033 2582 malum
3050 2527 3117 2583 de
3137 2527 3316 2583 medio
3335 2528 3507 2583 vestri
3528 2548 3547 2594 ;
3570 2536 3623 2583 et
3642 2526 3829 2583 Domi-

2227 2628 2330 2667 nus
2357 2613 2660 2686 Evangelio
2680 2613 2922 2686 praecipit
2951 2622 3009 2669 ut
3042 2614 3089 2669 si
3130 2615 3340 2682 oculus,
3365 2632 3484 2686 pes,
3517 2616 3604 2672 vel
3632 2632 3829 2672 manus

2229 2700 2544 2756 scandalum
2572 2701 2731 2757 nobis
2760 2711 3005 2774 generat,
3028 2704 3380 2759 abscindatur
3396 2712 3558 2777 atque
3578 2705 3831 2777 projicia-

2229 2796 2317 2844 tur
2344 2789 2562 2859 (Matth.
2597 2792 2718 2863 Ix);
2754 2799 2806 2847 et
2837 2792 2971 2847 illud
2999 2800 3125 2863 post
3141 2792 3247 2848 alia
3270 2811 3283 2847 :
3305 2794 3365 2849 Si
3391 2795 3702 2851 Ecclesium
3716 2811 3833 2851 non

2225 2878 2493 2948 audierit,
2528 2880 2607 2935 sic
2648 2881 2797 2936 sicut
2839 2882 3100 2937 ethnicus
3134 2886 3191 2937 et
3227 2883 3564 2955 publicanus
3596 2883 3819 2952 (Matth.

2228 2970 2420 3038 xvm).
2452 2969 2588 3023 Item
2617 2969 2909 3040 Apostolus
2945 2988 2959 3025 :
2989 2971 3048 3026 Si
3079 2973 3202 3043 quis
3227 2987 3343 3027 non
3373 2972 3642 3029 obedierit
3671 2974 3829 3030 verbo

2231 3060 2422 3113 nostro
2446 3073 2551 3130 per
2566 3059 2886 3131 epistolam,
2920 3061 3070 3116 hunc
3100 3063 3314 3127 notate,
3341 3064 3398 3116 et
3426 3078 3542 3119 non
3561 3062 3828 3118 commis-

532 3160 669 3202 voce
698 3144 869 3201 libera
916 3144 1203 3214 moneatis,
1235 3151 1289 3199 et
1318 3144 1385 3198 ab
1416 3144 1699 3200 invasione
1730 3143 1846 3199 sive
1898 3159 2133 3215 oppres-
2153 3121 2202 3185 G
2234 3147 2483 3203 ceamini
2509 3121 2640 3203 cum
2670 3148 2770 3203 illo
2801 3147 2876 3220 (Il
2899 3149 3079 3205 Thess.
3114 3148 3224 3220 ιιι).
3270 3149 3478 3219 Quibus
3509 3150 3832 3206 testimoniis

535 3234 688 3291 sione
724 3233 937 3305 imperii
980 3233 1162 3289 dilecti
1192 3232 1288 3288 filii
1317 3233 1488 3288 nostri
1521 3232 1699 3288 Caroli
1752 3248 1971 3304 semper
2019 3234 2136 3287 Au-

534 3323 683 3397 gusti
727 3323 943 3394 penitus
992 3322 1399 3393 compescatis?
1446 3337 1829 3393 nunquamque
1885 3322 1954 3376 de
2003 3321 2141 3377 reli-

535 3428 663 3485 quo,
711 3411 827 3468 sive
873 3411 1277 3481 blandimentis,
1330 3411 1449 3466 sive
1507 3411 1832 3477 terroribus,
1894 3426 2133 3467 consen-

532 3517 653 3557 sum
709 3500 999 3575 quemlibet
1054 3500 1364 3557 favoremve
1413 3499 1682 3571 praestetis
1738 3499 1808 3554 ad
1865 3498 2136 3555 funestum

533 3589 783 3662 praelium
832 3589 1254 3657 conferendum,
1312 3597 1365 3645 et
1422 3589 1853 3644 Christianorum
1912 3590 2134 3663 sangui-

536 3695 663 3735 nem
691 3678 1150 3750 profundendum,
1183 3677 1230 3732 si
1276 3692 1387 3733 non
1412 3677 1594 3742 vultis,
1628 3677 1843 3732 amissis
1886 3678 2139 3735 sacerdo-

535 3767 734 3823 talibus
762 3766 962 3833 infulis,
997 3767 1063 3821 ab
1084 3765 1380 3837 apostolica
1409 3766 1785 3822 communione
1814 3767 2138 3838 praesentia-

537 3855 663 3911 liter
692 3854 1036 3927 sequestrari,
1083 3862 1136 3909 et
1165 3854 1442 3925 perpetuis
1474 3855 1835 3910 anathematis
1884 3856 2135 3923 vinculis,

538 3945 684 4019 quod
711 3960 989 4017 nunquam
1016 3943 1283 4015 cupimus,
1308 3942 1587 4015 obligari?
1604 3944 1745 3999 Nam
1765 3945 2133 4018 cujuscunque

539 4034 608 4090 sit
639 4033 862 4108 gradus,
894 4032 1122 4099 ordinis,
1163 4032 1529 4104 sublimitatis,
1585 4034 1701 4090 sive
1749 4033 2131 4105 professionis,

541 4124 633 4198 qui
676 4139 800 4181 cum
846 4122 1203 4196 praesentibus
1250 4122 1442 4196 legatis
1472 4123 1696 4178 nostris.
1729 4123 1939 4179 Joanne
1972 4124 2131 4180 Sicu-

537 4213 696 4280 lensi,
772 4213 1007 4285 itemque
1061 4213 1268 4267 Joanne
1324 4212 1675 4278 Tuscanensi,
1725 4212 2141 4268 venerabilibus

539 4302 830 4375 episcopis,
861 4317 998 4374 quos
1028 4301 1147 4357 vice
1176 4308 1366 4355 nostra
1433 4300 1600 4373 [forte
1647 4301 1801 4357 deest
1856 4301 2136 4372 mittimus,

541 4390 747 4464 Hum]
777 4390 900 4445 illas
929 4390 986 4444 in
1012 4397 1198 4461 partes
1227 4390 1299 4444 ad
1328 4388 1689 4445 examinanda
1734 4389 2000 4463 simulque
2030 4390 2141 4447 dif-

2237 3234 2644 3291 evidentissime
2673 3252 3055 3307 provocamur,
3092 3244 3148 3292 ut
3176 3254 3294 3305 vos,
3330 3254 3467 3310 quos
3487 3240 3830 3312 contemptis,

2236 3324 2551 3396 apostolicae
2584 3325 2730 3380 sedis
2761 3326 3265 3398 epistolis,regnum
3299 3326 3481 3384 dilecti
3522 3328 3617 3382 filii
3658 3329 3835 3384 nostri

2239 3423 2421 3479 Caroli
2474 3423 2921 3479 Christianissimi
2956 3424 3299 3496 imperatoris
3341 3433 3528 3481 contra
3572 3425 3835 3483 interdic-

2238 3520 2351 3567 tum
2371 3519 2637 3579 nostrum,
2670 3513 2779 3568 imo
2809 3520 3001 3569 contra
3029 3513 3130 3569 Dei
3150 3513 3531 3586 omnipotentis
3560 3514 3831 3583 timorem,

2238 3601 2561 3672 pervadere,
2596 3601 2734 3657 sicut
2783 3602 3110 3669 audivimus,
3140 3619 3441 3676 pacemque
3485 3612 3686 3659 sach
3734 3605 3835 3661 Dei

2238 3691 2502 3747 Ecclesiae
2552 3706 2904 3763 corrumpere
2959 3692 3279 3760 tentavistis,
3335 3710 3364 3747 a
3405 3708 3634 3764 corpore
3673 3693 3838 3749 totius

2240 3780 2484 3849 ejusdem
2523 3780 2804 3847 Ecclesiae,
2850 3796 3014 3852 quam
3053 3798 3152 3853 per
3197 3789 3576 3838 antecessores
3620 3790 3839 3839 nostros

2239 3884 2447 3942 perque
2462 3870 2844 3941 nosmetipsos,
2878 3886 2976 3927 vos
3007 3870 3118 3926 suis
3135 3870 3380 3942 epistolis
3400 3880 3835 3928 commonentem

2240 3957 2429 4013 audire
2457 3959 2720 4015 hactenus
2753 3958 3022 4026 noluistis,
3058 3960 3392 4034 sequestrari
3421 3961 3838 4032 praesentialiter

2241 4048 2502 4104 debeatis.
2537 4049 2647 4105 Sed
2668 4049 2922 4120 quoniam
2961 4056 3166 4106 sanctte
3203 4049 3350 4105 sedis
3384 4051 3701 4121 apostolicae
3729 4052 3837 4106 mi-

2241 4138 2441 4193 seratio
2462 4153 2562 4195 vos
2582 4137 2797 4193 interim
2819 4138 3051 4194 ﬁliorum
3068 4137 3356 4195 dilectione
3376 4139 3837 4211 complectitur,et

2243 4227 2589 4283 dissimulare
2636 4236 2861 4299 peccata
2890 4235 3074 4284 vestra
3094 4227 3270 4299 magis
3295 4243 3460 4300 quam
3487 4230 3681 4301 punire
3701 4230 3843 4287 velle

2244 4318 2611 4390 cognoscitur,
2648 4316 2751 4372 has
2776 4316 2972 4373 iterum
3002 4316 3251 4372 charitati
3278 4325 3472 4373 vestrae
3502 4326 3702 4374 sancta}
3735 4320 3838 4376 Dei

2242 4405 2505 4463 Ecclesia
2530 4406 2742 4462 litteras
2770 4406 3128 4473 destinamus,
3161 4406 3544 4479 hortantesque
3576 4407 3842 4464 instamus

541 4480 783 4537 ﬁnienda
811 4479 1072 4535 canonice
1101 4478 1215 4534 Sive
1243 4477 1513 4548 Ῑθὲθιιίίθΐν
1548 4495 1670 4549 quae
1697 4480 1802 4534 110°
1833 4493 1976 4535 anno
1997 4480 2137 4536 inter
2155 4489 2208 4550 D
2241 4502 2297 4550 ut
2326 4495 2491 4551 divini
2514 4495 2702 4565 judicii
2731 4511 3018 4564 memores,
3045 4502 3097 4551 et
3122 4493 3351 4551 fraterni
3380 4477 3602 4552 fmderis
3653 4513 3837 4554 recor-

542 4577 801 4642 utrosque
830 4583 1127 4633 emersere,
1160 4565 1401 4638 negotia,
1437 4566 1730 4622 convenire
1750 4567 1806 4621 in
1827 4567 1951 4623 loco
1974 4569 2042 4623 ab
2064 4569 2143 4624 eis

542 4659 850 4731 designato,
883 4656 1070 4729 eisque
1100 4653 1413 4711 satisfacere
1452 4654 1727 4710 humiliter
1742 4655 2138 4725 detrectaverit,

546 4747 865 4804 auctoritate
896 4746 996 4803 Dei
1018 4744 1405 4816 omnipotentis
1452 4751 1872 4818 sanctorumque
1916 4755 2140 4819 θροειο-

547 4838 725 4893 lorum
753 4837 900 4892 Petri
914 4844 966 4891 et
980 4834 1147 4901 Pauli,
1166 4841 1473 4904 nostraeque
1492 4834 1902 4903 mediocritatis,
1925 4837 2142 4894 veniam

548 4926 651 4983 sibi
680 4925 939 4997 deinceps
970 4921 1177 4979 noverit
1205 4921 1505 4995 denegari;
1539 4938 1641 4978 nec
1663 4925 1860 4981 amodo
1891 4940 2141 4983 commu-

546 5014 726 5071 nionis
757 5021 975 5081 nostrae,
1008 5020 1066 5069 ut
1086 5010 1269 5069 verbis
1316 5011 1645 5068 sanctissimi
1703 5015 1870 5071 nostri
1924 5017 2140 5088 praede-

549 5103 787 5162 cessoris
813 5111 1049 5170 utamur,
1082 5101 1319 5157 futurum
1347 5117 1469 5157 esse
1508 5110 1834 5173 consortem,
1895 5107 2140 5178 quisquis

546 5211 669 5253 esse
684 5192 915 5250 noluerit
929 5190 1249 5263 disciplinae.
1271 5190 1531 5262 Optamus
1552 5193 1888 5251 sanctitatem
1901 5205 2140 5252 vestram

552 5285 700 5342 sedis
756 5282 1065 5356 apostolica
1120 5279 1339 5336 monitis
1394 5281 1783 5354 obsequentem
1840 5302 2058 5358 semper
2086 5287 2141 5341 in

551 5374 767 5431 Christo
814 5373 954 5429 bene
1002 5369 1200 5427 valere.
1264 5369 1517 5427 Recitata
1567 5373 1631 5428 in
1685 5375 1890 5447 synodo
1942 5377 2140 5432 Ponti-

547 5466 797 5542 gonensi.

2240 4581 2453 4636 dantes-
2482 4581 2963 4653 imminentemque
2993 4588 3191 4636 vestrae
3230 4580 3531 4637 vocationis
3577 4582 3726 4638 diem
3755 4582 3841 4638 ul-

2239 4669 2430 4726 timum
2450 4678 2839 4742 praecaventes,
2889 4668 3133 4724 fraudem
3162 4668 3506 4737 diabolicam,
3539 4687 3641 4743 per
3679 4688 3841 4745 quam

2239 4772 2389 4815 mors
2418 4758 2658 4816 introivit
2686 4759 2741 4815 in
2769 4759 2959 4815 orbem
2988 4766 3281 4825 terrarum,
3303 4756 3577 4832 eﬂ‘ugiatis
3598 4780 3612 4827 ;
3634 4760 3843 4818 discor-

2239 4848 2404 4918 diam,
2439 4864 2561 4922 quae
2605 4849 2786 4904 nutrix
2841 4855 2923 4904 est
2967 4854 3287 4903 cunctorum
3341 4848 3629 4905 criminum
3688 4851 3843 4922 quasi

2239 4954 2506 4994 venenum
2555 4937 2875 5009 pestiferum
2901 4936 3225 4993 declinetis:
3257 4952 3329 4992 ne
3373 4937 3579 4994 similes
3626 4940 3677 4997 ei
3726 4938 3842 4995 etii-

2239 5027 2473 5098 ciamini,
2506 5028 2575 5082 de
2624 5044 2732 5100 quo
2785 5028 3044 5086 Salomon
3068 5029 3186 5086 ait:
3232 5031 3398 5086 Homo
3435 5033 3713 5101 apostata,
3753 5031 3844 5086 vir

2240 5118 2484 5184 inutilis,
2502 5118 2763 5190 graditur
2781 5132 2875 5176 ore
2895 5134 3170 5190 perverso,
3238 5122 3448 5196 annuit
3475 5121 3676 5189 oculis,
3709 5121 3846 5176 terit

2237 5207 2395 5280 pede,
2409 5207 2584 5280 digito
2596 5208 2862 5282 loquitur,
2878 5226 3046 5281 pravo
3059 5212 3223 5267 corde
3236 5210 3605 5268 machinatur
3623 5210 3844 5265 malum

2240 5296 2296 5347 et
2310 5292 2373 5347 in
2389 5295 2542 5349 omni
2572 5296 2820 5366 tempore
2832 5295 3031 5367 jurgia
3083 5298 3332 5353 seminat
3358 5297 3543 5368 (Prov.
3567 5293 3849 5365 v).Pacem

2250 5390 2301 5437 et
2342 5382 2773 5450 sanctimoniam,
2820 5384 2937 5440 sine
2973 5399 3082 5457 qua
3115 5402 3276 5442 nemo
3305 5384 3508 5441 videbit
3530 5385 3723 5451 Deum,
3756 5383 3846 5438 di-

2237 5470 2416 5545 ligatis
2449 5489 2460 5528 :
2495 5473 2749 5545 quoniam
2796 5473 2934 5530 sicut
2970 5473 3184 5546 pacifici
3228 5482 3353 5531 sunt
3401 5490 3432 5529 a
3463 5474 3698 5529 Domino
3741 5489 3852 5528 non

2251 5571 2428 5631 solum
2449 5571 2613 5641 beati,
2647 5573 2746 5630 sed
2767 5572 2928 5629 etiam
2968 5571 3063 5633 ﬁlii
3119 5573 3220 5635 Dei
3267 5572 3462 5644 vocati,
3510 5571 3587 5628 ita
3636 5571 3848 5630 Satanae
