4174 6310
303 243 408 296 673

1481 235 1839 294 EPISLOLJE
1892 235 1984 290 ET
2029 237 2375 294 DECRETA.

3507 238 3609 294 674

305 370 436 418 sunt
484 361 600 431 ﬁlii,
650 363 743 433 qui
786 377 977 434 pacem
1027 361 1380 418 confundunt.
1437 364 1578 418 Nam
1634 360 1985 422 discordesA
2017 379 2114 418 vos
2140 362 2337 418 fecisse
2358 363 2660 434 probamin,
2696 362 3066 434 compulisset,
3119 364 3163 419 si
3193 379 3388 436 pacem
3430 364 3608 436 regni,

308 453 498 507 tandiu
527 450 733 506 nullum
763 451 889 506 boni
901 452 1084 522 operis
1110 453 1225 508 Deo
1254 451 1583 508 sacrificium
1614 451 1914 516 immolant,

310 541 551 612 quandiu
581 555 613 596 a
645 540 1019 612 proximorum
1070 542 1336 596 charitate
1382 540 1714 596 discordant.
1764 539 1919 594 Unde

313 648 415 702 per
434 631 747 686 Matthaum
768 630 1081 702 pracipitur
1113 649 1124 685 :
1149 632 1207 686 Si
1222 631 1386 702 offers
1416 646 1625 686 munus
1659 634 1820 684 tuum
1849 629 1920 684 ad

313 721 520 786 altare,
547 725 602 774 et
619 720 695 775 ibi
715 721 1041 776 recordatus
1061 721 1241 791 fueris
1261 722 1392 793 quia
1403 723 1588 791 frater
1605 723 1738 774 tuus
1757 719 1920 773 habet

314 809 531 880 aliquid
551 809 848 864 adversum
873 813 942 874 te,
969 811 1224 881 relinque
1255 825 1463 864 munus
1486 812 1650 863 tuum
1672 811 1805 862 ante
1827 807 1918 861 al-

316 901 457 962 tare,
481 900 538 952 et
560 899 693 952 vade
712 899 872 968 prius
887 899 1248 954 reconciliari
1265 898 1439 968 fratri
1455 901 1570 962 tuo,
1587 900 1642 951 et
1665 900 1800 951 tunc
1819 911 1916 950 ve-

314 987 485 1040 niens
507 985 646 1056 offer
663 1002 874 1040 munus
894 989 1055 1041 tuum
1074 986 1290 1055 (Matth.
1316 985 1395 1054 v).
1430 985 1490 1039 In
1513 1000 1619 1055 qua
1636 983 1917 1039 Dominica

316 1073 685 1146 praceptione
717 1074 1054 1145 pensandum
1084 1082 1187 1141 est,
1220 1090 1449 1145 quorum
1490 1073 1668 1128 hostia
1697 1072 1917 1143 respui-

317 1171 424 1229 tur,
459 1179 623 1234 quam
645 1163 1006 1218 intolerabilis
1029 1163 1189 1233 culpa
1216 1170 1564 1217 monstratur.
1599 1163 1730 1216 Cum
1773 1160 1917 1215 enim

316 1252 464 1306 mala
512 1252 790 1322 praeterita
826 1251 982 1306 bonis
1025 1251 1285 1322 operibus
1334 1251 1628 1318 diluuntur,
1683 1265 1916 1320 pensare

319 1341 549 1406 debetis,
583 1357 616 1395 ο
645 1341 1055 1412 prudentissimi
1085 1342 1331 1406 comites,
1366 1347 1568 1411 quanta
1600 1347 1723 1394 sunt
1751 1339 1913 1404 mala,

318 1429 627 1495 discordia,
663 1446 782 1500 qua
801 1429 904 1483 nisi
922 1429 1188 1485 exstincta
1208 1429 1420 1495 fuerint,
1446 1429 1649 1483 bonum
1669 1426 1916 1482 sacriﬁcii

319 1518 579 1590 subsequi
609 1534 717 1572 non
746 1519 1082 1588 permittunt.
1145 1517 1279 1586 Quis
1324 1518 1524 1588 itaque,
1557 1516 1911 1581 dilectissimi,

321 1623 420 1662 vos
451 1608 519 1661 ad
552 1614 714 1662 tanta
742 1607 1030 1663 discordia
1059 1607 1282 1662 crimina
1299 1607 1402 1660 nisi
1424 1605 1678 1676 antiquus
1698 1604 1916 1659 humani

2022 452 2157 506 sicut
2186 468 2284 506 vos
2315 451 2510 517 facitis,
2543 459 2882 507 temerasset.
2914 453 3073 510 Nunc
3101 469 3252 521 vero,
3305 468 3428 509 cum
3477 452 3616 508 divi-

2021 540 2164 594 nitus
2221 541 2506 611 prascitus
2538 549 2591 595 et
2627 541 3056 611 pradestinatus,
3091 558 3199 597 non
3231 557 3262 596 a
3292 542 3608 612 semetipso,

2021 631 2117 683 sed
2159 630 2229 684 ab
2268 630 2528 686 Ecclesia
2577 630 2675 684 Dei
2711 629 2835 684 ﬁtiis
2864 630 3120 685 invitatus
3150 630 3452 696 advenerit,
3487 631 3605 684 sine

2021 717 2287 790 sanguine
2319 718 2430 772 sola
2462 733 2559 774 sua
2592 718 2966 774 benevolentia
2997 719 3156 786 hujus
3185 719 3352 773 Italia
3379 717 3614 773 fortissi-

2019 823 2138 861 mos
2170 807 2271 861 sibi
2327 808 2502 863 duces
2539 808 2864 873 devinxerit,
2921 807 3170 878 angelico
3218 823 3445 862 munere
3491 808 3610 862 vias

2020 912 2146 950 suas
2174 913 2273 966 per
2321 896 2466 950 invia
2521 897 2641 951 loca
2697 896 2935 951 directas
2993 896 3309 966 inspexerit,
3369 894 3614 951 frustatis

2018 984 2227 1039 insidiis
2265 985 2311 1039 ei
2334 985 2650 1056 compositis
2667 985 2924 1039 divinitus
2946 985 3237 1040 liberatum
3267 1000 3326 1038 se
3361 985 3612 1051 senserit,

2017 1074 2247 1143 paludes
2278 1074 2452 1128 invias
2483 1074 2585 1128 sibi
2633 1074 2854 1144 pervias
2910 1073 3082 1129 factas
3133 1073 3422 1139 invenerit,
3475 1073 3616 1129 vada

2016 1162 2412 1232 profundorum
2443 1162 2745 1228 ﬂuminum,
2782 1163 2925 1218 velut
2957 1163 3096 1217 alter
3124 1163 3233 1218 dux
3262 1161 3611 1231 lsraeliticus,

2018 1251 2344 1306 exercitibus
2376 1251 2488 1306 suis
2548 1269 2687 1322 pene
2741 1251 2887 1308 sicca
2933 1251 3219 1322 repererit,
3271 1251 3533 1306 miramur
3561 1258 3617 1305 et

2017 1340 2469 1410 obstupescimus,
2505 1356 2602 1396 cur
2643 1357 2767 1395 eum
2813 1358 2842 1394 a
2899 1341 3132 1395 Domino
3181 1340 3465 1410 pralatum
3504 1355 3612 1394 non

2013 1427 2311 1500 intelligitis
2340 1445 2453 1497 vos,
2481 1429 2572 1499 qui
2621 1429 2910 1484 sensibiles
2942 1429 3092 1498 estis,
3129 1444 3293 1499 quem
3343 1428 3612 1484 elementa

2014 1514 2352 1571 insensibilia
2382 1517 2621 1572 sensisse
2651 1519 2920 1573 videntur.
2955 1518 3214 1572 Miramur
3243 1525 3294 1572 et
3352 1517 3615 1587 obstupe-

2013 1606 2234 1674 scimus,
2271 1623 2366 1661 cur
2394 1606 2741 1677 parricidalia
2770 1614 2960 1661 contra
2979 1623 3102 1661 eum
3133 1621 3289 1661 arma
3306 1605 3609 1673 sustollitis,

321 1695 546 1768 generis
566 1695 934 1765 adversarius,
956 1694 1420 1766 provocavit?qui
1435 1711 1502 1748 ex
1517 1694 1712 1764 angelo
1737 1693 1915 1748 factus
1944 1725 1996 1784 B
2015 1711 2176 1766 quem
2204 1695 2270 1748 ab
2296 1695 2416 1766 ipsa
2445 1711 2543 1750 sua
2591 1695 2815 1750 infantia
2846 1696 3029 1750 multis
3079 1694 3496 1750 adversitatibus
3526 1693 3616 1749 fa-

323 1792 516 1855 aposta
544 1783 701 1839 bona
729 1784 896 1839 messi
952 1800 1172 1854 semper
1219 1783 1422 1837 zizania
1477 1782 1916 1852 superseminare

322 1873 552 1928 laborat.
587 1873 667 1927 De
695 1873 847 1940 cujus
896 1873 1151 1927 aviditate
1197 1889 1299 1942 per
1345 1871 1649 1942 apostolum
1677 1870 1872 1925 dicitur
1904 1887 1917 1924 :

323 1962 655 2018 Aversarius
713 1965 897 2016 vester
943 1962 1194 2017 diabolus
1236 1965 1509 2034 tanquam
1561 1961 1644 2016 leo
1689 1960 1920 2031 rugiens

337 2051 565 2115 circuit,
596 2066 851 2122 quarens
872 2066 1035 2121 quem
1057 2050 1281 2105 devoret
1316 2067 1327 2103 :
1355 2051 1448 2105 cui
1465 2049 1713 2104 resistite
1741 2051 1920 2119 fortes

323 2140 390 2194 in
410 2139 517 2207 ﬁde
535 2139 586 2209 (1
600 2141 749 2193 Petr.
774 2138 874 2207 γι).
891 2138 959 2192 Εῑ
972 2145 1116 2193 certe
1137 2138 1272 2206 ﬁdes
1286 2138 1410 2192 sine
1421 2137 1678 2208 operibus
1696 2141 1922 2193 mortua

326 2231 413 2282 est
433 2226 574 2298 (Jac.
601 2225 703 2298 u);
736 2233 786 2281 et
811 2226 998 2280 beatus
1029 2225 1246 2295 Paulus,
1279 2225 1488 2280 collatis
1517 2224 1703 2280 multis
1746 2225 1920 2279 virtu-

325 2316 492 2379 tibus,
559 2315 894 2384 charitatem,
948 2331 1069 2386 qua
1113 2314 1511 2370 multitudinem
1571 2321 1921 2384 peccatorum

325 2403 523 2476 operit,
545 2403 753 2474 pratuli
771 2404 988 2459 dicens:
1011 2405 1133 2459 Sive
1149 2403 1458 2475 prophetia
1473 2403 1916 2468 evacuabuntur,

327 2495 444 2549 sive
502 2493 708 2564 linguae
768 2493 1086 2561 cessabunt,
1138 2494 1254 2547 sive
1322 2493 1565 2548 scient-ia
1594 2492 1924 2547 destruetur

325 2583 380 2653 (ι
399 2583 520 2639 Cor.
562 2583 724 2652 xm);
757 2589 809 2636 et
839 2580 983 2636 infra
1019 2599 1030 2635 :
1059 2583 1220 2636 Nunc
1241 2585 1434 2636 autem
1470 2583 1709 2635 manent
1759 2580 1918 2648 ﬁdes,

328 2688 474 2744 spes,
509 2672 792 2737 charitas;
824 2673 939 2726 tria
969 2670 1106 2737 hac,
1130 2672 1312 2742 major
1331 2673 1524 2725 autem
1537 2670 1625 2725 his
1643 2673 1726 2724 est
1743 2670 1926 2724 chari-

331 2765 421 2816 tas
452 2759 658 2830 (ibid.).
715 2759 870 2815 Unde
913 2759 1052 2814 bene
1081 2775 1182 2830 per
1209 2759 1475 2814 Joannem
1498 2757 1695 2814 dicitur
1729 2774 1741 2812 :
1774 2760 1921 2813 Deus

326 2850 581 2905 charitas
604 2853 707 2918 est,
732 2853 788 2904 et
804 2851 898 2922 qui
913 2853 1110 2904 manet
1125 2851 1191 2904 in
1205 2848 1506 2917 charitate,
1521 2848 1585 2902 in
1603 2849 1711 2903 Deo
1727 2851 1924 2903 manet

325 2942 386 2993 et
430 2940 576 2994 Deus
613 2940 678 2994 in
725 2953 786 2994 eo
829 2938 904 3007 (II
928 2940 1086 2994 Joan.
1131 2939 1231 3007 tv).
1261 2936 1483 2992 Constat
1511 2952 1644 3007 ergo
1675 2936 1804 3007 quia
1832 2935 1924 3007 qui

322 3026 382 3081 in
403 3027 519 3082 Deo
548 3041 657 3082 non
684 3033 887 3097 manet,
919 3027 975 3080 in
995 3026 1211 3082 diabolo
1241 3033 1441 3092 manet,
1490 3027 1647 3095 cujus
1677 3025 1923 3080 membra

325 3125 453 3172 sunt
481 3132 673 3172 omnes
703 3115 798 3187 qui
827 3116 1011 3188 jurgia
1059 3115 1342 3182 seminant,
1395 3121 1448 3170 et
1492 3113 1922 3171 ecclesiasticam
1953 3084 2001 3146 C‘

324 3205 672 3277 disciplinam
699 3212 980 3274 recusant,
1015 3205 1213 3276 quibus
1241 3203 1512 3260 veraciter
1541 3204 1738 3258 dicitur
1770 3221 1783 3257 :
1830 3206 1922 3259 Vos

325 3311 403 3351 ea:
427 3299 592 3368 patre
619 3295 834 3350 diabolo
865 3296 1003 3350 estis
1024 3295 1206 3364 (Joan.
1245 3296 1389 3355 vm).
1425 3292 1533 3361 Qui
1549 3292 1803 3348 videlicet
1830 3293 1926 3347 Ca-

321 3383 426 3440 roli
459 3383 742 3440 virtutibus
773 3384 843 3439 ab
872 3383 1106 3438 ineuntis
1127 3382 1297 3438 atatis
1341 3381 1630 3453 principiis
1650 3381 1920 3436 invidens.

327 3473 556 3544 ejusque
621 3473 936 3545 religiosum
979 3471 1316 3544 propositum
1353 3470 1569 3542 longius
1625 3469 1925 3543 propagari

325 3577 650 3634 pavescens,
693 3561 878 3617 multis
913 3561 1332 3618 adversitatibus
1382 3559 1681 3626 lacessivit,
1734 3559 1926 3616 ﬁdeles

327 3651 447 3720 ejus
475 3651 912 3722 frequentissime
949 3650 1214 3706 rebellare
1235 3648 1402 3705 suasit
1428 3668 1443 3717 ;
1473 3649 1531 3703 in
1558 3647 1703 3704 bello
1735 3655 1928 3704 contra

326 3739 774 3796 Northamannos
786 3755 886 3812 pro
904 3739 1168 3796 Ecclesia
1188 3738 1288 3794 Dei
1307 3737 1626 3794 liberatione
1641 3736 1924 3808 pugnanti,

329 3844 534 3901 eosque
553 3845 726 3900 usque
743 3829 813 3884 ad
832 3828 1076 3884 ultimam
1097 3828 1428 3884 deditionem
1448 3826 1778 3898 compellere
1798 3834 1929 3880 sata-

330 3918 502 3991 genti,
521 3918 751 3974 senioris
773 3918 954 3984 vestri,
975 3925 1261 3990 parentum
1279 3933 1517 3990 quoque,
1539 3917 1654 3972 sive
1687 3923 1928 3972 vestrum

331 4007 572 4063 animum
594 4007 664 4062 ad
682 4006 1020 4062 invasionem
1043 4006 1215 4062 relicti
1263 4007 1379 4075 ejus
1423 4005 1657 4077 imperii,
1709 4004 1846 4061 sicut
1877 4011 1929 4059 et

327 4095 493 4152 modo
515 4095 710 4152 fecisse
727 4096 1086 4168 dignoscitur,
1104 4095 1403 4152 suscitavit.
1432 4096 1587 4165 Ipsos
1608 4093 1924 4159 familiares,

329 4186 510 4258 ipsum
550 4193 829 4256 postremo
860 4185 1056 4251 ﬁlium,
1099 4185 1168 4239 ad
1199 4184 1316 4252 ejus
1345 4183 1722 4238 exterminium
1752 4181 1928 4238 hosti-

330 4274 453 4331 liter
480 4275 793 4346 provocavit
826 4292 838 4328 :
874 4282 1022 4330 etne
1071 4273 1286 4346 quando
1334 4273 1406 4327 ad
1437 4271 1748 4342 imperium,
1783 4269 1929 4342 quod

331 4364 384 4420 ei
411 4371 626 4420 constat
650 4379 760 4420 non
787 4365 1028 4419 humano
1057 4362 1314 4418 collatum
1345 4359 1632 4426 beneﬁcio,
1666 4360 1792 4415 licet
1830 4375 1930 4430 per

2020 1783 2245 1854 tigatum
2275 1783 2507 1851 vidistis,
2541 1792 2858 1855 superatum
2885 1800 3020 1839 vero
3049 1791 3367 1856 protegente
3384 1783 3618 1838 Domino

2020 1871 2242 1927 minime
2273 1873 2626 1945 cognovistis.
2688 1873 2962 1938 Miramur,
3005 1872 3243 1943 inquam,
3277 1879 3331 1926 et
3357 1872 3618 1942 obstupe-

2022 1962 2243 2028 scimus,
2279 1977 2378 2017 cur
2407 1977 2551 2030 eum,
2588 1978 2751 2033 quem
2782 1961 3108 2016 obedientia
3131 1977 3227 2015 suo
3248 1961 3443 2015 merito
3459 1959 3618 2016 vobis

2021 2049 2277 2105 divinitus
2321 2050 2607 2120 pralatum
2647 2049 3003 2123 cognoscitis,
3063 2065 3172 2105 non
3231 2050 3370 2105 sicut
3423 2063 3620 2104 revera

2021 2139 2335 2193 imitabilem
2370 2139 2679 2211 sequimini,
2712 2139 2810 2194 sed
2841 2139 2978 2194 sicut
3011 2137 3409 2204 detestabilem,
3446 2153 3620 2209 quan-

2022 2234 2135 2282 tum
2156 2227 2211 2281 in
2231 2228 2386 2283 vobis
2417 2237 2517 2294 est,
2551 2227 2808 2299 persequi
2829 2227 3104 2282 laboratis.
3140 2227 3276 2282 Cum
3296 2227 3342 2280 si
3371 2225 3619 2297 exemplo

2021 2316 2166 2371 illius
2195 2317 2520 2372 obedientia
2549 2333 2647 2372 vos
2673 2325 2860 2372 sancta
2891 2317 3051 2371 sedes
3081 2315 3384 2386 apostolica
3407 2314 3510 2368 sibi
3529 2315 3621 2368 alio

2021 2406 2232 2477 quoties
2280 2405 2590 2461 devotiores
2634 2413 3008 2477 cognosceret,
3060 2403 3454 2459 benedictionis
3504 2419 3618 2458 sua

2023 2509 2120 2548 vos
2141 2503 2194 2548 et
2222 2494 2275 2548 in
2298 2496 2402 2550 hoc
2432 2495 2632 2550 saculo
2661 2493 2834 2565 gratia
2863 2494 3156 2561 debriaret,
3181 2500 3234 2548 et
3261 2492 3317 2546 in
3338 2491 3518 2547 futuro
3548 2491 3618 2547 ad

2021 2583 2392 2638 hareditatem
2438 2583 2593 2654 regni
2641 2583 2878 2638 caelestis
2927 2581 3134 2637 admitti
3176 2580 3290 2636 suis
3346 2579 3618 2636 continuis

2022 2672 2276 2742 precibus
2310 2671 2643 2742 impetraret.
2677 2671 2786 2727 Sed
2816 2670 3035 2742 quando
3064 2678 3263 2725 sancta
3291 2669 3436 2724 sedis
3477 2683 3618 2740 apo-

2024 2761 2229 2816 stolica
2257 2761 2496 2815 debitam
2529 2777 2624 2816 vos
2657 2759 3025 2815 obedientiam
3058 2766 3366 2814 servaturos
3403 2757 3619 2830 putabi-

2021 2866 2160 2916 mus,
2195 2867 2333 2921 quos
2380 2857 2570 2904 contra
2627 2849 2727 2904 Dei
2784 2847 3170 2919 omnipotentis
3225 2846 3619 2903 ordinationem

2022 2953 2134 2993 tam
2178 2938 2477 2993 manifestis
2534 2938 2750 2992 indiciis
2792 2937 3061 2992 rebellare
3109 2936 3396 2992 videmus?
3438 2951 3617 3007 neque

2024 3028 2168 3083 enim
2195 3035 2386 3083 contra
2413 3027 2666 3082 Carolum
2687 3034 2768 3082 est
2798 3043 3044 3081 murmur
3071 3033 3331 3094 vestrum,
3366 3025 3463 3079 sed
3493 3039 3620 3081 con-

2023 3125 2108 3172 tra
2139 3117 2473 3172 Dominum?
2504 3117 2656 3184 cujus
2691 3123 2774 3170 est
2795 3131 3044 3186 regnum,
3078 3121 3130 3168 et
3145 3115 3232 3170 cui
3252 3113 3482 3169 voluerit
3501 3113 3620 3184 ipse

2024 3207 2116 3260 dat
2146 3205 2299 3274 illud,
2334 3204 2425 3276 qui
2454 3205 2617 3260 etiam
2647 3221 2748 3274 per
2805 3203 3154 3259 Solomonem
3184 3201 3314 3258 dicit
3345 3220 3360 3256 :
3392 3205 3502 3258 Per
3527 3217 3618 3258 me

2024 3311 2177 3366 reges
2193 3298 2438 3365 regnant
2470 3295 2652 3364 (Prov.
2686 3292 2847 3364 vm);
2878 3292 3006 3348 item
3034 3308 3136 3364 per
3162 3291 3444 3347 doctorem
3473 3307 3617 3363 gen-

2025 3383 2159 3438 tium
2187 3390 2422 3438 testatur
2457 3383 2648 3438 dicens
2683 3399 2695 3435 :
2731 3383 2850 3438 Non
2879 3386 2966 3438 est
2991 3385 3262 3454 potestas,
3294 3381 3412 3436 nisi
3441 3397 3477 3435 a
3503 3381 3614 3436 Deo

2025 3473 2204 3544 (Rom.
2239 3471 2300 3543 ιι)
2322 3492 2335 3539 ;
2360 3480 2413 3526 et
2435 3471 2627 3527 iterum
2654 3488 2666 3526 :
2705 3471 2811 3538 Qui
2839 3473 3112 3543 potestati
3131 3471 3371 3536 resistit,
3402 3471 3503 3526 Dei
3529 3484 3618 3525 or-

2026 3563 2311 3618 dinationi
2325 3562 2547 3616 resistit
2559 3559 2763 3631 (ibid.).
2789 3560 2978 3616 Redite
2990 3559 3158 3629 igitur
3173 3558 3619 3629 pravaricatores

2027 3652 2096 3705 ad
2117 3667 2229 3719 cor,
2258 3657 2310 3705 et
2334 3649 2462 3721 quia
2490 3665 2640 3704 mors
2684 3665 2793 3704 non
2835 3648 3026 3714 tardat,
3077 3647 3243 3703 nolite
3289 3645 3506 3702 differre
3548 3645 3619 3702 de

2027 3740 2116 3796 die
2143 3739 2199 3795 in
2227 3739 2392 3794 diem.
2425 3737 2605 3794 Nolite
2622 3737 2845 3794 socialia
2867 3737 3049 3793 libella
3069 3736 3430 3802 committere,
3450 3734 3618 3791 nolite

2027 3829 2381 3900 parricidales
2413 3827 2629 3901 gladios
2659 3827 2716 3882 in
2755 3826 3056 3898 perniciem
3099 3825 3264 3882 vestri
3308 3824 3618 3881 sustollere.

2025 3919 2206 3975 Nolite
2251 3917 2602 3973 Fontanicum
2649 3916 2970 3972 detestabile
3013 3915 3259 3986 pralium
3307 3929 3570 3971 revocare
3605 3928 3619 3968 :

2029 4009 2156 4080 quia
2185 4008 2322 4063 sicut
2351 4007 2442 4079 qui
2463 4022 2564 4078 pro
2590 4005 2854 4061 Ecclesia
2884 4005 2983 4060 Dei
3012 4004 3330 4060 defensione
3368 4003 3616 4067 moritur,

2028 4113 2126 4152 suo
2156 4096 2421 4168 sanguine
2453 4102 2759 4162 coronatur,
2780 4094 2850 4147 ita
2872 4093 2965 4164 qui
2986 4101 3178 4148 contra
3194 4092 3295 4147 Dei
3313 4092 3620 4148 Ecclesiam

2025 4201 2279 4257 pugnans
2309 4193 2367 4238 ut
2397 4183 2588 4254 refuga
2618 4181 3037 4237 Christianitatis
3073 4181 3378 4252 perimitur,
3429 4179 3621 4251 procul

2027 4274 2194 4329 dubio
2222 4273 2632 4329 condemnatur.
2655 4270 2855 4337 Nolite,
2889 4269 3217 4335 charissimi,
3239 4285 3340 4339 pro
3357 4269 3618 4324 brevibus

2027 4363 2150 4418 vita
2179 4362 2480 4418 commodis
2503 4369 2723 4416 aterna
2749 4358 3200 4415 remunerationis
3229 4357 3383 4413 vobis
3397 4359 3619 4426 januam

331 4461 535 4510 nostra
561 4453 951 4510 mediocritatis
979 4450 1360 4516 ministerium,
1413 4449 1512 4505 sed
1549 4449 1753 4516 divino,
1794 4464 1928 4519 per-
1957 4449 2299 4508 Dclaudere.
2331 4451 2510 4506 Nolite
2553 4466 2652 4522 pro
2701 4449 2866 4504 rebus
2922 4448 3246 4505 transitoriis
3293 4455 3621 4503 aternorum

331 4542 544 4614 tingere
570 4542 854 4614 potuisset,
890 4550 999 4597 tota
1029 4539 1402 4598 fraudulentia
1432 4554 1543 4594 sua
1569 4537 1782 4593 virtuta
1799 4553 1930 4609 pro-

334 4631 528 4698 hibuit,
562 4639 669 4688 tota
698 4632 908 4688 consilii
947 4631 1030 4686 sui
1083 4630 1326 4686 versutia
1367 4628 1638 4684 debellare
1683 4627 1926 4684 certavit.

332 4721 443 4776 Sed
472 4722 619 4778 Deus
651 4721 1010 4792 omnipotens,
1046 4719 1200 4789 cujus
1229 4719 1566 4791 providentia
1621 4734 1720 4789 per
1747 4725 1930 4772 muta-

335 4809 522 4866 bilium
553 4827 737 4866 rerum
766 4810 1041 4881 principes
1071 4809 1233 4865 totius
1262 4809 1449 4864 mundi
1480 4807 1704 4863 latitudo
1736 4807 1934 4880 guber-

331 4907 494 4954 natur
523 4908 576 4955 et
603 4899 832 4973 regitur,
865 4900 1010 4954 hunc
1039 4898 1270 4971 flagellis
1302 4897 1508 4953 erudiri
1554 4896 1931 4968 frequentibus

332 4987 542 5057 voluit;
574 4989 805 5062 deprimi
824 4988 1058 5060 penitus,
1089 4988 1226 5043 sicut
1255 5003 1287 5042 a
1316 4986 1472 5042 vobis
1504 4986 1699 5041 crebro
1730 4985 1931 5056 proba-

335 5095 447 5142 tum
477 5096 578 5156 est,
611 5104 884 5159 nunquam
913 5087 1179 5159 permisit,
1214 5094 1271 5140 ut
1301 5085 1508 5141 scilicet
1564 5085 1774 5140 futurus
1821 5085 1930 5138 im-

332 5185 549 5247 perator
575 5177 632 5232 in
659 5178 812 5250 regni
843 5184 1110 5248 potestate
1160 5176 1416 5241 disceret,
1451 5183 1712 5246 quantum
1743 5173 1930 5228 timere

331 5265 624 5321 Dominum
671 5266 726 5321 in
769 5266 1066 5337 prosperis,
1116 5272 1372 5336 quantum
1401 5263 1456 5318 in
1515 5263 1761 5318 adversis
1816 5262 1930 5318 Deo

330 5353 607 5411 conﬁdere
641 5355 940 5411 debuisset.
973 5357 1040 5409 Et
1061 5354 1279 5426 quidem
1299 5351 1744 5425 reprehensibilis
1761 5359 1927 5417 esset,

331 5443 378 5498 si
398 5452 572 5499 metas
603 5445 685 5499 sui
717 5445 874 5517 regni
904 5444 1220 5517 ingrediens
1250 5441 1385 5497 fines
1417 5441 1640 5496 alterius
1672 5455 1932 5510 usurpas-

331 5540 432 5600 set,
469 5533 514 5588 si
536 5532 725 5588 ﬁdeles
744 5533 960 5589 alterius
990 5532 1308 5599 sollicitans,
1344 5531 1409 5586 ad
1439 5529 1759 5602 perjurium,
1791 5528 1930 5584 sicut

2029 4543 2292 4598 bonorum
2313 4540 2601 4597 commoda
2627 4539 2925 4611 praterire.
2954 4538 3094 4608 Quia
3119 4538 3271 4607 juxta
3287 4536 3430 4592 beati
3449 4533 3623 4590 Marci

2030 4631 2351 4686 sententiam
2385 4649 2398 4684 :
2432 4631 2584 4686 Nihil
2596 4629 2824 4702 prodest
2845 4629 3064 4685 homini
3083 4629 3134 4682 si
3165 4629 3420 4682 lucretur
3435 4628 3616 4680 totum

2029 4721 2327 4788 mundum,
2358 4720 2567 4775 anima:
2593 4735 2720 4774 vero
2762 4734 2880 4773 suae
2911 4717 3320 4773 detrimentum
3355 4714 3617 4786 patiatur

2030 4811 2248 4883 (Matth.
2282 4812 2424 4879 vm).
2459 4809 2626 4877 Hujus
2657 4807 2732 4861 rei
2749 4805 2928 4878 gratia
2944 4803 3356 4878 generalitatem
3378 4811 3618 4858 vestram

2031 4917 2193 4971 quam
2222 4907 2446 4970 paterno
2480 4897 2675 4952 affectu
2706 4894 2996 4966 complecti
3057 4893 3330 4958 volumus,
3363 4892 3453 4948 his
3479 4908 3624 4964 apo-

2031 4989 2235 5044 stolica
2269 4987 2602 5044 auctoritatis
2646 4984 2840 5039 litteris
2888 4981 3182 5038 identidem
3231 4983 3508 5037 hortamur
3556 4996 3622 5037 ac

2029 5078 2401 5133 obstentamur
2427 5075 2718 5146 ut_tandcm
2759 5072 3052 5144 aliquando
3098 5071 3382 5127 nobiscum
3418 5070 3624 5142 pariter

2031 5166 2345 5231 sentientes,
2376 5173 2486 5220 tam
2513 5164 2772 5218 dilectum
2793 5169 3036 5216 nostrum
3065 5161 3399 5217 Ludovicum
3428 5159 3627 5232 glorio-

2030 5273 2151 5311 sum
2180 5273 2373 5328 regem
2401 5261 2642 5310 vestrum
2673 5251 2743 5324 (si
2784 5259 2966 5307 tamen
3014 5249 3157 5305 ﬁlius
3205 5251 3313 5307 dici
3367 5256 3621 5315 meretur,

2029 5345 2118 5417 qui
2165 5344 2475 5416 apostolica
2507 5342 2654 5397 sedis
2682 5339 2900 5396 monitis
2937 5356 3157 5411 semper
3194 5337 3625 5396 inobedientissi-

2028 5445 2149 5482 mus
2179 5427 2397 5498 exstitit,
2433 5427 2478 5481 si
2525 5425 2799 5496 gloriosus
2847 5425 2954 5481 dici
2999 5425 3183 5492 debet,
3225 5424 3313 5496 qui
3361 5424 3540 5479 adhuc
3568 5421 3624 5475 in

2029 5534 2305 5583 senectute
2335 5525 2616 5597 decrepita
2647 5523 2940 5580 Christiani
2979 5524 3256 5596 sanguinis
3303 5521 3624 5578 effusionem
