4174 6304
539 198 643 252 6'75

1807 195 2104 254 JOANNIS
2160 199 2352 258 PAPE
2411 204 2552 259 VIII.

3725 214 3834 268 6'76

540 320 836 387 desiderat,
869 318 918 375 si
956 334 1050 375 rex
1076 318 1189 377 dici
1214 318 1397 388 debet,
1431 320 1523 393 qui
1567 336 1746 393 neque
1792 337 1910 392 vos,
1952 339 2129 395 neque
2149 326 2213 398 Α,
2234 327 2560 396 Saracenos,
2594 346 2730 403 quos
2754 331 2868 401 jam
2897 347 2993 404 per
3019 347 3150 388 suos
3178 331 3647 403 familiarissimos,
3671 351 3833 408 aque

539 409 888 480 semetipsum
916 424 1115 482 regere
1142 409 1329 477 valuit,
1362 410 1649 482 quominus
1683 410 1924 467 absentis
1951 410 2132 467 fratris

538 497 695 572 regni
738 513 933 569 pacem
969 498 1391 571 corrumperet),
1464 515 1628 571 quam
1694 508 1922 556 cunctos
1965 500 2131 556 vestri

540 586 699 658 regni
724 586 996 653 homines,
1028 602 1163 643 voce
1175 586 1349 642 libera
1374 588 1662 654 moneatis,
1679 598 1730 644 et
1760 589 1830 645 ab
1851 588 2131 645 invasione

543 676 659 731 sive
689 676 1048 747 oppressione
1103 675 1319 747 imperii
1347 676 1529 733 dilecti
1583 675 1678 731 ﬁlii
1726 677 1896 733 nostri
1955 676 2131 733 Caroli

539 779 759 836 semper
785 765 1020 836 Augusti
1046 764 1286 820 funditus
1332 764 1617 820 retrahatis
1657 784 1673 832 ;
1740 779 2129 839 nunquamque

535 853 605 908 de
633 852 864 924 reliquo,
894 852 1012 909 sive
1039 852 1439 920 blandimentis,
1465 853 1579 910 sive
1599 854 1922 920 terroribus,
1947 870 2133 910 assen-

537 956 660 997 sum
701 940 1015 1013 quemlibet,
1065 940 1380 998 t'avoremve
1419 941 1687 1012 prastetis
1740 942 1810 998 ad
1856 942 2128 999 funestum

536 1029 782 1102 pralium
809 1028 1174 1099 inferendum,
1225 1037 1279 1085 et
1306 1029 1736 1086 Christianorum
1767 1031 2122 1103 sanguinem,

536 1118 683 1191 quod
711 1118 976 1174 Dominus
1002 1118 1275 1185 averterit,
1328 1116 1737 1175 effundendum.
1769 1120 1912 1175 Nam
1940 1120 2126 1189 cujus-

536 1222 749 1279 cunque
787 1206 858 1263 sit
905 1205 1248 1261 Sublimitatis
1301 1205 1652 1278 dignitatisve
1698 1223 1956 1278 persona,
2008 1223 2128 1280 qua

532 1294 889 1367 prasentibus
915 1294 1109 1367 legatis
1136 1294 1355 1365 nostris,
1385 1296 1592 1350 Joanne
1630 1294 1917 1367 Siculensi,
1963 1295 2126 1352 item-

536 1399 643 1456 que
657 1384 867 1439 Joanne
889 1383 1239 1450 Tuscanensi,
1255 1382 1658 1440 venerabilibus
1673 1384 1966 1456 episcopis,
1990 1401 2127 1456 quos

531 1471 651 1529 vice
678 1480 863 1527 nostra
909 1470 1092 1543 [Forte
1137 1472 1292 1528 deest
1332 1471 1599 1538 misimus,
1655 1472 1875 1546 Hann]
1920 1473 2041 1529 illas
2070 1473 2128 1529 in

528 1566 712 1631 partes
732 1560 803 1615 ad
831 1559 1193 1616 examinanda
1221 1559 1488 1632 simulque
1506 1559 1822 1617 dit'ﬁnienda
1837 1562 2099 1618 canonice
2114 1603 2128 1632 ,

2232 416 2558 487 Saracenos,
2617 418 2999 489 invitaverant,
3069 421 3125 476 in
3171 422 3466 478 Romanam
3517 424 3712 480 urbem
3753 425 3829 480 ad

2230 506 2592 576 perditionem
2620 508 2858 565 omnium
2914 510 3275 567 intromittere
3304 510 3620 568 valuissent.
3654 513 3829 569 Cum-

2232 611 2336 666 que
2355 610 2456 651 nos
2485 604 2672 652 contra
2700 606 2987 672 utramque
3025 598 3295 670 fraudem,
3321 599 3542 669 juvante
3563 601 3820 668 Domino,

2229 693 2568 754 praparatos
2596 686 2881 757 vidissent,
2918 695 2972 743 et
3000 688 3285 744 imminere
3316 688 3419 743 sibi
3442 689 3634 759 judicii
3665 697 3830 746 statu-

2230 779 2344 827 tum
2372 773 2518 829 diem
2544 784 2961 849 cognoscerent,
2986 777 3199 849 decepti
3228 794 3288 833 se
3334 793 3459 834 cum
3493 779 3827 851 quibusdam

2230 861 2344 916 suis
2371 863 2749 934 complicibus,
2782 865 3033 921 videlicet
3061 866 3325 923 Formoso
3362 866 3641 939 episcopo,
3697 868 3825 925 Ste-

2228 950 2410 1020 phano
2438 952 2834 1021 secundicerio,
2868 961 2920 1009 et
2949 954 3145 1028 Sergio
3170 955 3438 1029 magistro
3484 956 3736 1023 militum,
3772 965 3829 1012 et

2228 1039 2584 1096 Constantino
2615 1042 3074 1098 nomenculatoris
3102 1042 3232 1114 ﬁlio,
3273 1060 3411 1116 quos
3466 1061 3576 1101 non
3622 1053 3827 1103 nostra

2227 1129 2600 1185 conventionis
2623 1130 2905 1201 judicium,
2940 1131 3037 1188 sed
3065 1140 3250 1188 reatus
3278 1132 3518 1204 propria
3537 1134 3827 1190 conscien-

2227 1215 2315 1272 tia
2347 1217 2674 1289 stimulabat,
2718 1227 2909 1276 contra
2957 1221 3185 1277 salutem
3240 1222 3553 1293 reipublicae
3581 1230 3635 1280 et
3662 1224 3828 1297 regni

2227 1305 2411 1361 dilecti
2456 1305 2553 1363 ﬁlii
2607 1308 2776 1363 nostri
2818 1309 2996 1365 Caroli
3040 1310 3371 1365 serenissimi
3408 1311 3692 1384 principis,
3735 1312 3828 1368 cui

2228 1409 2448 1466 semper
2473 1395 2723 1452 inﬁdeles
2739 1396 2970 1464 fuerunt,
3003 1405 3057 1453 et
3075 1398 3229 1468 cujus
3248 1399 3584 1470 provectioni
3606 1416 3830 1473 semper

2228 1482 2601 1552 detraxerunt,
2634 1485 3011 1556 conspirantes
3058 1486 3334 1544 nescimus
3365 1503 3474 1559 quo
3501 1487 3821 1559 profecturi,

2226 1571 2400 1628 noctis
2429 1571 2644 1628 silentio
2663 1589 2788 1629 cum
2814 1574 3131 1630 adulterinis
3151 1575 3393 1633 clavibus
3412 1584 3600 1647 portas
3630 1577 3819 1645 Urbis,

531 1648 646 1706 sive
670 1648 939 1722 legaliter,
973 1665 1097 1721 qua
1123 1649 1227 1705 hoc
1257 1648 1573 1746 annointer
1614 1657 1878 1746 utrosgue
1925 1634 2125 1746 fratres
2155 1684 2209 1746 Β
2230 1676 2352 1733 qua
2380 1668 2604 1717 vocatur
2647 1659 2820 1719 sancti
2876 1663 3168 1730 Pancratii,
3209 1634 3556 1736 aperuerunt,
3600 1672 3654 1721 et
3695 1634 3824 1723 cum

529 1753 807 1794 emersere
829 1737 1068 1811 negotia,
1103 1738 1394 1795 convenire
1410 1738 1468 1793 in
1486 1737 1609 1796 loco
1636 1739 1708 1794 ab
1737 1738 1818 1794 eis
1835 1738 2126 1813 designato

531 1826 719 1899 eisque
763 1826 1081 1883 satisfacere
1119 1826 1389 1882 humiliter
1443 1826 1846 1895 detrectaverit,
1890 1828 2126 1884 auctori-

529 1921 640 1971 tate
682 1914 784 1971 Dei
838 1913 1242 1986 omnipotentis,
1287 1922 1711 1989 sanctorumque
1752 1916 2126 1987 apostolorum

529 2004 837 2076 principum
866 2004 1005 2059 Petri
1033 2010 1089 2060 et
1129 2003 1298 2070 Pauli,
1344 2011 1654 2077 nostraque
1708 2005 2120 2073 mediocritatis,

529 2092 743 2149 veniam
774 2092 878 2148 sibi
928 2091 1190 2163 deinceps
1217 2092 1431 2149 noverit
1459 2092 1741 2166 denegari,
1793 2109 1895 2150 nec
1923 2094 2123 2151 amodo

527 2180 926 2237 communionis
974 2187 1180 2238 nostra
1236 2180 1473 2237 futurum
1502 2181 1622 2237 fore
1667 2190 2001 2252 consortem,
2032 2181 2125 2255 qui

529 2270 711 2327 socius
754 2284 880 2326 esse
934 2268 1172 2325 noluerit
1216 2269 1540 2341 disciplina.
1595 2269 1864 2341 Optamus
1890 2271 2124 2344 gloriam

526 2365 768 2416 vestram
806 2357 1119 2430 apostolicis
1146 2357 1366 2415 monitis
1394 2358 1790 2432 obsequentem
1820 2375 2038 2431 semper
2066 2359 2122 2416 in

528 2447 746 2504 Christo
772 2447 913 2505 bene
943 2447 1147 2505 valere.

742 2620 820 2663 AD
859 2621 1177 2664 UNIVERSOS
1212 2535 1538 2663 GADXLXOISVET
1579 2622 1899 2664 αειωΑΝοε.

1164 2677 1345 2750 (Anno
1368 2679 1517 2750 876.)

525 2770 603 2827 De
624 2768 989 2825 damnatione
1017 2769 1266 2824 Formosi
1307 2768 1586 2840 Episcopi,
1622 2768 1869 2840 Gregorii
1883 2785 2119 2826 nomen-

597 2839 849 2905 clatoris,
882 2843 938 2894 et
959 2839 1205 2894 aliorum
1233 2840 1331 2911 qui
1356 2839 1542 2895 Roma
1563 2840 1627 2895 in
1645 2839 1853 2911 synodo
1882 2842 2121 2911 fuerant

596 2910 1099 2968 excommunicati.

592 3001 867 3066 Joarmns,
887 3012 1078 3054 servus
1115 3012 1393 3054 servorum
1429 2997 1552 3065 Dei,
1584 2997 2038 3055 reverentissimis
2067 3006 2121 3056 et

524 3087 880 3145 sanctissimis
941 3085 1303 3143 contratribus
1376 3087 1598 3154 nostris,
1669 3087 2114 3161 archiepiscopis,

524 3177 815 3251 episcOpis,
847 3175 1155 3244 abbatibus,
1190 3175 1588 3244 sacerdotibus,
1624 3177 1943 3249 cunctisque
1966 3177 2118 3247 judi-

523 3268 699 3336 cibus,
729 3274 783 3321 et
825 3265 1082 3322 universo
1136 3264 1360 3337 populo,
1421 3281 1523 3337 per
1568 3280 1761 3322 omnes
1806 3266 2017 3323 Gallias
2066 3274 2118 3323 et

522 3354 845 3414 Germanias
874 3353 1199 3410 constitutis.

592 3444 720 3501 Zelo
747 3442 1065 3499 Christiana
1080 3441 1364 3516 religionis
1378 3441 1625 3499 Ecclesia
1652 3442 1754 3500 Dei
1776 3460 1895 3516 qua
1922 3459 2113 3515 penes,

520 3550 622 3591 nos
643 3541 745 3602 est,
774 3531 1140 3603 instinctuque
1196 3530 1381 3588 dilecti
1437 3529 1533 3586 ﬁlii
1579 3532 1751 3587 nostri
1778 3531 2115 3588 serenissimi

519 3621 886 3695 imperatoris,
915 3620 1026 3676 imo
1057 3619 1351 3692 spiramine
1398 3619 1634 3692 Spiritus
1664 3620 1838 3678 sancti
1867 3637 2116 3678 commo-

518 3714 653 3782 nita,
672 3726 773 3783 pro
801 3709 1033 3766 diversis
1060 3708 1324 3766 Ecclesia
1353 3708 1455 3764 Dei
1483 3708 1727 3765 refendis
1754 3710 2115 3767 incommodis

517 3808 707 3857 contra
762 3797 1094 3871 Gregorium
1139 3797 1660 3868 nomenculatorem,
1712 3806 1767 3854 et
1815 3798 2115 3872 Georgium

519 3903 785 3963 generum
815 3886 953 3957 ejus,
983 3885 1092 3940 duo
1140 3885 1352 3941 scilicet
1405 3885 1704 3958 iniquitatis
1733 3902 1869 3944 vasa
1926 3897 2113 3945 contra

517 3977 719 4036 excelsi
772 3975 874 4031 Dei
928 3973 1251 4048 religionem
1296 3974 1613 4048 pugnantia,
1660 3983 1769 4032 tam
1834 3978 2111 4049 praterito

514 4083 707 4124 mense
760 4063 1059 4122 Februario
1112 4064 1397 4136 praesentis
1452 4080 1611 4121 nona
1651 4065 1977 4138 indictionis,
2010 4083 2112 4139 per

515 4158 734 4215 Petrum
760 4153 1129 4212 venerabilem
1165 4153 1738 4226 Forosemproniatem
1791 4155 2109 4228 episcopum

511 4262 685 4320 penes
703 4243 990 4318 praefatum
1016 4242 1319 4315 spiritalem
1348 4242 1519 4299 ﬁlium
1544 4243 1958 4316 lacrymabilem
1987 4261 2113 4319 sug-

515 4336 823 4410 gestionem
850 4332 1104 4404 deposuit
1136 4348 1149 4388 :
1183 4349 1344 4405 quam
1373 4340 1615 4388 nostram
1646 4349 1863 4407 quoque
1890 4334 2108 4407 pontiﬁ-

2229 1748 2341 1803 suis
2370 1749 2750 1821 complicibus,
2777 1767 3010 1823 cumque
3039 1752 3289 1808 omnibus
3317 1754 3590 1809 thesauris
3617 1763 3826 1811 sancta

2225 1836 2327 1892 Dei
2351 1836 2633 1909 Ecclesiae,
2668 1839 2952 1896 Saracenis
2980 1841 3219 1913 undique
3233 1841 3633 1913 populantibus,
3659 1841 3825 1898 diﬁ‘u-

2225 1933 2460 1998 gerent:
2505 1934 2797 2000 portasque
2849 1936 3096 2000 patentes
3166 1930 3556 2002 relinquentes,
3632 1931 3823 1987 multis

2223 2015 2533 2086 margaritis
2550 2014 2815 2089 fugiendi,
2840 2025 2893 2073 et
2914 2017 3204 2074 Saracenis
3225 2018 3569 2090 ingrediendi
3587 2019 3819 2091 aditum,

2223 2103 2328 2157 nisi
2343 2119 2445 2159 nos
2461 2104 2641 2160 divina
2652 2104 2896 2160 custodia
2916 2114 3180 2174 tueretur,
3203 2106 3394 2179 procul
3409 2108 3569 2164 cubio
3588 2108 3823 2180 relique-

2224 2199 2369 2246 runt.
2401 2193 2590 2265 Itaque
2617 2194 3067 2265 obstupescentes
3087 2195 3143 2251 in
3162 2195 3380 2264 talibus,
3404 2197 3749 2254 Dominicum
3763 2206 3819 2254 et

2224 2279 2563 2336 Grimoldum
2578 2282 2937 2347 ,venerabiles
2965 2283 3254 2356 episcopos
3274 2285 3345 2340 ad
3362 2286 3705 2342 evocandum
3720 2301 3819 2342 eos

2223 2368 2540 2426 direximus.
2600 2369 2706 2439 Qui
2751 2379 3092 2428 revertentes
3120 2373 3498 2431 nuntiaverunt
3528 2373 3634 2430 sibi
3661 2391 3694 2429 a
3724 2390 3818 2430 sa-

2220 2458 2477 2514 tellitibus
2507 2458 2619 2515 suis
2648 2458 2817 2516 fuisse
2846 2476 3191 2532 responsum,
3223 2462 3438 2519 nescire
3471 2479 3532 2518 se
3579 2477 3818 2535 quonam

2220 2546 2453 2618 profecti
2477 2547 2724 2604 fuissent.
2754 2548 2968 2606 Judicio
2998 2566 3134 2606 sane
3160 2550 3218 2605 in
3246 2551 3391 2607 diem
3419 2552 3650 2608 alterum
3681 2567 3815 2623 pro-

2219 2634 2405 2707 telato,
2438 2652 2563 2691 cum
2592 2653 2689 2693 eos
2716 2637 2913 2694 iterum
2934 2639 3193 2710 synodice
3205 2640 3473 2713 simulque
3495 2647 3550 2697 et
3569 2640 3819 2712 legaliter

2223 2740 2612 2797 quareremus,
2671 2734 2725 2782 et
2759 2726 2967 2783 habere
3021 2727 3245 2785 minime
3299 2730 3627 2799 valeremus,
3690 2746 3813 2785 cum

2221 2813 2368 2869 omni
2396 2814 2498 2870 Dei
2531 2814 2799 2871 Ecclesia
2824 2815 2882 2870 in
2907 2815 3130 2873 basilica
3158 2825 3360 2875 sancta
3388 2818 3487 2875 Dei
3506 2817 3807 2892 genitricis,

2222 2919 2342 2975 qua
2373 2903 2444 2959 ad
2473 2903 2744 2976 Martyres
2787 2913 3031 2977 vocatur,
3078 2907 3347 2978 synodum
3395 2907 3730 2973 vocavimus,
3761 2914 3815 2962 et

2219 2999 2343 3063 post
2371 2992 2661 3064 regulares
2687 2993 3060 3063 allocutiones,
3093 2996 3389 3052 sententias
3408 2996 3465 3051 in
3493 3012 3590 3052 eos
3619 3003 3814 3068 protu-

2218 3078 2401 3149 limus,
2456 3097 2685 3153 quarum
2733 3083 2981 3154 exempla
3028 3084 3330 3141 secundum
3376 3084 3809 3142 ecclesiasticum

2216 3184 2426 3227 morem
2448 3171 2785 3243 generalitati
2816 3180 3011 3230 vestra
3037 3173 3356 3242 dixerimus,
3390 3192 3458 3231 ne
3471 3174 3626 3232 vobis
3658 3189 3809 3230 com-

2214 3259 2529 3316 municamli
2557 3275 2681 3318 cum
2703 3261 2784 3316 eis
2815 3262 3120 3318 occasionis
3147 3264 3325 3319 aditus
3353 3265 3640 3323 tribuatur.

2287 3347 2421 3418 Qua
2450 3348 2657 3406 scilicet
2685 3351 2956 3407 sententia
2982 3351 3059 3408 ita
3089 3369 3148 3408 se
3177 3352 3341 3408 habet
3376 3371 3389 3409 :
3428 3376 3450 3406 ι
3486 3357 3806 3415 Formosum

2215 3438 2570 3494 Portuensem
2590 3440 2925 3512 episcopum,
2954 3440 3084 3512 quia
3101 3442 3285 3499 beata
3305 3446 3579 3502 memoria
3609 3448 3811 3505 domno

2211 3527 2622 3598 pradecessore
2665 3537 2853 3585 nostro
2899 3546 3044 3602 papa
3094 3531 3337 3588 Nicolao
3365 3533 3422 3589 in
3451 3534 3808 3610 Bulgarorum

2211 3616 2444 3688 patriam
2490 3617 2818 3685 destinatus,
2863 3619 3082 3677 noviter
3136 3619 3194 3675 in
3239 3621 3454 3679 Christo
3503 3627 3811 3697 regenerati

2211 3704 2361 3778 regis
2388 3705 2599 3763 animos
2627 3707 2767 3764 adeo
2783 3707 2896 3763 suis
2924 3707 3302 3766 calliditatibus
3331 3711 3560 3781 vitiavit,
3606 3723 3663 3770 ut
3694 3724 3809 3772 ter-

2210 3793 2460 3850 ribilibus
2489 3796 2847 3852 sacramentis
2873 3812 3000 3853 eum
3029 3797 3132 3853 sibi
3168 3799 3527 3858 obstrinxisse
3575 3809 3802 3860 testatus

2211 3883 2298 3954 sit,
2330 3899 2399 3938 ne
2429 3900 2488 3939 se
2516 3883 2641 3941 vivo
2677 3886 2974 3957 quemlibet
3003 3886 3321 3960 episc0pum
3348 3905 3383 3945 a
3409 3890 3543 3947 sede
3574 3901 3804 3964 aposto-

2208 3971 2313 4029 lica
2339 3973 2690 4044 suscepisset,
2742 3991 2911 4046 seque
2955 3975 3135 4032 eidem
3162 3978 3498 4035 terribilibus
3528 3980 3807 4039 nihilomi-

2208 4077 2314 4116 nus
2334 4062 2676 4131 juramentis,
2705 4070 2761 4119 ut
2803 4064 2873 4119 ad
2917 4081 3043 4119 eum
3089 4067 3412 4138 quantocius
3464 4070 3665 4126 reverti
3701 4072 3805 4127 de-

2208 4149 2435 4218 buisset,
2494 4152 2815 4208 obstrictum
2860 4152 3028 4210 fuisse
3075 4154 3361 4226 professus
3406 4157 3495 4225 sit,
3544 4158 3746 4232 quique
3776 4176 3809 4216 a

2206 4240 2364 4297 nobis
2391 4238 2774 4312 proﬁciscendi
2802 4241 2931 4299 illuc
2960 4242 3249 4310 licentiam,
3284 4245 3488 4301 litteras
3521 4254 3573 4303 et
3604 4264 3806 4306 neces-

2207 4328 2350 4384 saria
2369 4329 2636 4399 adjutoria
2663 4330 2969 4403 impetravit
3000 4350 3014 4387 :
3049 4333 3305 4405 quoniam
3332 4335 3653 4404 jamdudum
3701 4354 3802 4410 per

513 4424 685 4482 calam
712 4421 1124 4496 suggestionem
1149 4420 1328 4491 pridie
1356 4420 1627 4477 Kalendas
1643 4422 1846 4493 Aprilis
1865 4423 1955 4480 die
1983 4440 2108 4481 con-
2132 4414 2186 4475 D
2207 4418 2557 4475 ambitionem
2585 4436 2618 4475 a
2645 4419 2845 4476 minori
2875 4421 3122 4478 Ecclesia
3149 4422 3205 4477 in
3235 4424 3519 4495 majorem,
3543 4425 3803 4484 videlicet

511 4522 596 4571 tra
652 4511 878 4570 eosdem
931 4526 1032 4582 per
1074 4510 1418 4581 semetipsam
1444 4508 1638 4566 offerre
1668 4511 1899 4568 curavit.
1960 4512 2107 4582 Qua-

512 4610 738 4676 propter
765 4615 868 4657 nos
895 4615 997 4671 per
1022 4598 1341 4655 Zachariam
1362 4606 1415 4654 et
1447 4597 1795 4655 Gaidericum
1826 4602 2108 4658 venerabi-

513 4693 595 4748 les
629 4691 935 4763 episcopos,
957 4695 1011 4743 et
1033 4686 1482 4759 Christophorum
1503 4686 1650 4742 sedis
1666 4688 1978 4760 apostolica
1988 4691 2105 4762 pri-

510 4780 815 4847 micerium,
848 4778 928 4834 eis
959 4776 1371 4850 suggestionum
1423 4776 1874 4833 contestationem
1917 4779 2105 4836 emisi-

511 4885 655 4935 mus,
686 4869 1042 4924 admonentes
1072 4874 1233 4938 atque
1247 4864 1501 4935 jubentes
1519 4872 1578 4920 ut
1606 4865 1653 4921 si
1672 4866 1879 4939 aliquid
1893 4869 1962 4925 de
1982 4885 2105 4926 con-

512 4957 752 5015 scientia
781 4973 895 5012 sua
919 4955 1147 5027 puritate
1176 4952 1532 5020 conﬁderent,
1564 4954 1634 5010 ad
1671 4956 1977 5014 condictum
2004 4976 2103 5016 ve-

511 5047 633 5103 nire
681 5045 965 5103 studerent
992 5059 1237 5101 examen.
1268 5044 1339 5099 At
1364 5042 1443 5099 illi
1472 5042 1728 5100 mollibus
1759 5049 2104 5105 sermonibus

513 5145 567 5193 et
601 5134 883 5208 expuisitis
928 5131 1403 5191 adinventionibus
1441 5150 1503 5191 se
1550 5134 1771 5207 quidem
1824 5145 2099 5207 venturos,

511 5234 567 5283 et
608 5225 678 5281 ad
724 5225 1063 5281 voluntatem
1120 5230 1368 5280 nostram
1409 5232 1602 5281 cuncta
1625 5241 1686 5281 se
1714 5227 2103 5283 emendaturos

511 5314 782 5382 dixerunt,
815 5329 876 5370 se
906 5312 975 5368 de
1020 5312 1107 5368 die
1163 5311 1220 5365 in
1272 5312 1415 5369 diem
1441 5313 1544 5369 sub
1570 5314 1791 5371 obtentu
1819 5316 2104 5389 agritudi-

511 5405 597 5461 nis
634 5403 819 5460 tandiu
851 5401 1038 5473 judicii
1085 5399 1231 5457 diem
1260 5400 1823 5485 distulerunt,_donec
1869 5415 1958 5461 aut
2002 5421 2103 5462 nos

510 5510 632 5552 cum
659 5493 914 5551 ﬁdelibus
941 5490 1204 5549 Ecclesia
1233 5491 1333 5548 Dei
1360 5493 1666 5565 potuissent
1695 5495 1986 5565 perimere,
2013 5503 2105 5552 aut

2208 4516 2453 4565 sanctam
2481 4509 2669 4567 sedem
2699 4510 3077 4582 apostolicam,
3110 4512 3363 4583 prosilire
3396 4523 3647 4583 conatus,
3677 4517 3804 4587 plu-

2204 4596 2372 4653 rimos
2400 4597 2505 4654 sibi
2533 4599 2903 4655 consolatores
2923 4598 3120 4667 effecit,
3156 4608 3208 4656 et
3228 4617 3375 4658 nunc
3398 4619 3498 4676 per
3525 4613 3802 4676 repertam

2204 4685 2533 4759 hypocrisim
2553 4694 2855 4743 retrorsum
2885 4689 3125 4757 rediens,
3160 4689 3279 4746 sine
3308 4691 3526 4749 licentia
3556 4694 3643 4750 vel
3674 4710 3806 4751 con-

2204 4775 2432 4831 scientia
2468 4783 2675 4842 nostra,
2709 4778 2989 4850 propriam
3018 4779 3316 4851 paraciam
3371 4782 3634 4849 deseruit,
3665 4784 3801 4840 urbe

2203 4864 2471 4931 discessit,
2524 4873 2578 4920 et
2617 4875 2804 4923 contra
2849 4868 3079 4925 salutem
3124 4869 3460 4942 reipublica,
3508 4872 3801 4946 dilectique

2203 4952 2300 5009 ﬁlii
2327 4954 2501 5010 nostri
2529 4954 2704 5011 Caroli
2733 4971 2767 5012 a
2788 4957 2946 5013 nobis
2975 4958 3134 5016 electi
3156 4967 3208 5014 et
3247 4959 3483 5015 ordinati
3512 4961 3800 5033 principis,

2202 5058 2325 5098 cum
2353 5042 2465 5099 suis
2520 5042 2820 5101 fautoribus
2848 5046 3179 5119 conspiravit
3212 5065 3225 5102 :
3258 5048 3363 5104 nisi
3401 5050 3599 5105 amodo
3654 5051 3796 5106 intra

2202 5131 2348 5187 diem
2394 5132 2686 5203 decimum,
2730 5134 2785 5190 id
2828 5143 2911 5191 est
2956 5151 3018 5192 ιιι
3051 5137 3328 5193 Kalendas
3353 5138 3481 5194 Maii
3509 5140 3800 5211 prasentis

2203 5244 2360 5286 nona
2390 5228 2718 5298 indictionis,
2751 5234 3099 5304 praesentiam
3149 5250 3304 5290 suam
3363 5235 3524 5291 nobis
3569 5236 3791 5293 satisfa-

2200 5319 2392 5375 ciendo
2439 5324 2843 5390 monstraverit,
2894 5324 3215 5380 auctoritate
3246 5325 3344 5381 Dei
3388 5325 3793 5398 omnipotentis,

2202 5417 2623 5484 sanctorumque
2654 5413 3025 5483 apostolorum
3056 5413 3363 5486 principum
3386 5414 3527 5471 Petri
3548 5424 3601 5470 et
3621 5416 3794 5485 Pauli,

2200 5498 2348 5553 omni
2394 5500 2763 5558 ecclesiastica
2810 5503 3192 5559 communione
3239 5503 3507 5575 privatum
3538 5521 3662 5561 esse
3693 5506 3796 5561 de-
