4174 6334
321 231 427 285 6'77

1502 221 1862 280 EPISTOLE
1919 221 2009 277 ET
2063 221 2415 279 DECRETA.

3528 227 3631 281 678

325 351 624 409 cernimus.
659 347 966 406 Decernitis
994 356 1048 404 et
1077 365 1175 405 vos
1203 348 1279 404 ita
1298 348 1325 402 ?
1354 349 1776 420 Responderunt
1805 362 1928 403 om-
1958 347 2010 410 A
2034 347 2267 402 crabiles
2316 346 2640 403 Christianis
2666 347 2928 415 incestus,
2961 348 3176 405 vivente
3203 357 3366 420 nepte
3393 349 3629 404 sanctis-

325 457 428 496 nes
461 455 474 496 :
509 439 870 496 Decernimus
893 457 905 493 :
931 445 984 494 et
1012 437 1116 492 nisi
1147 445 1269 508 post
1297 437 1444 492 diem
1473 437 1745 492 decimum
1777 436 1934 508 quin-

333 537 470 595 tum,
506 529 560 583 id
605 536 685 583 est
714 543 770 582 1v
796 529 985 583 Nonas
1027 527 1152 582 Maii
1195 527 1480 597 prasentis
1509 542 1568 580 ιχ
1597 524 1929 592 indictionis,

324 617 656 689 resipiscens
705 615 1084 671 satisfacturus
1133 615 1292 670 nobis
1336 614 1652 680 occurrerit,
1689 613 1931 670 auctori-

321 715 433 761 tate
464 714 516 762 et
540 705 746 775 judicio
794 705 970 760 sancti
1030 704 1260 775 Spiritus
1303 703 1396 774 qui
1444 719 1664 774 semper
1712 701 1934 774 effugiet

324 795 532 863 ﬁctum,
566 794 713 849 omni
746 792 1076 848 sacerdotali
1106 792 1406 846 ministerio
1436 791 1650 862 penitus
1680 791 1933 846 denuda-

327 891 444 938 tum
475 883 590 938 fore
615 882 939 951 judicamus.
970 881 1234 937 Judicatis
1264 889 1317 936 et
1346 897 1443 936 vos
1473 880 1584 934 ita?
1616 879 1934 950 Responde-

327 979 457 1026 runt
485 988 676 1026 omnes
711 989 724 1026 :
753 970 1088 1026 Iudicemus.
1124 969 1228 1038 Qui
1260 968 1306 1022 si
1336 985 1437 1024 nec
1464 969 1622 1038 hujus
1663 968 1933 1023 dilationis

327 1060 681 1116 miseratione
731 1067 1055 1124 commotus,
1106 1058 1380 1114 humiliter
1412 1073 1470 1113 se
1497 1065 1620 1128 post
1667 1057 1813 1112 diem
1840 1060 1930 1122 20,

329 1149 388 1204 id
435 1157 517 1204 est
564 1163 643 1202 vn
689 1148 818 1203 Idus
867 1147 1112 1216 ejusdem
1165 1146 1290 1201 Maii
1345 1146 1567 1213 mensis,
1628 1145 1934 1215 prasentia

330 1245 535 1292 nostra
581 1235 903 1301 reddiderit,
953 1236 1041 1290 vel
1072 1235 1117 1289 si
1145 1235 1199 1288 in
1242 1234 1494 1290 Ecclesia
1535 1233 1634 1288 Dei
1665 1233 1720 1288 in
1749 1233 1933 1304 aliquo

332 1325 667 1382 conturbare
695 1324 1120 1395 prasumpserit,
1147 1325 1192 1377 si
1213 1330 1398 1378 contra
1418 1323 1558 1377 hanc
1590 1338 1934 1377 communem

334 1413 576 1469 omnium
630 1421 880 1468 nostrum
932 1412 1258 1466 sententiam
1323 1427 1489 1483 agere
1539 1410 1625 1465 vel
1671 1411 1935 1466 resultare

334 1501 644 1569 tentaverit,
689 1501 976 1555 anathema
1015 1500 1138 1554 sita
1171 1502 1346 1565 Patre,
1382 1506 1434 1554 et
1466 1499 1618 1564 Filio,
1654 1505 1706 1553 et
1735 1497 1934 1568 Spiritu

337 1597 546 1658 sancto,
598 1605 982 1660 nunquamque
1029 1589 1083 1642 in
1127 1588 1236 1643 ulla
1267 1587 1474 1659 synodo
1503 1585 1935 1657 recuperationis

2033 437 2184 492 sima
2212 435 2606 492 recordationis
2638 436 2914 492 Benedicti
2943 451 3119 508 papa,
3152 439 3306 508 cujus
3337 437 3532 510 opibus
3562 438 3633 496 de

2031 532 2349 597 paupertate
2381 533 2714 593 surrexerat,
2748 525 2966 596 prafati
2991 527 3455 582 nomenculatoris
3487 527 3628 583 Gre-

2033 614 2171 685 gorii
2214 613 2338 669 ﬁlia
2369 630 2428 669 se
2457 613 2748 670 fornicario
2796 630 2948 669 more
2993 615 3332 671 commiscuit
3365 633 3378 669 :
3410 623 3632 687 propter

2033 719 2191 774 quam
2220 719 2361 774 pene
2408 703 2627 773 publice
2666 702 2785 770 jam
2814 703 3014 758 dictam
3062 703 3359 776 legitimam
3404 720 3632 760 uxorem

2031 791 2280 862 peremit.
2311 792 2391 847 De
2419 792 2573 860 cujus
2603 791 2916 855 homicidio,
2949 799 2996 845 et
3029 791 3364 862 principibus
3416 792 3633 848 adulte-

2032 880 2182 935 rinos
2236 879 2435 934 missos
2495 895 2710 947 eruens,
2764 879 3107 948 adjudicante
3167 879 3389 935 conscio
3438 895 3633 937 socero

2032 967 2297 1024 nefandus
2329 984 2499 1040 gener
2514 967 2810 1038 impunitus
2833 968 3020 1023 exiliit.
3045 967 3256 1040 Quique
3272 977 3394 1039 post
3413 968 3634 1024 diversa

2033 1055 2345 1123 homicidia,
2378 1056 2799 1126 depradationis
2818 1065 2870 1110 et
2890 1057 3244 1127 malignitatis
3273 1072 3498 1129 genera,
3519 1065 3630 1112 tam

2033 1145 2440 1216 patriarchium,
2477 1160 2638 1216 quam
2670 1144 2988 1199 vestiarium
3019 1145 3166 1200 sedis
3196 1146 3509 1216 apostolica
3530 1145 3636 1200 sibi

2034 1233 2404 1299 commissum,
2439 1249 2550 1288 ncn
2591 1241 2798 1288 tantum
2842 1249 2995 1302 auro,
3035 1241 3285 1305 argento,
3317 1233 3405 1290 vel
3434 1233 3632 1305 palliis,

2034 1339 2225 1378 verum
2256 1322 2416 1377 etiam
2463 1321 2622 1376 areis
2653 1322 2844 1394 signis,
2893 1322 3145 1394 vasisque
3191 1322 3418 1393 privavit
3453 1340 3466 1376 :
3500 1331 3553 1378 et
3580 1322 3637 1377 in

2035 1410 2288 1464 omnibus
2315 1410 2685 1481 impietatibus
2717 1426 2962 1466 socerum
2997 1411 3246 1482 loquens,
3279 1411 3388 1466 imo
3415 1427 3636 1482 prave-

2034 1498 2208 1564 niens,
2245 1499 2529 1554 Saracenis
2574 1499 2812 1570 undique
2857 1499 3223 1566 saevientibus,
3269 1508 3457 1571 portas
3485 1499 3636 1555 urbis

2036 1603 2160 1643 cum
2191 1604 2256 1643 eo
2284 1587 2660 1643 fraudulenter
2702 1588 2934 1659 aperuit,
2968 1595 3019 1644 et
3049 1604 3173 1644 cum
3202 1588 3305 1643 sibi
3350 1588 3634 1660 conspira-

337 1694 491 1750 spem
539 1685 633 1732 aut
660 1676 1046 1733 satisfactionis
1073 1677 1276 1731 aditum
1308 1676 1410 1730 sibi
1440 1675 1649 1730 noverit
1674 1690 1933 1730 reserva-
1955 1707 2007 1765 B
2037 1676 2274 1732 tionibus
2323 1685 2508 1733 contra
2548 1676 2777 1732 salutem
2820 1677 3129 1747 reipublicae
3173 1677 3512 1750 demigravit.
3545 1677 3636 1732 Si-

337 1776 469 1822 tum.
544 1766 870 1839 Gregorium
943 1764 1482 1832 nomenculatorem,
1545 1763 1935 1834 TheOphylacti

338 1855 615 1928 quondam
660 1853 1122 1910 nomenculatoris
1166 1852 1358 1919 ﬁlium,
1420 1852 1510 1923 qui
1562 1851 1936 1921 jusjurandum

339 1943 466 2000 ﬁdei
492 1961 605 2000 sua
635 1943 853 1998 diverso
884 1943 1047 1998 modo
1077 1957 1453 2012 corrumpens,
1487 1941 1778 2012 puritatem
1807 1955 1938 1994 san-

340 2041 441 2090 cta
472 2032 574 2088 Dei
603 2031 865 2088 Ecclesiae
910 2031 1024 2086 suis
1070 2029 1463 2096 fraudulentiis,
1496 2028 1756 2097 avaritiis,
1791 2028 1938 2099 rapi-

339 2121 445 2190 nis,
481 2119 886 2192 cupiditatibus,
919 2119 1186 2190 simulque
1236 2118 1640 2184 calliditatibus,
1673 2134 1774 2188 per
1818 2124 1940 2172 octo

337 2209 513 2265 ferme
562 2224 828 2263 annorum
880 2207 1121 2262 curicula
1170 2206 1469 2275 maculans,
1529 2221 1797 2261 summum
1827 2205 1940 2260 Ro-

337 2313 515 2353 mana
563 2296 716 2352 urbis
760 2295 1093 2367 pontiﬁcum,
1153 2295 1564 2365 conjurantibus
1602 2295 1707 2349 sibi
1735 2293 1942 2349 dudum

347 2387 464 2442 suis
504 2384 878 2456 complicibus,
925 2384 1152 2440 factiose
1197 2383 1496 2455 praecipere
1545 2381 1859 2449 affectavit;
1891 2389 1944 2437 et

341 2474 412 2530 de
442 2473 624 2530 multis
654 2473 834 2544 palam
862 2472 1100 2528 recitatis
1133 2471 1400 2543 capitulis,
1427 2480 1534 2525 tam
1562 2471 1740 2542 primo
1770 2487 1942 2542 penes

340 2557 602 2614 dilectum
631 2557 802 2613 ﬁlium
832 2564 1082 2612 nostrum
1111 2556 1363 2613 Carolum
1394 2555 1804 2612 serenissimum
1833 2555 1942 2609 im-

338 2655 670 2719 peratorem,
696 2662 858 2718 quam
878 2652 1070 2722 postea
1098 2661 1268 2717 penes
1299 2660 1400 2699 nos
1431 2644 1499 2699 ad
1529 2644 1944 2717 generalitatem

340 2742 546 2792 sencta
590 2735 691 2791 Dei
739 2734 1023 2800 Ecclesiae,
1073 2750 1175 2805 per
1220 2733 1482 2789 nonnulla
1530 2733 1944 2806 suggestionum

341 2824 578 2896 capitula
635 2823 831 2879 noxius
886 2821 1214 2888 diﬁ‘amatur,
1266 2830 1318 2878 et
1359 2837 1461 2892 pro
1509 2821 1718 2876 eisdem
1754 2821 1944 2878 crimi-

339 2913 506 2968 nibus
527 2927 560 2968 a
579 2911 736 2968 nobis
764 2928 864 2984 per
894 2911 1207 2967 Zachariam
1237 2917 1292 2966 et
1322 2909 1692 2965 Gaudericum
1720 2925 1948 2965 venera-

342 3000 484 3056 biles
513 3001 820 3072 episcopos,
856 3009 909 3055 et
939 2998 1384 3070 ChristOphorum
1413 2998 1785 3069 primicerium
1812 3014 1945 3054 san-

345 3097 450 3146 cta
482 3089 628 3145 sedis
673 3088 1004 3160 apostolica,
1039 3103 1163 3144 cum
1206 3087 1376 3143 fratre
1407 3095 1460 3142 et
1489 3103 1696 3159 genero
1727 3087 1946 3160 suisque

345 3177 722 3250 complicibus,
769 3177 1004 3247 juridice
1047 3184 1401 3242 contestatus,
1443 3177 1677 3230 examini
1708 3192 1767 3231 se
1796 3192 1945 3248 prae-

347 3267 672 3324 sentandum
722 3266 861 3334 fore,
911 3274 962 3321 et
1005 3273 1201 3322 cuncta
1244 3282 1366 3337 qua
1414 3265 1660 3321 ecclesiis
1703 3265 1788 3320 vel
1836 3264 1947 3336 piis

343 3356 484 3412 locis
514 3355 744 3427 aliisque
773 3355 1084 3411 hominibus
1123 3354 1439 3420 abstulerat,
1473 3354 1573 3408 sub
1597 3352 1948 3422 jurisjurandi

345 3444 755 3516 interpositione
797 3444 1165 3499 restituturum
1210 3442 1508 3513 promisit:
1566 3441 1764 3497 deinde
1820 3457 1950 3498 con-

345 3541 573 3590 ventum
614 3540 857 3589 nostrum
885 3532 955 3588 de
1001 3532 1089 3588 die
1118 3532 1174 3586 in
1217 3531 1360 3586 diem
1407 3529 1781 3587 fraudulenter
1828 3530 1948 3602 (us-

348 3637 568 3695 quequo
612 3637 715 3678 nos
742 3621 830 3678 vel
871 3621 1064 3677 tideles
1109 3621 1269 3690 hujus
1319 3619 1566 3677 ecclesia
1613 3619 1945 3688 interimere,

343 3711 435 3768 vel
483 3713 667 3767 hostes
714 3709 1003 3766 Christiani
1051 3710 1312 3776 nominis,
1364 3709 1419 3764 id
1478 3716 1560 3764 est
1620 3710 1946 3776 Saracenos,

349 3816 492 3873 quos
520 3816 622 3872 per
651 3815 778 3854 suos
808 3799 1262 3856 familiarissimos
1293 3799 1594 3855 Saracenos
1619 3799 1733 3868 jam
1762 3797 1952 3854 invita-

349 3896 524 3957 verat,
556 3888 694 3944 intra
723 3890 1026 3945 Romanam
1053 3888 1244 3944 urbem
1290 3888 1630 3944 introducere
1662 3886 1950 3959 potuisset)

352 3977 550 4046 elusit;
582 3986 634 4033 et
660 3976 986 4049 praeﬁnitum
1017 3977 1182 4045 diem,
1215 3992 1323 4049 quo
1351 3977 1614 4033 canonice
1644 3975 1760 4034 sive
1789 3975 1951 4048 lega-

351 4067 476 4123 liter
504 4067 679 4122 audiri
741 4066 1035 4133 debuisset,
1069 4065 1439 4122 fraudulenter
1458 4065 1801 4138 praripiens,
1827 4081 1952 4120 eum

352 4155 594 4229 Georgio
653 4163 706 4212 et
752 4155 946 4228 Sergio
994 4155 1270 4228 magistris
1317 4154 1565 4222 militum,
1616 4169 1719 4210 nec
1760 4169 1871 4209 non
1901 4161 1954 4208 et

352 4245 628 4316 Stephano
673 4244 1072 4311 secundicerio,
1139 4243 1369 4315 aliisque
1426 4242 1538 4298 suis
1595 4241 1953 4314 complicibus

350 4341 621 4390 nocturno
668 4333 881 4389 silentio
928 4341 1116 4404 portas
1162 4333 1320 4401 hujus
1365 4347 1533 4387 sacra
1577 4331 1749 4397 urbis,
1785 4331 1952 4385 Sara-

352 4423 506 4479 cenis
562 4422 986 4495 circumquaque
1044 4421 1465 4487 imminentibus,
1529 4435 1656 4476 cum
1708 4419 1952 4476 clavibus

351 4511 675 4568 adulterinis
705 4511 937 4584 aperuit,
962 4527 1130 4582 seque
1162 4518 1349 4566 contra
1380 4508 1610 4564 salutem
1638 4508 1955 4579 reipublicae

353 4600 626 4674 simulque
659 4601 896 4673 quietem
925 4599 1139 4672 imperii
1169 4599 1382 4671 prafati
1409 4598 1505 4653 ﬁlii
1534 4599 1705 4654 nostri
1728 4597 1959 4654 serenis-

353 4690 482 4746 simi
510 4691 762 4764 Augusti,
788 4697 976 4746 contra
996 4689 1149 4762 leges
1170 4689 1554 4761 conspirando,
1588 4687 1958 4744 fraudulenter

354 4778 646 4851 proripuit,
677 4787 729 4835 et
760 4796 882 4835 cum
911 4779 1164 4834 omnibus
1205 4795 1346 4850 pene
1395 4778 1668 4833 thesauris
1695 4777 1957 4834 Ecclesia

354 4869 638 4935 Romana,
672 4867 899 4924 dubium
928 4883 1036 4939 quo
1065 4866 1430 4940 profecturus,
1464 4867 1718 4924 excessit.
1752 4866 1956 4922 Simul-

356 4972 466 5030 que
497 4957 834 5029 Stephanum
880 4957 1328 5022 secundicerium,
1374 4956 1466 5027 qui
1495 4957 1743 5012 diversas
1773 4956 1954 5013 eccle-

358 5047 468 5101 sias
497 5046 742 5118 spolians
771 5063 872 5118 per
901 5046 1184 5102 avaritiam
1214 5044 1493 5116 turpisque
1526 5045 1666 5101 lucri
1698 5061 1956 5116 compen-

356 5133 450 5191 dia
480 5137 680 5191 tributa
717 5143 905 5192 vetera
933 5135 1328 5206 multiplicavit,
1365 5141 1416 5189 et
1447 5135 1501 5188 in
1541 5133 1792 5189 omnibus
1823 5150 1958 5206 per-

355 5224 704 5282 versitatibus
746 5223 999 5296 superius
1046 5223 1335 5279 nominatis
1394 5222 1548 5277 fratri
1603 5223 1850 5293 complex
1906 5230 1959 5278 et

356 5322 762 5369 consentaneus
790 5313 1012 5368 exstitit.
1038 5314 1265 5368 Necnon
1297 5319 1348 5367 et
1380 5311 1678 5382 Georgium
1703 5311 1960 5384 Gregorii

356 5402 655 5474 primicerii
698 5400 888 5470 ﬁlium,
939 5402 1031 5474 qui
1073 5400 1322 5474 germani
1361 5400 1567 5471 proprii
1597 5401 1960 5455 concubinam

357 5499 691 5571 subripiens,
715 5517 838 5556 eum
869 5515 1080 5556 veneno
1129 5497 1343 5555 necavit
1376 5516 1388 5552 :
1423 5497 1622 5553 deinde
1652 5505 1775 5568 post
1805 5513 1960 5555 exse-

2041 1765 2262 1837 mulque
2294 1766 2548 1838 Sergium
2574 1765 2899 1836 magistrum
2926 1765 3176 1832 militum,
3217 1766 3486 1822 Theodori
3515 1782 3636 1821 ma-

2041 1853 2195 1925 gistri
2215 1854 2443 1908 militum
2465 1851 2654 1920 ﬁlium,
2674 1853 2766 1924 qui
2787 1854 3101 1910 reverenda
3127 1854 3406 1910 memoria
3434 1855 3635 1911 domno

2039 1942 2290 2008 Nicolao,
2324 1943 2477 2012 cujus
2529 1949 2749 2013 neptem
2778 1942 2833 1996 in
2861 1942 3176 2015 conjugium
3208 1943 3531 2014 suscipiens,
3562 1944 3641 1998 ita

2041 2031 2291 2103 ingratus
2322 2047 2386 2086 ac
2415 2031 2741 2086 inhumanus
2792 2030 3088 2097 exstiterat,
3123 2039 3181 2086 ut
3211 2032 3423 2087 vivente
3468 2047 3553 2098 eo,
3587 2039 3641 2087 et

2041 2119 2098 2173 in
2129 2118 2383 2174 extremis
2411 2119 2609 2189 posito,
2635 2119 2809 2174 eidem
2831 2120 3119 2174 thesauros
3147 2135 3278 2175 suos
3307 2119 3378 2174 ad
3409 2118 3640 2175 eleemo-

2044 2223 2205 2278 synas
2235 2207 2541 2262 faciendum
2570 2223 2692 2262 cum
2735 2207 2970 2278 prafatis
3020 2207 3130 2262 suis
3163 2207 3517 2278 complicibus
3545 2208 3641 2262 ab-

2042 2303 2321 2368 negasset.
2356 2295 2569 2368 Quique
2601 2295 2796 2352 eadem
2825 2312 2921 2351 sua
2949 2297 3200 2368 conjuge,
3233 2304 3459 2368 propter
3479 2313 3642 2369 quam

2043 2385 2112 2440 de
2138 2385 2376 2439 maxima
2420 2392 2741 2456 paupertate
2785 2384 3150 2450 convaluerat,
3198 2385 3476 2454 derelicta,
3518 2401 3641 2441 cum

2043 2473 2419 2528 Valuisindula
2491 2471 2811 2551 concubina,
2884 2473 3126 2544 prastito
3175 2473 3526 2542 jurejurando
3583 2481 3642 2529 ut

2045 2577 2167 2617 eam
2196 2561 2508 2633 nuptialiter
2551 2569 2802 2628 sumeret,
2852 2577 3022 2632 nuper
3051 2559 3259 2634 effugit,
3293 2569 3347 2617 et
3373 2561 3426 2616 in
3458 2560 3640 2616 omni-

2044 2651 2145 2704 bus
2188 2649 2560 2722 iniquitatibus
2597 2665 2720 2705 cum
2767 2649 3058 2705 nominatis
3114 2649 3228 2705 suis
3285 2649 3643 2722 complicibus

2045 2739 2396 2810 conspiravit.
2451 2739 2558 2795 Sed
2590 2747 2644 2795 et
2671 2739 3101 2809 Constantinam,
3132 2738 3340 2810 prafati
3389 2738 3646 2811 Gregorii

2043 2827 2501 2884 nomenculatoris
2553 2825 2734 2897 ﬁliam,
2787 2843 2908 2898 qua
2953 2826 3131 2899 primo
3179 2843 3278 2898 per
3315 2842 3646 2883 consensum

2045 2916 2236 2988 patris,
2272 2916 2374 2971 sub
2416 2916 2727 2972 conditione
2766 2915 3136 2985 jurisjurandi,
3168 2915 3420 2988 legaliter
3451 2916 3647 2972 Cessa-

2046 3006 2130 3061 rio
2159 3005 2372 3076 Pippini
2400 3004 2762 3077 potentissimi
2781 3005 3063 3060 vestararii
3085 3003 3197 3059 ﬁlio
3225 3005 3496 3076 copulata,
3517 3004 3646 3060 dein

2048 3094 2382 3164 consumptis
2421 3094 2672 3148 omnibus
2717 3093 2892 3149 soceri
2923 3093 3006 3148 sui
3035 3092 3252 3159 divitiis,
3292 3091 3561 3148 viventem
3593 3101 3647 3148 et

2047 3183 2316 3238 valentem
2361 3197 2621 3254 sponsum
2669 3198 2828 3236 suum
2878 3181 2994 3236 sine
3022 3181 3131 3236 ulla
3167 3180 3334 3253 legali
3380 3181 3646 3254 disquisi-

2047 3271 2193 3327 tione
2241 3270 2500 3337 deseruit,
2563 3278 2616 3326 et
2673 3271 2743 3325 ad
2789 3270 3033 3333 Gratiani
3085 3268 3337 3341 Gregorii
3393 3269 3644 3343 magistri

2047 3359 2280 3414 militum
2307 3359 2402 3414 ﬁlii
2431 3359 2651 3431 nuptias
2680 3358 2896 3430 publice
2926 3358 3230 3415 convolavit
3261 3375 3276 3414 :
3309 3366 3645 3430 postremum

2049 3463 2172 3504 cum
2205 3448 2309 3503 alio
2338 3447 2531 3522 fugere
2561 3447 2802 3518 gestiens
2832 3448 3098 3504 incestum
3120 3449 3408 3515 commisit,
3443 3464 3506 3504 ex
3539 3463 3647 3520 quo

2048 3553 2340 3610 pragnans
2387 3537 2608 3592 inventa
2653 3537 2973 3608 pradictum
3021 3537 3341 3593 Gratianum
3389 3536 3648 3610 Gregorii

2050 3625 2218 3681 ﬁlium
2272 3625 2521 3680 maritum
2571 3642 2729 3681 suum
2779 3626 3112 3698 relinquens,
3164 3643 3286 3682 cum
3331 3625 3645 3697 rapacibus,

2049 3715 2302 3786 perjuris,
2336 3715 2644 3788 sacrilegis,
2677 3714 2926 3781 moechis,
2975 3713 3392 3771 fornicatoribus
3421 3715 3650 3786 turpiter

2050 3803 2376 3860 fornicatura
2423 3803 2694 3861 discessit.
2741 3804 2861 3860 Nisi
2908 3804 3050 3859 intra
3095 3804 3242 3859 diem
3271 3803 3562 3874 decimum,
3595 3803 3650 3858 id

2053 3903 2135 3950 est
2181 3908 2241 3949 ιιι
2291 3893 2567 3949 Kalendas
2614 3893 2740 3948 Maii
2781 3893 3064 3965 praesentis
3112 3909 3269 3949 nona
3315 3892 3648 3959 indictionis,

2051 3983 2402 4055 prasentiam
2429 3998 2585 4038 suam
2614 3982 2773 4038 nobis
2803 3982 3032 4053 prafati,
3051 3982 3306 4038 videlicet
3328 3982 3647 4055 Gregorius,

2056 4073 2380 4143 Stephanus,
2415 4070 2688 4143 Georgius
2719 4079 2772 4125 et
2801 4071 3048 4141 Sergius,
3083 4070 3352 4142 simulque
3383 4071 3654 4126 Constan-

2053 4160 2182 4226 tina,
2215 4175 2458 4232 congrue
2506 4157 2905 4213 satisfacientes
2948 4158 3303 4226 exhibuerint,
3337 4159 3652 4214 auctoritate

2052 4247 2156 4304 Dei
2185 4247 2570 4318 omnipotentis
2601 4253 3023 4318 sanctorumque
3053 4246 3420 4317 apostolorum
3448 4246 3652 4317 princi-

2053 4348 2184 4401 pum
2221 4332 2366 4387 Petri
2427 4339 2480 4386 et
2536 4330 2685 4386 Pauli
2730 4331 2876 4386 omni
2921 4331 3228 4386 Christiana
3271 4330 3653 4386 communione

1981 4423 2033 4484 D
2055 4420 2316 4492 privatos,
2350 4436 2473 4477 cum
2519 4419 2774 4476 omnibus
2811 4420 3364 4477 communicatoribus
3392 4427 3445 4476 et
3473 4419 3652 4475 fauto-

2056 4509 2205 4564 ribus
2237 4510 2367 4573 suis,
2399 4525 2723 4581 permanere
2755 4509 3119 4566 decernimus.
3144 4511 3213 4565 Et
3233 4509 3337 4564 nisi
3364 4517 3486 4580 post
3506 4508 3652 4564 diem

2058 4599 2307 4670 quintum
2337 4599 2630 4667 decimum,
2664 4599 2720 4655 id
2750 4607 2835 4658 est
2871 4615 2928 4654 Iv
2966 4600 3154 4654 Nonas
3189 4598 3314 4653 Maii
3343 4599 3458 4668 jam
3495 4597 3656 4654 dicta

2057 4689 2342 4759 prasentis
2381 4688 2706 4757 indictionis,
2751 4687 3067 4758 simpliciter
3099 4697 3152 4742 et
3172 4685 3447 4742 humiliter
3471 4685 3655 4754 nobis,

2057 4777 2166 4833 imo
2186 4777 2449 4834 Ecclesia
2487 4777 2606 4846 Dei,
2629 4776 2906 4848 sapedicti
2942 4775 3146 4832 scilicet
3184 4773 3504 4847 Gregorius,
3531 4775 3655 4832 Ste-

2058 4868 2290 4939 phanus,
2345 4866 2633 4938 Georgius,
2668 4865 2914 4938 Sergius,
2940 4873 2992 4920 et
3013 4863 3386 4935 Constantina,
3410 4863 3658 4936 puriﬁca-

2059 4955 2162 5010 turi
2182 4955 2534 5022 occurrerint,
2556 4971 2650 5010 eos
2665 4954 2980 5010 auctoritate
3003 4961 3055 5008 et
3065 4953 3270 5022 judicio
3287 4954 3461 5010 sancti
3482 4953 3658 5025 Spiri—

2059 5052 2165 5114 tus,
2187 5061 2309 5100 cum
2327 5045 2535 5102 cunctis
2555 5044 2657 5099 sibi
2678 5041 3222 5109 communicantibus,
3247 5051 3512 5116 perpetuo
3531 5059 3662 5099 ana-

2061 5135 2293 5190 themate
2322 5134 2769 5191 condemnamus.
2791 5132 2856 5186 Hi
2877 5147 3008 5188 vero
3030 5132 3121 5204 qui
3139 5132 3208 5187 ab
3225 5133 3373 5188 omni
3403 5149 3462 5188 se
3480 5132 3662 5189 socie-

2061 5231 2167 5280 tate
2197 5231 2538 5280 removentes
2564 5223 2634 5277 ad
2652 5222 2912 5277 unitatem
2951 5230 3152 5278 sancta
3172 5222 3484 5294 apostolica
3514 5222 3661 5279 sedis

2061 5312 2345 5379 redierint,
2378 5311 2775 5367 communionis
2805 5319 2856 5366 et
2887 5311 3282 5368 benedictionis
3309 5319 3508 5369 nostra
3535 5327 3662 5384 gra-

2061 5401 2193 5456 tiam
2225 5401 2328 5455 sibi
2359 5401 2694 5480 reddendam
2727 5416 2848 5456 esse
2881 5400 3174 5457 conﬁdant.
3217 5424 3238 5451 υ

2134 5500 2227 5555 His
2257 5499 2438 5571 itaque
2467 5499 2785 5556 auctoritate
2816 5500 2990 5557 sancti
3021 5499 3252 5572 Spiritus
3273 5498 3654 5572 promulgatis,
