4174 6364
489 213 591 268 6'19

1726 209 2026 267 JOANNIS
2073 208 2269 266 PAPzE
2323 208 2465 267 VIII.

3671 218 3787 270 680

482 337 725 395 omnium
751 342 996 394 vestrum
1023 333 1439 409 generalitatem
1467 335 1554 390 his
1582 335 1896 407 apostolicis
1923 335 2073 391 litte-
2102 334 2157 399 Α
2176 350 2271 390 eos
2300 332 2621 405 exhortaris,
2652 342 2710 390 ut
2736 350 2961 410 urgeas,
2995 336 3326 410 viriliterque
3355 353 3643 411 quousque
3670 354 3783 395 ve-

483 428 562 483 ris
589 428 937 483 exhortamur
985 432 1040 480 ut
1069 425 1166 480 has
1196 424 1404 480 litteras
1451 440 1552 495 per
1589 440 1779 481 omnes
1808 425 2076 481 dimceses

482 525 694 574 vestras
740 514 958 587 publice
1004 513 1336 588 relegentes,
1366 521 1419 569 et
1448 514 1518 570 ad
1547 514 1756 571 vicinas
1804 513 2076 585 paruacias

483 606 803 679 dirigentes,
834 603 1185 675 prmfatorum
1215 602 1611 674 depositorum,
1645 602 2078 675 excommunica-

481 704 658 752 torum
676 702 729 749 et
747 692 1320 748 anathematizatorum
1341 692 1613 748 consortia
1635 691 1790 763 quasi
1810 705 2078 747 venenum

483 784 803 858 pestiferum
832 781 1137 848 declinetis,
1170 797 1348 853 neque
1377 796 1500 837 cum
1525 780 1604 835 eis
1632 779 2080 836 communicanti-

482 876 587 930 bus
642 873 699 929 in
752 871 894 939 cibo,
954 878 1086 955 potu
1140 871 1254 926 sive
1310 868 1580 940 colloquio
1637 868 2076 935 communicatis,

486 964 726 1021 scientes
771 978 897 1018 eum
943 961 1035 1031 qui
1065 959 1144 1014 eis
1193 960 1308 1015 sive
1353 957 1881 1014 communicantibus
1910 958 1991 1014 eis
2020 974 2079 1014 se

484 1049 544 1104 in
602 1047 867 1112 oratione,
927 1044 1069 1111 cibo,
1125 1050 1255 1114 potu
1326 1042 1705 1114 colloquioque
1760 1042 2076 1109 miscuerit,

488 1137 684 1194 eadem
726 1131 1293 1191 excommunicationis
1340 1139 1393 1186 et
1438 1131 1796 1186 anathematis
1850 1145 2083 1187 censura

480 1226 637 1295 juxta
663 1224 986 1281 canonicum
1032 1220 1325 1292 capitulum
1366 1220 1544 1275 modis
1583 1220 1837 1275 omnibus
1865 1219 2081 1293 obliga-

484 1322 620 1380 tum,
651 1327 1036 1385 nunquamque
1085 1326 1118 1365 a
1144 1309 1304 1365 nobis
1335 1308 1453 1364 sine
1499 1308 1666 1380 digna
1696 1307 2081 1364 satisfactionis

486 1401 798 1474 poenitentia
826 1399 931 1454 sibi
957 1398 1074 1454 fore
1102 1396 1634 1454 communicandum.
1667 1395 1935 1468 Optamus
1963 1412 2086 1452 san-

486 1491 722 1548 ctitatem
768 1497 1006 1545 vestram
1050 1487 1106 1542 in
1154 1487 1368 1543 Christo
1409 1502 1554 1542 nunc
1600 1493 1653 1541 et
1697 1501 1913 1557 semper
1943 1486 2084 1541 bene

488 1579 689 1635 valere.
723 1579 858 1634 Data
880 1592 947 1632 xx
977 1576 1255 1632 Kalendas
1283 1574 1429 1632 Maii.
1480 1576 1735 1632 Recitata
1766 1577 1831 1631 in
1879 1575 2083 1647 synodo

489 1668 911 1741 Pontigonensi.

1189 1771 1384 1843 xxv,

939 1876 1014 1917 AD
1052 1876 1313 1917 BOSONEM
1367 1873 1633 1916 COMITEH.

1096 1968 1277 2039 (Anno
1334 1967 1486 2037 8'76.)

492 2061 626 2134 Agit
648 2060 867 2134 gratias
896 2057 1040 2134 quod
1054 2059 1386 2134 ejascpera
1408 2056 1576 2134 legati
1596 2053 1668 2110 ad
1687 2054 2087 2134 imperatorem

563 2126 944 2206 pervenerint,
978 2126 1263 2206 getA'illis'
1292 2129 1561 2206 injuncta
1615 2128 1887 2206 confecta
1909 2126 2090 2206 _sint;

566 2196 801 2272 eumque
829 2203 988 2272 rogat
1017 2203 1083 2255 ut
1111 2196 1531 2272 quamprimum
1559 2197 1787 2253 auxilia
1816 2196 1923 2251 sibi
1950 2211 2089 2251 con-

572 2277 663 2329 tra
692 2269 999 2329 Saracenos
1029 2269 1314 2326 mittenda
1337 2273 1518 2326 curet.

564 2379 816 2435 JOANNES
853 2377 1142 2449 episcopus
1190 2376 1398 2431 Bosom
1425 2382 1451 2410 ³
1477 2372 1840 2429 illustrissimo
1883 2372 2087 2429 comiti.

566 2467 914 2524 Charissimm
961 2473 1067 2520 tuae
1092 2463 1358 2520 nobilitati
1394 2463 1587 2519 laudes
1617 2462 1830 2519 Christo
1858 2460 2091 2517 Domino

496 2556 816 2623 referentes,
850 2554 1058 2629 gratias
1117 2552 1352 2627 agimus,
1388 2560 1442 2608 et
1468 2553 1607 2607 hanc
1635 2550 1923 2623 praeconiis
1954 2548 2091 2606 eﬂ‘e-

496 2653 679 2702 rentes
705 2645 762 2700 in
791 2644 984 2701 eodem
1026 2642 1261 2698 Domino
1303 2640 1662 2715 gratulamur,
1711 2640 1866 2710 cujus
1912 2639 2092 2711 gratia

498 2742 688 2791 nostro
721 2732 887 2789 fultus
916 2747 1125 2802 amore,
1142 2730 1328 2786 missis
1354 2729 1668 2802 apostolicae
1684 2736 1889 2785 nostra;
1921 2728 2087 2798 sedis,

495 2823 712 2881 facilem
757 2821 963 2878 aditum
1002 2819 1353 2892 perveniendi
1397 2819 1467 2874 ad
1506 2817 1840 2874 serenissimi
1885 2816 2095 2873 domini

496 2912 676 2969 Caroli
723 2926 940 2983 semper
984 2909 1216 2982 Augusti
1258 2907 1552 2980 spiritualis
1598 2906 1695 2962 ﬁlii
1741 2907 1916 2962 nostri
1943 2923 2089 2978 pra:-

495 3001 744 3071 sentiam,
778 3015 888 3056 non
935 2998 1179 3055 indebita
1207 2996 1478 3066 tribuisti;
1512 3004 1566 3052 et
1592 3003 1650 3052 ut
1679 3012 1743 3052 ea
1772 3012 1894 3068 quae
1922 2994 2026 3050 sibi
2057 3011 2091 3051 a

494 3090 653 3148 nobis
689 3088 924 3146 dicenda
968 3088 1216 3158 injuncta
1253 3086 1484 3153 fuerant,
1533 3101 1667 3141 aure
1716 3101 1829 3141 suae
1875 3084 2091 3156 pietatis

496 3180 821 3246 adverteret,
854 3185 908 3233 et
935 3177 1006 3232 ad
1035 3183 1428 3249 congruentem
1469 3173 1719 3231 effectum
1746 3173 2088 3246 perduceret,

495 3268 728 3325 suadere
756 3265 975 3323 curasti.
1008 3264 1167 3335 Quod
1194 3280 1318 3321 cum
1347 3265 1496 3320 Deus
1525 3263 1869 3335 omnipotens
1912 3261 2092 3334 impe-

497 3357 713 3414 ratoriae
762 3353 1139 3427 magnitudini,
1189 3361 1249 3409 ut
1293 3352 1467 3419 ﬁeret,
1502 3351 1889 3423 inspiraverit;
1922 3359 1975 3407 te
2005 3358 2092 3406 ta-

498 3462 646 3514 men,
681 3445 775 3518 qui
801 3444 974 3500 nostri
1005 3441 1170 3498 studii
1197 3448 1520 3513 cooperator
1543 3439 1768 3497 effectus
1797 3456 1878 3508 es,
1911 3440 2095 3496 admo-

497 3535 629 3592 dum
656 3533 1044 3601 collaudamus,
1074 3539 1147 3599 et,
1183 3538 1242 3586 ut
1269 3530 1523 3598 diximus,
1562 3530 1764 3603 gratias
1794 3537 1901 3585 tua;
1928 3528 2093 3585 indu-

500 3625 643 3681 striae
683 3623 1005 3690 referentes,
1039 3629 1092 3676 et
1116 3636 1218 3693 pro
1269 3620 1355 3675 his
1402 3627 1456 3676 et
1481 3635 1583 3691 pro
1627 3618 1746 3674 aliis
1794 3618 2094 3674 retribuere

495 3713 595 3769 tibi
623 3711 1052 3769 vicissitudinem
1080 3725 1192 3765 non
1230 3708 1560 3765 omittemus.
1591 3709 1820 3765 Necnon
1848 3715 1903 3763 et
1930 3708 2094 3781 quid-

497 3801 627 3875 quid
665 3800 863 3857 honori
909 3808 999 3855 tuo
1044 3797 1313 3872 congruit,
1361 3796 1449 3853 vel
1493 3797 1563 3853 ad
1607 3796 1889 3853 utilitatem
1946 3805 2095 3852 tuam

495 3906 749 3948 crescere
792 3888 1229 3961 cognoverimus,
1283 3885 1660 3943 incunctanter
1703 3886 1927 3958 exsequi
1968 3901 2094 3958 pro-

495 3979 828 4046 curabimus,
886 3985 939 4033 et
994 3983 1152 4050 grato
1205 3991 1413 4043 amore,
1471 3976 1757 4046 adjuvante
1832 3975 2087 4042 Domino,

480 4084 777 4142 quousque
823 4065 1186 4139 perﬁciamus,
1227 4065 1650 4122 elaborabimus.
1700 4066 1780 4121 Tu
1829 4080 1984 4133 vero,
2017 4063 2094 4119 ﬁli

492 4158 834 4228 charissima,
866 4155 1002 4212 sicut
1042 4155 1273 4228 coepisti,
1311 4155 1379 4210 ad
1415 4154 1716 4211 inﬁdelium
1753 4161 2090 4221 nostrorum,

489 4248 578 4306 vel
621 4254 820 4304 sanctae
869 4246 971 4302 Dei
1007 4245 1270 4302 Ecclesiae
1302 4244 1711 4301 adversantium
1752 4243 2095 4316 tyrannidem

490 4336 729 4393 funditus
771 4334 1097 4391 abolendam
1141 4333 1318 4405 magis
1367 4332 1540 4405 [Edit.
1574 4335 1752 4403 Rom.,
1806 4331 1982 4404 magis
2030 4347 2095 4387 ac

2177 424 2325 479 niant
2381 439 2482 495 pro
2527 424 2629 480 Dei
2671 432 2967 498 nostroque
2995 442 3181 483 amore
3209 427 3429 482 insistas
3463 446 3475 482 :
3505 427 3633 500 quia
3663 427 3777 482 nisi

2178 513 2437 568 citissime
2465 514 2730 581 venerint,
2753 522 2806 570 et
2833 515 2992 570 nobis
3019 532 3181 587 opem
3212 516 3557 581 contulerint,
3581 516 3782 588 pejora

2177 600 2450 673 prioribus
2494 600 2610 657 ﬁeri
2657 601 3045 671 formidamus;
3078 620 3145 661 ac
3172 621 3273 675 per
3300 606 3405 660 hoc
3432 605 3634 661 domno
3666 604 3783 659 im-

2178 689 2414 760 peratori
2458 689 2739 761 peccatum
2771 700 2825 748 et
2852 693 3110 747 damnum
3158 693 3288 748 oriri
3316 693 3535 764 poterit,
3569 701 3621 749 et
3654 692 3786 765 quia

2177 777 2423 833 Ecclesia
2468 780 2588 850 Dei,
2622 780 2710 836 vel
2733 770 2875 836 oves'
2910 798 3130 852 pascuae
3182 782 3297 852 ejus
3327 781 3530 837 fortiter
3559 782 3784 838 discer-

2177 874 2396 938 puntur,
2427 867 2605 938 ipsum
2634 884 2834 925 nomen
2863 870 3129 936 Christus,
3179 871 3325 942 quod
3353 871 3513 936 absit,
3548 870 3604 925 in
3631 886 3783 943 gen-

2179 955 2324 1010 tibus
2397 955 2778 1028 blasphemari.
2857 959 2994 1014 Data
3075 958 3333 1014 Kalendis
3415 959 3780 1030 Septembris,

2181 1043 2474 1101 indictione
2504 1045 2735 1103 decima.
2970 1082 2979 1089 ο

2871 1136 3073 1193 XXVI.

2632 1236 2706 1278 AD
2743 1237 3059 1280 LUDOVICUM
3108 1240 3298 1281 REGEM
3308 1267 3320 1279 .

2799 1314 2980 1385 (Anno
3018 1314 3163 1383 876.)

2183 1400 2570 1456 Dissensiones
2598 1400 2754 1474 inter
2780 1403 2966 1474 ipsum
2995 1406 3053 1457 et
3082 1403 3483 1474 imperatorem
3502 1404 3701 1474 scribit
3723 1419 3785 1459 se

2255 1486 2372 1527 non
2393 1487 2555 1546 posse
2583 1472 2811 1534 sedare,
2831 1473 2947 1527 nisi
2975 1472 3222 1528 alteram
3241 1474 3403 1545 prius
3423 1473 3630 1529 audiat
3655 1491 3787 1546 par-

2259 1546 2373 1597 tem
2397 1544 2661 1616 :rinterea
2690 1548 2885 1616 monet
2912 1547 2980 1599 ut
3004 1559 3203 1616 pacem
3233 1544 3363 1599 cum
3412 1544 3688 1611 omnibus,
3727 1549 3792 1600 et

2254 1615 2538 1685 praecipue
2578 1629 2718 1688 cum
2762 1615 3125 1686 imperatore,
3169 1618 3369 1682 servet,
3418 1619 3476 1671 et
3501 1615 3783 1688 subjectos

2119 1694 2174 1754 Β
2269 1687 2603 1756 compescat.

2257 1774 2508 1828 JOANNES
2538 1771 2830 1844 episcopus
2860 1772 3063 1831 dilecto
3090 1772 3202 1829 filio
3227 1774 3510 1829 Lunovmo
3538 1773 3787 1848 glorioso

2187 1862 2327 1936 regi.

2257 1951 2534 2023 Epistolas
2589 1959 2694 2008 tuae
2752 1950 3078 2021 dilectionis,
3128 1967 3239 2008 non
3282 1950 3501 2024 quidem
3541 1951 3790 2008 diversas

2189 2041 2566 2112 suscepimus;
2599 2057 2732 2113 quas
2775 2041 3106 2112 relegentes,
3156 2056 3223 2096 ea
3269 2040 3325 2095 in
3373 2041 3451 2096 eis
3480 2040 3789 2112 reperimus

2190 2146 2310 2203 quas
2336 2130 2442 2184 nisi
2486 2146 2587 2186 nos
2619 2129 2921 2186 charissimi
2951 2128 3046 2184 ﬁlii
3075 2130 3248 2185 nostri
3277 2130 3611 2185 serenissimi
3642 2145 3790 2202 quo-

2191 2202 2296 2290 que
2326 2218 2669 2290 imperatoris
2699 2219 2897 2274 Domni
2928 2218 3108 2274 Caroli
3139 2234 3360 2290 semper
3386 2202 3614 2291 Augusti
3641 2219 3795 2289 prior

2195 2307 2420 2379 querela
2463 2308 2724 2379 pulsaret,
2775 2323 2885 2363 non
2915 2306 3092 2362 solum
3139 2307 3568 2375 admitteremus,
3600 2323 3791 2363 verum

2191 2396 2354 2452 etiam
2397 2396 2712 2468 priusquam
2748 2403 2972 2467 putares
3010 2396 3481 2469 investigaremus,
3516 2404 3678 2469 atque
3705 2396 3790 2452 di-

2191 2493 2548 2555 scuteremus,
2598 2486 2843 2557 rectique
2880 2485 3035 2541 lance
3079 2484 3398 2556 libraminis,
3440 2485 3588 2557 quod
3621 2493 3675 2540 et
3703 2483 3788 2539 fa-

2191 2582 2371 2631 cturos
2401 2589 2521 2643 nos,
2569 2575 2690 2631 Deo
2724 2575 2970 2644 juvante,
3019 2574 3362 2640 conﬁdimus,
3403 2589 3786 2646 pensaremus.

2193 2665 2302 2720 Sed
2352 2663 2481 2736 quia
2533 2680 2640 2718 una
2693 2679 2822 2735 pars
2881 2663 2998 2719 sine
3040 2663 3214 2719 altera
3255 2662 3415 2719 facile
3459 2662 3634 2719 audiri
3679 2679 3790 2719 non

2191 2752 2371 2821 debet,
2430 2752 2646 2808 interim
2715 2752 3066 2809 deliberative
3124 2769 3234 2808 non
3291 2752 3581 2809 scribimus
3614 2770 3628 2807 :
3661 2752 3790 2825 quin

2191 2842 2368 2913 potius
2400 2841 2631 2914 gloriam
2676 2849 2821 2897 tuam
2866 2858 3171 2910 monemus,
3203 2848 3256 2897 et
3283 2842 3606 2898 auctoritate
3651 2856 3789 2913 apo-

2193 2930 2385 2987 stolica
2422 2932 2780 2999 obtestamur,
2812 2938 2870 2986 ut
2898 2947 3092 3002 pacem
3121 2946 3246 2987 cum
3278 2930 3529 2986 omnibus
3559 2938 3613 2987 et
3640 2947 3789 3002 pra:—

2191 3020 2349 3092 cipue
2377 3037 2501 3076 cum
2546 3020 2741 3076 eodem
2789 3020 3115 3091 imperatore
3146 3036 3499 3087 conservans,
3533 3019 3630 3074 tibi
3660 3020 3789 3075 sub-

2185 3111 2362 3179 jectos
2389 3125 2723 3182 compescas,
2748 3116 2802 3164 et
2829 3109 2899 3165 ab
2928 3108 3179 3165 omnibus
3210 3108 3484 3166 scandalis
3502 3108 3592 3165 vel
3610 3108 3793 3164 factio-

2192 3197 2269 3254 sis
2299 3197 2791 3276 cpnspirationibus
2820 3214 2991 3270 usque
3019 3198 3088 3253 ad
3108 3206 3345 3252 nostram
3366 3197 3786 3266 discussionem,

2192 3287 2328 3344 sicut
2380 3303 2482 3359 per
2534 3294 2586 3343 te
2640 3302 2943 3358 speramus,
3001 3301 3302 3343 removeas.
3348 3284 3487 3355 Quia
3529 3302 3652 3353 nos,
3699 3285 3796 3358 qui

2192 3376 2537 3433 sacerdotum
2596 3375 2814 3432 Domini
2856 3382 3067 3430 matura
3111 3374 3364 3431 volumus
3408 3390 3530 3431 esse
3561 3375 3787 3445 judicia,

2191 3480 2295 3521 nec
2346 3464 2442 3532 illi,
2492 3480 2596 3521 nec
2639 3463 2737 3520 tibi
2780 3471 2972 3520 contra
2989 3462 3254 3533 justitiam
3284 3462 3467 3520 favere
3489 3463 3787 3519 studemus.

2193 3553 2366 3625 Hujus
2393 3553 2475 3610 rei
2504 3552 2697 3628 gratia,
2721 3552 2994 3608 mediante
3013 3552 3189 3609 sancti
3221 3552 3453 3624 Spiritus
3470 3552 3665 3625 gratia,
3690 3568 3792 3624 per

2192 3650 2395 3699 nostrae
2449 3641 2840 3699 mediocritatis
2891 3641 3147 3709 studium,
3199 3641 3465 3714 quidquid
3503 3640 3635 3698 illud
3686 3648 3787 3709 est,

2192 3730 2441 3788 volumus
2500 3730 2752 3799 difﬁniri;
2807 3738 2860 3786 et
2915 3730 3063 3803 quod
3119 3729 3298 3787 adhuc
3350 3730 3792 3802 suspendendum

2194 3821 2467 3891 duximus,
2492 3821 2603 3891 jam
2636 3820 2804 3893 digna
2853 3819 3259 3887 deliberatione,
3286 3820 3505 3889 juvante
3535 3819 3788 3886 Domino,

2193 3909 2616 3982 dispensationis
2671 3916 2874 3965 nostrae
2924 3908 3131 3978 judicio
3176 3907 3607 3965 terminabimus.
3653 3908 3793 3965 Data

2193 3999 2455 4055 Kalendis
2485 3997 2836 4071 Septembris,
2871 3996 3165 4054 indictione
3193 3995 3427 4055 decima.

2877 4087 3102 4143 XXVII.

2193 4190 2267 4232 AD
2295 4191 2515 4233 CLERUM
2545 4191 2818 4247 0RDINEM,
2854 4192 2924 4232 ET
2952 4190 3172 4232 PLEBEM
3190 4189 3416 4231 SANCTE
3441 4190 3791 4232 UVALVENSIS

2833 4263 3112 4303 ECCLESL‘E
3136 4289 3149 4302 .

2813 4336 2993 4409 (Anno
3033 4336 3181 4408 876.)

489 4424 690 4499 magis]
713 4424 920 4491 insiste,
944 4430 1001 4477 ut
1022 4422 1115 4495 qui
1136 4430 1376 4478 sanctam
1397 4422 1694 4477 Romanam
1708 4421 2013 4477 Ecclesiam
2028 4421 2084 4476 in
2116 4421 2170 4481 D
2193 4424 2486 4499 Invehitar
2512 4427 2585 4499 in,
2605 4425 2903 4499 quemdam
2942 4426 3206 4481 Ecclesia
3239 4424 3521 4499 Valqensis
3557 4426 3789 4499 invaso-

492 4514 678 4571 multis
716 4512 917 4569 laedere
946 4526 1056 4566 non
1088 4510 1470 4576 formidarunt,
1502 4509 1598 4564 tali
1645 4509 1933 4578 sententia,
1982 4510 2093 4566 imo

487 4602 695 4674 judicio
734 4600 1113 4674 percellantur,
1146 4607 1205 4655 ut
1233 4599 1510 4670 deinceps,
1544 4598 2002 4670 quemadmodum
2032 4616 2094 4654 es

492 4691 786 4764 pollicitus,
819 4687 1250 4761 recuperationis
1279 4687 1459 4743 locum
1488 4702 1763 4758 nunquam
1792 4687 2086 4743 inveniant.

497 4782 767 4836 Caeterum
796 4779 925 4851 quia
953 4780 1055 4850 pro
1085 4776 1316 4832 maxima
1344 4773 1665 4831 necessitate
1705 4775 1864 4845 hujus
1890 4784 2093 4832 nostra;

496 4868 756 4940 regionis,
817 4884 978 4940 quam
1034 4866 1286 4922 Saraceni
1338 4880 1480 4936 pene
1558 4871 1722 4920 totam
1778 4864 2090 4937 depopulati

498 4964 642 5025 sunt,
675 4956 978 5012 audivimus
1024 4954 1299 5026 imperiale
1328 4953 1654 5022 adjutorium
1698 4970 1869 5026 usque
1897 4954 1966 5009 ad
1989 4971 2090 5011 nos

416 5068 423 5075 ί
498 5062 623 5103 esse
678 5044 1018 5114 mittendum,
1076 5043 1308 5117 gloriam
1371 5042 1667 5098 nobilitatis
1715 5050 1819 5099 tuae
1867 5044 2093 5100 nimium

500 5136 877 5207 deprecamur,
910 5142 966 5189 ut
994 5133 1141 5189 idem
1171 5132 1515 5203 adjutorium,
1547 5132 1635 5189 vel
1661 5133 1901 5189 virorum
1931 5149 2094 5189 exer—

499 5225 686 5291 citum,
721 5222 814 5295 qui
841 5223 1041 5278 utinam
1065 5221 1177 5291 jam
1205 5238 1447 5293 praesens
1487 5222 1720 5289 adesset,
1753 5222 1903 5278 nullo
1932 5223 2096 5278 modo

499 5314 608 5370 illis
663 5313 719 5370 in
764 5312 1011 5385 partibus
1053 5326 1262 5368 moram
1299 5311 1411 5384 pati
1453 5312 1792 5384 permittat...
1828 5311 2097 5369 veniendo

2264 4512 2402 4563 rem,
2429 4496 2678 4568 legitimo
2717 4496 2900 4553 adhuc
2929 4498 3236 4568 superstite
3273 4496 3561 4568 episcopo:
3590 4496 3790 4551 laudat

2260 4584 2349 4624 eos
2391 4567 2534 4640 quod
2572 4569 2741 4640 illum
2769 4567 3009 4624 minime
3045 4567 3432 4638 recipiendum
3458 4567 3785 4640 duxerunt,

2262 4638 2437 4712 simul
2466 4639 2838 4712 praecipiens,
2891 4656 2963 4694 ne
2993 4655 3245 4712 unquam
3278 4654 3408 4693 cum
3449 4638 3786 4712 admittant,

2262 4709 2516 4781 alioquiii
2585 4709 3195 4768 excommunicationis
3226 4709 3578 4765 sententiam
3609 4709 3795 4764 mina-

2265 4784 2378 4835 tur.

2261 4870 2515 4923 JOANNES
2561 4868 2853 4940 episcopus
2896 4869 3065 4937 clero,
3098 4867 3275 4924 ordini
3317 4875 3370 4923 et
3396 4866 3544 4940 plebi
3590 4875 3790 4923 sanctae

2194 4957 2481 5014 Valvensis
2512 4957 2794 5014 Ecclesiae.

2265 5045 2402 5115 Quia
2449 5045 2827 5102 sollicitudinis
2875 5062 2996 5115 nos,
3043 5062 3208 5118 quam
3248 5061 3350 5117 pro
3391 5047 3644 5102 omnibus
3691 5046 3791 5102 Dei

2194 5134 2457 5191 Ecclesiis
2483 5135 2985 5207 circumspiciendis
3014 5135 3374 5206 suscepimus,
3398 5135 3636 5191 maxima
3664 5151 3790 5191 cura

2196 5223 2533 5294 constringit,
2568 5232 2626 5279 ut
2653 5224 2741 5280 vel
2776 5224 2998 5295 provisa
3042 5223 3173 5279 vitia
3220 5239 3550 5290 resecemus,
3580 5224 3668 5280 vel
3696 5241 3792 5280 ru-

2195 5328 2347 5368 more
2374 5320 2673 5385 comperta,
2705 5329 2775 5369 ne
2800 5312 3082 5385 pullulent,
3131 5312 3454 5386 vigilemus;
3486 5313 3660 5368 latere
3689 5329 3788 5371 vos

577 5522 602 5550 a
626 5494 695 5545 De
718 5494 908 5546 Bosone
945 5492 1115 5555 regina
1138 5491 1175 5544 1.
1206 5506 1242 5543 ιι
1266 5492 1449 5545 Chron.
1473 5506 1488 5557 ;
1513 5492 1727 5558 Aimoln,
1752 5491 1789 5543 l.
1813 5505 1863 5556 v,
1890 5505 1938 5544 c.
1967 5492 2050 5555 14,
2075 5490 2160 5556 27,
2184 5489 2251 5543 32
2275 5494 2327 5544 et
2349 5492 2457 5544 aliis
2479 5492 2530 5544 in
2552 5491 2697 5544 locis.
