4174 6352
298 294 397 347 681

1505 289 1862 348 EPISTOLIE
1916 290 2006 346 ET
2060 291 2409 349 DECRETA.

3497 298 3600 355 682

296 415 554 471 nolumus
584 414 899 486 pervenisse
944 414 1013 470 ad
1059 430 1160 471 nos
1207 415 1353 487 quod
1399 415 1638 488 quidam,
1693 416 1897 471 calcata
1929 416 2139 485 Arum,
2171 418 2354 472 missis
2399 426 2451 473 et
2492 418 2738 490 epistolis
2784 419 3211 477 discurrentibus
3258 421 3402 479 dicta
3452 429 3596 493 sunt,

298 505 610 560 reverentia
657 505 932 560 canonicae
981 504 1301 574 disciplinae,
1351 512 1535 560 contra
1583 521 1743 559 omne
1795 503 1896 572 fas,

299 594 410 649 imo
441 602 630 648 contra
675 593 856 664 legem
901 594 1346 660 ecclesiasticam,
1392 593 1683 664 superstite
1720 601 1901 649 vestro

300 691 522 753 pastore
559 683 687 738 velit
729 699 865 738 ausu
914 683 1206 738 temerario
1255 690 1490 738 vestram
1537 683 1902 737 sinceritatem

302 787 676 843 corrumpere,
706 779 758 827 et
788 772 957 843 (quod
981 772 1128 828 dictu
1156 771 1310 827 nefas
1340 774 1444 842 est)
1480 771 1698 842 plebem
1729 772 1903 842 ipsam

303 861 586 926 invadere,
619 877 951 934 gregemque
984 861 1346 929 Dominicum,
1397 860 1651 916 videlicet
1680 876 1903 915 vosme—

303 950 500 1021 tipsos,
534 950 866 1021 discerpere,
899 949 1193 1006 schismata
1222 965 1504 1022 generare,
1541 956 1594 1004 et
1626 951 1802 1004 Deum
1849 949 1904 1002 in

305 1041 409 1095 hoc
439 1040 508 1094 ad
537 1039 872 1095 iracundiam
901 1055 1201 1110 provocare
1235 1057 1247 1093 :
1280 1039 1485 1093 habens
1517 1037 1672 1109 quasi
1711 1045 1905 1093 aucto-

307 1128 519 1183 ritatem
551 1127 890 1184 saecularium
921 1127 977 1182 id
1007 1127 1330 1200 peragendi,
1355 1135 1407 1182 et
1430 1144 1550 1199 quae
1577 1127 1645 1182 ab
1679 1126 1777 1192 eis,
1797 1125 1906 1180 imo

309 1233 344 1272 a
373 1217 552 1283 nobis,
586 1217 802 1272 vivente
831 1223 1009 1272 vestro
1039 1216 1316 1287 episcopo,
1345 1217 1467 1286 jure
1497 1216 1612 1271 dari
1658 1232 1766 1270 non
1802 1231 1906 1285 po-

309 1314 436 1372 test,
473 1306 724 1377 nequiter
753 1306 1063 1361 exercendi.
1099 1305 1258 1373 Quod
1285 1313 1491 1360 tantum
1513 1304 1631 1360 ﬁeri
1650 1305 1907 1375 prohibe-

308 1411 454 1460 mus,
488 1402 802 1465 tantumque
832 1395 1161 1449 detestantes
1200 1393 1596 1459 abominamur,
1648 1401 1908 1464 quantum

312 1490 504 1538 contra
553 1482 829 1538 canonicae
880 1481 1214 1538 auctoritatis
1263 1497 1572 1551 censuram,
1623 1488 1676 1535 et
1722 1489 1910 1536 contra

310 1571 512 1626 divinae
540 1570 679 1643 legis
708 1570 1074 1634 traditionem,
1103 1570 1192 1625 vel
1219 1577 1466 1626 veterum
1487 1571 1705 1624 Patrum
1735 1585 1912 1624 exem-

311 1659 422 1730 pla,
457 1659 563 1714 tale
594 1659 724 1730 quid
753 1659 1000 1714 attentari
1032 1658 1434 1729 cognoscimus,
1468 1666 1524 1712 ut
1557 1657 1771 1714 vivente
1799 1674 1908 1712 uno

2006 523 2126 578 quae
2156 507 2336 563 locum
2367 507 2422 560 in
2451 509 2567 576 ejus
2589 509 2754 564 corde
2770 510 2974 564 nullum
2996 512 3210 581 penitus
3231 511 3554 566 invenerunt
3583 529 3596 565 :

2006 595 2130 666 quia
2159 595 2403 666 profecto
2433 596 2642 652 viscera
2671 598 2840 668 ipsius
2872 599 3039 654 verba
3064 600 3185 655 vitae
3215 608 3434 655 aeterna:
3464 600 3597 656 reci-

2003 701 2136 755 pere
2167 694 2460 741 renuerunt
2497 686 2737 742 :Judaeis
2786 687 2931 742 enim
2974 688 3236 742 Dominus
3283 689 3413 744 dicit
3448 707 3461 742 :
3499 689 3604 756 Qui

2006 791 2079 829 ea:
2108 777 2214 830 Deo
2237 780 2338 841 est,
2365 777 2526 832 verba
2546 779 2646 831 Dei
2670 777 2864 844 audit;
2884 781 3180 848 prOpterea
3202 795 3291 833 vos
3312 795 3425 833 non
3448 779 3606 834 audi-

2009 865 2102 927 tis,
2127 865 2260 936 quia
2281 881 2355 919 ex
2376 867 2484 920 Deo
2507 881 2619 920 non
2640 867 2775 920 estis
2797 865 2980 936 (Joan.
3002 867 3145 934 vm).
3171 867 3230 922 Si
3246 867 3385 938 quis,
3407 866 3596 936 inquit,

2006 952 2190 1024 diligit
2208 970 2314 1018 me,
2329 970 2642 1009 sermonem
2655 971 2844 1009 meum
2861 955 3104 1009 servabit
3116 955 3296 1024 (Joan.
3312 955 3455 1024 xxv);
3472 970 3602 1026 ergo

2005 1041 2255 1111 probatio
2311 1041 2614 1098 dilectionis
2659 1042 2917 1097 exhibitio
2963 1050 3046 1098 est
3090 1043 3292 1114 operis.
3340 1043 3601 1098 Probatur

2007 1129 2174 1202 igitur
2201 1147 2498 1203 germanus
2527 1139 2648 1186 tuus
2680 1148 2786 1186 non
2816 1131 3047 1203 diligere
3082 1133 3276 1198 Deum,
3319 1131 3412 1203 qui
3439 1148 3601 1187 man-

2008 1219 2136 1274 data
2185 1221 2300 1289 ejus
2343 1220 2714 1291 participando
2761 1237 2884 1276 cum
2927 1219 3151 1290 perfidis
3193 1237 3305 1276 non
3346 1221 3600 1276 custodit.

2006 1308 2148 1363 Nam
2175 1309 2409 1363 Joannes
2456 1309 2733 1380 apostolus
2779 1309 2852 1363 ait
2884 1326 2897 1362 :
2935 1310 3040 1378 Qui
3087 1309 3230 1365 dicit
3258 1311 3390 1382 quia
3417 1309 3608 1380 diligit

2007 1399 2206 1466 Deum,
2242 1401 2298 1453 et
2325 1398 2600 1453 mandata
2628 1400 2749 1470 ejus
2781 1414 2896 1453 non
2927 1397 3195 1464 custodit,
3221 1398 3475 1454 mendax
3517 1400 3604 1454 est

2010 1486 2063 1555 (Ι
2084 1488 2244 1543 Joan.
2279 1487 2361 1556 ιι).
2397 1487 2505 1542 Sed
2534 1502 2634 1542 nos
2665 1495 2962 1557 postremo,
3013 1501 3114 1541 nec
3160 1485 3324 1541 etiam
3354 1486 3434 1541 sic
3465 1501 3602 1541 con-

2009 1574 2217 1644 tempti,
2254 1592 2374 1645 qua
2402 1575 2471 1629 ad
2500 1574 2731 1630 salutem
2761 1575 2877 1644 ejus
2907 1583 2959 1629 et
3005 1582 3320 1630 cunctorum
3365 1574 3604 1646 pertine-
3655 1605 3658 1608 -

2011 1662 2159 1728 bant,
2191 1662 2531 1734 negleximus
2561 1680 2575 1718 :
2607 1663 2753 1718 unde
2782 1679 2893 1718 non
2940 1663 3185 1735 angelus,
3237 1679 3348 1718 non
3391 1662 3608 1736 legatus

313 1749 594 1820 episcopo,
641 1764 705 1803 ac
749 1749 1038 1819 superstite
1087 1747 1436 1816 consistente,
1487 1746 1623 1801 alter
1666 1746 1754 1802 vel
1801 1762 1984 1830 nonB
2013 1751 2240 1822 quilibet
2268 1751 2346 1821 (ut
2387 1752 2456 1806 de
2511 1752 2873 1822 Redemptore
2920 1759 3110 1807 nostro
3156 1751 3474 1823 prophetice
3520 1750 3610 1806 di-

311 1837 534 1910 petitus,
569 1839 656 1893 vel
695 1837 788 1908 qui
835 1837 947 1908 peti
992 1853 1101 1891 non
1145 1844 1322 1908 potest
1369 1852 1470 1892 nec
1522 1836 1681 1890 etiam
1729 1835 1909 1904 debet,

315 1927 506 1983 sedem
554 1925 784 1982 viventis
827 1925 1048 1981 invadat
1082 1945 1096 1993 ;
1150 1932 1200 1980 et
1243 1927 1384 1981 hanc
1427 1924 1514 1980 vel
1559 1924 1674 1979 sine
1724 1931 1912 1979 nostro

314 2016 582 2085 consultu,
630 2023 687 2069 ut
735 2015 806 2070 ita
853 2015 1098 2080 dixerim,
1153 2021 1405 2085 expetat;
1439 2013 1527 2069 vel
1574 2013 1718 2085 quia,
1775 2013 1914 2068 sicut

315 2105 572 2172 diximus,
605 2112 872 2174 superest,
906 2103 962 2158 in
993 2118 1086 2158 cor
1115 2104 1230 2172 ejus
1277 2102 1534 2158 ascendat
1585 2102 1711 2157 talia
1755 2101 1913 2173 cogi-

313 2193 485 2250 tandi.
521 2194 723 2249 Verum
753 2209 857 2249 nos
885 2192 1118 2264 primum
1137 2191 1291 2247 vobis
1311 2193 1516 2264 gratias
1532 2190 1747 2263 agimus
1768 2189 1910 2261 quia,

316 2283 456 2338 sicut
486 2283 792 2348 didicimus,
828 2289 1010 2338 vestro
1040 2282 1298 2352 episcopo
1328 2280 1492 2335 ﬁdem
1523 2279 1758 2335 debitam
1787 2295 1917 2334 con-

316 2379 621 2437 servantes,
657 2371 908 2427 eumdem
936 2371 1244 2426 invaserem
1265 2387 1374 2425 non
1396 2369 1769 2440 recipiendum
1795 2384 1917 2423 esse

316 2461 705 2533 proposuistis.
739 2460 950 2516 Deinde
976 2459 1148 2515 nostri
1179 2459 1516 2530 apostolatus
1545 2458 1764 2512 monitis
1793 2473 1916 2512 om-

315 2550 469 2606 nium
497 2559 738 2606 vestrum
769 2549 1114 2605 devotionem
1144 2549 1449 2615 hortamur,
1473 2547 1822 2618 praecipimus
1854 2561 1919 2602 ac

325 2639 640 2705 suademus,
675 2647 734 2693 ut
766 2639 956 2693 eodem
989 2646 1171 2694 vestro
1203 2637 1459 2708 episcopo
1507 2635 1741 2701 vivente,
1787 2633 1919 2688 nulli

322 2744 566 2800 unquam
595 2727 908 2783 mortalium
936 2743 1036 2783 vos
1065 2726 1282 2782 conanti
1309 2725 1450 2780 forte
1479 2724 1754 2795 decipere,
1786 2739 1919 2794 prae-

315 2817 495 2873 beatis
522 2833 827 2883 assensum,
862 2823 921 2870 ut
949 2815 1037 2873 vel
1065 2815 1122 2869 in
1149 2815 1367 2870 modico
1397 2830 1430 2868 a
1458 2812 1713 2869 ﬁdelitate
1750 2811 1921 2882 ipsius

317 2906 490 2962 vestri
546 2905 788 2977 episcopi
841 2904 933 2976 qui
989 2920 1134 2960 nunc
1189 2911 1292 2970 est,
1341 2901 1548 2959 scilicet
1595 2899 1923 2957 venerabilis

319 2993 552 3063 Arnulﬁ,
578 3009 794 3066 quoquo
815 2993 977 3049 modo
998 2992 1325 3060 discedatis;
1361 2991 1489 3063 quin
1509 2991 1688 3062 potius
1706 3005 1924 3045 omnem

322 3085 593 3140 henorem
639 3099 703 3140 ac
750 3083 1114 3139 reverentiam
1152 3082 1303 3151 juxta
1353 3095 1543 3137 sacros
1587 3095 1826 3135 canones
1874 3077 1924 3134 ei

320 3173 648 3245 impendere
680 3172 958 3242 studeatis,
995 3179 1052 3226 ut
1099 3170 1278 3244 magis
1324 3170 1478 3241 (Edit
1521 3172 1702 3236 Rom,
1751 3166 1930 3240 magis

328 3278 398 3319 ac
440 3261 664 3335 magis),
717 3262 861 3317 unde
907 3260 1063 3317 vobis
1106 3260 1311 3332 gratias
1355 3257 1675 3324 referamus,
1728 3256 1933 3311 habere

325 3351 606 3424 possimus
641 3370 653 3405 :
688 3351 922 3406 scientes
950 3365 1050 3405 nos
1081 3349 1232 3404 nullo
1263 3348 1427 3403 modo
1453 3347 1514 3402 in
1559 3347 1656 3401 tali
1697 3345 1934 3401 nefando

325 3456 497 3513 opere
528 3455 914 3506 consensuros,
950 3439 1047 3494 sed
1077 3438 1256 3509 potius
1288 3445 1340 3492 et
1370 3436 1604 3492 factores
1651 3443 1706 3490 et
1744 3449 1936 3489 eorum

330 3537 735 3585 consentaneos
764 3529 1070 3600 punituros.
1115 3528 1500 3582 Verumtamen
1550 3524 1597 3580 si
1643 3525 1784 3579 hanc
1829 3539 1935 3578 no-

332 3625 500 3673 stram
533 3617 831 3691 legitimam
861 3616 1278 3673 obtestationem
1308 3631 1406 3671 vos
1434 3614 1489 3669 in
1514 3613 1694 3685 aliquo
1745 3612 1813 3667 ab
1852 3611 1937 3666 his

330 3708 555 3763 deviare
600 3707 1044 3778 cognoverimus,
1101 3713 1154 3760 et
1206 3705 1467 3759 habentes
1509 3703 1650 3758 hanc
1697 3708 1939 3756 nostram

331 3796 710 3852 auctoritatem
741 3812 840 3850 vos
871 3795 1109 3850 omnium
1160 3793 1574 3848 ambitiosorum
1615 3790 1940 3846 factionibus

333 3885 601 3941 contraire
631 3883 854 3940 minime
884 3883 1234 3950 senserimus,
1266 3883 1354 3938 vel
1385 3881 1430 3936 si
1451 3881 1940 3953 quomodocunque

335 3973 466 4028 talia
496 3974 678 4030 facere
707 3973 930 4030 tentanti
960 3989 1059 4028 vos
1091 3988 1419 4028 consensum
1464 3971 1706 4042 praebere
1749 3968 1942 4024 saltem

333 4063 605 4129 clanculo,
658 4063 803 4134 quod
854 4062 1014 4128 absit,
1065 4061 1438 4126 didicerimus,
1489 4059 1671 4116 sciatis
1719 4057 1847 4130 quia
1891 4064 1944 4112 et

333 4167 438 4207 vos
467 4151 796 4207 anathemati
828 4151 1226 4216 submittemus,
1260 4157 1313 4204 et
1343 4149 1492 4202 illum
1520 4147 1638 4218 pari
1677 4146 1944 4202 sententia

333 4236 788 4303 condemnantes,
823 4252 984 4292 omne
1003 4233 1354 4291 sacerdotalis
1376 4231 1538 4287 otiicii
1559 4230 1939 4298 ministerium,

331 4333 393 4380 ut
425 4341 664 4396 unquam
693 4324 856 4379 nullis
887 4323 1192 4394 praesideat,
1233 4321 1281 4377 ei
1310 4327 1569 4392 perpetuo
1616 4318 1940 4374 adimemus.

337 4414 500 4480 Data,
534 4422 661 4481 etc.,
696 4413 990 4469 indictione
1022 4412 1255 4468 decima.

1011 4514 1263 4570 XXVIII.

911 4628 984 4668 AD
1019 4626 1291 4678 QUEMDAM
1317 4619 1362 4666 δ.

965 4702 1145 4775 (Anno
1171 4703 1319 4771 876.)

341 4797 424 4853 De
456 4794 958 4866 Neapolitanorum
988 4792 1126 4866 duce
1161 4793 1283 4866 ejus
1313 4793 1498 4866 fratre
1526 4789 1808 4866 queritur,
1842 4785 1952 4866 .qui

411 4867 531 4921 suis
550 4856 785 4941 monitis
807 4881 923 4941 non
944 4856 1199 4941 parebat:
1227 4856 1406 4930 Quare
1431 4856 1696 4941 hortatur
1719 4862 1784 4941 ut
1800 4856 1877 4941 ab
1890 4871 1950 4912 eo

411 4952 470 4992 se
501 4939 756 5008 separet;
785 4929 1038 5006 alioquin
1071 4950 1202 4989 cum
1221 4929 1281 4989 eo
1303 4949 1369 4988 ac
1391 4930 1611 4988 caeteris
1629 4929 1952 5003 fautoribus

417 5008 778 5063 anathemati
806 5007 1160 5077 subjicietur.

412 5104 666 5159 JOANNES
696 5103 1062 5174 episcOpus...

411 5193 581 5248 Multa
608 5210 705 5264 per
732 5209 833 5248 nos
862 5209 962 5263 per
989 5192 1419 5260 decessoresque
1441 5194 1659 5243 nostros
1691 5200 1945 5243 reveren-

338 5284 443 5339 dos
469 5281 753 5354 pontifices
783 5281 908 5337 duci
937 5279 1443 5352 Neapolitanorum,
1475 5276 1586 5331 imo
1619 5275 1743 5331 duci
1773 5291 1946 5331 caco-

409 5410 434 5438 ι
456 5401 602 5450 Forte
629 5399 946 5450 Athanasium
967 5397 1240 5461 episcopum
1264 5395 1652 5461 Neapolitanum,
1701 5393 1765 5461 ad?
1797 5404 1940 5461 quem

339 5467 586 5518 nonnullze
627 5466 758 5517 infra
797 5459 1074 5516 scribuntur
1110 5459 1323 5526 epistola:
1352 5481 1363 5511 :
1394 5459 1530 5521 cujus
1570 5460 1804 5526 meminit
1841 5460 1942 5508 Leo

344 5533 602 5595 Ostiensis,
629 5533 716 5584 lib.
744 5547 782 5596 ι,
807 5535 988 5584 Chron.
1015 5525 1156 5583 Cass.
1192 5543 1299 5594 cap.
1327 5529 1410 5580 42.
1439 5529 1548 5579 Fuit
1567 5532 1733 5578 autem
1759 5525 1838 5576 hic
1858 5536 1945 5574 ne-

672 5678 892 5732 PATROL
905 5718 918 5733 .
959 5674 1209 5732 CXXVI.

1952 3125 2001 3188 C

2012 1847 2155 1896 ctum
2186 1843 2309 1910 est),
2345 1841 2443 1896 sed
2473 1841 2543 1894 ad
2573 1840 2864 1896 salvandos
2886 1857 2982 1897 eos
3003 1841 3119 1912 ipse
3139 1856 3237 1912 per
3258 1841 3610 1912 semetipsum

2014 1928 2346 2000 apostolatus
2377 1937 2564 1984 noster
2594 1929 2910 1996 adveniens,
2945 1929 3074 2002 quid
3105 1937 3189 1983 est
3234 1929 3379 2001 quod
3423 1927 3613 1985 debuit

2015 2017 2213 2084 facere,
2266 2025 2318 2072 et
2360 2034 2470 2073 non
2518 2017 2686 2074 fecit?
2725 2018 2850 2073 licet
2893 2018 3029 2088 ipse,
3080 2025 3138 2073 ut
3183 2034 3305 2074 cum
3349 2018 3612 2088 propheta

2015 2107 2283 2176 dicamus,
2316 2122 2614 2163 conversus
2644 2115 2726 2162 est
2746 2107 2802 2161 in
2832 2107 3250 2162 amaritudinem
3272 2105 3397 2163 vitis
3424 2106 3615 2162 aliente

2018 2196 2145 2265 (Isa.
2181 2196 2258 2266 v),
2293 2203 2344 2250 et
2372 2196 2511 2251 sicut
2543 2196 2762 2267 aspides
2792 2197 2992 2262 surdae,
3026 2203 3078 2251 et
3107 2195 3424 2251 obturantes
3454 2210 3618 2251 aures

2019 2301 2166 2349 suas,
2199 2301 2308 2340 non
2339 2284 2572 2340 audierit
2600 2300 2792 2341 vocem
2822 2283 3205 2340 incantantium
3257 2285 3410 2354 (Psal
3452 2285 3611 2355 Lvu),

2017 2372 2074 2428 id
2121 2379 2204 2427 est
2248 2371 2660 2443 praedicantium
2685 2413 2699 2442 ,
2753 2389 2857 2429 nec
2912 2372 3201 2428 mutaverit
3256 2371 3615 2430 versutiarum

2020 2477 2241 2516 suarum
2289 2461 2553 2526 colorem,
2604 2470 2694 2515 aut
2740 2461 3086 2528 varietatem,
3131 2461 3305 2516 instar
3351 2459 3617 2530 Ethiopis

2021 2558 2073 2605 et
2101 2549 2275 2620 pardi,
2319 2548 2512 2621 quibus
2557 2548 2892 2619 perfidorum
2940 2549 3307 2605 Israelitarum
3349 2548 3618 2604 Jeremias

2021 2638 2274 2693 duritiam
2303 2638 2654 2708 comparavit,
2685 2638 2828 2693 unde
2858 2638 3051 2693 merito
3101 2637 3333 2694 abscissi
3364 2645 3508 2718 sunt,
3553 2644 3614 2692 ut

2020 2726 2088 2782 de
2118 2726 2316 2781 talibus
2346 2727 2636 2797 Apostolus
2665 2735 2852 2798 optat:
2876 2727 3314 2794 Abscindantur,
3336 2725 3609 2798 inquiens,

2023 2817 2119 2888 qui
2146 2832 2237 2872 vos
2259 2817 2618 2881 conturbant,
2643 2833 2678 2870 a
2703 2816 2923 2872 Christo
2945 2816 3092 2886 (Gal.
3117 2817 3196 2886 v),
3214 2815 3270 2870 id
3291 2822 3377 2871 est
3393 2830 3426 2869 a
3447 2813 3622 2886 capite

2026 2911 2079 2960 et
2109 2919 2362 2975 corpore,
2394 2904 2538 2974 quod
2568 2911 2652 2959 est
2681 2904 2928 2960 Ecclesia
2955 2904 3057 2959 Dei
3094 2903 3221 2971 vivi,
3273 2904 3522 2959 columna
3571 2909 3626 2958 et

2025 2991 2428 3048 ﬁrmamentum
2458 2992 2722 3048 veritatis.
2754 2993 2900 3064 Ergo
2930 3008 3055 3049 cum
3083 2993 3157 3047 ita
3200 2991 3289 3058 sit,
3337 2991 3625 3062 prudentia

2030 3088 2120 3135 tua
2148 3081 2359 3136 moveri
2386 3096 2494 3135 non
2525 3080 2707 3146 debet,
2742 3081 2788 3135 si
2817 3080 2960 3136 inter
2988 3080 3126 3135 tales
3162 3079 3400 3135 oﬁicium
3447 3085 3628 3135 cesset

2033 3170 2338 3235 doctorum,
2375 3169 2488 3223 sive
2518 3169 2753 3240 torpenti
2799 3168 3007 3223 desidia
3054 3168 3285 3224 faciente
3333 3174 3624 3234 rectorum,

2034 3257 2149 3313 sive
2179 3257 2537 3328 impoenitenti
2568 3257 2819 3330 exigente
2851 3256 3074 3313 crimine
3106 3257 3492 3327 subjectorum.
3530 3255 3659 3312 Di--

2032 3347 2160 3402 vino
2218 3345 2363 3402 enim
2405 3346 2610 3415 judicio
2635 3389 2648 3413 ,
2701 3347 2950 3418 quamvis
2997 3347 3248 3416 occulto,
3296 3345 3424 3400 talia
3464 3344 3628 3415 ﬁunt,

2035 3434 2175 3491 sicut
2202 3435 2258 3490 in
2285 3435 2424 3490 libro
2454 3435 2599 3490 beati
2635 3435 2737 3490 Job
2776 3435 2994 3507 legitur,
3047 3451 3168 3492 cum
3215 3434 3284 3490 de
3325 3434 3443 3490 Deo
3495 3433 3636 3490 inter

2035 3524 2143 3578 alia
2173 3523 2348 3578 fertur
2379 3539 2392 3579 :
2423 3525 2594 3580 Ducit
2619 3523 2937 3580 sacerdotes
2967 3524 3256 3595 inglorios,
3295 3527 3353 3578 et
3388 3524 3637 3595 optima-

2039 3616 2121 3668 tes
2138 3612 2492 3684 supplantat,
2509 3617 2866 3669 commutans
2888 3613 3098 3668 labium
3115 3613 3418 3679 veracium,
3436 3611 3639 3667 doctri-

2037 3717 2175 3757 nam
2203 3718 2402 3757 senum
2425 3704 2692 3773 auferens
2711 3702 2828 3771 (Job
2849 3702 2974 3771 xu);
3000 3701 3156 3771 cujus
3185 3716 3377 3756 sensus
3402 3698 3643 3754 medulla

2040 3798 2318 3860 concepta,
2354 3790 2543 3861 procul
2574 3790 2758 3856 dubio,
2793 3789 2929 3846 scito
2961 3789 3083 3862 quia
3102 3789 3156 3844 in
3178 3789 3456 3860 Optionem
3473 3803 3641 3843 unum

2041 3895 2071 3934 e
2099 3879 2308 3934 duobus
2340 3893 2372 3934 a
2401 3879 2559 3935 nobis
2589 3880 2685 3934 tibi
2714 3879 2965 3935 tribuitur
2997 3897 3010 3934 :
3043 3885 3134 3934 aut
3154 3878 3318 3944 enim,
3344 3877 3646 3934 secundum

2043 3968 2188 4039 quod
2220 3967 2481 4039 scriptum
2512 3976 2613 4035 est,
2638 3971 2852 4024 Exiens
2873 3969 3053 4024 exibis
3076 3969 3141 4024 de
3161 3968 3342 4023 medio
3365 3968 3643 4039 ipsorum,

2042 4061 2100 4112 et
2111 4059 2399 4128 pollutum
2420 4073 2535 4113 non
2559 4062 2754 4128 tanges
2777 4058 2908 4126 (Isa.
2933 4058 3028 4128 LII)
3053 4075 3067 4124 ;
3100 4064 3189 4112 aut
3211 4063 3380 4118 certe.
3400 4055 3642 4127 quandiu

2043 4159 2167 4200 cum
2199 4145 2394 4199 talibus
2423 4153 2781 4201 conversatus
2812 4144 3004 4210 fueris,
3055 4160 3167 4198 non
3214 4143 3421 4214 poteris
3469 4141 3648 4198 videri

2044 4247 2154 4286 non
2183 4232 2326 4298 talis,
2361 4234 2458 4289 sed
2489 4234 2599 4288 eris
2629 4231 2873 4304 profecto
2900 4232 3007 4286 illis
3035 4247 3220 4302 paena,
3254 4231 3390 4286 sicut
3421 4245 3649 4286 consor-

2044 4319 2119 4375 tio
2152 4320 2368 4376 similis.
2406 4323 2545 4377 Nam
2577 4322 2675 4376 Lot
2703 4322 2872 4377 chaos
2902 4321 3156 4376 Sodomis
3177 4318 3416 4392 fugiens,
3441 4318 3650 4374 cunctis

2047 4409 2256 4465 necatis
2269 4410 2500 4478 civibus,
2516 4411 2703 4467 salvus
2716 4409 3064 4481 singulariter
3075 4409 3321 4464 redditur
3333 4407 3648 4480 (Gen.x1x).

1973 4482 2027 4542 D
2050 4496 2138 4552 Sic
2166 4498 2360 4554 Petrus
2392 4499 2627 4572 fugiens,
2657 4499 2890 4555 Herodis
2919 4499 3097 4556 cateni
3127 4505 3368 4569 ereptus,
3417 4496 3488 4552 ad
3536 4495 3650 4550 sal-

2057 4589 2263 4646 vandas
2293 4598 2488 4661 gentes
2517 4589 2725 4644 eruitur
2754 4589 2900 4659 (Act.
2932 4587 3061 4660 xu).
3095 4588 3184 4644 Sic
3212 4585 3427 4652 Paulus,
3458 4584 3652 4641 obser-

2055 4688 2216 4735 vante
2244 4679 2501 4734 Damasci
2530 4677 2847 4749 praeposito,
2880 4675 3051 4732 teneri
3079 4677 3220 4731 intra
3249 4675 3485 4730 claustra
3519 4689 3652 4744 per-

2054 4766 2287 4823 fidorum
2335 4767 2527 4834 noluit,
2586 4767 2642 4821 in
2704 4773 2890 4837 sporta
2933 4781 3034 4836 per
3079 4780 3292 4818 murum
3343 4761 3648 4817 submissus

2055 4858 2200 4927 (Aet.
2235 4856 2338 4927 Ix),
2375 4856 2446 4912 ad
2477 4855 2790 4912 certaminis
2818 4859 3070 4924 properat
3099 4867 3372 4923 campum.
3412 4851 3650 4906 Verum-

2053 4953 2234 5001 tamen
2264 4961 2333 5000 ne
2363 4944 2586 5018 sanguis
2616 4959 2809 4998 eorum
2838 4943 2907 4996 de
2937 4941 3188 4996 manibus
3237 4939 3344 4995 tuis
3393 4939 3647 4996 divinitus

2051 5033 2376 5106 requiratur,
2412 5042 2670 5104 tanquam
2701 5030 2886 5102 segnis
2915 5029 3229 5101 desidisque
3267 5028 3642 5101 speculatoris,

2053 5124 2145 5196 qui
2174 5124 2360 5180 videas
2389 5122 2628 5194 gladium
2674 5120 2934 5190 lupumpe
2980 5118 3307 5189 venientem,
3359 5126 3412 5174 et
3459 5125 3644 5173 taceas

2052 5213 2272 5284 (Ezech.
2324 5212 2408 5282 ιιι)
2463 5227 2476 5265 :
2524 5211 2683 5265 Iusta
2727 5207 2942 5262 interim
2985 5208 3067 5279 (ut
3105 5207 3396 5279 Apostolus
3434 5205 3643 5276 monet)

2049 5306 2378 5373 opportune,
2397 5301 2720 5371 importune
2742 5316 2761 5352 :
2783 5296 3023 5365 obsecra,
3048 5297 3314 5368 increpa:
3337 5310 3500 5351 nemo
3520 5292 3645 5368 ado-

2047 5431 2136 5480 pos
2160 5421 2209 5468 et
2231 5428 2481 5468 successor
2503 5415 2660 5464 sancti
2686 5413 2960 5477 Athanasii,
2981 5412 3119 5476 cujus
3142 5413 3324 5466 mentio
3349 5415 3423 5463 cst
3447 5411 3494 5460 in
3519 5409 3646 5459 Mar-

2049 5485 2281 5548 tyrologio
2305 5485 2522 5535 Romano
2546 5481 2625 5532 die
2650 5481 2716 5531 95
2740 5480 2870 5532 Julii.

3269 5661 3338 5717 22
