4174 6306
293 281 402 334 685

291 402 451 458 cibus
506 404 769 463 Ecclesia
836 417 1036 469 nostrae
1089 418 1504 477 necessitatibus
1563 425 1666 478 sub
1721 426 1889 482 nimia

292 489 636 550 festinatione
665 496 990 568 miserimus,
1015 518 1047 557 a
1067 505 1241 576 vobis,
1279 525 1441 580 quem
1472 511 1576 569 hoc
1602 529 1711 569 non
1741 515 1887 581 lalet,

290 595 402 634 non
431 581 699 653 impediri,
733 588 832 642 sed
880 589 950 644 ad
980 590 1036 646 id
1082 594 1312 651 celerius
1355 601 1630 671 agendum
1671 605 1887 672 vestris,

289 667 430 724 sicut
475 671 822 743 credidimus,
875 680 1056 748 potius
1103 683 1346 742 debuere
1389 667 1566 744 Iulciri
1609 691 1884 748 subsidiis.

288 756 429 812 Data
459 763 523 814 at
550 777 743 834 supra.

983 857 1170 914 XXXI
1189 903 1201 915 .

513 952 586 992 AD
624 953 959 1002 LANDULFUM
996 962 1303 1008 EPISCOPUM
1341 968 1659 1012 CAPUANUM.

905 1035 1085 1104 (Anno
1123 1041 1271 1110 8'76.)

283 1111 531 1199 Nuntiat
562 1117 770 1188 legatos
798 1121 871 1206 ad
899 1125 1300 1206 imperatorem
1331 1131 1602 1201 rediisse;
1634 1151 1797 1206 quem
1820 1138 1883 1192 in

353 1187 740 1264 episcoporum
788 1196 846 1246 et
892 1187 1234 1264 optimatum
1279 1187 1882 1264 conveutuillamana

353 1257 618 1345 Ecclesia:
635 1257 1208 1345 jura_recagnav_isse,
1244 1257 1530 1345 pracipue
1558 1291 1684 1332 vero
1713 1283 1882 1334 terra:

357 1326 650 1410 Capit-ana:
665 1337 899 1410 pactum
927 1326 1025 1393 Eua
1057 1326 1206 1410 juri,
1241 1326 1585 1402 caminisisse
1635 1351 1830 1405 scribit
1863 1367 1875 1405 :

347 1396 470 1452 ideo
500 1401 563 1453 in
594 1396 714 1471 ejus
741 1409 935 1474 partes
965 1424 1023 1463 se
1052 1396 1694 1487 uenturum—promittit.

347 1483 600 1542 JOANNES
631 1490 921 1563 episc0pus
952 1495 1249 1555 LANDULFO
1279 1483 1536 1575 episcopo
1566 1507 1838 1579 Capuano.

351 1572 546 1629 Sancta
575 1576 822 1635 Romana
848 1582 1115 1656 Ecclesia,
1150 1588 1303 1657 cujus
1334 1572 1697 1652 Deo—auctore
1725 1614 1874 1667 pra-

276 1660 522 1717 sidemus
570 1667 845 1740 regimini,
878 1674 1084 1729 cunctis
1132 1677 1202 1730 ab
1234 1681 1458 1736 exordio
1507 1683 1611 1738 sibi
1639 1684 1875 1743 ﬁdeliter

271 1750 636 1808 servientibus
671 1757 896 1829 dignam
927 1760 980 1815 in
1010 1767 1266 1833 praesenti
1297 1776 1349 1822 et
1378 1769 1432 1822 in
1460 1769 1641 1828 futuro
1673 1776 1873 1832 saculo
1902 1782 1958 1842 B

270 1838 433 1893 solita
463 1849 544 1896 est
575 1843 732 1901 bona
780 1849 1146 1906 retributionis
1192 1859 1500 1913 mercedem
1531 1863 1870 1933 rependere;

271 1926 368 1980 tibi
408 1928 760 1988 nihilominus
809 1936 1140 2011 reliquisque
1188 1942 1442 2000 ﬁdelibus
1489 1926 1608 2004 suis
1645 1926 1872 2025 utroque

269 2016 457 2082 modo,
491 2019 561 2073 ob
606 2031 804 2079 vestra
849 2024 1118 2083 ﬁdelitatis
1160 2031 1525 2103 devotionem,
1571 2055 1733 2110 quam
1763 2016 1872 2098 illic

268 2104 434 2174 positi
464 2107 627 2177 plene
657 2114 1035 2184 cognovimus,
1068 2135 1169 2188 per
1198 2123 1377 2177 omnia
1406 2128 1665 2182 maternis
1696 2130 1872 2186 visce-

269 2193 424 2248 ribus
473 2195 675 2254 favebit
701 2200 756 2254 in
785 2204 1049 2275 proximo,
1103 2207 1379 2280 Siquidem
1427 2230 1591 2271 nosse
1620 2217 1869 2274 volumus

268 2289 375 2337 tua
403 2284 686 2356 religionis
716 2288 1072 2348 intentionem
1102 2298 1376 2367 quoniam,
1409 2302 1642 2360 Domino
1670 2323 1870 2378 coope-

267 2378 438 2438 rante,
491 2374 671 2430 Leone
721 2381 1017 2436 venerabili
1048 2385 1306 2458 episcOpo
1340 2399 1537 2461 nepote
1562 2403 1771 2462 nostro,
1805 2412 1869 2453 ac

265 2468 470 2516 sanctae
498 2463 760 2520 Ecclesia
789 2469 1045 2526 Romanae
1075 2474 1274 2531 eximio
1303 2480 1673 2551 apocrisiario,
1710 2484 1864 2540 aliis-

266 2564 372 2618 que
430 2552 632 2606 nostris
690 2554 902 2628 legatis,
966 2577 1102 2631 quos
1161 2580 1335 2635 nuper
1388 2567 1784 2642 direxeramus,
1833 2589 1867 2629 a

264 2637 591 2695 charissima
638 2640 749 2698 ﬁlio
806 2653 993 2702 nostro
1037 2650 1231 2707 Carolo
1260 2653 1588 2725 imperatore
1617 2637 1864 2734 Augusto

261 2727 524 2794 reversis,
558 2730 731 2802 vobis,
768 2741 954 2805 utpote
984 2753 1017 2792 a
1047 2749 1255 2797 secreto
1285 2745 1610 2802 consiliariis
1641 2751 1859 2822 nostris,

261 2821 444 2869 ratum
491 2818 738 2876 ducimus
792 2823 960 2878 animi
1003 2828 1140 2896 ejus,
1188 2831 1305 2886 Deo
1357 2833 1673 2905 inspirante,
1715 2839 1864 2896 circa

260 2902 653 2977 Ecclesiarum,
710 2914 1013 2980 praesertim
1070 2917 1348 2987 Romana,
1403 2902 1525 2993 quae
1573 2934 1732 2998 caput
1780 2937 1863 2984 est

260 2992 522 3064 omnium,
575 2997 976 3069 exaltationem,
1022 3004 1278 3062 affectum
1326 2992 1655 3081 patefacere,
1700 3031 1860 3073 omne

259 3095 394 3137 sane
409 3083 498 3152 jus
520 3089 806 3155 potestatis
826 3091 1120 3162 antiquitus
1150 3096 1469 3154 attributum
1491 3103 1860 3173 capitulariter

258 3185 589 3228 renovamus
618 3174 674 3229 in
695 3187 962 3234 conventu
984 3181 1363 3255 episcoporum
1384 3204 1446 3244 ac
1468 3191 1786 3260 Optimatum
1808 3203 1850 3265 ³,

1501 295 1856 357 EPISTOLE
1903 298 1996 358 ET
2048 263 2392 365 DECRETA.

3486 336 3590 392 686

1922 428 1978 490 A
1998 431 2370 501 cognovimus,
2409 443 2664 509 tuumque
2703 442 3134 504 strenuissimum
3161 466 3428 522 generum
3457 456 3590 512 Pul-

1887 3141 1936 3204 C

1995 519 2110 574 cari
2132 521 2470 594 praefectum,
2520 543 2713 582 verum
2761 531 2924 587 etiam
2973 550 3097 591 cum
3135 519 3236 609 pro
3264 541 3589 602 liberatione

1995 607 2156 662 totius
2179 611 2388 679 patriae,
2423 621 2479 667 ut
2508 615 2666 669 nobis
2697 633 2730 671 a
2760 619 2970 676 Christo
3000 607 3454 687 cura‘commissa
3479 643 3586 701 est,

1991 695 2048 749 in
2076 705 2285 753 vestras
2332 710 2513 770 partes
2542 705 2902 774 venissemus,
2933 727 3036 780 pro
3066 721 3217 770 certo
3245 715 3461 774 ﬁdelem
3489 739 3584 778 re-

1987 785 2232 854 perimus
2268 805 2281 841 :
2311 787 2544 863 ideoque
2575 803 2792 863 pactum
2825 799 2970 868 quod
2999 801 3200 870 petisti,
3237 813 3292 860 ut
3321 809 3584 877 promise-

1989 889 2172 928 ramus
2216 877 2508 946 pontiﬁcali
2552 897 2677 936 vera
2718 885 3018 943 assertione
3051 905 3084 943 a
3109 891 3306 948 dilecto
3337 893 3448 950 ﬁlio
3477 914 3582 954 no-

1988 969 2102 1016 stro
2139 963 2335 1020 Carolo
2373 966 2704 1038 imperatore
2742 975 3009 1046 Augusto,
3027 978 3151 1046 jure
3180 981 3335 1037 vobis
3357 984 3582 1042 ﬁrman-

1985 1049 2132 1120 dum,
2177 1061 2444 1122 potestate
2479 1074 2580 1127 per
2619 1069 2951 1118 revertentes
2982 1068 3326 1125 venerabiles
3373 1072 3582 1144 legatos

1983 1137 2246 1196 Ecclesiae
2272 1151 2470 1199 nostrae
2498 1157 2720 1218 accepta
2744 1151 2890 1218 juste
2921 1167 2986 1208 ac
3005 1153 3255 1225 legaliter
3273 1137 3584 1218 adfuturum

1983 1233 2223 1284 statuere
2254 1247 2440 1287 sumus
2459 1235 2669 1304 parati;
2694 1237 2964 1311 simulque
2984 1242 3115 1297 mihi
3137 1252 3189 1299 et
3210 1261 3352 1303 novo
3374 1251 3584 1322 agmini

1981 1315 2293 1372 comitatum
2325 1319 2448 1375 volo
2477 1325 2819 1395 praparetis,
2845 1335 2902 1381 ut
2922 1328 3144 1384 dixerim
3167 1332 3242 1387 ita
3262 1315 3576 1409 hospitium,

1980 1400 2280 1477 ﬁdelesque
2304 1416 2519 1464 nostros
2549 1411 2783 1483 incoepta
2813 1417 3164 1475 corroborate
3202 1400 3478 1492 ﬁdelitate,
3513 1400 3581 1484 ac

1977 1489 2309 1562 inﬁdelibus,
2367 1507 2529 1567 prout
2585 1503 2830 1572 potestis,
2891 1504 3104 1561 frenum
3173 1489 3575 1584 redargutionis

1975 1578 2254 1651 imponite,
2290 1594 2650 1660 nostrumque
2702 1591 3013 1662 adventum,
3067 1597 3183 1653 Deo
3229 1599 3385 1670 duce,
3439 1619 3570 1674 spe-

1975 1675 2106 1723 rate.

2643 1767 2902 1824 XXXIII.

2055 1859 2129 1900 AD
2167 1863 2453 1907 GEILONEM
2491 1867 2748 1911 ΔΒΒΑΤΕΜ
2775 1874 3207 1920 TORNUTIENSEM
3240 1878 3486 1931 EJUSQUE

2611 1960 2929 2003 MONACHOS.

2587 2049 2766 2121 (Anno
2805 2056 2953 2125 8'77.)

1969 2129 2436 2224 Illarumcamnia,
2469 2138 2555 2224 uel
2576 2142 2748 2224 regia,
2773 2143 2858 2196 vel
2884 2145 3225 2224 episcapalia
3233 2151 3560 2224 privilegia,

2037 2204 2337 2279 parati/Scia
2363 2204 2975 2279 auctoritate—sancit,
3023 2204 3174 2271 αἱιηο
3219 2204 3563 2278 Christi‘iﬁé

2039 2273 2425 2363 quiensaddit
2456 2283 2889 2363 .emeraptianem
2932 2273 2998 2341 ab
3053 2290 3207 2344 omni
3261 2273 3563 2363 cujuslibet

2039 2345 2323 2400 antistitis
2341 2345 2768 2417 jurisdictione.

2032 2452 2440 2523 Exautograpbo
2464 2455 2510 2504 in
2538 2458 2752 2522 philyra,
2805 2462 2984 2513 litteris
3033 2467 3300 2519 uncialibus
3337 2470 3559 2523 Gothicis

1963 2516 2224 2582 descripto,
2257 2520 2398 2584 longo
2421 2516 2568 2584 pedes
2591 2516 2787 2578 circiter
2810 2528 3086 2595 duodecim,
3113 2516 3378 2588 Ιαίᾶἆᾶοᾷ

2033 2637 2288 2692 .IOANNES
2319 2639 2628 2712 episcopus,
2685 2660 2873 2701 servus
2928 2665 3211 2707 servorum
3251 2653 3370 2720 Dei,
3416 2655 3556 2712 Gm-

1962 2739 2088 2780 LONI
2145 2726 2347 2797 inclyta
2401 2729 2605 2797 abbati,
2684 2733 3008 2808 dilectisque
3063 2738 3189 2794 ﬁliis
3245 2743 3447 2798 nostris
3502 2745 3560 2800 in

1961 2813 2218 2870 Tornutio
2248 2818 2600 2886 monasterio,
2625 2837 2656 2874 a
2677 2822 2939 2892 spirituali
2958 2825 3068 2882 ﬁlio
3096 2837 3285 2886 nostro
3315 2831 3560 2904 glorioso

1961 2901 2156 2958 Carolo
2188 2903 2512 2976 imperatore
2568 2911 2834 2983 Augusto,
2893 2923 3094 2971 sancta
3126 2924 3180 2972 et
3220 2901 3560 2978 intemerata

1960 3006 2286 3062 semperque
2335 2994 2534 3067 virgini
2567 2997 2667 3052 Dei
2695 3001 2946 3070 genitrici
2998 3004 3199 3071 Maria,
3234 3015 3395 3079 atque
3423 3025 3557 3080 pre-

1959 3079 2099 3135 tioso
2143 3081 2440 3138 confessori
2490 3084 2706 3141 Christo
2754 3089 3048 3148 Philiberto
3095 3093 3292 3166 largita
3329 3079 3554 3153 subire-

1955 3167 2086 3238 gula
2115 3170 2286 3224 sancti
2319 3171 2595 3228 Benedicti
2624 3175 2877 3246 religiosa
2909 3182 3324 3240 conversatione
3353 3185 3554 3258 degen-

256 3258 644 3318 inviolabiliter
700 3269 967 3323 concessit
1024 3271 1356 3330 habendum.
1417 3255 1564 3334 Inter
1619 3298 1739 3362 qua
1786 3255 1854 3339 de
1955 3255 2118 3362 “13,23,
2150 3273 2293 3362 ηιξῃο
2323 3266 2376 3362 ef
2403 3259 2594 3314 multis
2623 3265 2978 3362 temp9.rit.).us’

256 3352 414 3406 terra
444 3359 639 3408 vestra
668 3363 845 3426 pacta,
869 3367 1030 3428 prout
1057 3361 1268 3418 Christo
1295 3365 1435 3421 duce
1466 3352 1848 3440 voluisSemus,

255 3443 516 3508 statuere,
549 3450 738 3499 nostro
777 3445 887 3513 juri
933 3451 1296 3524 potestatique
1335 3456 1621 3524 commisit,
1658 3469 1851 3531 quate-

251 3542 356 3580 nus
386 3527 442 3581 id
473 3531 618 3600 quod
663 3533 961 3603 pontiﬁcali
1010 3553 1105 3594 ore
1150 3541 1309 3596 nudis
1355 3545 1540 3600 verbis
1589 3527 1846 3617 diximus,

252 3629 483 3685 operum
533 3621 881 3678 ostendamus
927 3631 1251 3696 patratione,
1300 3639 1351 3686 et
1400 3640 1457 3687 ut
1504 3651 1606 3706 pro
1655 3637 1850 3695 anima

251 3711 452 3761 vestra
501 3708 890 3767 exhilaratione
937 3722 1147 3784 patrum
1198 3721 1440 3777 notarice
1485 3724 1656 3795 stylus
1705 3727 1848 3783 scri-

249 3790 428 3847 bentis
457 3793 710 3867 loquatur
738 3825 784 3863 ι).
819 3801 1007 3858 Parate
1036 3805 1350 3876 hospitium,
1385 3810 1513 3882 quia
1535 3790 1668 3868 'cum
1704 3831 1846 3872 novo

250 3878 524 3952 hospitum
554 3886 773 3956 agmine
803 3890 903 3945 Dei
931 3893 1108 3962 gratia
1137 3894 1192 3949 in
1220 3905 1430 3953 vestras
1450 3908 1636 3970 partes
1658 3919 1846 3960 sumus

247 3971 480 4025 venturi.
527 3973 761 4031 Frenum
814 3981 1152 4037 coercitionis
1208 3985 1535 4058 inﬁdelibus,
1589 4001 1844 4062 quantum

247 4057 462 4127 valetis,
497 4061 777 4133 imponite,
810 4065 1061 4125 ﬁdelibus
1103 4089 1320 4145 quoque
1350 4075 1545 4133 futura
1570 4057 1625 4134 in
1653 4083 1839 4150 proxi-

243 4162 395 4202 mum
426 4150 544 4220 spei
573 4153 1000 4213 sublevationem
1018 4161 1350 4230 promittite;
1377 4166 1591 4220 Domini
1616 4169 1716 4223 Dei
1744 4186 1843 4225 no-

245 4236 344 4290 stri
375 4237 492 4294 sine
537 4239 956 4312 intermissione,
1004 4248 1212 4318 hortor,
1263 4251 1697 4310 misericordiam
1737 4258 1840 4313 de-

242 4327 564 4399 precamini,
595 4339 950 4406 nostrumque
978 4337 1266 4394 adventum
1287 4349 1527 4411 spectate
1547 4345 1835 4402 veraciter.

929 4440 1160 4498 XXXII.

379 4535 460 4576 'AD
500 4538 843 4584 GUAIFERIUM
855 4545 1224 4675 (ΣΒῙΝΟῙὲξέΙ)
1243 4549 1693 4594 SALERNITANUM.

927 4618 1036 4657 nno
1184 4647 1197 4659 .

927 4618 1036 4657 nno
1076 4618 1197 4659 δἸῧ.

243 4680 527 4772 Ostendit.
563 4700 622 4741 se
663 4692 1098 4772 paratum_esse
1135 4694 1368 4772 ﬁrmare
1420 4700 1839 4772 pa‘ctuquuad

309 4755 568 4839 fecerat;
597 4755 862 4832 rogatque
890 4762 995 4817 sibi
1025 4765 1096 4819 ad
1124 4755 1311 4836 ipsum
1339 4755 1502 4824 eauti
1531 4755 1839 4843 hospitium

312 4841 510 4894 parari
522 4867 534 4879 .

307 4912 563 4969 JOANNEs
580 4915 869 4990 episcOpus
889 4919 1085 4978 dilecto
1102 4921 1212 4979 ﬁlio
1231 4923 1539 4982 GUAIFERIO
1556 4936 1578 4961 °
1596 4929 1836 5001 glorioso

236 4999 492 5073 principi.

309 5087 451 5157 Quia
481 5099 534 5147 te
561 5109 672 5148 non
699 5095 876 5152 solum
903 5098 1206 5170 legatorum
1235 5109 1544 5158 nostrorum
1573 5104 1712 5161 inter
1739 5123 1833 5162 re-

234 5176 342 5232 lata
370 5176 614 5236 ﬁdelium
643 5184 848 5240 circum
877 5187 1138 5243 Ecclesia
1168 5197 1367 5247 nostra
1395 5192 1652 5250 Romana
1680 5194 1834 5268 regi-

233 5281 385 5334 men,
440 5269 528 5323 cui
584 5270 800 5328 Christo
853 5275 1212 5346 prasidemus
1285 5287 1523 5346 auctore,
1576 5281 1833 5339 devotum

303 5392 540 5470 anHuj_us_
555 5397 746 5448 concilii
772 5400 1135 5470 et__legatorum
1179 5405 1401 5456 meminit
1431 5406 1701 5470 Aimoinus,
1738 5407 1774 5458 l.
1800 5421 1833 5459 v

231 5459 295 5511 de
317 5461 481 5513 Gestis
503 5463 700 5528 Franc.,
727 5479 772 5516 c.
801 5467 886 5517 55.

299 5573 326 5610 b
358 5555 536 5622 Locus,
561 5561 617 5609 ut
639 5559 854 5626 videtur,
881 5561 1159 5616 mendosus.
1185 5564 1343 5616 Hann.

2027 3343 2254 3412 Quando
2283 3346 2353 3400 ad
2411 3363 2478 3402 ea
2532 3366 2653 3420 qua
2707 3354 3103 3412 catholicorum
3159 3357 3549 3430 imperatorum

1953 3433 2122 3488 corda
2166 3434 2568 3505 pontificalibus
2614 3447 2738 3494 sunt
2785 3443 3003 3499 monitis
3050 3450 3417 3520 provocanda,
3473 3450 3546 3507 ita

1951 3522 2161 3578 ardenti
2210 3523 2501 3593 desiderio,
2551 3526 2731 3583 divina
2778 3533 3146 3601 praveniente
3189 3539 3384 3610 gratia,
3433 3547 3541 3594 tam

1952 3612 2375 3680 suecenduntur,
2411 3621 2470 3669 ut
2498 3612 2567 3669 ab
2595 3616 2674 3672 eis
2702 3618 2846 3674 ultro
2887 3631 3204 3692 pascantur,
3245 3633 3396 3683 tanto
3425 3628 3543 3684 ala-

1950 3699 2029 3754 cri
2058 3707 2112 3754 et
2141 3700 2263 3756 laeto
2311 3709 2434 3756 sunt
2479 3704 2662 3760 animo
2703 3709 3074 3781 concedenda,
3124 3721 3326 3785 quanto
3375 3723 3428 3772 et
3478 3732 3538 3772 ea

1947 3787 2068 3858 ipsa
2096 3806 2217 3860 quae
2264 3790 2503 3861 cupiunt,
2537 3793 2584 3847 si
2614 3794 2818 3851 nollent
2847 3796 3049 3867 facere,
3081 3801 3194 3871 peti
3221 3802 3521 3860 debuerant

1947 3876 2183 3932 Proinde
2207 3879 2361 3947 juxta
2391 3880 2592 3952 scripta
2623 3883 2873 3953 petitoria
2893 3885 2987 3942 ﬁlii
3016 3890 3208 3959 nostri,
3231 3893 3548 3962 pracellen-

1946 3965 2140 4020 tissimi
2187 3967 2528 4038 imperatoris
2585 3973 2780 4041 Caroli,
2832 3975 3141 4044 huiusmodi
3195 3980 3544 4054 privilegium

1945 4055 2228 4124 prasentis
2278 4058 2617 4112 auctoritatis
2665 4069 2866 4116 nostra
2895 4064 3134 4134 decreto,
3167 4066 3342 4122 eidem
3369 4085 3536 4124 vene-

1945 4143 2106 4197 rabili
2150 4146 2482 4200 monasterio
2523 4148 2717 4202 vestris
2747 4148 3052 4222 futurisque
3082 4154 3418 4224 temporibus
3445 4156 3537 4211 in-

1943 4231 2250 4303 dulgemus,
2286 4234 2633 4289 concedimus
2662 4243 2822 4307 atque
2848 4237 3233 4296 conﬁrmamus
3265 4259 3281 4296 :
3310 4249 3368 4297 ut
3396 4243 3540 4300 sicut

1940 4317 2058 4388 ipse
2134 4320 2559 4392 gloriosissimus
2629 4321 2772 4379 ﬁlius
2826 4334 3030 4394 noster,
3104 4327 3290 4385 divino
3339 4329 3535 4386 ductus

1940 4422 2144 4477 amore,
2179 4408 2246 4464 de
2294 4409 2437 4464 villis
2466 4426 2532 4466 ac
2571 4409 2930 4482 facultatibus,
2965 4431 3062 4471 seu
3093 4416 3374 4486 stipendiis
3403 4433 3534 4489 spe-

1868 4496 1922 4556 D
1941 4495 2154 4551 cialiter
2181 4499 2577 4554 monachorum
2606 4507 2660 4554 et
2689 4501 2936 4559 ecclesia
2964 4513 3425 4575 ornamentorum,
3445 4499 3545 4562 vel'

1937 4583 2363 4652 luminariorum,
2420 4602 2485 4642 ac
2532 4589 3045 4660 matriculariorum,
3097 4608 3192 4650 seu
3233 4593 3527 4664 hospitum,

1939 4681 2101 4744 atque
2131 4690 2434 4746 pauperum
2480 4677 2671 4732 usibus
2708 4687 2938 4746 servata,
2973 4679 3062 4734 vel
3091 4679 3408 4735 emeliorata
3435 4695 3533 4736 seu

1938 4770 2097 4817 aucta
2126 4763 2470 4819 ordinatione
2497 4773 2774 4836 praecepto
2803 4782 2916 4822 sua
2943 4766 3272 4822 auctoritatis
3299 4766 3536 4825 ﬁrmavit

1935 4850 2283 4924 privilegium
2333 4853 2478 4924 quod
2526 4853 2921 4908 venerabilibus
2976 4852 3228 4909 fratribus
3283 4870 3350 4911 ac
3405 4855 3532 4913 ﬁliis

1935 4939 2137 4994 nostris
2187 4939 2460 5012 episcOpis
2509 4940 2723 4996 illarum
2762 4941 3049 5014 regionum
3096 4940 3216 4998 ﬁeri
3246 4951 3300 4998 et
3327 4942 3533 5001 conﬁr-

1934 5027 2074 5082 mari
2105 5027 2267 5094 fecit;
2301 5027 2378 5084 ita
2407 5028 2545 5084 sicut
2593 5028 2786 5084 eodem
2832 5029 3121 5102 privilegio
3171 5038 3334 5102 atque
3381 5047 3532 5102 pra-

1935 5115 2125 5185 ceptis,
2158 5115 2215 5170 in
2242 5116 2436 5186 primis
2463 5115 2557 5170 filii
2586 5115 2758 5170 nostri
2789 5116 2965 5171 Caroli
2997 5117 3192 5173 exinde
3220 5117 3378 5175 factis
3407 5134 3536 5176 con-

1933 5203 2191 5271 tinentur,
2222 5211 2487 5275 perpetuo
2515 5201 2837 5259 inconvulsa
2871 5214 3238 5275 permaneant.
3271 5205 3530 5275 Quamvis

1934 5291 2079 5348 enim
2126 5292 2270 5348 fama
2317 5282 2476 5347 fuerit
2505 5292 2612 5347 hoc
2640 5292 2880 5349 tenuisse
2907 5293 2976 5349 ad
3005 5294 3378 5367 episcopatum
3406 5296 3530 5351 Ma-

1997 5426 2020 5456 ο
2043 5419 2113 5469 De
2133 5418 2380 5470 Guaiferio
2402 5417 2621 5482 principe
2657 5417 2964 5472 Salernitano
2990 5421 3089 5473 Leo
3132 5419 3387 5485 episcopus
3438 5419 3533 5470 Os<

1931 5502 2101 5554 tiensis
2123 5501 2248 5554 libro
2275 5515 2292 5552 ι
2319 5503 2492 5553 chron.
2518 5503 2654 5554 Cass.
2681 5515 2727 5555 c.
2754 5503 2818 5553 42
2842 5507 2892 5555 et
2904 5505 2990 5556 44.
