4174 6310
595 265 699 319 687

1810 222 1817 229 ’
1869 253 2165 311 JOANNIS
2224 253 2419 308 mea
2470 254 2615 309 VIII.

3780 254 3885 306 688

596 388 980 452 tisconensem,
1038 382 1295 455 nullaque
1350 380 1424 436 ibi
1480 380 1800 437 auctoritate
1858 396 1963 451 qua
2019 378 2193 433 teneri
2222 381 2277 440 Α
2298 378 2534 433 lentibus
2577 378 2842 434 benevola
2870 376 3246 448 compassione
3274 391 3605 442 succurrere,
3646 391 3887 446 poscen-

595 475 770 546 possit
796 474 1111 542 adjunctum
1132 472 1300 544 longo
1321 471 1715 525 interveniente
1747 476 1989 538 tempore
2010 467 2189 531 fuerit,

600 563 797 618 melius
826 562 1106 633 multoque
1137 560 1377 616 sanctius
1396 558 1712 630 apostolicae
1732 556 2077 612 discretionis
2105 571 2198 609 no-

601 659 729 706 stra
759 651 937 706 visum
966 649 1065 705 fuit
1092 657 1148 703 ut
1179 647 1491 705 monasticis
1512 645 1832 701 utilitatibus
1856 645 1911 697 in
1932 642 2195 714 pracdicto

600 739 932 795 monasterio
961 736 1330 806 conﬁrmetur,
1365 751 1526 807 quam
1555 733 1839 789 laicalibus
1869 732 1986 786 sine
2016 731 2197 801 aliqua

598 827 955 899 acquisitione
1018 833 1327 881 sanctorum
1388 824 1630 879 locorum
1689 819 2196 891 depopulationibus

602 916 963 988 indulgeatur.
1015 913 1399 969 Constituimus
1424 911 1524 965 alia
1572 909 1887 965 auctoritate
1919 907 2061 963 beati
2089 908 2195 962 Pe-

600 1005 674 1060 tri
702 1012 761 1059 ut
788 1004 970 1059 nullus
1015 1017 1226 1073 regum,
1274 1016 1435 1055 nemo
1473 998 1772 1053 antistitum
1800 997 1886 1052 vel
1916 996 2193 1062 abbatum,

606 1109 705 1148 seu
753 1093 975 1164 quilibet
1021 1105 1343 1163 quacunque
1391 1088 1650 1159 praditus
1689 1086 1973 1158 dignitate,
2015 1085 2083 1140 de
2112 1084 2197 1140 his

606 1181 698 1253 qui
728 1181 785 1235 in
814 1179 1040 1251 prafato
1070 1178 1359 1250 privilegio
1388 1193 1485 1232 seu
1513 1177 1569 1231 in
1595 1175 1883 1247 praceptis
1903 1175 2072 1244 ipsius
2102 1173 2197 1227 ﬁlii

605 1269 779 1324 nostri
827 1269 1000 1323 Caroli
1045 1284 1109 1322 ex
1156 1266 1243 1322 his
1272 1282 1393 1337 qua
1435 1264 1800 1336 pramisimus
1829 1262 1989 1318 factis
2017 1262 2195 1318 conti-

606 1364 822 1423 nentur,
857 1356 945 1412 vel
970 1355 1026 1410 in
1055 1355 1256 1420 futuro,
1308 1355 1376 1408 ab
1424 1369 1491 1408 eo
1520 1352 1608 1409 vel
1636 1368 1669 1406 a
1700 1350 2030 1423 quibuslibet
2076 1350 2197 1404 aliis

601 1445 671 1500 de
698 1444 918 1515 proprio
950 1443 1148 1499 fuerint
1175 1443 1261 1497 his
1289 1441 1615 1513 specialibus
1632 1440 1822 1495 usibus
1832 1439 1955 1508 jure
1977 1438 2192 1506 collata,

603 1532 704 1588 sub
735 1532 1018 1601 cujuslibet
1061 1547 1243 1589 causa
1288 1529 1578 1587 occasione
1620 1529 1734 1585 sive
1784 1527 1988 1598 specie,
2033 1526 2195 1598 quid-

602 1637 767 1693 quam
813 1621 1056 1676 minuere
1104 1620 1193 1675 vel
1236 1618 1472 1685 auferre,
1513 1619 1625 1674 sive
1656 1617 1769 1673 suis
1798 1617 1987 1671 usibus
2016 1615 2195 1686 appli-

599 1725 749 1776 care,
782 1709 869 1765 vel
916 1709 1036 1764 aliis
1086 1708 1239 1780 quasi
1283 1707 1388 1779 piis
1435 1706 1617 1763 causis
1664 1721 1766 1777 pro
1798 1721 1909 1759 suae
1955 1704 2194 1759 avaritia

598 1798 950 1855 excusatione
976 1804 1269 1868 prasumat
1314 1795 1616 1852 concedere
1650 1812 1664 1848 :
1697 1794 1795 1849 sed
1840 1800 2034 1849 cuncta
2064 1808 2185 1863 qua

598 1886 838 1957 prafatis
883 1886 1072 1941 usibus
1120 1885 1511 1941 monachorum
1540 1891 1593 1938 et
1624 1881 1870 1938 ecclesia
1906 1896 2196 1936 ornamen—

601 1983 797 2044 torum,
820 1974 908 2029 vel
935 1972 1365 2040 luminariorum,
1389 1971 1898 2037 matriculariorum,
1922 1968 2195 2039 hospitum

603 2070 656 2118 et
705 2078 1010 2134 pauperum
1064 2061 1248 2117 oblata
1295 2068 1434 2129 sunt,
1503 2060 1591 2116 vel
1652 2058 1836 2114 offerri
1883 2057 2191 2129 contigerit,

598 2151 825 2223 perenni
856 2158 1100 2222 tempore
1142 2149 1364 2204 inlibata
1396 2155 1448 2203 et
1476 2147 1816 2213 inconvulsa,
1850 2162 1912 2202 ac
1938 2145 2056 2200 sine
2088 2144 2193 2201 ali-

599 2255 706 2311 qua
734 2238 1124 2311 inquietudine,
1157 2253 1343 2294 eorum
1371 2237 1561 2292 usibus
1586 2251 1688 2307 pro
1717 2250 1942 2307 quorum
1973 2242 2192 2289 susten-

598 2327 798 2384 tatione
825 2327 1325 2401 gubernationeque
1355 2341 1617 2381 concessa
1646 2332 1789 2391 sunt,
1822 2322 1999 2378 modis
2027 2323 2195 2378 omni-

595 2415 697 2471 bus
741 2415 1030 2487 profutura
1069 2422 1440 2487 permaneant.
1477 2412 1602 2469 Hac
1626 2412 1792 2484 igitur
1823 2411 2022 2477 omnia,
2070 2427 2191 2482 qua

599 2505 759 2574 hujus
804 2504 1065 2577 pracepti
1109 2504 1426 2575 decretique
1469 2502 1639 2557 nostri
1684 2501 1891 2574 pagina
1931 2500 2188 2567 continet,

595 2601 705 2648 tam
753 2593 909 2650 vobis
955 2609 1116 2665 quam
1162 2592 1369 2649 cunctis
1400 2591 1495 2664 qui
1516 2591 1575 2646 in
1602 2606 1668 2647 eo
1697 2606 1806 2662 quo
1845 2589 1975 2645 estis
2003 2589 2192 2645 ordine

595 2682 828 2753 locoque
884 2681 1266 2749 successerint,
1327 2681 1381 2735 in
1435 2687 1755 2751 perpetuum
1817 2678 2192 2734 conservanda

597 2770 963 2826 decernimus.
1011 2769 1167 2825 Salva
1219 2769 1278 2822 in
1322 2768 1574 2825 omnibus
1613 2784 1736 2838 qua
1785 2765 1946 2836 hujus
1987 2764 2193 2822 decreti

600 2857 803 2931 pagina
855 2856 1213 2924 continentur,
1270 2856 1588 2912 auctoritate
1636 2863 1689 2910 et
1730 2855 1936 2910 honore
1992 2861 2191 2910 sancta

596 2947 855 3003 Romanae
909 2945 1193 3015 Ecclesia,
1244 2952 1299 3000 et
1326 2944 1474 3000 sedis
1521 2943 1834 3014 apostolica
1879 2941 2187 3013 privilegio.

595 3036 776 3092 Placet
803 3034 968 3091 etiam
998 3042 1057 3089 ut
1083 3050 1185 3105 per
1214 3033 1396 3088 futura
1438 3040 1685 3104 tempora
1710 3031 1815 3103 ipsi
1841 3031 2096 3087 monachi
2124 3046 2190 3086 ex

599 3122 815 3196 scriptis
843 3123 1081 3179 habeant
1124 3122 1399 3179 licentiam
1428 3121 1631 3193 eligere
1677 3120 1949 3176 abbatem.
1983 3120 2041 3175 Si
2070 3119 2193 3190 quis

598 3219 782 3268 autem
827 3212 1122 3268 temerario
1176 3227 1333 3277 ausu,
1382 3225 1587 3281 magna
1629 3225 1906 3281 parvaque
1936 3224 2190 3279 persona,

601 3308 790 3356 contra
834 3300 940 3356 hoc
990 3307 1238 3356 nostrum
1298 3298 1653 3370 apostolicum
1703 3297 1985 3353 decretum
2027 3313 2194 3369 agere

602 3387 1032 3460 praesumpserit,
1101 3387 1234 3444 sciat
1281 3403 1342 3442 se
1387 3385 1747 3441 anathematis
1805 3385 2021 3441 vinculo
2072 3401 2195 3441 esse

600 3476 938 3545 innodatum,
971 3484 1025 3533 et
1045 3491 1087 3549 ,a
1114 3491 1290 3550 regno
1336 3475 1439 3531 Dei
1485 3474 1744 3543 alienum,
1777 3481 1830 3529 et
1860 3489 1986 3530 cum
2011 3473 2194 3529 omni-

598 3564 702 3620 bus
729 3564 910 3637 impiis
950 3564 1140 3621 aterni
1181 3564 1419 3621 incendii
1459 3562 1725 3634 supplicio
1754 3562 2190 3618 condemnatum.

600 3651 706 3722 Qui
733 3661 917 3709 autem
954 3669 1119 3710 verus
1156 3661 1340 3709 custos
1370 3659 1424 3707 et
1450 3651 1773 3707 observator
1800 3650 1959 3719 hujus
1989 3649 2193 3706 conﬁr-

598 3741 856 3796 mntionis
888 3740 1178 3806 exstiterit,
1258 3739 1693 3795 benedictionem
1746 3746 1800 3794 et
1854 3739 2088 3811 gratiam
2142 3746 2195 3794 et

601 3827 882 3884 calestem
908 3829 1341 3885 misericordiam
1370 3843 1404 3883 a
1433 3827 1665 3883 Domino
1693 3828 1955 3898 consequi
1983 3842 2192 3882 merea-

599 3921 705 3970 tur.
738 3916 1009 3989 Scriptum
1050 3933 1152 3989 per
1196 3932 1416 3972 manum
1456 3915 1725 3971 Anastasii
1764 3915 1964 3971 notarii
2009 3916 2193 3988 regio-

603 4002 741 4058 narii
794 4012 849 4061 et
901 4005 1171 4062 scriniarii
1227 4012 1430 4062 sancta
1484 4005 1741 4060 Romana
1796 4004 2080 4075 Ecclesia,
2136 4003 2192 4058 in

598 4106 790 4149 mense
818 4093 1099 4164 Octobrio,
1133 4094 1428 4151 indictione
1459 4092 1687 4150 decima.
1721 4094 1865 4149 Bene
1895 4092 2092 4149 valete.

670 4182 1047 4255 Subscriptum
1074 4183 1202 4239 Idus
1232 4182 1543 4253 Octobrias,
1574 4199 1673 4254 per
1700 4199 1920 4237 manum
1948 4181 2194 4237 Christo-

595 4271 752 4342 phori
789 4271 1087 4343 primicerii
1130 4279 1331 4327 sancta
1384 4287 1610 4327 summa
1655 4271 1803 4326 sedis
1852 4270 2186 4343 apostolica,

591 4359 892 4431 imperante
920 4360 1140 4415 domino
1168 4359 1415 4430 piissimo
1444 4359 1689 4430 principe
1705 4361 1950 4431 Augusto
1972 4358 2189 4429 Carolo,

593 4463 627 4502 a
650 4447 767 4503 Deo
812 4454 1087 4514 coronato,
1139 4462 1342 4518 magno
1382 4447 1708 4517 imperatore
1736 4462 1880 4502 anno
1903 4447 2097 4518 primo,
2134 4443 2260 4504 etD

594 4541 722 4605 post
780 4534 1184 4591 coronationem
1256 4534 1373 4603 ejus
1438 4549 1582 4590 anno
1642 4533 1840 4605 primo,
1894 4534 2192 4592 indictione

599 4621 831 4679 decima.

1265 4708 1522 4766 XXXIV.

810 4810 883 4852 AD
922 4810 1180 4854 ΔΒΒΛΤΕΠ
1215 4812 1287 4854 ΕΤ
1332 4812 1632 4854 ΠΟΝΑΟΗΟΒ
1668 4814 1977 4856 HERENSES.

1226 4886 1407 4958 (Anno
1432 4887 1582 4955 8'76.)

602 4971 887 5047 Approbat
930 4973 1667 5116 donationemfan20nasterii
1713 4979 1768 5035 S.
1801 4979 2069 5036 Ρονοὶαηί
2098 4978 2195 5034 illi

715 5072 719 5075 -
1339 5062 1367 5101 c
1398 5063 1511 5102 am.

715 5072 719 5075 '
1276 5061 1511 5102 laetam.

674 5144 928 5205 JOANNEs
953 5148 1259 5220 episcopus,
1288 5166 1479 5207 servus
1507 5167 1785 5208 servorum
1804 5153 1927 5221 Dei,
1952 5153 2193 5209 GnILONI

601 5236 864 5309 religioso
909 5236 1090 5292 abbati
1134 5238 1458 5294 venerabilis
1502 5241 1819 5297 monasterii
1863 5249 2063 5297 sancta
2091 5242 2193 5297 Dei

603 5323 903 5399 genitricis,
927 5340 1248 5397 semperque
1266 5326 1495 5400 virginis
1514 5328 1699 5384 Maria
1717 5328 1951 5385 domina
1970 5337 2187 5398 nostra,

604 5417 657 5468 et
688 5411 745 5468 S.
777 5411 1036 5480 Filiberti,
1070 5428 1136 5469 ac
1162 5429 1263 5485 per
1290 5422 1344 5470 te
1373 5414 1550 5472 eidem
1584 5416 1883 5473 venerabili
1910 5424 2190 5474 monaste-

604 5499 688 5555 rio
716 5499 773 5553 in
795 5508 1134 5571 perpetuum.

674 5586 939 5646 Convenit
965 5589 1266 5661 apostolico
1290 5588 1646 5651 moderamini
1670 5591 1764 5666 pia
1788 5592 2057 5669 religione
2079 5595 2194 5671 pol-

2296 466 2427 519 tium
2483 465 2676 521 animis
2721 465 2886 520 alacri
2932 464 3217 520 devotione
3258 463 3525 535 impertiri
3577 479 3886 518 assensum.

2296 555 2375 608 Ex
2415 555 2517 609 hoc
2555 555 2698 610 enim
2744 554 2883 609 lucri
2932 553 3272 624 potissimum
3318 552 3595 623 pramium
3628 567 3662 607 a
3693 550 3890 607 condi-

2297 649 2414 697 tore
2444 643 2682 697 omnium
2713 642 2944 697 Domino
2974 657 3364 712 promeremur,
3399 641 3529 695 dum
3559 639 3894 697 venerabilia

2294 729 2413 786 loca
2457 740 2754 801 opportune
2791 731 3062 795 ordinata,
3111 730 3180 784 ad
3225 730 3504 785 meliorem
3543 728 3746 785 fuerint
3774 728 3895 782 sine

2296 818 2462 873 dubio
2492 826 2689 874 statum
2719 819 2997 891 perducta.

2367 916 2536 987 Igitur
2582 916 2834 971 omnibus
2882 923 3083 972 sancta
3130 916 3229 971 Dei
3258 915 3524 972 Ecclesia
3552 914 3808 970 ﬁdelibus
3840 920 3895 968 et

2296 1004 2519 1061 nostris.
2567 1004 2925 1075 prasentibus
2972 1012 3025 1058 et
3072 1002 3288 1069 futuris,
3340 1012 3526 1059 notum
3572 1002 3690 1057 ﬁeri
3731 1001 3895 1057 volu-

2296 1109 2415 1147 mus
2461 1092 2696 1165 qualiter
2736 1094 3039 1149 reverentia
3080 1103 3171 1149 tua
3215 1109 3314 1164 per
3356 1092 3711 1163 Adalgarium
3759 1107 3897 1145 san-

2296 1181 2597 1236 ctissimum
2654 1182 2972 1253 episcopum
3030 1190 3233 1239 sanctae
3284 1180 3572 1236 zEduensis
3626 1178 3897 1235 Ecclesia

2297 1278 2484 1325 nostro
2514 1271 2789 1343 suggessit
2819 1271 3163 1342 apostolatui,
3206 1271 3508 1326 observans
3537 1269 3682 1341 quod
3714 1268 3913 1341 abba-7

2297 1358 2479 1413 tiolam
2531 1376 2652 1430 qua
2708 1367 2929 1415 vocatur
2987 1360 3043 1416 S.
3101 1358 3403 1424 Portianus,
3466 1374 3738 1430 quamque
3788 1356 3895 1428 pia

2296 1447 2576 1503 memoria
2643 1447 2866 1502 Carolus
2932 1448 3260 1519 imperator,
3322 1446 3615 1518 spiritualis
3687 1444 3899 1501 scilicet

2296 1534 2438 1590 ﬁlius
2508 1544 2709 1605 noster,
2771 1537 2842 1591 ob
2894 1537 2976 1591 sui
3030 1552 3327 1607 perennem
3394 1533 3730 1600 memoriam,
3794 1550 3900 1604 per

2296 1625 2556 1695 pracepti
2612 1624 2812 1680 seriem
2860 1625 2915 1680 in
2958 1626 3151 1681 eodem
3206 1623 3502 1681 venerabili
3554 1622 3896 1678 monasterio

2213 1733 2266 1792 Β
2297 1712 2582 1769 conferens
2636 1713 2869 1786 largitus
2925 1721 3024 1781 est,
3071 1714 3247 1769 nostri
3291 1711 3575 1784 apostolici
3617 1710 3897 1783 privilegii

2296 1802 2615 1857 auctoritate
2645 1801 3107 1858 conﬁrmaremus.

2366 1900 2481 1954 Nos
2509 1907 2706 1965 autem,
2760 1900 3165 1956 considerantes
3208 1900 3349 1954 hanc
3393 1898 3709 1969 petitionem
3737 1897 3895 1953 salu-

2296 1988 2451 2042 brem
2508 1988 2623 2043 fore
2679 1996 2732 2044 et
2788 1989 2967 2043 eidem
3040 1987 3340 2043 venerabili
3394 1987 3751 2052 monasterio,
3807 1986 3897 2043 cui

2293 2092 2530 2147 praesse
2605 2076 2979 2150 dignosceris,
3062 2076 3484 2133 stabilimentum
3549 2075 3854 2131 consistere
3880 2117 3895 2144 ,

2292 2166 2567 2237 pracipue
2623 2181 2747 2221 cum
2804 2165 2989 2221 omnia
3042 2165 3131 2236 pia
3185 2166 3302 2221 loca
3359 2164 3638 2236 proprium
3694 2163 3897 2218 habere

2294 2262 2559 2325 optemus,
2638 2254 2880 2309 inclinati
2947 2254 3298 2325 petitionibus
3361 2253 3488 2322 tuis,
3549 2269 3582 2308 a
3636 2251 3895 2324 prasenti

2293 2358 2436 2397 nona
2493 2342 2785 2399 indictione
2836 2341 3117 2413 prafatam
3172 2341 3499 2397 abbatiolam
3540 2356 3667 2397 cum
3712 2339 3896 2395 omni-

2293 2430 2394 2486 bus
2423 2431 2588 2487 rebus
2618 2430 2731 2486 suis
2759 2431 3052 2486 mobilibus
3080 2430 3168 2486 vel
3195 2429 3579 2497 immobilibus,
3616 2429 3721 2484 sibi
3741 2429 3891 2499 juste

2294 2527 2347 2574 et
2374 2520 2624 2593 legaliter
2670 2519 3090 2591 pertinentibus,
3141 2518 3595 2591 quemadmodum
3637 2534 3704 2573 ex
3745 2534 3891 2589 pra-

2292 2607 2437 2664 dicto
2495 2609 2686 2664 eodem
2764 2611 3011 2680 Augusto
3084 2624 3405 2665 concessum
3461 2615 3563 2675 est,
3620 2623 3720 2678 per
3784 2608 3890 2662 hoc

2292 2698 2651 2769 apostolicum
2706 2706 2953 2754 nostrum
3026 2697 3374 2769 privilegium
3426 2696 3484 2751 in
3539 2712 3687 2768 sape
3741 2696 3885 2752 dicto

2289 2786 2591 2842 venerabili
2645 2786 2977 2842 monasterio
3033 2785 3435 2852 confirmamus,
3495 2792 3549 2841 et
3603 2792 3889 2856 perpetua-

2288 2875 2410 2930 liter
2462 2875 2778 2943 stabilimus,
2837 2883 2889 2931 et
2935 2875 3005 2930 ad
3060 2875 3369 2931 mercedem
3424 2881 3666 2930 nostram
3716 2874 3881 2930 robo—

2291 2978 2477 3019 ramus
2502 2982 2514 3031 ;
2548 2964 2622 3019 ita
2647 2979 2866 3035 quoque
2911 2962 3208 3035 apostolica
3234 2962 3553 3019 auctoritate
3579 2962 3886 3019 munientes

2295 3051 2635 3109 decernimus
2663 3060 2723 3107 ut
2747 3051 2930 3108 nullus
2947 3052 3327 3124 episcoporum
3356 3052 3427 3107 ad
3455 3052 3678 3125 negotia
3705 3051 3891 3108 divina

2296 3139 2446 3207 illuc,
2504 3147 2597 3196 aut
2637 3156 2738 3212 pro
2792 3141 2900 3196 alia
2945 3157 3006 3196 re
3048 3141 3386 3214 peragenda,
3435 3140 3542 3195 nisi
3586 3155 3621 3195 a
3662 3148 3717 3196 te
3766 3155 3889 3197 suc-

2295 3229 2713 3301 cessoribusque
2769 3228 2875 3285 tuis
2927 3230 3216 3285 abbatibus
3273 3228 3432 3285 fuerit
3485 3229 3765 3296 invitatus,
3812 3229 3890 3284 ire

2292 3326 2600 3389 pertentet;
2660 3319 2771 3374 imo
2826 3334 2895 3374 ne
2943 3318 3230 3388 judiciaria
3283 3325 3523 3390 potestas
3580 3334 3890 3390 quamcun-

2294 3423 2399 3479 que
2452 3407 2538 3464 vel
2591 3406 2898 3463 molestiam
2957 3415 3048 3463 aut
3103 3407 3526 3463 destructionem
3590 3407 3892 3479 quamlibet

2290 3511 2529 3569 pergens
2582 3494 2762 3552 facere
2820 3496 3031 3564 audeat,
3092 3511 3257 3568 quam
3328 3495 3627 3553 secundum
3715 3496 3893 3567 ipsius

2293 3585 2621 3640 venerabilis
2661 3585 2981 3641 monasterii
3027 3584 3207 3653 ritum,
3258 3592 3314 3642 et
3351 3585 3595 3658 pradicti
3653 3585 3891 3658 Augusti

2294 3673 2728 3743 concessionem,
2773 3690 2876 3731 nec
2917 3690 3027 3730 non
3075 3683 3128 3730 et
3175 3675 3317 3731 hanc
3362 3673 3720 3746 apostolicam
3757 3690 3893 3731 con-

2294 3762 2600 3818 cessionem
2644 3770 2695 3818 et
2743 3761 3210 3820 conﬁrmationem
3265 3764 3335 3819 ab
3379 3763 3629 3820 omnibus
3688 3763 3895 3819 Christi

2293 3849 2544 3907 ﬁdelibus
2573 3851 2973 3908 observandam
3002 3853 3296 3909 sancimus.

2364 3957 2422 4012 Si
2475 3958 2597 4029 quis
2646 3966 2828 4014 autem
2875 3959 3163 4029 cujuslibet
3210 3959 3490 4031 dignitatis
3536 3959 3701 4016 homo
3748 3974 3891 4016 con-

2291 4053 2375 4101 tra
2428 4046 2533 4103 hoc
2585 4053 2832 4102 nostrum
2886 4048 3245 4119 apostolicum
3307 4048 3677 4122 privilegium,
3739 4049 3893 4121 quod

2291 4149 2402 4189 non
2458 4134 2754 4202 credimus,
2810 4135 2867 4190 in
2921 4144 3035 4192 toto
3080 4137 3169 4193 vel
3212 4137 3269 4192 in
3307 4145 3459 4209 parte
3502 4137 3579 4192 ire
3625 4152 3894 4208 prasum-

2289 4223 2480 4295 pserit,
2532 4239 2597 4280 ac
2643 4225 2790 4296 quod
2835 4242 2867 4280 a
2911 4225 3072 4280 nobis
3114 4224 3404 4282 salubriter
3457 4226 3725 4282 sancitum
3782 4234 3887 4294 est,

2290 4311 2347 4366 in
2404 4312 2587 4384 aliquo
2641 4313 2895 4385 frangere
2951 4329 3116 4370 ausus
3170 4314 3350 4383 fuerit,
3410 4315 3730 4370 auctoritate
3787 4315 3892 4370 Dei

2291 4401 2696 4472 omnipotentis,
2731 4410 2783 4457 et
2828 4402 2975 4458 beati
3004 4404 3148 4458 Petri
3190 4403 3438 4475 apostoli,
3485 4412 3643 4475 atque
3672 4412 3886 4471 nostra,

2297 4488 2432 4545 sciat
2493 4506 2553 4546 se
2621 4490 2844 4561 pr0pria
2911 4492 3400 4548 communicatione
3468 4491 3777 4563 privatum;
3840 4501 3894 4548 et

2294 4576 2402 4632 nisi
2456 4577 2563 4633 cito
2618 4579 2909 4650 resipuerit
2965 4595 3032 4636 ac
3088 4580 3366 4637 canonica
3434 4580 3703 4637 sanctioni
3756 4580 3892 4637 obe-

2297 4665 2473 4733 dierit,
2530 4668 2873 4724 anathemate
2943 4676 3206 4739 perpetuo
3280 4668 3743 4736 condemnatum;
3797 4668 3890 4742 qui

2293 4769 2424 4809 vero
2468 4761 2651 4810 custos
2679 4763 2732 4810 et
2761 4756 3078 4812 observator
3124 4757 3401 4825 exstiterit,
3449 4758 3890 4815 benedictionem

2295 4849 2347 4897 et
2375 4842 2608 4914 gratiam
2628 4859 2659 4898 a
2678 4844 2911 4901 Domino
2939 4846 3055 4902 Deo
3079 4854 3267 4902 nostro
3295 4846 3558 4919 consequi
3585 4854 3885 4903 mereatur.

2365 4947 2639 5020 Scriptum
2681 4968 2784 5022 per
2825 4967 3021 5008 manus
3069 4951 3337 5008 Anastasii
3388 4953 3589 5009 notarii
3632 4952 3890 5027 regiona—

2292 5036 2358 5091 rii
2387 5045 2435 5093 et
2468 5038 2735 5094 scriniarii
2776 5048 2977 5098 sancta
3016 5042 3277 5098 Romana
3315 5041 3577 5099 Ecclesia
3612 5041 3671 5097 in
3696 5058 3891 5098 mense

2294 5124 2537 5195 Octobri,
2567 5126 2861 5185 indictione
2889 5146 3051 5185 nona.
3082 5131 3227 5187 Bene
3251 5130 3448 5187 valete.

2364 5232 2557 5289 Datum
2606 5235 2734 5290 Idus
2782 5234 3004 5292 Octobri
3030 5253 3130 5307 per
3156 5253 3376 5292 manum
3418 5237 3741 5293 Christofori
3769 5238 3889 5294 Pri-

2290 5320 2497 5377 micerii
2538 5332 2738 5379 sancta
2784 5340 3010 5381 summa
3037 5325 3184 5381 sedis
3211 5326 3542 5397 apostolica.
3575 5327 3887 5397 Imperante

2291 5409 2524 5466 Domino
2565 5404 2811 5481 piissimo
2854 5414 3102 5486 Augusto
3144 5414 3339 5470 Carolo
3383 5430 3418 5469 a
3468 5416 3584 5470 Deo
3624 5422 3887 5472 coronato

2289 5514 2488 5570 magno
2507 5499 2852 5571 imperatore,
2870 5510 2995 5573 post
3013 5503 3356 5560 consulatum
3375 5504 3492 5573 ejus
3512 5519 3658 5562 anno
3686 5503 3883 5576 primo,

2289 5586 2585 5645 indictione
2613 5603 2779 5646 nona.
