4174 6316
307 278 416 333 689

522 521 595 562 AD
624 522 922 563 EPISCOPOS
951 523 1265 564 PROVINCIE
1295 523 1692 564 BITURICENSIB.

919 614 1100 687 (Anno
1156 619 1222 670 8’7
1228 615 1306 687 6.)

309 723 377 779 Ut
414 722 669 779 Frotario
695 725 970 794 tanquam
1007 723 1444 794 metropolitano
1486 738 1587 779 suo
1642 723 1905 794 deinceps

960 811 1241 867 obediant.

358 917 613 973 JOANNES
658 916 1112 973 reverentissimis
1160 925 1214 972 et
1250 916 1609 973 sanctissimis
1645 916 1906 972 fratribus

299 1005 507 1061 nostris
536 1005 810 1077 episcopis
839 1022 937 1077 per
965 1005 1358 1062 Bituricensem
1388 1005 1725 1078 provinciam
1766 1021 1905 1062 con-

300 1095 525 1150 stitutis.

374 1182 517 1252 Quia
544 1182 993 1255 Burdigalensem
1022 1182 1235 1249 urbem,
1286 1184 1386 1238 sed
1433 1190 1486 1239 et
1533 1190 1704 1238 totam
1760 1199 1901 1254 pene

294 1272 586 1343 provincia
615 1272 979 1342 quorumdam
1006 1280 1250 1327 vestrum
1278 1272 1494 1333 litteris.
1529 1271 1629 1328 sed
1659 1279 1711 1327 et
1757 1273 1901 1327 Leo-

299 1362 388 1416 nis
417 1360 733 1432 apostolicse
761 1360 908 1415 sedis
938 1360 1277 1431 apocrisiarii
1308 1360 1481 1433 [Edit.
1522 1363 1677 1417 Rom.
1709 1361 1897 1426 addit,

300 1449 779 1505 sanctissimorum
804 1448 1140 1521 nostrorum]
1170 1465 1433 1520 expressa
1463 1449 1730 1505 relatione
1760 1448 1901 1503 didi-

300 1538 476 1594 cimus
528 1537 756 1595 diversis
808 1537 1076 1604 cladibus,
1121 1538 1220 1594 sed
1268 1538 1540 1609 praecipue
1586 1537 1898 1594 incursibus

297 1628 764 1683 Nortmannorum
795 1626 1048 1695 deletam,
1092 1634 1145 1682 et
1193 1626 1250 1680 in
1296 1626 1642 1682 solitudinem
1698 1626 1898 1697 partim

298 1715 496 1788 gladiis
526 1714 830 1786 partimque
860 1714 1171 1785 captivitate
1217 1715 1521 1781 deductam,
1581 1715 1897 1771 necessaria

299 1819 509 1870 rerum,
540 1810 600 1858 ut
625 1819 749 1860 cum
779 1810 968 1859 sancto
997 1819 1135 1874 papa
1156 1803 1375 1859 Gelasio
1395 1804 1686 1859 decessore
1708 1811 1895 1859 nostro

297 1892 548 1948 dolentes
605 1900 999 1965 gementesque
1056 1891 1344 1959 fateamur,
1379 1893 1734 1963 dispositione
1765 1908 1895 1948 con-

300 1982 642 2056 stringimur,
675 1990 729 2038 et
756 1981 1073 2053 apostolicae
1102 1981 1249 2037 sedis
1279 1982 1657 2037 moderamine
1686 1998 1895 2038 conve-

297 2071 503 2139 nimur,
537 2072 617 2127 sic
645 2086 913 2126 canonum
943 2078 1298 2142 paternorum
1327 2070 1550 2127 decreta
1593 2071 1810 2140 librare,
1843 2079 1897 2127 et

299 2168 447 2216 retro
475 2160 772 2231 praesulum
800 2160 1264 2231 decessorumque
1297 2168 1600 2216 nostrorum
1621 2169 1898 2231 praecepta

298 2248 499 2317 metiri,
534 2257 593 2304 ut
622 2265 744 2321 qua
773 2249 1126 2320 praesentium
1155 2249 1455 2305 necessitas
1479 2256 1783 2320 temporum
1798 2266 1897 2320 pro

297 2338 663 2394 instaurandis
690 2337 941 2394 ecclesiis
980 2337 1278 2393 relaxanda
1332 2337 1597 2408 deposcit,
1658 2337 1898 2392 adhibita

299 2427 739 2484 consideratione
766 2426 1031 2499 diligenti,
1066 2433 1324 2498 quantum
1352 2434 1533 2497 potest
1574 2424 1710 2492 ﬁeri,
1769 2435 1900 2482 tem-

297 2532 558 2587 peremus
589 2516 735 2572 Ecce
764 2515 908 2571 enim
941 2514 1109 2587 [Edit.
1138 2518 1292 2571 Rom.
1325 2515 1502 2582 addit,
1536 2514 1625 2587 ne]
1657 2516 1724 2570 de
1756 2515 1896 2570 civi-

298 2612 407 2660 tate
436 2604 507 2660 ad
536 2604 808 2660 civitatem
840 2603 1084 2675 episcopi
1113 2603 1489 2676 trasmigrent,
1522 2603 1695 2659 sancti
1725 2619 1896 2659 cano-

296 2710 400 2749 nes
428 2693 657 2764 provide
691 2692 963 2748 sanciunt.
997 2693 1105 2748 Sed
1133 2692 1178 2746 si
1224 2692 1535 2761 hujusmodi
1586 2692 1898 2748 sanctiones

298 2782 420 2838 sine
450 2782 562 2837 ulla
589 2781 913 2838 discretione
942 2781 1029 2837 vel
1061 2781 1464 2852 dispensatione
1495 2781 1742 2836 ducimus
1792 2781 1896 2835 ob-

296 2871 620 2937 servandas,
654 2871 858 2926 nullam
888 2870 1328 2941 compassionem
1370 2868 1632 2923 fratribus
1677 2868 1900 2924 exhibe-

292 2976 438 3029 mus,
473 2975 611 3031 quos
641 2960 924 3032 gentilium
955 2959 1172 3031 gladios
1198 2974 1393 3029 passos
1414 2974 1575 3013 causa
1595 2957 1724 3013 fidei
1745 2957 1898 3012 Chri-

296 3049 488 3104 stianae
518 3048 801 3104 servandae
827 3048 1071 3104 videmus
1102 3055 1348 3120 egentes,
1380 3047 1740 3120 angustiatos,
1774 3044 1898 3100 atii-

296 3146 436 3204 ctos,
470 3139 574 3193 hac
602 3137 834 3208 illacque
860 3136 1106 3208 palantes
1134 3136 1387 3192 incedere
1411 3154 1426 3201 ;
1448 3135 1753 3207 praesertim
1776 3150 1900 3190 cum

293 3226 544 3282 nonnulli
571 3242 760 3281 eorum
790 3227 866 3280 ita
897 3226 1003 3280 sint
1033 3225 1133 3281 Dei
1162 3224 1342 3296 gratia
1373 3224 1645 3290 illustrati,
1678 3231 1734 3277 ut
1788 3239 1899 3278 non

296 3315 477 3371 solum
510 3315 758 3382 scientia,
815 3314 913 3369 sed
942 3322 995 3370 et
1023 3314 1304 3380 moribus;
1341 3329 1449 3368 non
1491 3313 1666 3367 solum
1710 3312 1896 3378 verbo,

297 3404 395 3459 sed
427 3412 481 3459 et
510 3403 759 3475 exemplo
779 3402 1045 3473 plurimos
1066 3402 1283 3457 valeant
1304 3401 1538 3456 erudire.
1564 3402 1644 3455 De
1666 3416 1898 3472 quorum

296 3509 528 3549 numero
559 3492 685 3564 quia
719 3492 1001 3548 Frotarius
1048 3490 1459 3563 Burdigalensis
1507 3490 1710 3545 dudum
1759 3488 1897 3543 anti-

295 3591 426 3647 stes,
459 3588 517 3637 ut
545 3589 773 3636 testatur
804 3588 987 3636 vestra
1009 3579 1336 3645 fraternitas,
1361 3586 1555 3645 exstat,
1580 3577 1896 3633 necessario

294 3671 550 3726 duximus
592 3669 843 3725 eumdem
872 3669 1049 3724 virum
1067 3669 1158 3723 alii
1188 3667 1448 3724 Ecclesiae
1468 3666 1897 3738 praeponendum

295 3769 348 3817 et
376 3759 852 3826 incardinandum,
886 3757 1204 3813 Bituricensi
1233 3756 1506 3822 videlicet,
1541 3772 1661 3828 quae
1692 3764 1745 3812 et
1793 3771 1894 3811 va-

296 3865 429 3906 cans
459 3865 581 3905 esse
603 3848 761 3904 nobis
791 3846 1103 3902 denuntiata
1135 3853 1233 3913 est,
1268 3853 1322 3900 et
1377 3845 1511 3900 tanti
1566 3845 1667 3901 viri
1731 3845 1895 3915 digna

294 3939 562 4014 regimine
595 3955 609 3992 :
641 3954 710 3992 ne
739 3953 840 4008 per
868 3935 1047 3990 minus
1075 3935 1327 3991 idoneum
1356 3942 1629 3990 rectorem
1677 3933 1895 3989 salubre

297 4027 680 4083 salvandarum
711 4025 1013 4081 animarum
1044 4024 1183 4079 desit
1216 4024 1264 4078 ei
1314 4022 1649 4094 prmsidium,
1701 4030 1749 4077 et
1793 4039 1893 4078 nos

294 4126 347 4173 et
377 4124 570 4173 contra
597 4115 835 4188 ingentis
856 4114 1031 4184 culpae
1053 4113 1398 4169 involvamur
1418 4127 1651 4177 annexu,
1678 4111 1722 4164 si
1742 4119 1894 4166 tanto

294 4212 527 4279 urgente
558 4203 895 4271 discrimine,
931 4210 1092 4257 tantae
1130 4201 1310 4255 minus
1369 4199 1722 4256 consulamus
1783 4200 1893 4254 Ec-

297 4295 499 4362 clesiae,
532 4292 927 4365 prOpugnatori
953 4293 1095 4347 hanc
1126 4289 1339 4361 probali
1370 4288 1595 4343 minime
1640 4288 1893 4344 commit-

295 4392 489 4440 tentes.
523 4382 802 4437 Prioribus
849 4380 1028 4452 itaque
1076 4378 1418 4433 manentibus
1450 4376 1655 4450 regulis
1700 4376 1893 4432 incon-

297 4472 486 4539 vulsis,
521 4487 642 4543 quae
671 4469 763 4525 ubi
790 4485 894 4525 nec
924 4484 1122 4533 rerum,
1158 4482 1259 4523 nec
1289 4475 1595 4538 temporum
1616 4474 1777 4537 urget
1796 4482 1891 4521 ne-
1920 4471 1972 4530 D

299 4561 526 4617 cessitas
549 4560 669 4629 jure
699 4558 952 4614 convenit
979 4556 1281 4621 observari,
1326 4562 1551 4611 vacante
1581 4555 1730 4623 sede,
1761 4555 1890 4609 Fro-

297 4651 495 4715 tarium
526 4647 751 4703 fratrem
780 4654 830 4703 et
861 4646 1247 4718 coepiscopum
1275 4652 1522 4700 nostrum
1552 4643 1607 4698 in
1638 4644 1769 4699 sede
1814 4644 1896 4698 Bi-

299 4738 559 4795 turicensi
616 4736 1022 4808 praeficiendum
1095 4734 1466 4790 ordinavimus
1499 4733 1891 4790 sacerdotem:

299 4828 373 4884 ita
400 4836 458 4883 ut
486 4826 542 4881 in
594 4841 661 4881 ea
716 4825 1097 4893 incardinatus,
1163 4831 1215 4877 et
1258 4823 1605 4894 quodamodo
1665 4821 1898 4877 auctori-

298 4917 423 4973 tatis
453 4914 770 4988 apostolicae
799 4913 1086 4985 privilegio
1145 4911 1430 4977 radicatus,
1465 4918 1664 4966 caetera
1695 4919 1899 4965 metro-

300 5006 538 5079 politana
584 5003 936 5060 Bituricensis
981 5001 1243 5058 Ecclesiae
1289 5016 1352 5055 ac
1400 5000 1704 5056 dioeceseos
1773 5000 1900 5069 jura

301 5105 562 5168 tanquam
586 5095 701 5149 Deo
727 5091 1127 5163 contemplante
1184 5090 1442 5156 obtineat,
1506 5089 1788 5160 dispenset
1845 5095 1898 5143 et

300 5183 534 5250 ordinet,
567 5181 714 5238 omni
744 5182 971 5253 posthac
1002 5178 1348 5252 querimonia
1386 5177 1692 5234 invidorum
1747 5192 1905 5248 pror-

299 5290 390 5329 sus
420 5272 619 5328 ablata.
653 5271 750 5326 Cui
780 5272 877 5326 ves
906 5279 1165 5341 tanquam
1211 5267 1434 5339 proprio
1490 5266 1903 5337 metropolitano

302 5361 557 5418 convenit
587 5360 830 5428 obedire,
885 5366 937 5414 et
977 5364 1373 5428 competentem
1403 5356 1681 5422 exhibere,
1712 5371 1907 5411 secun-

298 5452 428 5507 dum
457 5449 747 5522 pristinum
791 5463 1017 5516 morem,
1077 5445 1448 5502 reverentiam
1507 5453 1559 5499 et
1615 5445 1896 5499 honorem.

303 5542 448 5599 Sane
474 5540 648 5601 latere
679 5555 778 5595 vos
802 5538 1077 5607 nolumus,
1111 5534 1190 5591 sic
1221 5550 1322 5590 nos
1350 5533 1453 5588 ista
1510 5531 1906 5589 interveniente

305 5657 417 5700 non
444 5639 662 5698 modica
681 5637 971 5696 barbarica
999 5633 1327 5694 necessitate
1372 5646 1523 5691 nunc
1576 5628 1902 5700 concedere,

1520 276 1877 335 EPISTOLE
1932 277 2023 332 ET
2067 242 2414 338 Danaam.

1930 402 1983 462 A
2005 410 2063 457 ut
2091 403 2186 458 tali
2214 405 2539 463 necessitate
2568 416 2797 476 remota,
2858 409 3334 466 consuetudinarie
3367 409 3600 467 ulterius

3498 288 3603 342 690

2010 507 2119 547 non
2148 494 2477 565 requiratur,
2512 497 2659 567 quod
2686 506 3029 553 removeatur
3075 499 3239 554 etiam
3283 498 3417 554 illud
3453 498 3602 572 quod

2009 582 2306 637 necessitas
2334 583 2670 654 impetraret.
2705 585 2970 656 Optamus
2998 596 3239 643 sanctam
3293 586 3602 644 fraternita-

2008 676 2118 724 tem
2146 678 2383 726 vestram
2409 672 2465 727 in
2495 672 2708 729 Christo
2738 690 2881 731 nunc
2908 682 2964 730 et
2991 691 3209 747 semper
3235 675 3431 732 valere.
3465 678 3603 732 Data

2008 772 2086 812 vu
2116 759 2390 815 Kalendas
2418 761 2769 827 Novembris,
2811 762 3109 819 indictione
3157 763 3386 820 decima.

2677 851 2934 907 XXXVI.

2531 955 2604 994 AD
2660 955 3078 996 BITURICENSES.

2011 1027 2076 1083 Ut
2082 1028 2349 1111 Erotario
2379 1027 2767 1111 burdigalcnsi
2786 1029 3220 1111 archiepiscopo,
3270 1031 3365 1085 cui
3391 1030 3599 1111 tandiu

2073 1100 2492 1172 Bituricensem
2506 1100 2817 1155 Ecclesiam
2859 1100 3185 1169 committit,
3217 1100 3471 1172 quandiu
3496 1117 3598 1172 pa-

2069 1169 2689 1294 ggndi'Bugdigalenscm
2733 1172 3016 1227 dioecesim
3044 1169 3358 1239 obtineant,
3388 1169 3583 1228 omnes

2072 1256 2101 1294 ο
2137 1257 2164 1294 e
2206 1257 2302 1294 ian
2339 1283 2350 1293 .

2072 1256 2350 1295 οοείιιαηι.

2071 1328 2326 1383 JOANNES
2358 1328 2646 1400 episcopus
2678 1329 2844 1399 clero,
2879 1336 2930 1384 et
2949 1329 3113 1400 plebi,
3135 1337 3189 1385 et
3203 1329 3380 1385 ordini
3402 1336 3602 1387 sancte

1998 1415 2349 1471 Bituricensis
2379 1417 2662 1473 Ecclesiae.

2071 1504 2450 1577 Suggestionis
2477 1513 2671 1562 vestra;
2700 1507 3008 1578 relegentes
3030 1506 3337 1578 epistolam,
3365 1506 3511 1579 quod
3530 1507 3598 1562 ab

1997 1594 2329 1664 apostolatus
2375 1595 2547 1649 nostri
2589 1596 2905 1651 auctoritate
2949 1596 3017 1650 de
3085 1594 3357 1651 confratre
3410 1602 3597 1652 nostro

1995 1681 2241 1737 Frotario
2268 1683 2570 1739 reverendo
2600 1684 3010 1756 archiepiscopo
3038 1683 3335 1756 postulant,
3368 1686 3471 1740 hoc
3494 1700 3595 1740 nos

1932 1758 2219 1826 Baliorum
2269 1771 2755 1838 testiiicationibus,
2804 1779 2856 1828 et
2913 1772 3185 1845 praecipue
3259 1772 3594 1828 serenissimi

2013 1875 2229 1930 semper
2254 1859 2502 1932 Augusti,
2536 1860 2786 1931 spiritalis
2817 1868 3035 1933 quoque
3072 1859 3168 1915 ﬁlii
3222 1861 3396 1916 nostri
3451 1861 3595 1917 rela-

1994 1948 2140 2002 tione
2173 1948 2580 2019 comperimus;
2616 1949 2713 2004 sed
2743 1957 2797 2005 et
2825 1949 3023 2022 legatis
3052 1948 3366 2021 apostolicae
3423 1949 3591 2016 sedis,

1996 2037 2178 2092 Leone
2207 2037 2459 2094 videlicet
2474 2037 2790 2105 venerabili
2836 2038 3113 2110 episcopo,
3163 2038 3497 2110 apocrisiaro
3545 2047 3599 2094 et

1995 2125 2194 2181 missos
2218 2134 2418 2181 sancta:
2440 2127 2700 2182 Romana:
2720 2126 3005 2193 Ecclesiae,
3038 2143 3134 2182 seu
3155 2127 3316 2182 Petro
3336 2142 3491 2199 aeque
3512 2143 3601 2183 ve-

1997 2214 2226 2270 nerabili
2271 2215 2546 2286 episcopo.
2580 2215 2997 2281 revertentibus,
3051 2215 3337 2270 didicimus
3353 2232 3494 2286 pene
3514 2223 3598 2271 to—

1996 2310 2106 2357 tam
2133 2302 2474 2373 provinciam
2497 2302 2878 2376 Burdigalensi
2899 2303 3186 2376 metropoli
3205 2304 3592 2376 pertinentem,

1998 2391 2137 2447 sicut
2165 2391 2233 2445 ab
2262 2390 2346 2446 his
2377 2391 2468 2463 qui
2495 2407 2718 2447 causam
2746 2392 2892 2446 illam
2938 2400 3228 2459 noverunt,
3278 2392 3444 2447 iidem
3489 2408 3596 2448 no-

1998 2479 2096 2534 stri
2116 2479 2284 2552 legati
2304 2479 2517 2535 discere
2538 2487 2851 2550 potuerunt,
2876 2480 2949 2535 ita
2971 2497 3095 2536 esse
3109 2495 3447 2554 paganorum
3467 2497 3590 2551 per-

1997 2567 2365 2623 secutionibus
2395 2568 2714 2634 desolatam,
2748 2576 2807 2623 ut
2835 2584 2943 2623 non
2977 2569 3153 2624 solum
3181 2569 3299 2639 ipse
3317 2567 3594 2625 confrater
3630 2584 3635 2589 '

1996 2664 2182 2712 noster
2210 2655 2321 2711 illic
2350 2656 2487 2711 lucri
2516 2656 2721 2728 aliquid
2751 2657 3009 2726 subjectis
3040 2656 3292 2714 conferre
3320 2673 3431 2713 non
3475 2673 3599 2729 pos-

1998 2745 2083 2811 sit,
2108 2744 2301 2800 verum
2343 2744 2507 2799 etiam
2550 2745 2814 2800 habitatio
2858 2745 3098 2800 fidelium
3141 2745 3269 2801 inde
3322 2746 3601 2802 subtracta

1999 2833 2282 2888 consistat.
2307 2832 2656 2904 Quapropter
2682 2833 2809 2906 quia
2868 2834 3122 2890 eumdem
3177 2834 3352 2890 virum
3412 2834 3600 2889 Frota-

1998 2922 2139 2976 rium
2169 2921 2528 2976 reverendum
2584 2921 3059 2992 archiepiscopum
3111 2922 3299 2993 probis
3352 2922 3599 2978 moribus

1997 3009 2317 3081 actibusque
2336 3009 2634 3080 praeclaris,
2669 3017 2722 3064 et
2758 3010 2829 3065 ad
2859 3010 3071 3065 lucrum
3102 3010 3385 3065 animabus
3414 3010 3594 3066 homi-

1931 3116 1979 3178 C
2002 3115 2131 3152 num
2162 3097 2552 3153 conferendum
2581 3096 2839 3152 idoneum
2870 3113 2993 3152 esse
3025 3098 3411 3168 comperimus,
3436 3113 3504 3153 ne
3527 3105 3600 3152 ta-

2002 3186 2069 3240 lis
2098 3194 2387 3257 tantusque
2418 3185 2500 3240 vir
2526 3186 2656 3251 otio,
2710 3201 2818 3257 quo
2886 3186 3151 3255 prodesse
3227 3185 3352 3241 aliis
3393 3186 3592 3255 valeat,

1999 3274 2220 3329 minime
2242 3281 2412 3337 vacet,
2449 3275 2691 3344 ejusdem
2741 3281 2946 3329 sancta:
3000 3273 3350 3330 Bituricensis
3406 3275 3597 3331 Eccle-

2000 3363 2113 3430 siae,
2148 3363 2234 3418 cui
2262 3362 2516 3427 subestis,
2575 3362 2625 3417 ei
2682 3362 3004 3433 pastoralem
3058 3377 3240 3419 curam
3297 3363 3599 3434 apostolica

2000 3451 2315 3507 auctoritate
2347 3451 2749 3518 committimus,
2785 3459 2837 3507 et
2892 3451 2949 3505 in
3001 3450 3124 3522 ipsa
3176 3468 3303 3507 eum
3356 3451 3595 3509 incardi-

1997 3541 2236 3595 nandum
2265 3540 2573 3595 necessario
2602 3556 2726 3596 esse
2757 3556 3066 3596 censemus.
3099 3540 3196 3596 Cui
3224 3556 3324 3595 vos
3371 3541 3444 3594 ita
3499 3540 3595 3596 de-

1999 3637 2212 3685 centem
2243 3628 2611 3684 obedientiam
2640 3636 2693 3684 et
2724 3628 3048 3684 canonicam
3079 3629 3471 3698 subjectionem
3499 3629 3596 3685 hu-

1938 3758 1942 3762 ς
1996 3717 2196 3773 militer
2243 3717 2475 3785 exibete,
2525 3724 2713 3789 utpote
2760 3733 2951 3774 revera
3018 3717 3420 3788 metmpolitani
3474 3717 3593 3786 jura
3648 3730 3657 3741 '

1999 3807 2219 3875 tenenti,
2253 3807 2478 3878 proprio
2506 3805 2707 3862 rectori
2739 3813 2792 3863 et
2819 3813 3000 3861 vestro
3044 3805 3269 3860 antistiti
3319 3805 3592 3872 convenit,

1997 3904 2049 3952 et
2078 3912 2144 3951 ex
2175 3902 2361 3951 nostra
2383 3895 2681 3966 apostolica
2708 3894 3031 3951 auctoritate
3062 3892 3346 3950 difﬁnitum
3404 3894 3595 3951 adver-

1996 3984 2125 4051 titis,
2153 3992 2205 4040 et
2243 4000 2373 4040 ecce
2400 3984 2719 4039 mandatum
2742 3983 2955 4039 habetis
2991 4000 3007 4037 :
3041 3991 3309 4056 quatenus
3339 3982 3407 4037 de
3443 3983 3588 4040 bono

1996 4083 2187 4129 vestra:
2226 4074 2549 4129 obedientiae
2568 4073 2726 4128 nobis
2747 4073 2864 4127 Deo
2884 4072 3091 4144 gratias
3112 4071 3488 4137 referentibus,
3537 4079 3592 4127 et

1996 4162 2150 4219 vobis
2180 4161 2476 4218 reverentia
2507 4160 2834 4230 competenti
2862 4160 3039 4230 ipsum
3086 4159 3370 4229 praefatum
3415 4160 3589 4215 archi-

1995 4252 2309 4322 episcopum
2352 4248 2648 4315 excolatis;
2683 4256 2735 4303 et
2789 4248 2879 4302 ille
2938 4247 3112 4313 vobis,
3176 4255 3430 4318 tanquam
3486 4263 3584 4318 pro

1996 4339 2149 4395 vobis
2180 4338 2447 4392 rationem
2475 4337 2708 4392 Domino
2728 4334 3057 4403 redditurus,
3081 4334 3328 4390 modeste
3345 4351 3586 4406 praesse

1994 4428 2237 4493 studens,
2270 4434 2328 4481 ut
2355 4425 2585 4481 dilectos
2615 4423 2753 4481 ﬁlios
2784 4424 3133 4497 amplecatur.
3197 4425 3365 4479 Porro
3396 4422 3578 4479 sciatis

1994 4517 2116 4590 quia
2146 4516 2225 4571 sic
2255 4515 2359 4570 ista
2385 4530 2495 4570 non
2535 4514 2751 4570 modica
2802 4513 3195 4570 interveniente
3250 4512 3581 4569 necessitate

1993 4606 2227 4661 barbaro
2256 4604 2418 4660 modo
2466 4603 2836 4672 concedimus,
2888 4610 2945 4658 ut
2988 4602 3080 4657 tali
3127 4600 3453 4658 necessitate
3501 4615 3585 4656 re-

1994 4703 2158 4762 mota,
2194 4700 2544 4749 removeatur
2569 4693 2730 4748 etiam
2760 4692 2816 4748 id
2846 4692 2992 4764 quod
3020 4690 3319 4748 necessitas
3331 4689 3579 4761 imperat.

1997 4785 2135 4839 Data
2164 4800 2197 4839 v
2226 4782 2493 4838 Kalendas
2520 4780 2865 4847 Novembris,
2891 4779 3186 4836 indictione
3215 4778 3446 4835 decima.

2669 4877 2951 4934 XXXVII.

2261 4984 2335 5023 AD
2365 4983 2620 5024 CAROLUM
2650 4982 2870 5022 CALVUM
2901 4978 3320 5021 IMPERATOREM.

2609 5060 2789 5124 (Anno
2821 5055 2969 5123 8’76.)

2005 5149 2364 5219 Imperatoris
2393 5148 2668 5219 precibus.
2689 5162 2819 5201 cum
2841 5144 3261 5219 Bandigalertsis
3298 5146 3591 5219 provincia

2111 5221 2308 5289 aganis
2360 5215 2504 5272 esset
2557 5218 2869 5283 devastata,
2929 5217 3250 5289 Frotarium
3301 5215 3589 5289 Burdiga-

2111 5238 2308 5289 aganw
2360 5238 2504 5272 88506
2557 5238 2869 5283 aeva-scam,
2929 5238 3250 5271 I'TOHU'LU’ITL
3313 5238 3589 5287 ηυγ-αἰθα-

2070 5238 2282 5345 fensem
2321 5290 2798 5358 archiepiscopum
2878 5289 3159 5358 transfert
3191 5288 3253 5342 in
3290 5288 3600 5343 Ecclesium

2076 5361 2505 5416 Bituricensem.

2075 5449 2327 5503 JOANNES
2345 5446 2633 5518 episcopus
2664 5446 2887 5501 Canem
2915 5444 3247 5518 imperatori.

2076 5536 2405 5592 Petitionem
2430 5543 2685 5606 vestram,
2721 5534 2952 5592 filiorum
3010 5534 3351 5601 charissima,
3428 5547 3592 5605 quam

2006 5642 2114 5686 non
2142 5624 2468 5700 obnegando
2498 5625 2597 5682 sed
2632 5625 3003 5700 dispensanda
3032 5625 3235 5681 dudum
3264 5620 3591 5692 distulimus,
