4174 6314
623 239 721 293 691
1890 238 2189 297 JOANNIS
2248 237 2446 295 PAPE
2496 238 2640 296 VIII.
3818 241 3922 299 092

618 373 763 416 nunc
789 375 891 416 nos
919 361 990 417 ad
1021 370 1206 419 votum
1261 371 1511 420 nostrum
1566 364 1637 420 ob
1693 363 1749 419 id
1808 363 1898 420 vel
1955 362 2209 429 maxime,
2233 361 2289 423 A
2319 376 2443 418 cum
2473 378 2641 434 super
2659 361 2868 433 judicio
2913 362 3054 436 [edit
3089 365 3267 430 Rom.,
3318 363 3544 438 judicia]
3606 363 3921 420 Salomonis

618 447 833 504 Christo
884 451 1161 521 praeduce,
1220 452 1545 523 perduxisse
1602 453 1907 525 gaudemus
1964 452 2112 523 quod
2172 458 2225 505 et
2325 451 2587 523 scriptum
2617 451 2730 507 sit:
2772 453 2913 521 Quia
2942 452 3164 509 audivit
3190 454 3375 510 omnis
3422 454 3599 509 Israel
3629 453 3922 526 judicium

621 544 863 592 vestram
889 538 1127 609 gloriam
1155 549 1603 612 perseverantem
1645 540 2066 597 testificatricem
2122 555 2222 595 co-
2321 540 2462 613 quod
2482 540 2799 612 judicasset
2818 556 2924 596 rea:
2944 545 3002 597 et
3036 541 3359 598 timuerunt
3403 558 3610 614 regem,
3663 542 3920 597 videntes

618 625 929 696 gnovimus,
986 635 1041 683 et
1065 629 1478 699 provincialium
1506 630 1797 701 praesulum
1828 637 2221 685 consenteneas
2320 629 2666 700 sapientiam
2684 630 2788 685 Dei
2806 645 2924 685 esse
2938 629 3003 684 in
3023 645 3083 685 eo
3104 629 3176 684 ad
3196 630 3526 701 faciendum
3547 630 3843 702 judicium
3872 630 3925 699 (I

620 714 982 785 probationes
1011 718 1385 788 probavimus,
1446 726 1497 773 et
1550 719 1854 791 legatorum
1908 724 2221 772 nostrorum
2322 717 2448 787 Reg.
2481 718 2584 783 ut).
2610 717 2786 788 Super
2806 732 2913 788 quo
2936 716 3189 773 videlicet
3212 717 3418 787 judicio
3440 717 3789 773 sentiendum
3804 733 3921 773 me-

620 800 1005 860 subtilissimas
1049 805 1458 878 disquisitiones
1512 806 1868 862 advertimus.
1925 805 2215 874 Quocirca,
2319 803 2425 858 rito
2445 803 2695 859 ducimus
2717 804 2843 876 quia
2858 803 3020 859 laetati
3042 804 3261 875 quidem
3277 804 3520 876 benigni,
3544 805 3746 860 tristati
3787 821 3918 862 vero

616 889 744 947 licet
773 907 875 947 nos
903 893 1086 948 multis
1115 894 1390 950 canonicis
1420 895 1741 950 testimoniis
1769 894 2048 965 provocati
2088 894 2222 965 peti—
2317 898 2441 947 sunt
2463 892 2684 947 omnino
2713 891 2959 963 maligni.
2983 893 3135 965 Ergo
3167 900 3221 948 et
3245 893 3333 948 hic
3351 893 3427 948 ita
3461 894 3624 948 datur
3661 893 3914 967 intelligi,

615 978 820 1035 tionem
849 990 1045 1038 vestrae
1072 982 1374 1040 devotionis
1402 983 1633 1054 implere
1662 998 1997 1054 magnopere
2053 981 2216 1038 moli-
2316 980 2444 1052 quia
2459 980 2711 1035 nimirum
2729 996 2894 1052 super
2907 981 3113 1051 judicio
3124 989 3306 1038 vestro
3317 982 3922 1052 laetanturjusti,deter-

618 1083 820 1136 remur,
855 1078 908 1125 et
938 1071 1104 1126 solius
1133 1072 1434 1141 majestatis
1460 1080 1659 1128 vestrae
1689 1072 2002 1127 testimonio
2050 1088 2215 1143 super
2313 1076 2501 1124 rentur
2518 1069 2720 1140 injusti.
2744 1070 2880 1125 Nam
2902 1078 2954 1125 et
2968 1070 3310 1142 omnipotens
3341 1072 3508 1138 Deus,
3539 1072 3695 1140 cujus
3726 1079 3782 1126 et
3818 1087 3917 1128 vos

621 1158 942 1215 exterminio
962 1159 1368 1231 Burdigalensis
1396 1161 1695 1232 provinciae
1724 1161 1954 1217 credere
2008 1161 2213 1217 uimine
2306 1157 2568 1227 judicium
2596 1158 2944 1225 aamulamini,
2963 1159 3224 1215 terribilis
3252 1160 3636 1231 peccatoribus
3668 1168 3725 1216 et
3753 1160 3917 1215 blan-

618 1254 1013 1313 cunctaremur,
1047 1255 1229 1303 tamen
1258 1249 1385 1321 quia
1412 1249 1625 1321 pietatis
1655 1256 1851 1307 vestrae
1905 1249 2212 1305 testimonio
2313 1246 2417 1301 dus
2443 1254 2497 1302 et
2518 1246 2697 1316 justis.
2724 1246 2861 1316 Quia
2877 1247 3041 1320 igitur
3070 1264 3237 1320 super
3264 1250 3529 1304 Emmeno
3579 1248 3694 1318 jam
3754 1248 3915 1303 exhi-

618 1336 1149 1406 comprovincialium
1182 1352 1399 1410 quoque
1428 1338 1725 1409 praesulum
1754 1338 1964 1394 litteras
2013 1353 2215 1395 conve-
2313 1333 2505 1390 buistis
2534 1335 2883 1391 severitatem
2932 1335 3141 1405 judicii,
3202 1352 3515 1409 quesumus
3567 1336 3790 1393 exibere
3846 1338 3916 1392 de

616 1421 752 1487 nire,
782 1423 939 1479 sicuti
966 1424 1238 1492 rebamur,
1275 1441 1449 1498 nuper
1475 1427 1850 1499 cognovimus,
1909 1426 2210 1483 secundum
2311 1430 2513 1479 cetero
2542 1423 2758 1494 pietatis
2782 1424 3017 1497 insigne.
3051 1424 3365 1496 Imposuitis
3391 1425 3447 1480 in
3490 1426 3750 1481 humeros
3794 1427 3915 1495 ejus

610 1511 824 1581 pietatis
840 1520 1035 1568 vestrae
1050 1513 1525 1586 religiosissimum
1545 1515 1775 1581 libitum,
1801 1514 2210 1588 Burdigalensis
2310 1526 2450 1566 onus
2481 1512 2832 1578 austeritatis,
2865 1512 3118 1569 adhibete
3139 1513 3254 1582 jam
3283 1530 3426 1569 nunc
3454 1513 3511 1569 id
3541 1522 3917 1571 removentem

614 1598 898 1656 dioecessis
918 1600 1254 1674 episcopum,
1284 1602 1507 1659 fratrem
1536 1604 1743 1661 scilicet
1774 1611 2020 1659 nostrum
2077 1603 2211 1659 Fro-
2309 1599 2546 1671 digitum
2572 1600 2830 1656 lenitatis.
2861 1602 3186 1658 Mementote
3216 1602 3343 1674 quia
3389 1603 3534 1658 hunc
3581 1603 3739 1658 vobis
3785 1618 3916 1659 cum

612 1688 811 1743 tarium
838 1687 893 1743 in
922 1690 1316 1747 Bituricensem
1346 1691 1650 1748 Ecclesiam
1692 1692 2029 1749 cardinalem
2089 1690 2209 1748 ﬁeri
2226 1715 2282 1777 Β
2313 1688 2473 1777 Petro
2500 1689 2699 1744 Paulus
2727 1689 2940 1777 dilectis
2971 1690 3106 1757 suis,
3138 1690 3275 1746 sicut
3306 1691 3607 1747 Philemoni
3635 1692 3917 1764 quondam

611 1776 993 1845 decernentes,
1025 1780 1456 1851 metropolitanaa
1486 1780 1763 1853 dignitatis
1791 1780 2079 1854 privilegio
2109 1780 2208 1837 ite-
2252 1776 2269 1777 ί
2318 1776 2636 1833 Onesimum
2667 1779 2888 1833 remittit
2916 1776 3089 1850 (Phil.
3112 1779 3173 1851 ι),
3198 1779 3495 1851 implorans
3515 1787 3571 1836 et
3590 1780 3914 1848 obsecrans,

611 1873 734 1921 rato
763 1867 979 1923 munire
1022 1869 1372 1937 curavimus;
1424 1869 1623 1925 etudiri
1676 1869 1845 1926 vestri
1902 1870 2204 1939 solertiam,
2311 1873 2578 1937 quatenus
2609 1882 2732 1922 eum
2761 1874 2820 1921 ut
2848 1883 2944 1922 sua
2971 1867 3185 1924 viscera
3243 1868 3572 1939 suscipiatis.
3620 1867 3775 1946 Quia_
3807 1870 3917 1926 etsi

615 1969 723 2026 quo
751 1971 972 2026 semper
991 1956 1219 2013 idoneos
1235 1957 1497 2015 Ecclesia
1517 1958 1666 2015 viros
1689 1958 1923 2031 quadam
1944 1958 2208 2014 naturalis
2308 1953 2558 2010 fortassis
2589 1955 2658 2010 ad
2687 1955 2877 2011 horam
2906 1955 3195 2028 aliquando
3227 1957 3446 2028 quidem
3479 1957 3634 2013 vobis
3680 1957 3910 2025 inutilis,

613 2042 823 2116 ingenii
868 2043 1148 2101 nobilitate
1187 2045 1448 2120 deligitis,
1503 2047 1853 2115 admirantes,
1933 2064 2206 2122 congruas
2309 2044 2615 2114 exemplum
2645 2059 2755 2099 non
2771 2044 2972 2100 bonum
3007 2045 3223 2101 caeteris
3243 2045 3510 2113 tribuens,
3557 2046 3731 2116 visus,
3774 2055 3857 2102 est
3892 2053 3907 2100 ε

610 2130 837 2200 litteras,
874 2132 960 2187 his
1026 2149 1260 2205 quorum
1288 2134 1535 2204 interest,
1571 2152 1638 2191 ex
1681 2137 2001 2193 auctoritate
2060 2136 2206 2192 sedis
2307 2147 2451 2188 nunc
2493 2140 2675 2188 autem
2722 2140 2775 2188 et
2818 2134 2993 2203 vobis,
3042 2141 3094 2188 et
3140 2134 3320 2202 nobis,
3371 2142 3427 2190 et
3467 2134 3717 2205 plurimis
3761 2135 3911 2190 utilis

613 2227 816 2275 nostra
836 2219 1153 2289 direximus,
1187 2231 1350 2295 atque
1390 2224 1895 2295 magnanimitatem
1941 2233 2202 2292 vestram,
2307 2228 2407 2289 est,
2439 2220 2868 2294 longanimitatis
2886 2220 3121 2277 formam
3140 2230 3194 2278 et
3212 2223 3707 2293 patientizecunctis
3722 2231 3910 2280 osten-

613 2321 777 2380 quam
804 2307 959 2364 istius
989 2310 1231 2383 religiosi
1244 2312 1449 2385 negotii
1479 2312 1625 2369 circa
1680 2329 1782 2369 nos
1853 2314 2205 2370 incentricem
2305 2308 2460 2364 dens.
2494 2309 2773 2383 Rogamus
2802 2326 2935 2381 ergo
2962 2318 3021 2365 ut
3049 2326 3220 2382 penes
3246 2326 3346 2367 vos
3373 2327 3482 2366 non
3514 2312 3619 2367 sibi
3648 2320 3756 2367 tam
3772 2329 3906 2368 suus

612 2396 991 2468 cognovimus,
1049 2413 1173 2454 eam
1228 2399 1580 2456 nihilominus
1634 2403 2035 2459 exsecutricem
2090 2400 2206 2459 fore
2306 2397 2448 2452 obsit
2478 2414 2754 2467 excessus,
2789 2414 2950 2472 quam
2980 2399 3107 2456 fidei
3137 2408 3191 2456 et
3218 2400 3419 2456 amoris
3447 2416 3579 2472 erga
3609 2417 3709 2457 vos
3739 2402 3908 2456 habiti

609 2498 714 2540 nec
742 2484 1013 2542 immerito
1042 2487 1381 2561 delegamus.
1417 2488 1699 2558 Quatenus
1754 2498 1976 2563 propter
2003 2492 2201 2560 Deum,
2303 2486 2479 2558 prosit
2508 2485 2755 2543 aﬂ'ectus.
2786 2489 2854 2543 Et
2884 2489 3011 2560 quia
3038 2504 3236 2544 noxam
3266 2489 3545 2561 propriam
3574 2498 3628 2545 et
3681 2506 3902 2561 poenam

612 2573 768 2643 cujus
796 2573 915 2630 Filii
945 2576 1182 2647 pretioso
1214 2578 1481 2651 sanguine
1510 2588 1622 2635 tota
1650 2596 1752 2651 per
1788 2581 2053 2635 mundum
2110 2597 2205 2637 re-
2304 2575 2567 2631 indictam
2598 2576 2701 2631 sibi
2728 2575 2978 2635 confiteri
3005 2593 3116 2633 non
3170 2577 3365 2646 renuit,
3424 2578 3900 2635 animadversione

611 2660 828 2733 dempta
851 2663 1098 2718 consistit
1125 2664 1395 2733 Ecclesia,
1428 2666 1508 2723 sic
1538 2667 1691 2723 istius
1721 2669 2050 2725 necessariae
2094 2669 2196 2725 dis-

2304 2672 2516 2720 remota
2546 2681 2709 2737 quam
2739 2666 2957 2733 meruit,
2989 2675 3247 2738 patronos
3297 2676 3534 2735 vestros,
3579 2677 3635 2723 et
3681 2677 3899 2725 sanctos

609 2751 949 2820 pensationis
978 2751 1219 2809 instituta
1245 2755 1533 2823 custodiat,
1567 2764 1625 2811 ut
1653 2772 1687 2811 a
1741 2758 1982 2828 paternis
2038 2774 2204 2830 regu—
2304 2752 2513 2810 scilicet
2539 2754 2745 2825 primos
2774 2756 3054 2826 apostolos
3084 2772 3143 2812 se
3172 2755 3414 2828 proﬁcue
3442 2757 3644 2813 adiisse
3672 2766 3727 2813 et
3754 2758 3901 2814 salu—

610 2836 679 2893 lis
708 2839 1014 2895 constitutis
1042 2842 1340 2914 antiquitus
1389 2844 1443 2899 in
1494 2852 1648 2915 parte
1704 2845 1875 2902 altera
1929 2863 2205 2920 nunquam
2304 2849 2451 2898 tasse
2481 2842 2549 2898 de
2580 2843 2792 2916 reliquo
2822 2845 3038 2912 sentiat,
3071 2853 3124 2901 et
3153 2845 3222 2901 de
3251 2853 3396 2902 tanto
3426 2846 3530 2901 sibi
3554 2846 3754 2903 collato
3773 2863 3900 2903 mu-

610 2925 833 2983 omnino
860 2927 1126 2985 discedat.
1161 2932 1452 2999 Praeterea,
1486 2933 1632 3004 quod
1677 2931 1952 2990 filiolitatis
2008 2943 2205 2993 vestrae
2303 2947 2438 2987 nere
2464 2932 2676 2988 laetetur
2704 2941 2758 2988 et
2786 2933 3040 3007 gaudeat,
3074 2942 3133 2989 ut
3163 2935 3257 2989 ubi
3284 2935 3892 3007 abundavitpeccatum,

608 3014 742 3086 petit
770 3014 1049 3087 industria,
1081 3026 1138 3074 ut
1167 3036 1398 3092 quorum
1430 3021 2088 3095 suggestionibusdudum
2110 3040 2203 3082 ve-
2227 3074 2272 3097 η
2304 3022 2726 3091 superabundet,
2788 3024 3088 3078 secundum
3126 3025 3468 3095 Apostolum,
3508 3025 3689 3097 gratia
3717 3026 3896 3095 (Rom.

608 3074 716 3158 ξιτ-ε
745 3103 811 3159 sit
859 3074 1049 3161 dilata,
1076 3074 1264 3178 petitio
1319 3074 1660 3181 detegawmus,
1719 3112 1940 3168 omnino
1996 3114 2197 3181 sciatis,
2225 3074 2274 3138 Ο
2301 3074 2386 3182 v):
2414 3110 2550 3165 Data
2573 3074 2749 3183 pridie
2779 3111 3053 3167 Kalendas
3080 3074 3427 3183 Novembris,
3454 3074 3894 3172 in‘dictoecima.

606 3192 730 3265 quia
759 3208 859 3250 nos
888 3194 1014 3252 licet
1041 3195 1251 3269 indigni
1298 3197 1488 3267 simus,
1550 3208 1733 3257 tamen
1790 3201 2046 3273 quoniam
2102 3219 2203 3275 per
2955 3235 3218 3292 XXXIX.

607 3284 1055 3355 consequentiam
1083 3286 1330 3356 priorum
1357 3296 1665 3345 nostrorum
1712 3290 2028 3361 pontificum
2083 3308 2196 3348 ma-

2561 3337 2634 3379 AD
2665 3338 3060 3380 IMPERATOREM
3097 3340 3168 3380 ΕΤ
3205 3341 3639 3384 IMPEMTRICEH.

604 3371 1652 3485 turq‘lcogimurtesﬁejudidog(213183!!!
1675 3385 1835 3485 tantae
1854 3379 2200 3485 ἀειξξκξξαῐὶο-
2561 3371 2630 3379 η’
2666 3371 2744 3380 Ψ
2913 3371 3289 3485 2.1;;037’63

602 3457 688 3514 nis
715 3459 841 3516 ideo
869 3477 980 3517 non
1011 3461 1167 3520 facile
1198 3472 1323 3521 tunc
1380 3465 1790 3524 deliberandam
1844 3469 2195 3540 credidimus,

601 3563 671 3603 ne
699 3547 982 3618 diﬂinisse,
1015 3552 1160 3624 quod
1190 3554 1338 3610 Deus
1365 3555 1643 3626 averterit,
1673 3555 1854 3612 minus
1911 3559 2198 3615 ordinabi-

598 3636 722 3692 liter
751 3638 1084 3696 videremur.
1116 3642 1185 3696 At
1212 3651 1503 3715 postquam
1532 3646 1678 3700 Deus
1706 3647 2048 3719 omnipotens
2096 3665 2197 3720 pe-

600 3724 847 3780 titionem
877 3728 1183 3784 serenitatis
1213 3738 1421 3807 vestrze
1453 3734 1991 3804 comprovincialium
2051 3754 2196 3807 prte-

599 3812 778 3868 sulum
808 3816 1116 3873 testimonio
1146 3804 1439 3889 decoravii,
1470 3821 1580 3877 imo
1617 3823 1927 3880 testimonia
1980 3804 2196 3897 praesu-

599 3901 712 3957 lum
741 3902 957 3975 pietatis
988 3913 1186 3963 vestrae
1217 3907 1480 3983 suffragio
1509 3910 1866 3980 conﬁrmavit,
1901 3931 2002 3970 nos
2060 3916 2223 3972 reli-'

598 3991 814 4063 giosam
832 3993 1154 4065 petitionem
1171 4005 1405 4055 vestram
1434 4001 1846 4074 complevimus,
1882 4012 1935 4060 et
1991 4021 2195 4079 sugge-

594 4079 866 4137 stionibus
928 4081 1157 4140 fratrum
1231 4088 1794 4164 coepiscoporumque
1884 4101 2190 4150 nostrorum

594 4184 792 4227 manus
819 4174 1179 4244 porreximus,
1214 4184 1267 4232 et
1285 4177 1547 4235 Ecclesiae
1584 4181 1683 4236 Dei
1713 4183 1872 4237 tantis
1902 4184 2193 4239 necessita-

596 4258 738 4315 tibus
766 4262 1130 4330 consulentes,
1163 4266 1232 4321 de
1262 4266 1519 4324 thesauro
1575 4269 1898 4340 pontiﬁcalis
1952 4272 2190 4344 pectoris

592 4345 664 4401 ita
693 4348 848 4404 vobis
878 4351 1216 4422 protulimus,
1248 4362 1306 4409 ut
1333 4372 1363 4409 a
1391 4356 1650 4413 doctrinis
1679 4359 1930 4415 deviasse
1990 4361 2189 4419 veteri-

594 4434 697 4491 bus
725 4436 877 4494 nullo
904 4440 1067 4497 modo
1095 4442 1397 4498 videamur.
1430 4445 1567 4500 Data
1595 4451 1661 4502 ut
1697 4464 1872 4520 supra

2442 3502 2550 3557 Pro
2572 3501 2875 3574 Madelgero
2915 3505 3011 3575 qui
3068 3503 3386 3560 Odelricum
3440 3504 3742 3563 occiderat.

2367 3599 2620 3655 JOANNES
2631 3599 2904 3672 ipiscOpus
2917 3601 2987 3656 ad
2999 3601 3383 3673 imperatorem
3401 3610 3452 3658 et
3468 3602 3893 3675 imperatricem.

2367 3688 2506 3742 Dum
2530 3704 2640 3744 non
2657 3688 2834 3745 minus
2853 3706 2950 3761 pro
2960 3690 3351 3747 misericordiae
3367 3691 3556 3747 intuitu
3578 3693 3897 3767 delinquen-

2295 3776 2437 3832 tibus
2457 3785 2482 3811 ι
2502 3777 2828 3848 exhibendo,
2862 3780 3232 3851 quamjudicii
3263 3780 3548 3836 severitate
3578 3781 3636 3836 in
3682 3782 3895 3855 impro-

2295 3865 2397 3920 bos
2426 3866 2747 3933 exercenda,
2775 3868 3118 3939 omnipotens
3148 3869 3297 3926 Deus
3324 3868 3555 3941 gloriam
3578 3872 3893 3928 serenitatis

2293 3962 2493 4011 vestrae
2520 3942 2793 4027 imperiali
2820 3957 3053 4014 voluerit
3076 3957 3369 4015 sublimare
3398 3959 3620 4033 decore,
3653 3961 3887 4035 dignum

2294 4043 2540 4115 profecto
2561 4061 2685 4102 esse
2706 4046 2806 4101 rati
2824 4062 3011 4102 sumus
3022 4048 3278 4119 pastorali
3291 4064 3423 4105 cura
3435 4048 3728 4122 fungentes
3746 4052 3895 4123 apud

2292 4133 2588 4204 majestatis
2619 4142 2816 4191 vestrae
2846 4135 3222 4192 excellentiam
3251 4153 3353 4209 pro
3381 4138 3671 4194 multorum
3696 4139 3893 4208 salute,

2294 4222 2382 4279 vel
2410 4223 2532 4279 vitae
2560 4223 2917 4297 indulgentia,
2950 4225 3227 4298 praecipue
3269 4226 3483 4282 illorum
3542 4226 3635 4300 qui
3692 4228 3893 4285 diabo-

2290 4309 2396 4368 lico
2424 4312 2550 4368 licet
2579 4312 2834 4368 instinctu
2864 4312 3101 4369 nefanda
3148 4315 3563 4383 committentes,
3626 4316 3698 4372 ad
3755 4332 3894 4389 apo-

2223 4438 2274 4499 D
2292 4401 2554 4456 stolorum
2581 4400 2888 4473 principum
2917 4403 3060 4459 Petri
3090 4411 3143 4459 et
3172 4404 3328 4459 Pauti
3359 4404 3625 4461 fautorum
3676 4414 3888 4463 vestro-

2294 4506 2415 4545 rum
2446 4490 2651 4556 limina,
2684 4491 2870 4547 divina
2900 4499 3083 4547 tamen
3111 4492 3307 4564 pietate
3365 4494 3643 4562 commoti,
3704 4495 3913 4559 venire.

1234 4566 1541 4624 XXXVIII.
2293 4578 2569 4650 festinant,
2611 4587 2664 4635 et
2693 4580 3128 4637 misericordiam
3156 4582 3348 4638 humili
3379 4598 3542 4654 prece
3569 4583 3880 4655 implorant,

857 4665 932 4707 AD
962 4668 1218 4711 canowu
1249 4670 1470 4712 canvuu
1517 4672 1933 4717 IMPERATOREI.
2291 4675 2403 4722 toto
2428 4668 2627 4723 mentis
2649 4669 2842 4724 annisu
2888 4669 3247 4740 intercedere,
3296 4679 3457 4744 atque
3514 4687 3616 4743 pro
3673 4674 3885 4729 viribus

1212 4745 1392 4814 (Anno
1424 4748 1577 4817 876.)
2290 4755 2642 4812 conslationis
2668 4771 2831 4828 Opem
2870 4758 2925 4812 in
2979 4767 3238 4830 quantum
3296 4759 3380 4817 fas
3437 4769 3520 4817 est
3576 4763 3884 4833 petentibus

592 4826 1069 4925 Laudatle‘am‘de
1341 4836 1431 4925 iri
1458 4837 1797 4925 [immeritam
1846 4842 2083 4925 prolato,
2128 4846 2186 4898 et
2288 4843 2552 4915 impertiri
2584 4826 2895 4902 clementer.
2917 4826 3071 4904 Unde
3099 4864 3203 4920 pro
3234 4849 3390 4919 hujus
3421 4849 3543 4917 viri,
3576 4826 3882 4925 ltiadelgeri

808 4901 1070 4959 hortatur
1090 4901 1158 4960 ἀί
1176 4921 1306 4960 cum
1336 4906 1436 4962 έηο
1467 4908 1780 4966 Clementer
1806 4901 1961 4984 αέῖαί·
2069 4901 2081 4913 ’
2288 4901 2538 4989 videlicet
2564 4934 2804 5007 nomine,
2838 4935 2930 5008 qui
2955 4901 3268 4993 adversario
3299 4901 3556 4994 incitante
3577 4901 3872 5011 quemdam

658 5004 911 5062 Joamvas
939 5009 1230 5082 episcopus
1261 5012 1484 5069 CAROLO
1515 5014 1842 5086 imperatori,
2285 5021 2559 5077 hominem
2581 5004 2897 5080 Odelricum
2919 5026 3187 5082 vocabulo
3210 5028 3461 5097 peremit,
3495 5027 3685 5098 salute,
3702 5045 3880 5085 mem-

660 5093 836 5164 Super
847 5096 1057 5166 judicio
1087 5107 1267 5155 vestro
1294 5100 1348 5156 in
1376 5103 1700 5160 Emmenum
1729 5108 1960 5178 prolato,
1995 5124 2029 5164 ο
2088 5126 2173 5167 re-
2283 5112 2502 5166 brorum
2523 5111 2763 5167 omnium
2784 5113 3114 5185 integritate,
3148 5123 3203 5170 et
3230 5133 3415 5171 rerum
3445 5132 3670 5172 suarum
3720 5118 3880 5175 resti-

586 5180 828 5277 ctissime
857 5185 1172 5258 imperator,
1216 5205 1339 5245 cum
1378 5192 1517 5248 casio
1570 5200 1679 5249 tota
1732 5203 1873 5251 terra
1948 5197 2178 5255 laetatur.
2280 5199 2504 5267 tutione,
2529 5180 3014 5272 majestatives'traa
3045 5180 3441 5277 suggessimus,
3465 5203 3701 5261 ﬁliorum
3752 5209 3881 5263 cha-

554 5268 854 5361 Scriptum
885 5283 968 5329 est
998 5276 1142 5331 enim
1177 5294 1189 5332 :
1222 5280 1533 5338 Laetabitur
1565 5284 1760 5354 justus
1800 5302 1930 5341 cum
1976 5287 2182 5343 viderit
2281 5289 2515 5357 rissime,
2551 5298 2603 5346 et
2630 5306 2732 5361 pro
2759 5306 2942 5347 amore
2986 5293 3086 5349 Dei
3145 5301 3197 5349 et
3254 5293 3468 5349 Domini
3523 5295 3695 5351 nostri
3747 5298 3877 5353 Jesu

582 5357 893 5418 vindictam
924 5363 1098 5434 (Psal.
1120 5367 1275 5438 Lvn).
1308 5369 1414 5423 Cur
1443 5378 1622 5427 autem
1652 5372 1898 5429 decimus
1941 5374 2175 5445 laetatur,
2281 5378 2497 5447 Christi,
2524 5357 2947 5453 sanctorumque
2974 5382 3368 5453 apostolorum,
3401 5399 3633 5455 quorum
3693 5385 3876 5440 limina

644 5487 670 5515 ⁸
696 5490 809 5540 Post
834 5490 1036 5542 verbum
1060 5492 1455 5557 delinquentibus
1484 5496 1681 5549 additur
1725 5498 1776 5549 in
1817 5500 1937 5551 edit.
1990 5502 2133 5553 Rom.
2191 5503 2196 5513 '

574 5555 782 5621 Iudicia)
808 5558 904 5609 etc.
941 5559 1119 5610 Mam.

2285 5505 2442 5557 solum
2492 5503 2713 5557 Vestrum
2783 5520 2880 5570 qua
2944 5512 3142 5570 accepta
3183 5510 3425 5561 ἀιυιωπαι
3467 5509 3689 5561 exhibito
3726 5524 3873 5576 quam
