4174 6308
309 255 416 308 693

1549 251 1904 310 EPISTOLE
1950 251 2039 308 ET
2097 252 2443 311 DECRETA.

3503 258 3606 313 694

309 374 571 447 praefatus
602 375 948 449 Madelgerus
993 375 1144 446 adiit,
1192 384 1502 450 nostraeque
1548 376 1908 448 paternitatis,
1942 376 1998 437 A
2018 376 2274 442 futurum,
2308 385 2359 433 et
2388 377 2725 450 spiritualem
2755 379 2934 450 potius
2965 396 3130 453 quam
3161 381 3342 437 saeculi
3382 380 3616 452 gloriam

314 480 480 537 quam
507 464 930 521 sincerissimam
948 481 1080 538 erga
1103 482 1204 520 nos
1226 467 1459 534 habetis,
1491 465 1780 522 dilectione
1797 481 1918 535 pre-

317 569 529 618 camur,
563 560 830 624 quatenus
861 554 1097 626 gratiam
1122 562 1362 609 vestram
1390 555 1690 625 plenariam
1721 554 1774 608 ei
1801 553 1917 608 red-

315 642 451 696 dere
480 657 589 696 non
621 642 1016 714 dedignemini,
1052 659 1224 715 eoque
1255 659 1377 698 cum
1399 651 1592 698 vestrae
1613 642 1916 698 serenitatis

317 739 572 801 respectu
601 739 846 801 accepto,
880 746 981 802 pro
1011 731 1122 786 suis
1153 731 1324 786 valeat
1373 730 1689 786 excessibus
1735 729 1915 801 poeni-

315 819 541 874 tentiam
570 818 904 875 fructuosam
945 820 1217 890 accipere,
1269 836 1377 892 qua
1424 819 1699 876 commissi
1743 819 1918 890 possit

315 908 514 978 piaculi
543 910 733 962 noxias
766 909 960 964 sordes
990 909 1232 975 abluere,
1267 916 1324 962 ut
1356 909 1576 979 spiritus
1619 908 1803 964 salvus
1849 907 1918 962 sit

314 995 371 1050 in
402 996 490 1052 die
514 996 748 1062 Domini,
773 997 841 1052 de
861 997 1113 1052 omnibus
1135 997 1381 1053 ultricem
1404 997 1583 1052 dantis
1603 996 1912 1052 vindictam.

314 1086 457 1140 Nam
485 1101 584 1156 pro
615 1085 746 1139 tanti
775 1085 986 1140 itineris
1016 1086 1203 1142 labore
1243 1086 1553 1154 durissimo,
1609 1102 1770 1158 quem
1818 1101 1917 1140 ve-

313 1174 518 1229 niendo
546 1189 844 1245 perpessus
875 1183 975 1240 est,
1010 1175 1148 1230 sicut
1186 1175 1477 1239 credimus,
1531 1175 1918 1246 aliquantulam

317 1263 387 1318 de
417 1271 642 1333 peracto
674 1263 884 1318 scelere
915 1263 1308 1336 indulgentiam
1337 1263 1550 1330 meruit,
1587 1264 1702 1332 ejus
1734 1263 1918 1334 utique

319 1350 807 1406 intercessionibus
837 1351 1072 1419 adjutus,
1108 1352 1192 1407 cui
1223 1351 1426 1407 dictum
1457 1367 1489 1406 a
1519 1351 1750 1406 Domino
1781 1367 1917 1406 con-

317 1447 459 1494 stat:
486 1441 600 1495 Tibi
619 1441 754 1495 dabo
775 1441 958 1496 claves
981 1443 1139 1512 regni
1157 1443 1442 1496 caelorum.
1466 1442 1536 1495 Et
1555 1440 1920 1512 quodcunque

319 1530 584 1601 ligaveris
613 1545 784 1601 super
813 1533 1048 1594 terram,
1085 1531 1195 1585 erit
1220 1531 1452 1601 ligatum
1479 1533 1536 1585 et
1562 1532 1624 1584 in
1646 1530 1834 1596 caelis;
1865 1532 1922 1584 et

317 1618 680 1690 quodcunque
697 1619 927 1674 solveris
945 1634 1114 1690 super
1133 1622 1365 1685 terram,
1387 1621 1500 1674 erit
1517 1619 1767 1674 solutum
1785 1621 1842 1673 et
1857 1619 1920 1672 in

2019 473 2366 532 sectaturum,
2415 482 2538 522 cum
2587 475 2638 522 et
2681 467 2801 538 ipsa
2847 469 3101 524 nimirum
3158 469 3454 524 nobilitatis
3505 485 3618 525 suae

2016 554 2270 624 insignia,
2305 563 2356 610 et
2388 555 2665 627 sapientia:
2697 557 2939 626 specula,
2973 557 3102 612 talia
3131 558 3199 614 de
3247 566 3297 612 te
3343 558 3614 628 speranda

2016 642 2351 708 tribuerunt;
2386 645 2532 715 quod
2554 644 2681 716 quia
2702 644 2979 700 vindicare
3001 645 3105 699 sibi
3125 645 3382 701 virtutum
3402 645 3612 700 nisibus

2017 739 2070 785 et
2099 731 2366 802 probitate
2396 747 2608 788 morum
2639 733 2980 789 sanctitatem
3031 741 3174 788 tuam
3221 734 3608 804 comperimus,

2016 819 2132 874 Deo
2164 820 2476 875 innumeras
2507 821 2708 892 gratias
2737 821 2896 878 valde
2926 821 3263 895 gratulanter
3303 821 3608 888 retulimus,

2017 915 2070 962 et
2098 907 2152 960 in
2184 908 2304 973 hoc,
2340 908 2486 980 quia,
2521 909 2819 965 secundum
2835 909 3176 980 Apostolum,
3199 925 3323 982 spes
3343 927 3456 966 non
3474 927 3612 966 con-

2017 996 2214 1067 fundit
2243 997 2420 1067 (Rom.
2446 997 2550 1068 ιιι),
2585 997 2954 1068 experimenta
2975 997 3263 1054 didicimus
3297 1016 3310 1052 :
3342 1005 3396 1052 et
3416 997 3538 1053 ideo
3559 997 3616 1052 in

2016 1085 2281 1156 proximo,
2332 1101 2500 1142 causa
2550 1086 2939 1142 ecclesiasticae
2997 1086 3158 1142 simul
3212 1095 3266 1142 et
3321 1085 3616 1158 imperialis

2019 1174 2455 1244 opportunitatis,
2486 1183 2759 1230 certorum
2799 1177 3184 1247 congregaturi
3234 1175 3614 1246 episcoporum

2019 1262 2333 1330 concilium,
2368 1263 2711 1319 dilectionem
2742 1275 2887 1318 tuam
2917 1271 3064 1320 tanto
3116 1264 3406 1320 conventui
3447 1265 3614 1333 jube-

2018 1368 2139 1405 mus
2171 1352 2386 1408 adesse.
2420 1352 2661 1424 Accinge
2688 1352 2853 1424 igitur
2883 1352 3018 1408 sicut
3047 1352 3131 1407 vir
3161 1353 3376 1408 lumbos
3395 1360 3539 1419 tuos,
3565 1359 3620 1408 et

2019 1456 2237 1495 assume
2270 1440 2364 1494 tibi
2393 1457 2598 1512 pennas
2629 1441 2766 1496 sicut
2793 1441 3061 1506 columba,
3094 1448 3146 1496 et
3175 1441 3319 1508 vola,
3372 1448 3425 1495 et
3464 1440 3614 1507 veni,

2019 1537 2071 1583 et
2108 1529 2390 1600 requiesce
2437 1530 2494 1584 in
2542 1529 2662 1584 sinu
2712 1529 3025 1600 apostolicae
3071 1529 3398 1598 dilectionis,
3441 1529 3512 1584 ita
3556 1537 3615 1584 ut

2017 1617 2194 1688 pridie
2224 1617 2495 1672 Kalendas
2526 1618 2863 1685 Decembris,
2913 1617 3257 1688 praesentiam
3296 1625 3444 1672 tuam
3471 1616 3614 1672 limi—-

314 1707 471 1762 uelis
492 1707 709 1776 (Matth.
735 1706 874 1775 xvr).
903 1705 1062 1774 Quod
1081 1722 1201 1761 cum
1223 1706 1294 1760 ita
1312 1707 1400 1772 sit,
1424 1722 1711 1777 precamur
1733 1706 1912 1772 etiam,
1945 1735 1996 1794 B
2018 1706 2178 1760 nibus
2209 1705 2521 1776 apostolicis
2551 1713 2603 1762 et
2633 1706 2834 1761 nostris
2865 1705 3121 1761 exhibeas
3152 1721 3378 1778 prorsus
3409 1705 3613 1761 obtuti-

313 1802 374 1848 ut
401 1811 523 1848 eum
555 1809 679 1850 cum
709 1795 1027 1865 parentibus
1059 1795 1176 1863 ejus
1207 1795 1296 1867 qui
1326 1796 1614 1850 defunctus
1645 1802 1743 1861 est,
1777 1794 1919 1866 paci-

313 1899 468 1938 scere
495 1883 752 1950 jubeatis,
786 1899 854 1940 ne
884 1884 1056 1952 majus
1090 1884 1349 1955 deinceps
1378 1885 1579 1939 malum
1610 1901 1736 1956 quo,
1771 1884 1916 1938 mul-

316 1979 498 2026 torum
528 1972 722 2028 animm
751 1981 964 2038 noceat,
996 1980 1356 2045 perpetretur.
1391 1975 1526 2028 Data
1556 1977 1620 2029 ut
1655 1990 1842 2046 supra.

1053 2133 1167 2187 XL.

671 2243 744 2283 AD
784 2244 1092 2285 EPISCOPUM
1129 2245 1556 2285 CARNOTENSEM.

941 2319 1120 2391 (Anno
1152 2321 1298 2389 876.)

484 2428 589 2482 Pro
619 2425 926 2498 Madelgero
956 2428 1052 2498 qui
1094 2427 1413 2483 Odelricum
1441 2427 1741 2484 occiderat.

385 2547 644 2601 JOANNES
677 2546 965 2618 episcOpus
987 2547 1428 2603 reverentissimo
1451 2548 1786 2603 GISLIBERTO
1809 2549 1916 2620 epi-

315 2651 488 2706 scopo
519 2645 718 2691 sanctae
750 2637 1100 2691 Carnotensis
1129 2637 1413 2692 Ecclesia.

385 2725 708 2780 Dilectionis
737 2733 934 2780 vestra:
964 2725 1326 2780 reverentiam
1347 2725 1674 2796 spiritalibus
1704 2725 1914 2796 pollere

310 2813 606 2868 virtutibus
636 2814 825 2884 procul
853 2814 1020 2869 dubio
1067 2815 1396 2878 arbitrantis,
1446 2815 1530 2868 his
1577 2815 1912 2885 apostolatus

310 2902 484 2957 nostri
511 2902 701 2957 litteris
729 2903 1041 2972 convenire,
1075 2919 1138 2958 ac
1169 2919 1270 2973 pro
1311 2911 1581 2974 praesente
1629 2905 1747 2958 viro
1795 2905 1910 2958 Ma-

312 2991 562 3063 delgero,
596 2992 688 3062 qui
721 2992 981 3046 suadente
1013 2992 1355 3047 adversarios
1405 2993 1697 3064 quemdam
1732 2993 1911 3047 homi-

311 3096 441 3134 nem
472 3079 783 3135 Odelricum
814 3080 1030 3136 nomine
1061 3081 1242 3152 gladio
1273 3082 1519 3151 peremit,
1557 3083 1697 3136 unde
1728 3082 1912 3136 divina
1941 3091 1990 3154 α

309 3168 669 3238 inspiratione
699 3177 1056 3239 compunctus
1088 3169 1157 3224 ad
1188 3169 1369 3223 limina
1409 3179 1720 3225 sanctorum
1771 3186 1907 3241 apo—

313 3257 575 3312 stolorum
606 3257 909 3328 principum
942 3259 1083 3313 Petri
1115 3274 1178 3313 ac
1208 3259 1377 3324 Pauli,
1412 3275 1512 3329 per
1549 3259 1716 3331 longa
1745 3260 1908 3316 itine-

311 3363 435 3401 rum
465 3347 634 3416 spatia
664 3363 761 3416 pro
789 3347 960 3417 ipsius
991 3347 1171 3401 delicti
1201 3347 1492 3402 abolitione
1536 3348 1722 3402 venire
1753 3365 1908 3402 cura-

311 3435 408 3500 vit,
441 3444 626 3506 petere
656 3437 953 3500 studemus,
989 3445 1044 3490 ut
1074 3451 1174 3506 pro
1202 3452 1384 3490 amore
1415 3436 1532 3501 Dei,
1559 3444 1611 3491 et
1631 3453 1818 3491 eorum
1841 3439 1908 3492 ad

311 3541 548 3597 quorum
581 3525 980 3580 sacratissimas
1011 3525 1271 3580 ecclesias
1301 3526 1464 3589 venit,
1491 3534 1541 3579 et
1562 3543 1662 3596 pro
1685 3527 1796 3580 suis
1818 3543 1910 3582 ex-

310 3614 560 3670 cessibus
589 3615 762 3668 Deum
792 3615 1118 3684 deprecatus
1147 3623 1247 3679 est,
1273 3630 1485 3670 necnon
1508 3623 1560 3669 et
1581 3631 1679 3685 pro
1710 3623 1911 3671 nostrae

310 3703 654 3774 paternitatis
684 3703 991 3769 dilectione,
1027 3703 1102 3757 illi
1134 3719 1321 3758 omnes
1352 3720 1438 3758 res
1467 3705 1717 3774 proprias
1749 3713 1911 3776 atque

311 3791 640 3848 beneficium
671 3808 794 3848 cum
823 3792 1059 3863 propriis
1091 3793 1388 3846 honoribus
1420 3809 1554 3863 quos
1592 3793 1906 3859 abstulistis,

313 3897 440 3937 cum
469 3881 709 3952 plenaria
742 3881 911 3953 gratia
942 3881 1174 3936 reddere
1206 3897 1313 3936 non
1335 3881 1725 3953 dedignemini,
1756 3882 1911 3937 sicuti

315 3970 624 4025 dilectionis
654 3979 857 4025 nostrae
888 3971 1225 4026 consortium
1257 3979 1308 4024 et
1337 3971 1654 4026 charitatem
1685 3971 1832 4027 circa
1861 3980 1912 4027 te

315 4059 470 4130 cupis
500 4059 697 4115 habere
731 4059 1018 4115 sinceriter
1047 4059 1320 4113 illibatam.
1357 4061 1498 4114 Data
1529 4064 1591 4114 ut
1617 4077 1791 4132 supra
1813 4069 1836 4095 ⁸
1868 4079 1887 4116 :

1045 4220 1184 4274 XLI.

511 4333 583 4372 AD
615 4333 951 4374 ADALARDUM
979 4334 1286 4374 EPISCOPUH
1315 4333 1715 4374 VERONEMSEM.

937 4410 1116 4476 (Anno
1148 4407 1296 4476 8'76.)

316 4523 680 4580 Commendat
713 4540 842 4579 eum
870 4523 932 4596 pb
957 4523 1266 4595 praeclaras
1295 4523 1553 4596 virtutes,
1577 4526 1632 4578 et
1653 4523 1813 4594 jubet
1843 4527 1907 4578 ut

653 4595 884 4651 Romam
917 4596 988 4650 ad
1018 4596 1324 4650 concilium
1355 4595 1565 4649 veniat.

384 4694 639 4749 JOANNEs
667 4694 954 4764 episcOpus
975 4696 1278 4748 Ammano
1303 4693 1562 4764 episcopo
1615 4691 1909 4747 Veronensi

387 4782 632 4837 Advertit
663 4783 823 4852 plane
852 4781 1141 4852 prudentia
1172 4790 1262 4836 tua
1293 4791 1492 4852 quanto
1521 4789 1571 4836 et
1594 4781 1737 4853 quali
1763 4781 1910 4837 circa

315 4888 376 4927 se
407 4871 741 4942 apostolatus
769 4880 955 4926 noster
983 4871 1179 4943 ﬂagret
1209 4869 1423 4935 aﬂ'ectu,
1457 4887 1579 4925 cum
1613 4879 1716 4926 ture
1746 4886 1911 4925 causa

313 4961 676 5032 provectionis
731 4975 842 5014 non
891 4960 1163 5016 modicum
1209 4960 1598 5030 sumpserimus
1644 4959 1905 5024 laborem,

314 5049 571 5104 idoneum
615 5056 665 5104 te
713 5048 914 5103 Christi
961 5049 1303 5104 sacerdotem
1352 5049 1544 5103 merito
1587 5048 1908 5102 arbitrantes

381 5209 404 5236 ³
431 5202 482 5251 In
505 5201 624 5253 edit.
653 5203 870 5253 Romana
895 5205 1003 5265 post
1027 5203 1132 5253 haec
1156 5201 1346 5252 additur
1369 5201 1720 5263 fragmentum,
1747 5202 1802 5250 ut
1827 5213 1911 5264 ap-

315 5273 475 5332 paret,
502 5269 702 5320 alterius
727 5269 944 5332 epistolaa
971 5283 984 5319 :
1019 5289 1040 5311 σ
1069 5268 1232 5318 Gloria
1261 5268 1605 5329 magnitudinis
1630 5271 1805 5318 vestrae
1833 5280 1911 5316 co-

317 5341 522 5399 gnoscat
563 5337 673 5398 quia
713 5335 966 5386 Roﬂ'redus
987 5336 1220 5397 gloriosus
1245 5347 1408 5386 comes
1446 5336 1714 5385 monachus
1755 5334 1910 5384 sancti

317 5402 530 5452 Amantii
555 5403 611 5452 Β.
638 5405 783 5453 Petro
809 5404 1136 5465 apostolorum
1164 5402 1364 5464 principi
1392 5402 1493 5464 (hic
1527 5401 1719 5463 aliquid
1756 5403 1907 5462 deest)

313 5469 504 5519 tribuit.
534 5468 683 5530 Cujus
706 5471 931 5531 quoniam
956 5469 1189 5531 quasdam
1215 5483 1294 5519 res
1321 5469 1577 5519 Umfredus
1601 5479 1764 5517 comes
1787 5468 1912 5518 dici-

315 5539 396 5586 tur
420 5535 700 5601 abstulisse,
727 5535 924 5599 pietatis
947 5539 1122 5588 vestra:
1146 5536 1349 5600 gloriam
1373 5536 1698 5599 supplicamus
1743 5537 1794 5584 ut
1823 5545 1910 5596 pro

2021 1795 2141 1848 bus.
2178 1795 2344 1849 Porro
2376 1795 2420 1848 si
2451 1795 2554 1850 hoc
2583 1794 2918 1866 impossibile
2947 1795 3170 1860 asseris,
3210 1809 3309 1849 vm
3339 1793 3614 1850 Kalenda-

2020 1896 2140 1933 rum
2181 1879 2558 1934 Ianuariarum
2607 1880 2752 1951 quod
2797 1880 3080 1934 hortamur
3125 1886 3180 1934 et
3215 1878 3468 1948 jubemus
3510 1895 3610 1935 ex-

2017 1966 2174 2038 pleri,
2209 1968 2254 2022 si
2286 1967 2546 2022 duntaxat
2575 1968 2643 2022 ab
2687 1967 2998 2040 apostolica
3045 1967 3190 2023 sedis
3233 1966 3614 2024 communione

2018 2055 2203 2111 renuis
2233 2071 2454 2126 prorsus
2474 2057 2651 2112 arceri
2687 2075 2700 2111 :
2734 2056 2959 2128 dignum
2983 2056 3127 2112 enim
3146 2071 3256 2112 non
3275 2063 3357 2111 est
3375 2064 3432 2110 ut
3452 2062 3615 2111 tanta

2019 2145 2296 2215 sapientiae
2326 2145 2408 2201 vir
2434 2153 2580 2200 tanto
2609 2145 2801 2216 procul
2827 2145 2990 2201 coetui
3025 2145 3110 2200 sit.
3163 2144 3425 2216 Optamus
3479 2159 3614 2199 san-

2017 2233 2250 2288 ctitatem
2282 2241 2429 2289 tuam
2459 2234 2515 2288 in
2547 2234 2759 2289 Christo
2781 2235 2919 2290 bene
2939 2233 3140 2290 valere.
3166 2233 3304 2289 Data
3317 2249 3372 2288 iv
3389 2233 3615 2289 Nonnas

2016 2322 2361 2389 Nevembris,
2395 2322 2688 2379 indictione
2719 2322 2950 2378 decima.

2719 2489 2866 2545 XLII
2879 2531 2890 2544 .

2402 2611 2474 2650 AD
2511 2611 2767 2652 CAROLUM
2798 2611 3214 2652 IMPERATOREM.

2631 2703 2812 2773 (Anno
2843 2704 2992 2773 876.)

2013 2827 2235 2882 Laudat
2261 2826 2402 2900 quod
2433 2826 2577 2882 sedis
2607 2828 2925 2898 apostolicae
2957 2827 3163 2897 legatos
3193 2825 3608 2900 benigneexce-

2083 2901 2250 2970 perit,
2269 2897 2550 2968 rogatque
2598 2897 2663 2951 ut
2709 2899 2971 2970 Ecclesia:
3006 2900 3268 2970 Romana:
3293 2897 3602 2970 prredgnes,

2084 2967 2180 3041 qui
2225 2967 2529 3041 missorum
2576 2970 2754 3039 ipsius
2795 2969 3080 3041 judicium
3130 2967 3373 3024 latentes
3401 2967 3610 3039 effuge-

2084 3039 2240 3106 rant,
2273 3040 2485 3112 requiri
2515 3044 2569 3094 et
2600 3039 2842 3094 coerceri
2860 3039 3076 3110 jubeat.

2079 3165 2334 3218 JOANNES
2365 3163 2652 3234 episcopus
2684 3163 2908 3218 Canono
2937 3162 3271 3233 imperatori.

2080 3272 2399 3325 Innumeras
2427 3269 2783 3340 omnipotenti
2811 3270 2928 3324 Deo
2959 3276 3142 3340 grates
3190 3276 3242 3323 et
3283 3267 3472 3323 laudes
3510 3283 3602 3322 re-

2009 3358 2253 3423 ferimus,
2290 3358 2382 3430 qui
2412 3374 2507 3414 cor
2536 3358 2753 3429 pietatis
2784 3365 2997 3423 vestrae,
3046 3358 3192 3429 quod
3237 3356 3291 3411 in
3315 3372 3476 3411 manu
3506 3372 3606 3411 sua

2010 3447 2276 3513 consistit,
2309 3455 2458 3502 tanta
2488 3447 2720 3518 Spiritus
2751 3447 2926 3502 sancti
2956 3446 3133 3519 gratia
3161 3445 3376 3516 replere
3403 3445 3604 3518 digna-

2009 3547 2095 3592 tus
2138 3545 2239 3606 est,
2272 3544 2474 3609 quanto
2505 3535 2786 3592 sollicitius
2816 3552 2914 3592 vos
2957 3551 3141 3591 sacras
3177 3551 3334 3589 aures
3373 3534 3441 3590 ad
3471 3549 3604 3604 pro-

2010 3626 2210 3682 fectum
2238 3625 2500 3682 Ecclesiae
2530 3625 2686 3681 nobis
2716 3625 3023 3680 commissae
3050 3623 3304 3679 divinitus
3339 3623 3602 3678 inclinan-

2011 3724 2113 3781 tes,
2149 3723 2202 3770 et
2237 3715 2549 3786 apostolicae
2598 3713 2744 3769 sedis
2788 3714 3020 3786 legatos,
3067 3713 3302 3768 Leonem
3350 3711 3606 3768 videlicet

2011 3804 2419 3875 apocrisiarium
2450 3811 2500 3859 et
2529 3803 2758 3858 missum
2788 3809 2984 3859 sanctae
3019 3803 3274 3859 Romanae
3318 3800 3599 3870 Ecclesiae,

2014 3908 2110 3948 seu
2143 3893 2382 3957 Petrum,
2424 3892 2761 3947 venerabiles
2801 3893 3108 3962 episcopos,
3150 3899 3476 3962 nostrosque
3518 3889 3606 3945 di-

2011 3981 2202 4045 lectos,
2238 3997 2302 4036 ea
2331 3981 2668 4053 benignitate
2699 3995 2807 4053 qua
2836 3981 2978 4035 soliti
3008 3981 3159 4049 estis,
3192 3987 3243 4034 et
3273 3995 3337 4034 eo
3375 3978 3606 4049 amplius

2014 4071 2330 4140 suscepistis
2367 4087 2379 4124 :
2413 4078 2465 4125 et
2495 4070 2589 4123 illa
2629 4086 2748 4140 qua:
2788 4068 2943 4123 vobis
2981 4084 3079 4138 pro
3119 4075 3261 4122 statu
3299 4083 3361 4122 ac
3400 4067 3606 4123 exalta-

2013 4159 2157 4214 tione
2190 4167 2389 4213 sanctae
2420 4157 2516 4212 Dei
2548 4157 2809 4212 Ecclesiae
2852 4164 3258 4228 suggesserunt,
3312 4155 3380 4210 ad
3428 4154 3609 4210 edica-

2014 4263 2133 4303 cem
2163 4246 2325 4301 finem
2354 4245 2646 4318 provenire
2668 4245 2925 4314 jussistis.
2979 4246 3120 4300 Vere
3167 4244 3332 4312 enim,
3376 4242 3606 4298 ﬁliorum

2014 4335 2352 4399 charissime,
2386 4351 2481 4390 cor
2512 4342 2752 4389 vestrum
2784 4334 2840 4387 in
2869 4348 3030 4387 manu
3058 4333 3158 4387 Dei
3187 4340 3287 4401 est,
3333 4332 3459 4404 quia
3489 4332 3606 4400 ejus

1941 4425 2266 4514 Dconsultu
2297 4424 2545 4479 universa
2575 4422 2879 4494 disponitis,
2911 4430 2965 4478 et
3007 4422 3279 4493 sapienter
3318 4421 3606 4492 imperium

2026 4515 2181 4569 vobis
2223 4513 2478 4569 collatum
2527 4512 2798 4567 moderari
2845 4511 3070 4567 studetis
3113 4529 3126 4566 :
3169 4509 3297 4582 quia
3344 4526 3408 4564 ex
3455 4516 3610 4564 utero

2007 4603 2197 4659 matris
2229 4602 2403 4658 crevit
2434 4601 2718 4658 vobiscum
2767 4601 3048 4671 sapientia,
3098 4606 3148 4654 et
3198 4598 3464 4655 rectitudo
3508 4596 3608 4652 fuit

2009 4691 2207 4748 dilecta
2236 4699 2417 4746 vestra
2447 4691 2640 4746 amica.
2681 4691 2750 4744 Et
2781 4690 2905 4761 quia
2951 4687 3348 4760 praeconiorum
3391 4693 3606 4741 vestro-

2010 4798 2132 4836 rum
2160 4782 2394 4836 humana
2422 4779 2609 4853 lingua
2656 4778 2756 4833 fari
2799 4793 2908 4833 non
2950 4775 3142 4831 suﬁicit
3187 4774 3604 4844 multitudinem,

2011 4871 2080 4925 ad
2109 4869 2198 4924 illa
2229 4885 2350 4941 quae
2382 4869 2451 4924 de
2481 4867 2790 4924 inﬁdelibus
2817 4865 3015 4921 nostris
3064 4871 3118 4917 et
3165 4863 3355 4918 vestris
3393 4871 3609 4933 peracta

2010 4965 2135 5014 sunt
2177 4957 2540 5028 epistolariter
2581 4956 2855 5010 adeamus.
2909 4951 3112 5008 Vestris
3161 4951 3400 5023 quidem,
3449 4951 3608 5007 beni-

2010 5046 2274 5120 gnissime
2304 5047 2616 5118 imperator,
2652 5043 2894 5115 apprime
2926 5040 3148 5098 eruditis
3192 5039 3322 5096 viris
3351 5048 3404 5096 et
3434 5041 3608 5096 Deum

2011 5205 2176 5243 amore
2201 5195 2481 5242 sanctorum
2507 5188 2831 5254 apostolorum
2855 5187 3127 5251 principum
3154 5185 3346 5237 easdem
3369 5198 3447 5237 res
3469 5182 3606 5237 reddi

2010 5261 2216 5321 praefato
2241 5253 2549 5308 monasterio
2566 5255 2923 5319 praesentaliter
2948 5253 3139 5304 faciatis
3163 5257 3401 5321 quatenus
3425 5254 3609 5304 fructus

2011 5320 2186 5376 vestrae
2212 5325 2448 5374 mercedis
2472 5325 2671 5374 maneat
2694 5323 2741 5372 in
2774 5321 3002 5373 saeculum
3044 5320 3226 5372 saeculi.
3273 5321 3394 5371 Data
3435 5324 3488 5370 ut
3529 5333 3607 5370 su-

2009 5405 2122 5458 pra.
2160 5412 2180 5433 ιι
2213 5394 2388 5442 MANSI.
