4174 6302
563 238 667 292 695

573 465 760 521 scopo,
792 455 844 505 et
872 446 1166 519 Adalgario
1192 444 1491 503 venerabili
1535 444 1812 515 episcopo,
1863 440 2169 498 communi-

570 539 670 594 bus
700 553 921 611 quoque
951 535 1206 592 ﬁdelibus
1234 535 1453 600 nostris,
1480 533 1630 603 juxta
1651 532 1796 604 quod
1815 532 2167 604 petieramus,

573 643 676 699 pro
704 628 910 682 honore
940 634 1101 698 atque
1128 624 1357 680 utilitate
1388 631 1591 678 sancta
1619 620 1806 677 matris
1836 627 2032 677 vestra
2058 621 2169 675 Ec-

577 715 760 773 clesia
788 716 1049 771 Romanae
1075 729 1110 769 a
1134 713 1290 770 vobis
1318 711 1559 778 directis,
1589 711 1820 766 Romam
1858 707 2171 781 pervenien-

577 804 742 871 tibus,
775 811 828 859 et
856 810 1117 876 quantum
1145 801 1302 859 vobis
1327 799 1531 870 justitia
1558 799 1788 871 placeat,
1821 796 1944 853 luce
1972 795 2171 853 clarius

577 893 923 964 agnovimus,
975 899 1028 947 et
1069 891 1138 947 dc
1166 888 1363 945 affectu
1390 888 1644 954 ﬁliorum,
1688 902 1851 958 quem
1897 901 2031 959 erga
2070 900 2172 941 nos

578 981 938 1048 conservatis,
989 980 1046 1035 in
1095 979 1327 1036 Domino
1372 976 1630 1050 gratulati
1674 990 1858 1030 sumus
1899 992 1912 1029 :
1955 973 2054 1028 sed
2102 974 2171 1030 de

577 1069 892 1126 inﬁdelibus
940 1076 1251 1139 sanctaque
1296 1067 1554 1122 Romana
1599 1064 1860 1120 Ecclesiae
1899 1063 2166 1130 hostibus,

577 1174 715 1231 quos
745 1173 845 1230 pro
875 1157 1056 1212 multis
1086 1154 1389 1212 sceleribus
1416 1169 1479 1209 ac
1506 1152 1857 1225 pravitatibus
1886 1151 1999 1207 suis
2027 1149 2171 1206 ovile

580 1246 779 1302 Christi
809 1262 918 1301 non
947 1244 1155 1316 recipit,
1190 1245 1295 1300 huc
1323 1243 1558 1315 illucque
1583 1241 1939 1311 latitantibus,
1989 1247 2042 1295 et
2069 1255 2172 1296 ne-

480 1356 491 1363 °
579 1334 927 1391 fandissimos
955 1340 1110 1389 actus
1140 1347 1270 1387 suos
1314 1340 1502 1403 tegere
1544 1330 1910 1394 molientibus,
1958 1344 2070 1385 non
2115 1335 2174 1384 ut

574 1422 827 1495 oportuit,
860 1437 1041 1494 neque
1073 1421 1212 1477 sicut
1240 1420 1409 1476 vestri
1438 1419 1726 1476 voluerunt
1752 1418 1936 1491 legati,
1970 1417 2039 1472 de
2066 1415 2175 1471 illis

573 1511 747 1584 potuit
775 1510 1084 1581 adimpleri.
1116 1510 1258 1564 Nam
1286 1516 1345 1563 ut
1371 1508 1446 1564 ita
1476 1507 1762 1574 fateamur,
1810 1523 1840 1560 a
1884 1505 1987 1560 sibi
2018 1504 2173 1560 simi-

572 1599 717 1656 libus
744 1597 1052 1654 inﬁdelibus
1082 1598 1279 1654 vestris
1309 1605 1363 1655 et
1391 1596 1623 1652 inimicis
1667 1595 1889 1660 nostris,
1942 1593 2173 1665 quibus-

575 1687 700 1744 dam
727 1686 934 1744 scilicet
962 1686 1383 1753 marchionibus,
1416 1701 1551 1758 quos
1580 1684 1747 1740 iidem
1794 1682 1963 1739 vestri
2009 1681 2174 1753 legati

578 1776 890 1843 narrabunt,
924 1775 1177 1833 occultati
1224 1782 1277 1830 et
1317 1773 1556 1847 eﬁ‘ugati,
1605 1789 1707 1829 nec
1753 1772 1821 1828 ad
1865 1788 1924 1827 se
1969 1786 2174 1842 percu-

578 1865 772 1922 tientes
800 1865 1004 1921 reversi
1034 1872 1176 1933 sunt,
1211 1878 1315 1920 nec
1344 1863 1481 1919 alios
1512 1879 1625 1918 sua
1653 1861 1873 1918 malitia
1915 1860 2171 1932 inquina-

580 1963 766 2010 mento
796 1952 1171 2010 contaminare
1221 1951 1507 2008 desistunt.
1554 1950 1786 2006 Proinde
1832 1948 2176 2006 clementiam

581 2051 779 2099 vestrae
808 2040 1146 2099 celsitudinis
1175 2040 1545 2113 imploramus,
1580 2046 1632 2095 et
1660 2055 1761 2111 per
1790 2037 2028 2094 futurum
2075 2036 2177 2093 Dei

573 2131 841 2203 judicium
869 2131 1202 2200 adjuramus,
1231 2137 1290 2184 ut
1318 2129 1542 2185 eosdem
1568 2135 1771 2184 sanctae
1797 2127 1895 2183 Dei
1916 2126 2177 2183 Ecclesia

577 2222 764 2276 hostes
794 2226 955 2292 atque
984 2210 1294 2290 pradones,
1329 2217 1627 2290 sacrilegos
1676 2230 1893 2289 quoque
1940 2215 2056 2271 sive
2094 2223 2178 2288 ty-

578 2323 801 2377 rannos,
836 2323 902 2363 ac
929 2323 1030 2379 per
1059 2308 1163 2363 hoc
1190 2322 1222 2361 a
1250 2306 1447 2361 Christi
1491 2305 1722 2378 collegio
1772 2303 2032 2376 synodice
2083 2321 2177 2361 se-

583 2404 911 2469 questratos,
943 2394 1240 2452 studiosius
1269 2394 1472 2466 requiri
1493 2393 1751 2464 jubeatis,
1776 2400 1829 2450 et
1850 2393 1919 2448 ad
1938 2393 2179 2465 lugenda

581 2485 729 2543 mala
785 2502 904 2558 qua
958 2484 1404 2556 impratermisse
1459 2484 1724 2539 hactenus
1773 2482 1981 2554 operati
2032 2488 2175 2549 sunt,

582 2574 722 2631 sicut
744 2574 859 2644 jam
888 2573 1228 2640 decrevistis,
1263 2572 1454 2629 exsilio
1486 2571 1777 2643 deputetis.
1827 2570 1963 2640 Quia
1999 2570 2046 2625 si
2074 2570 2179 2642 ipsi

582 2663 676 2735 qui
703 2670 913 2719 tantum
939 2662 1041 2718 Dei
1069 2662 1377 2718 Ecclesium
1405 2661 1764 2728 macularunt,
1809 2660 2028 2731 impune
2064 2659 2179 2729 jam

579 2759 818 2808 vestram
850 2750 1187 2807 sanctionem
1213 2748 1561 2823 diffugerint;
1608 2749 1695 2805 vel
1742 2748 1807 2817 si,
1861 2748 2006 2820 quod
2047 2764 2179 2805 eve-7

583 2839 704 2897 nire
751 2854 862 2895 non
907 2838 1090 2905 debet,
1139 2839 1196 2894 in
1239 2846 1425 2896 vestro
1469 2837 1699 2909 imperio
1741 2837 2176 2909 quibuscunque,

586 2929 734 3001 quod
761 2936 921 2998 turpe
950 2935 1035 2983 est
1081 2927 1280 2994 dicere,
1333 2934 1518 2982 contra
1564 2933 1803 2981 vestram
1848 2926 2180 2981 voluntatem

584 3017 665 3074 eis
713 3016 956 3073 favorem
1002 3015 1403 3088 praestantibus,
1454 3023 1565 3071 tam
1610 3014 1855 3071 absolute
1901 3014 2179 3071 discurre-

584 3107 725 3174 rint;
756 3113 928 3162 totum
956 3105 1100 3161 idem
1133 3112 1378 3161 vestrum
1422 3104 1713 3176 imperium
1754 3103 2180 3176 coinquinabnnt

586 3203 642 3253 et
669 3195 819 3252 omni
846 3193 1239 3250 Christianitati
1268 3193 1615 3266 dispendium
1659 3194 2013 3265 generabunt,
2055 3193 2182 3266 quia

588 3300 714 3341 cum
744 3284 851 3339 sint
879 3283 985 3354 ipsi
1014 3299 1148 3339 oves
1175 3282 1460 3349 morbida,
1512 3290 1680 3338 totum
1722 3298 1947 3356 gregem
1987 3290 2182 3339 conta-

587 3373 814 3441 minant,
848 3380 900 3429 et
929 3379 1085 3428 erunt
1110 3371 1407 3427 novissima
1434 3371 1652 3427 illorum
1680 3372 1866 3443 pejora
1884 3370 2178 3444 prioribus.

591 3463 831 3533 Ideoque
878 3462 1053 3531 major
1096 3461 1319 3517 morbus
1364 3461 1555 3531 majori
1600 3460 1871 3516 medicina
1914 3462 2183 3517 curandus

590 3559 708 3620 est;
759 3566 828 3608 ne
876 3551 922 3605 si
967 3565 1079 3607 non
1122 3549 1303 3606 debita
1343 3550 1429 3606 vel
1486 3550 1629 3622 quali
1672 3550 1830 3606 decet
1876 3549 2184 3607 austeritate

591 3640 822 3697 vulnera
845 3654 1107 3712 magnum
1134 3638 1362 3695 fetorem
1404 3638 1586 3695 dantia
1633 3638 1892 3695 radicitus
1940 3646 2187 3695 resecuta

591 3727 812 3797 fuerint,
871 3734 1040 3784 totum
1091 3743 1290 3799 corpus
1332 3727 1596 3784 Ecclesia
1640 3726 1876 3797 tabeﬁat,
1928 3735 1981 3784 et
2028 3728 2185 3783 nobis

593 3818 713 3873 hac
769 3815 1159 3872 sustinentibus
1213 3815 1573 3872 ministerium
1627 3824 1871 3872 nostrum
1931 3833 2185 3873 exercere

592 3921 704 3961 non
732 3904 914 3962 liceat.
952 3905 1077 3960 Non
1106 3904 1251 3960 enim
1283 3905 1615 3976 Stephanum
1645 3913 1699 3962 et
1729 3905 1980 3979 Sergium
1997 3906 2067 3962 ad
2086 3922 2186 3962 nos

591 3994 967 4051 fraudulenter
995 3993 1274 4050 venientes
1319 3994 1561 4067 recipere
1610 3994 1900 4066 noluimus,
1952 3996 2049 4050 sed
2091 4011 2187 4053 eos

593 4084 665 4141 ad
693 4092 930 4142 vestram
958 4083 1145 4141 venire
1184 4083 1446 4154 jussimus
1490 4085 1850 4155 majestatem.
1896 4085 2184 4154 Caeterum,

591 4173 666 4229 ﬁli
695 4172 1034 4245 charissime,
1065 4173 1354 4230 thesauros
1383 4174 1650 4231 Ecclesia
1691 4183 1910 4244 nostra,
1958 4175 2026 4228 ab
2073 4174 2187 4230 eis-

590 4263 719 4319 dem
745 4261 1150 4319 nefandissimis
1177 4271 1364 4334 raptos
1393 4279 1457 4319 ac
1484 4262 1782 4331 fraudatos,
1804 4263 1878 4318 ita
1907 4263 2088 4320 sciatis
2116 4262 2187 4319 ab

592 4351 726 4423 ipsis
755 4351 916 4406 etiam
949 4350 1169 4419 celatos,
1202 4358 1261 4406 ut
1289 4368 1389 4422 per
1417 4366 1513 4407 eos
1544 4352 1635 4423 qui
1668 4352 1755 4407 hic
1783 4353 1852 4408 de
1886 4352 1998 4407 suis
2028 4350 2188 4407 satel-

1833 225 2130 284 JOANNIS
2190 225 2380 282 PAPE
2434 224 2555 281 VIII
2567 265 2581 280 .

572 360 906 427 timentibus,
938 352 966 390 δ
992 355 1264 431 Ansegiso
1291 355 1543 412 videlicet
1570 354 1872 411 reverendo
1901 352 2164 424 archiepi—
2193 354 2250 415 A

3764 218 3874 272 696

2960 347 3149 403 XLIII.

2660 462 2733 502 AD
2769 461 3025 503 CAROLUM
3054 460 3472 503 IMPERATOREM.

2887 544 3067 617 (Anno
3098 546 3247 615 8'76.)

2271 646 2483 703 Narrat
2511 646 2871 702 calamitate:
2893 644 3157 700 Ecclesiae
3175 644 3373 700 illatas
3403 660 3439 699 a
3468 642 3790 711 Saracenis,
3815 647 3871 699 et

2341 719 2743 842 impterptorem
2769 718 3042 789 precatur
3068 719 3135 770 ut
3165 715 3456 770 auxilium
3482 715 3750 771 adversus
3780 730 3870 771 eo:

2341 804 2423 843 mi
2480 805 2513 842 a
2546 829 2558 840 .

2340 886 2595 939 JoANNEs
2625 883 2914 955 episcopus
2947 882 3170 938 CAROLO
3200 881 3538 954 imperatori.

2344 972 2557 1042 Quanta
2596 979 2650 1027 et
2697 971 2879 1044 qualia
2921 987 3022 1042 per
3068 971 3290 1042 impiam
3337 979 3556 1044 gentem
3602 970 3876 1042 patiamur

2274 1063 2675 1118 Saracenorum
2694 1104 2713 1128 ,
2774 1060 2906 1132 quid
2960 1060 3141 1116 dicam
3179 1060 3305 1132 quia
3343 1060 3585 1116 scribere
3640 1059 3873 1134 quilibet

2274 1150 2445 1223 stylus
2480 1166 2589 1205 non
2637 1148 2847 1217 sufficit,
2899 1163 3023 1204 cum
3067 1149 3249 1204 omnia
3295 1149 3446 1223 ligna
3491 1148 3772 1215 silvarum,
3827 1148 3876 1204 si

2272 1245 2554 1295 vertantur
2579 1238 2634 1293 in
2665 1238 2900 1310 linguas,
2933 1252 3193 1292 enarrare
3213 1253 3322 1293 non
3339 1237 3596 1293 valeant?
3625 1237 3871 1306 Quorum

2275 1327 2403 1399 quia
2432 1343 2498 1382 ex
2528 1327 2613 1382 his
2645 1327 2897 1399 quaedam
2925 1334 3108 1382 vestra
3130 1326 3242 1395 jam
3287 1326 3479 1383 didicit
3524 1325 3875 1393 excellentia,

2273 1415 2657 1488 pradisposuit
2714 1414 3008 1471 exercitum
3058 1430 3215 1470 suum
3263 1415 3335 1471 ad
3377 1415 3494 1470 hac
3539 1415 3875 1470 removenda

2274 1520 2397 1560 cum
2440 1503 2617 1560 valida
2659 1520 2822 1559 manu
2867 1503 3130 1577 dirigere.
3179 1502 3299 1575 Quo
3344 1520 3448 1559 nos
3492 1503 3697 1573 audito,
3744 1518 3875 1559 mox

2276 1592 2501 1650 elevatis
2530 1593 2784 1648 manibus
2813 1593 3103 1648 Dominum
3152 1592 3595 1663 collaudavimus,
3647 1593 3877 1664 ejusque

2202 1713 2256 1772 Β
2277 1681 2621 1739 clementiam
2673 1696 2775 1752 pro
2831 1681 3060 1753 imperio
3108 1689 3291 1737 vestro
3332 1681 3577 1737 latantes
3620 1680 3877 1753 protinus

2278 1770 2641 1827 exoravimus.
2675 1770 2782 1825 Sed
2810 1778 3033 1842 quanto,
3079 1767 3155 1825 ﬁli
3183 1769 3518 1843 charissima,
3568 1770 3731 1826 latati
3774 1786 3877 1825 su-

2274 1875 2396 1915 mus
2425 1859 2482 1913 in
2508 1858 2593 1915 his
2625 1874 2743 1932 qua
2773 1858 2921 1916 dicta
2950 1866 3075 1914 sunt
3102 1859 3280 1927 nobis,
3307 1867 3474 1927 tanto,
3502 1858 3642 1916 heul
3678 1860 3878 1916 tristati

2276 1955 2331 2004 et
2359 1947 2662 2015 amaricati,
2698 1948 2823 2019 quia
2852 1964 2973 2020 qua
2999 1948 3143 2004 dicta
3190 1956 3315 2004 sunt
3358 1964 3544 2004 rerum
3587 1963 3699 2004 non
3745 1956 3876 2004 sunt

2277 2035 2560 2093 effectibus
2589 2044 2977 2093 consummata.
3014 2036 3240 2093 Reversi
3271 2036 3470 2109 quippe
3500 2045 3641 2103 sunt,
3684 2044 3743 2092 ut
3770 2053 3876 2095 au-

2277 2126 2531 2193 divimus,
2564 2132 2619 2180 et
2648 2124 2778 2180 solis
2809 2125 3044 2198 paganis
3073 2125 3355 2199 gaudium,
3376 2126 3534 2182 nobis
3555 2134 3738 2182 autem
3764 2141 3880 2183 non

2278 2214 2383 2269 nisi
2435 2213 2837 2269 tribulationem
2891 2214 3316 2271 inenarrabilem
3370 2214 3728 2286 reliquerunt.
3804 2216 3875 2272 Et

2279 2319 2427 2370 ecce,
2459 2303 2598 2375 proh
2624 2302 2817 2359 dolor!
2849 2303 3082 2359 inimicis
3106 2303 3286 2360 crucis
3315 2303 3512 2360 Christi
3547 2304 3873 2378 gratulanti-

2279 2393 2400 2459 bus,
2431 2392 2581 2448 solus
2609 2390 2852 2447 ﬁdelium
2881 2400 3055 2448 coetus
3084 2408 3283 2466 magna
3326 2393 3695 2449 mastitudine
3739 2409 3873 2450 con-

2280 2480 2531 2537 sumitur.
2565 2480 2992 2537 Christianorum
3019 2482 3244 2554 sanguis
3283 2480 3597 2549 effunditur,
3641 2482 3872 2540 devotus

2278 2570 2394 2626 Deo
2447 2569 2681 2642 populus
2740 2569 2997 2627 continua
3054 2578 3241 2644 strage
3289 2579 3540 2628 vastatur.
3591 2572 3734 2628 Nam
3782 2572 3874 2644 qui

2280 2659 2463 2715 evadit
2490 2659 2677 2732 ignem
2708 2658 2795 2715 vel
2824 2659 3085 2733 gladium,
3116 2660 3304 2731 prada
3338 2658 3587 2729 efﬁcitur,
3629 2661 3871 2733 captivas

2278 2748 2527 2816 trahitur,
2560 2756 2612 2805 et
2640 2748 2792 2805 exsul
2821 2757 3115 2820 perpetuus
3146 2749 3510 2805 constituitur.
3560 2751 3644 2805 En
3674 2750 3869 2806 civita-

2280 2844 2382 2905 tes,
2435 2846 2650 2909 castra,
2700 2845 2753 2893 et
2797 2837 2938 2895 villa
2983 2838 3250 2894 destituta
3294 2838 3686 2895 habitatoribus
3727 2840 3871 2911 peri-

2282 2934 2458 2993 erunt,
2491 2934 2544 2982 et
2573 2926 2815 2999 episcopi
2859 2928 2961 2984 hac
3006 2927 3242 3000 illacque
3287 2928 3542 2999 dispersi.
3590 2928 3721 2985 Sola
3765 2928 3872 2985 illis

2282 3015 2651 3087 apostolorum
2677 3016 2983 3088 principum
3010 3016 3194 3073 limina
3238 3017 3498 3074 derelicta
3546 3026 3671 3073 sunt
3700 3019 3757 3073 in
3784 3034 3873 3074 re-

2287 3067 2544 3087 Ἰηη---
2565 3067 2650 3072 ἡ.
2678 3067 2882 3088 rw":
2897 3067 2983 3072 ηπ
3011 3067 3194 3073 _______
3241 3067 3497 3074 _-____-__
3546 3067 3669 3073 ____
3700 3067 3757 3073 __
3784 3067 3846 3074 __

2209 3067 2259 3132 Ο
2282 3103 2508 3178 fugium,
2542 3121 2667 3162 cum
2694 3106 2971 3178 episcopia
2990 3122 3180 3163 eorum
3195 3107 3251 3162 in
3271 3106 3507 3163 ferarum
3527 3108 3634 3163 sint
3652 3109 3873 3164 redacta

2282 3194 2502 3262 cubilia,
2534 3201 2588 3251 et
2615 3194 2721 3266 ipsi
2748 3195 2878 3268 vagi
2906 3203 2960 3251 et
2989 3195 3106 3251 sine
3139 3196 3295 3253 tectis
3342 3195 3566 3264 inventi,
3613 3213 3724 3253 non
3760 3198 3872 3267 jam

2283 3283 2363 3339 eis
2391 3284 2550 3340 liceat
2579 3284 2896 3355 pradicare,
2929 3285 3029 3341 sed
3062 3285 3396 3342 mendicare.
3446 3286 3611 3350 Ecce,
3659 3287 3876 3344 charis-

2284 3372 2441 3439 sime,
2466 3374 2715 3445 pervenit
2743 3373 2959 3448 gladius
2988 3391 3161 3447 usque
3190 3375 3259 3429 ad
3288 3374 3559 3443 animam;
3599 3390 3730 3432 ecce
3757 3377 3877 3433 dies

2282 3461 2339 3517 in
2368 3477 2475 3534 qua
2490 3463 2788 3518 clamamus
2808 3480 2820 3519 :
2841 3465 3026 3520 Beata
3043 3466 3268 3521 steriles
3283 3481 3405 3538 quae
3419 3481 3536 3521 non
3552 3471 3877 3537 genuerunt

2284 3552 2441 3622 (Luc.
2472 3553 2662 3624 xxm);
2693 3567 2823 3610 ecce
2851 3553 2946 3609 illa
2973 3553 3282 3624 periculosa
3308 3561 3554 3624 tempora
3573 3554 3725 3610 Pauli
3744 3570 3879 3613 voce

2283 3640 2543 3711 pradicta
2571 3643 2646 3713 (II
2679 3643 2816 3699 Tim.
2847 3642 2951 3714 in).
2985 3641 3139 3698 Libet
3166 3659 3299 3716 ergo
3327 3659 3448 3699 cum
3484 3644 3722 3699 Ieremia
3768 3643 3882 3701 cla-

2286 3745 2432 3785 mare
2462 3730 2605 3803 (cap.
2639 3730 2723 3797 Ix)
2757 3748 2771 3785 :
2807 3731 2939 3799 Quis
2963 3731 3117 3788 dabit
3146 3734 3323 3805 capiti
3369 3748 3491 3790 meo
3521 3750 3747 3806 aquam,
3777 3738 3881 3791 aut

2285 3821 2464 3876 oculis
2492 3820 2634 3876 meis
2653 3823 2873 3892 fontem
2897 3822 3298 3892 lacn/marum,
3322 3829 3382 3876 ut
3400 3821 3657 3895 plangam
3677 3830 3882 3878 tantam

2286 3923 2352 3964 ac
2378 3909 2538 3964 talem
2568 3908 2864 3979 miseriam,
2898 3909 3005 3965 tale
3032 3926 3097 3966 ac
3123 3917 3327 3965 tantum
3355 3910 3627 3967 excidium
3645 3912 3883 3982 patria?

2287 3996 2397 4053 Sed
2427 4005 2478 4053 et
2507 3997 2561 4053 in
2587 3997 2822 4064 tristitia,
2854 3998 2983 4070 quin
3009 3999 3189 4070 potius
3213 3999 3270 4055 in
3297 3999 3454 4054 ruina
3497 4000 3720 4056 domina
3750 4017 3883 4074 gen-

2285 4086 2437 4153 tium,
2471 4086 2662 4160 regina
2688 4086 2922 4153 urbium,
2954 4094 3131 4143 mater
3158 4088 3544 4155 Ecclesiarum,
3580 4090 3884 4146 consolatio

2284 4175 2535 4244 tristium,
2566 4183 2755 4248 portus
2803 4176 3242 4247 periclitantium.
3285 4178 3449 4248 Ecce,
3500 4178 3740 4251 inquam,
3788 4196 3885 4235 re-

2284 4275 2413 4316 vera
2442 4261 2559 4316 dies
2589 4260 2953 4317 tribulationis
3004 4269 3057 4316 et
3098 4262 3379 4334 angustia,
3413 4262 3530 4318 dies
3567 4263 3886 4320 calamitatis

2286 4357 2338 4404 et
2365 4349 2617 4405 miseria.
2650 4351 2927 4406 Praeterito
2958 4351 3159 4423 quippe
3185 4367 3327 4407 anno
3354 4351 3745 4408 seminavimus
3766 4352 3887 4425 qui-

591 4440 777 4496 litibus
805 4447 1202 4506 remanserunt,
1226 4438 1459 4494 inveniri
1489 4455 1598 4494 non
1626 4440 1870 4511 possint;
1901 4439 2024 4495 illos
2054 4457 2185 4497 vero
2205 4434 2258 4494 D
2288 4438 2434 4504 dem,
2468 4440 2567 4494 sed
2595 4455 2705 4495 non
2721 4440 3130 4513 recolligimus;
3165 4442 3270 4497 hoc
3290 4456 3417 4497 vero
3439 4457 3600 4511 anno,
3627 4442 3753 4513 quia
3773 4457 3887 4497 non

589 4529 682 4602 qui
711 4535 977 4584 noverunt
1004 4528 1096 4583 ubi
1127 4543 1222 4582 eos
1252 4527 1673 4594 recondiderint,
1725 4545 1795 4583 ne
1841 4528 2022 4601 detegi
2050 4545 2185 4600 pos-

591 4624 733 4686 sent,
764 4617 906 4688 apud
936 4632 996 4672 se
1025 4615 1217 4672 callide
1244 4615 1496 4682 retinent,
1529 4624 1582 4670 et
1609 4616 1714 4671 nisi
1744 4616 1848 4688 ipsi
1893 4617 2036 4688 capti
2064 4616 2185 4675 fue-

591 4704 715 4771 rint,
747 4704 842 4759 ubi
870 4712 993 4760 sunt
1025 4704 1280 4760 occultati
1308 4720 1407 4759 nos
1435 4691 1759 4776 nostrosque
1796 4704 2010 4776 penitus
2038 4705 2182 4774 latet,

592 4794 977 4849 Verumtamen
1021 4793 1149 4865 quid
1202 4792 1289 4849 vel
1339 4801 1600 4865 quantum
1640 4793 1709 4848 ab
1752 4810 1862 4850 uno
1910 4802 1962 4850 et
2010 4812 2184 4868 quan-

591 4890 704 4937 tum
751 4883 819 4937 ab
866 4883 974 4937 alio
1000 4924 1013 4949 ,
1070 4890 1438 4955 quantumque
1485 4881 1648 4938 etiam
1696 4883 1752 4938 in
1797 4883 2049 4940 domibus
2093 4901 2185 4942 eo-

588 4986 709 5026 rum
737 4979 1017 5042 repertum
1046 4971 1132 5039 sit,
1166 4971 1332 5027 vestri
1357 4971 1469 5040 jam
1499 4971 1626 5026 dicti
1675 4972 1840 5044 legati
1885 4981 1937 5028 et
1981 4974 2185 5046 scripto

593 5067 646 5116 et
675 5059 859 5115 verbis
886 5060 1060 5127 vobis,
1101 5060 1167 5114 sit
1199 5060 1397 5131 placet,
1449 5060 1680 5117 edicant.
1732 5063 1867 5117 Data
1895 5078 2040 5119 xvm
2070 5064 2183 5118 Ka-

582 5148 775 5205 lendas
805 5148 1144 5216 Decembris,
1179 5148 1470 5206 indictione
1498 5150 1727 5206 decima.

645 5329 672 5365 b
700 5313 932 5374 Αηεενὶεο
955 5316 1008 5362 et
1027 5313 1315 5375 Adalgario.
1353 5314 1482 5365 Missi
1517 5315 1659 5365 ambo
1698 5316 1897 5367 Romam
1934 5327 1962 5364 a
2010 5314 2182 5366 Carolo

581 5381 781 5432 fuerant
809 5392 914 5431 cum
941 5380 1113 5443 legatis
1138 5381 1414 5443 apostolicis
1439 5386 1549 5446 post
1576 5382 1812 5445 synodum
1856 5383 2184 5446 Pontigonen-

575 5460 704 5500 sem.
732 5448 983 5499 Aimoinus
1007 5447 1097 5498 lib.
1126 5460 1175 5509 v,
1201 5460 1308 5510 cap.
1335 5450 1399 5499 53
1428 5463 1441 5498 :
1470 5450 1636 5500 Soluto
1691 5454 1766 5501 est
1786 5450 2021 5511 synodus.
2057 5450 2183 5500 Pos-

579 5521 655 5567 tea
679 5516 946 5579 imperator
987 5517 1169 5577 legatos
1209 5521 1489 5568 muneratos
1535 5517 1840 5582 apostolicos,
1884 5517 2092 5569 Leonem
2134 5522 2186 5568 et

2289 4528 2696 4597 seminavimus,
2732 4544 2835 4585 nec
2859 4537 2942 4584 est
2968 4529 3322 4603 recolligendi
3367 4528 3582 4587 ﬁducia.
3630 4530 3772 4599 Quid
3816 4530 3887 4586 de

2287 4617 2513 4688 paganis
2545 4617 2794 4686 dicimus,
2827 4633 2952 4673 cum
3000 4618 3292 4673 Christiani
3332 4619 3465 4673 nihil
3510 4619 3708 4676 melius
3752 4636 3883 4691 ope-

2286 4707 2514 4761 rentur?
2563 4705 2785 4777 quidam
2835 4705 3084 4762 videlicet
3127 4724 3194 4762 ex
3242 4706 3544 4763 conﬁnibus
3590 4716 3644 4763 et
3689 4708 3884 4766 vicinis

2286 4793 2504 4862 nostris,
2537 4811 2675 4866 quos
2702 4796 3050 4852 marchiones
3080 4795 3239 4851 solito
3268 4797 3609 4868 nuncupatis.
3658 4799 3797 4853 Nam
3827 4805 3884 4853 ut

2285 4883 2601 4953 prophetico
2623 4884 2868 4940 dicamus
2892 4901 2905 4940 :
2928 4885 3232 4942 Rcsiduum
3255 4886 3483 4941 locusta
3503 4888 3747 4943 comedit
3763 4888 3885 4944 bru-

2286 4972 2423 5027 chus
2470 4973 2608 5040 (Jael
2652 4973 2733 5045 ιι).
2785 4973 2854 5029 Et
2897 4972 3027 5046 quid
3072 4974 3357 5030 Saracenis
3407 4974 3741 5044 incredulis,
3791 4975 3882 5048 qui

2285 5067 2410 5114 sunt
2439 5059 2532 5114 ﬁlii
2563 5060 2790 5129 ancilla,
2830 5061 2968 5117 forte
3010 5062 3327 5134 relinquitur
3369 5063 3438 5118 ab
3488 5063 3594 5118 illis
3642 5065 3737 5135 qui
3785 5081 3883 5136 per

2284 5146 2449 5204 ﬁdem
2477 5148 2665 5206 liberae
2693 5150 2953 5207 deberent
2982 5151 3213 5206 existere
3250 5150 3394 5207 ﬁlii?
3433 5153 3620 5224 Usque
3663 5153 3731 5208 ad
3776 5162 3887 5208 ter-

2282 5312 2505 5377 Pctrum,
2532 5314 2722 5365 remisit
2742 5314 2959 5371 Romam,
2988 5318 3165 5365 etcum
3207 5315 3278 5365 eis
3314 5316 3608 5378 Ansegisum
3651 5315 3890 5367 Senonem-

2281 5392 2383 5496 εἴη
2406 5381 2706 5499 agis-copam,
2748 5386 2798 5431 et
2819 5381 3139 5445 Adalgarium
3175 5382 3661 5444 Augustodunensem
3701 5384 3887 5448 cpisco-

2281 5461 2311 5499 o
2348 5460 2413 5498 m.
2481 5461 2586 5498 inn.

2275 5460 2413 5509 pum.
2443 5460 2586 5499 Stal.
