4174 6308
393 285 499 338 697

1645 282 2000 341 EPISTOLE
2036 284 2127 340 ET
2179 286 2507 344 DECRETA
2519 329 2533 343 .

3586 298 3689 350 698

393 426 514 466 ram
545 407 912 480 depascimur.
945 407 1088 476 Quid
1119 408 1264 464 enim
1295 408 1372 464 illi
1414 409 1640 476 faciunt,
1675 419 1727 464 et
1766 410 1854 465 isti
1883 427 1985 482 pe-
2014 410 2070 472 A
2091 418 2307 479 vestrae,
2359 411 2434 466 fili
2491 413 2827 481 charissima,
2886 414 3279 472 viscerabiliter
3343 417 3585 474 habitum
3633 427 3692 474 et

387 499 508 569 jora
537 514 646 553 non
678 496 918 552 faciunt?
949 497 1032 551 Illi
1064 505 1263 553 terram
1293 507 1586 570 occupant,
1613 499 1702 554 isti
1748 515 1872 555 cum
1902 500 1996 555 Pe-

392 597 482 642 tro
540 586 675 641 nihil
725 602 791 641 ex
824 586 1128 641 civitatibus
1174 587 1261 642 vel
1305 603 1370 642 ex
1401 604 1531 643 rure
1567 588 1842 643 dimittunt
1873 605 1886 642 :
1919 586 1998 642 illi

399 675 657 732 occidunt
690 675 894 747 gladio,
914 675 1002 729 isti
1026 675 1221 730 ablatis
1247 676 1501 731 omnibus
1533 676 1677 731 fame
1694 677 1990 743 trucidant;

391 765 469 820 illi
500 765 556 819 in
588 763 954 834 captivitatem
976 764 1196 830 ducunt,
1239 764 1328 818 isti
1359 765 1462 819 sibi
1492 766 1546 819 in
1577 766 1891 820 servitutem
1916 783 1997 821 re-

400 853 612 925 digunt.
643 853 712 907 Et
741 868 865 908 cum
886 853 1150 924 queritur
1179 853 1309 924 quid
1339 854 1598 909 adversus
1626 855 1814 910 hostes
1837 855 1994 909 dimi-

405 951 490 998 cet
515 942 864 996 inveniuntur
901 941 1056 1008 nulli,
1111 957 1235 998 cum
1276 942 1482 998 scilicet
1518 959 1708 998 eorum
1758 959 1992 1015 oppres-

397 1032 550 1087 sione
581 1031 794 1094 retenti,
821 1030 890 1084 ad
927 1031 1240 1085 mandatum
1271 1040 1515 1086 nostrum
1555 1048 1843 1088 occurrere
1860 1033 1992 1087 nulli

398 1136 625 1191 prorsus
670 1119 1034 1174 inveniantur.
1073 1120 1181 1174 Sed
1239 1136 1359 1175 cum
1429 1121 1648 1192 indique
1701 1122 1991 1194 angustiati

388 1208 710 1274 clamamus,
749 1223 858 1262 non
891 1216 973 1262 est
1005 1208 1094 1279 qui
1124 1209 1326 1275 audiat,
1363 1225 1473 1264 non
1501 1217 1582 1265 est
1611 1211 1701 1282 qui
1747 1211 1986 1280 adjuvet,

380 1313 490 1352 non
521 1305 603 1353 est
632 1297 724 1368 qui
752 1296 964 1351 salvum
995 1295 1175 1366 faciat,
1211 1298 1314 1352 nisi
1340 1307 1413 1363 tu,
1449 1297 1524 1352 fili
1565 1299 1884 1355 charissima
1936 1307 1990 1354 et

382 1386 684 1458 imperator
713 1385 1157 1452 clementissime,
1194 1386 1286 1458 qui
1334 1395 1453 1458 post
1491 1388 1666 1443 Deum
1697 1388 1855 1443 nobis
1903 1389 1987 1443 fa-

385 1483 503 1531 ctus
534 1491 594 1529 es
624 1473 680 1527 in
714 1473 1007 1545 refugium,
1041 1481 1094 1528 et
1127 1474 1396 1544 solatium,
1431 1483 1480 1530 et
1511 1475 1790 1532 auxilium.
1842 1477 1988 1546 Quo-

387 1561 532 1618 circa
573 1561 700 1618 totis
725 1562 1061 1633 praecordiis,
1095 1564 1327 1635 totisque
1358 1565 1613 1619 commoti
1663 1566 1983 1638 visceribus,

394 1667 515 1708 cum
539 1651 810 1722 episcopis
841 1658 893 1705 et
921 1650 1261 1722 presbyteris
1292 1667 1355 1707 ac
1383 1653 1724 1723 proceribus,
1752 1655 1986 1727 totisque

2098 499 2237 556 bene
2266 500 2588 572 dispositum
2613 512 2994 575 agnoscentes,
3037 505 3347 561 innumeras
3389 508 3506 562 Deo
3549 522 3685 580 gra-

2099 588 2218 656 tias,
2272 591 2364 661 qui
2412 591 2572 646 totius
2619 591 2748 646 boni
2779 601 2966 648 auctor
2991 602 3044 648 et
3071 595 3383 650 moderator
3423 603 3524 665 est,
3559 596 3686 667 qui-

2098 695 2203 748 que
2232 678 2389 734 docet
2418 679 2691 735 hominem
2714 681 2996 749 justitiam,
3030 683 3301 755 gessimus
3327 703 3341 750 ;
3377 685 3476 739 sed
3504 684 3684 755 impe-

2096 767 2228 821 divit
2265 784 2366 822 nos
2395 768 2641 838 Satanas,
2675 777 2728 823 et
2758 786 2885 840 spes
2917 779 3101 825 nostra
3120 770 3372 826 frustrata
3418 780 3518 842 est,
3561 789 3684 828 cum

2096 872 2203 910 non
2219 857 2288 911 ad
2307 864 2494 912 votum
2518 865 2764 912 nostrum
2797 866 2850 912 et
2879 874 3164 914 commune
3194 861 3531 930 propositum
3558 860 3686 916 finis

2091 944 2170 1000 rei
2199 946 2549 1016 processerit.
2585 945 2828 1014 Qualiter
2847 955 3046 1014 autem;
3080 948 3169 1002 vol
3200 965 3306 1019 quo
3334 947 3583 1016 faciente,
3610 949 3686 1004 ita

2094 1049 2260 1088 causa
2271 1034 2600 1104 provenerit.
2617 1035 2945 1107 Adalgarius
2967 1036 3345 1092 sanctissimus
3366 1037 3677 1108 episcopus,

2093 1138 2254 1192 quem
2302 1138 2422 1188 nos,
2469 1122 2633 1177 vestri
2682 1122 2885 1178 amoris
2937 1139 3103 1180 causa
3145 1124 3425 1197 ipsiusque
3471 1140 3687 1181 morum

2090 1209 2357 1280 probitate
2387 1227 2495 1266 non
2524 1211 2796 1267 immerito
2825 1213 2974 1279 moti,
3012 1213 3294 1283 palliatum
3323 1214 3391 1269 ad
3420 1229 3519 1269 vos
3553 1229 3684 1270 ecce

2089 1298 2420 1366 remisimus,
2453 1315 2485 1354 a
2514 1301 2791 1368 majestate
2839 1308 3015 1355 vestra
3057 1301 3440 1374 interrogatus,
3489 1309 3542 1357 et
3586 1319 3686 1374 per

2089 1385 2252 1442 fidem
2283 1402 2446 1458 quam
2474 1388 2629 1443 vobis
2675 1405 2734 1442 se
2765 1388 2994 1444 illaesam
3023 1397 3362 1445 servaturum
3408 1389 3686 1462 pollicitus

2090 1482 2192 1544 est,
2237 1475 2516 1545 adjuratus
2551 1477 2746 1532 edicet.
2799 1477 2933 1532 Illud
2987 1486 3165 1532 tamen
3197 1494 3300 1534 nos
3345 1479 3567 1534 interim
3615 1480 3685 1535 ad

2089 1565 2408 1619 memoriam
2439 1573 2677 1619 vestram
2705 1566 3035 1634 reducimus,
3071 1567 3216 1638 quod
3245 1567 3404 1622 nobis
3455 1567 3587 1622 olim
3616 1567 3685 1622 de

2087 1653 2357 1724 Ansegiso
2387 1661 2440 1707 et
2467 1654 2760 1708 Lantberto
2795 1655 3101 1724 specialiter
3126 1657 3362 1726 quodam
3411 1656 3684 1727 praesagio

386 1739 562 1811 plebis
608 1739 764 1794 nobis
813 1739 942 1794 olim
980 1739 1288 1795 commissae
1334 1741 1572 1813 reliquiis
1598 1744 1978 1814 deprecamur,
2019 1740 2412 1827 Bfuturorum,
2448 1749 2704 1812 tanquam
2739 1743 3000 1812 providus
3031 1759 3224 1798 revera
3254 1744 3681 1814 praenuntiastis.

376 1829 507 1898 jube
537 1828 756 1884 tandem
785 1829 1003 1899 aperire
1035 1845 1217 1895 aures,
1247 1830 1438 1885 audire
1470 1831 1734 1903 gemitum
1781 1844 1834 1889 et
1865 1837 1981 1890 sin-

385 1917 567 1990 gultus
599 1917 840 1971 omnium
871 1925 1138 1983 nostrum,
1172 1918 1458 1990 porrigere
1487 1935 1721 1991 manum,
1754 1931 1806 1978 et
1834 1942 1983 1994 prte-

386 2013 528 2062 stare
559 2022 720 2076 opem
762 2005 952 2076 patriae
980 2006 1328 2077 periclitanti,
1371 2007 1572 2063 civitati
1602 2009 1742 2065 inter
1774 2014 1985 2070 multas

384 2094 632 2149 miserias
663 2101 716 2148 et
743 2109 1016 2149 erumnas
1033 2095 1257 2164 jacenti,
1292 2103 1344 2150 et
1382 2096 1506 2152 huic
1535 2098 1795 2155 Ecclesiae
1824 2103 1984 2158 matri

383 2189 596 2247 vestra},
631 2198 664 2237 a
694 2198 802 2254 qua
831 2198 942 2237 non
973 2183 1149 2237 solum
1179 2185 1468 2254 regnandi,
1503 2187 1599 2240 sed
1629 2196 1681 2241 et
1712 2188 1764 2242 in
1789 2190 1982 2245 Domi-

383 2289 514 2327 num
529 2287 694 2326 unum
723 2279 776 2326 et
805 2283 996 2327 verum
1026 2272 1283 2327 credendi
1315 2275 1600 2328 exordium
1633 2278 1980 2349 percepistis,

389 2377 619 2432 quasque
661 2361 717 2415 in
746 2360 953 2426 ultimo,
990 2368 1175 2431 spreto
1204 2362 1346 2418 bono
1379 2371 1429 2417 et
1457 2380 1655 2436 magno
1689 2364 1984 2433 fratre,vos

384 2465 539 2504 more
568 2451 670 2505 Dei
697 2450 929 2522 gratuita
950 2449 1250 2520 voluntate,
1299 2458 1560 2522 tanquam
1605 2453 1837 2509 alterum
1888 2473 1978 2512 re-

385 2555 514 2613 gem
543 2537 717 2593 David
751 2539 916 2612 elegit
955 2547 1007 2593 et
1036 2539 1321 2613 praeelegit
1371 2549 1531 2612 atque
1575 2543 1644 2597 ad
1680 2543 1985 2615 imperialia

381 2635 600 2699 sceptra
627 2628 893 2699 provexit.
920 2629 1163 2700 Cogitate
1192 2629 1395 2701 itaque,
1429 2631 1528 2685 Dei
1563 2631 1738 2688 cultor
1768 2650 1986 2705 semper

389 2719 653 2788 Auguste,
685 2733 716 2771 a
745 2719 1014 2788 propheta
1044 2718 1368 2788 prmmoniti,
1407 2719 1453 2773 si
1483 2720 1600 2776 haec
1647 2722 1978 2790 humiliatur,

385 2805 456 2859 ad
486 2806 636 2874 cujus
666 2805 992 2878 confugietis
1055 2807 1357 2862 auxilium?
1398 2809 1484 2864 vel
1528 2810 1618 2864 ubi
1669 2811 1986 2882 relinquetis

386 2893 618 2966 gloriam
649 2902 886 2950 vestram
909 2897 938 2950 ?
961 2896 1281 2966 Perpendite
1303 2897 1430 2968 quia
1447 2898 1493 2952 si
1517 2899 1633 2954 haec
1645 2900 1982 2966 humiliatur,

385 2999 495 3038 non
516 2984 691 3038 solum
707 2984 940 3056 gloriam
959 2984 1170 3054 imperii
1187 2985 1352 3040 vestri
1375 2987 1792 3057 periclitabitur,
1817 2990 1916 3044 sed
1933 2998 1986 3045 et

384 3074 505 3146 ipsa
536 3072 780 3144 profecto
813 3073 1130 3129 Christianae
1159 3075 1440 3147 religionis
1489 3077 1701 3132 cultura
1747 3080 1981 3135 maxima

386 3179 452 3217 ex
481 3170 638 3233 parte
672 3163 886 3233 peribit.
920 3163 988 3217 Et
1018 3163 1220 3219 idcirco
1249 3165 1377 3218 talia
1406 3165 1641 3221 scientes
1670 3168 1854 3233 nolite,
1889 3169 1980 3223 ob-

386 3267 561 3318 secro,
589 3253 701 3323 jam
730 3250 972 3321 ditferre,
1023 3252 1188 3308 nolite
1237 3254 1304 3307 de
1335 3254 1422 3308 dei
1469 3255 1523 3308 in
1562 3256 1706 3310 diem
1748 3256 1979 3312 induciis

381 3356 492 3396 non
521 3341 820 3412 profuturis
849 3341 1015 3395 abuti.
1052 3343 1184 3395 Cum
1215 3343 1624 3412 proverbiatore
1671 3345 1866 3410 clamo,
1928 3354 1980 3401 et

380 3445 503 3486 cum
542 3429 831 3485 Salomone
876 3429 1176 3485 vociferor:
1201 3431 1272 3485 Ne
1309 3431 1512 3487 dicatis
1554 3433 1734 3489 amico
1774 3439 1974 3501 vestro,

389 3519 530 3576 Vade
544 3523 599 3574 et
621 3523 927 3585 revertere,
953 3537 1079 3576 cras
1103 3521 1258 3575 emm
1278 3520 1413 3575 dabo
1441 3522 1542 3576 tibi
1570 3522 1764 3593 (Eccli.
1791 3523 1874 3593 1x)
1928 3531 1980 3578 et

386 3607 522 3665 alias
546 3625 558 3661 :
579 3608 728 3675 Quod
746 3612 946 3680 potest,
968 3608 1158 3681 inquit,
1179 3627 1385 3664 manus
1403 3615 1500 3665 tua
1521 3613 1730 3682 facere,
1757 3613 1981 3667 instan-

385 3702 474 3754 ter
501 3713 733 3769 operare
754 3698 934 3768 (Prov.
960 3699 1065 3769 tu),
1099 3706 1202 3753 etc.
1227 3699 1459 3754 Nescitis
1476 3715 1730 3771 namque,
1762 3709 1818 3754 ut
1855 3717 1980 3756 cum

386 3787 540 3842 venia
571 3793 750 3842 vestra
807 3787 984 3842 dicam
1020 3788 1147 3858 quid
1177 3797 1570 3858 superventura
1612 3789 1789 3860 pariat
1839 3790 1975 3845 dies.

385 3876 466 3930 Ita
513 3891 667 3947 ergo,
701 3874 776 3929 li
812 3876 1288 3945 Christianissime,
1339 3877 1407 3932 de
1438 3879 1539 3933 hac
1592 3878 1840 3934 Ecclesia
1879 3895 1981 3934 nec

380 3981 490 4020 non
519 3973 570 4020 et
590 3965 761 4037 patria
819 3966 1080 4022 velociter
1131 3975 1185 4022 et
1231 3967 1532 4038 prudenter
1581 3967 1886 4041 excogitata
1929 3977 1982 4024 et

389 4054 655 4121 ordinate,
686 4063 742 4109 ut
773 4055 966 4109 saltem
997 4054 1129 4126 ipsae
1158 4056 1506 4126 paucissimae
1538 4057 1784 4128 reliquiae
1815 4058 1981 4113 salva

391 4143 496 4198 sint
527 4161 649 4215 quae
691 4152 1091 4210 remanserunt,
1127 4161 1355 4216 quasque
1387 4145 1624 4216 quotidie
1664 4146 1978 4201 catervatim

389 4233 572 4306 gladio
603 4240 655 4288 et
685 4233 870 4304 praeda
900 4234 1234 4304 dispereunt.
1269 4233 1553 4290 Occurrite
1582 4242 1817 4299 strenue,
1841 4235 1976 4288 sub-

388 4321 564 4378 venite
616 4322 883 4387 celeriter,
931 4329 981 4376 et
1011 4337 1194 4386 manu,
1247 4321 1636 4377 consolationis
1677 4331 1872 4379 vestrae
1911 4323 1979 4377 ab

385 4411 559 4466 oculis
588 4411 789 4466 nostris
819 4412 1035 4466 tandem
1072 4411 1366 4482 abstergite
1395 4411 1686 4482 lacrymas,
1707 4419 1974 4482 quatenus

2076 1829 2172 1883 Est
2201 1829 2344 1884 enim
2372 1830 2445 1883 ita
2473 1837 2686 1902 gestum
2733 1839 2791 1884 ut
2835 1831 3181 1902 prmvidistis,
3227 1839 3280 1887 et
3310 1833 3386 1886 nil
3415 1848 3513 1888 vos
3557 1839 3682 1888 ante

2074 1917 2230 1972 latuit
2261 1919 2407 1989 quod
2434 1919 2781 1989 postmodum
2813 1919 3120 1976 intellectus
3153 1921 3327 1976 nostri
3356 1921 3544 1977 oculus
3574 1937 3685 1976 non

2087 2007 2380 2076 aspexerit.
2416 2008 2539 2062 Non
2570 2007 2714 2062 enim
2745 2017 2894 2064 recto
2927 2025 3047 2064 cum
3078 2025 3164 2076 eo,
3198 2009 3336 2064 sicut
3366 2010 3680 2081 episcopum

2081 2095 2280 2162 decuit,
2298 2095 2589 2152 ambulavit
2615 2115 2630 2163 ;
2656 2097 2752 2150 sed
2768 2113 2869 2167 per
2893 2097 3215 2168 versipelles
3229 2097 3504 2153 anfractus
3525 2097 3681 2153 ince

2081 2183 2236 2252 dens,
2271 2185 2499 2238 multum
2530 2201 2563 2239 a
2593 2185 2681 2239 via
2710 2185 3052 2240 rectitudinis
3081 2186 3338 2242 deviavit.
3373 2186 3532 2255 Quod
3560 2203 3681 2242 cum

2082 2272 2378 2326 exhibitum
2406 2273 2474 2326 ad
2507 2273 2686 2328 lucem
2715 2274 2957 2329 veritatis
2987 2274 3267 2345 exstiterit,
3303 2275 3518 2347 penitus
3548 2291 3677 2330 eva-

2085 2378 2272 2415 surum
2299 2378 2410 2416 non
2439 2362 2713 2417 credimus
2742 2362 3087 2434 impunitum.
3114 2363 3274 2432 Cujus
3306 2364 3511 2420 scilicet
3555 2380 3680 2420 cer-

2081 2458 2192 2505 tam
2221 2450 2302 2505 rei
2331 2451 2578 2521 poteritis
2643 2451 3098 2506 circumstantiam
3129 2453 3319 2523 procul
3373 2452 3536 2508 dubio
3584 2453 3679 2508 de-

2079 2539 2443 2610 prehendere,
2477 2539 2542 2606 si,
2568 2547 2625 2594 ut
2671 2541 3028 2610 praetulimus,
3062 2541 3207 2596 idem
3254 2539 3542 2597 almiicus
3595 2541 3681 2596 vir

2081 2629 2180 2682 sub
2229 2626 2606 2683 testificatione
2673 2628 2829 2684 vobis
2869 2629 3152 2701 promissa:
3198 2629 3325 2684 fidei
3379 2629 3675 2698 adjuratus,

2083 2733 2180 2772 vos
2208 2717 2380 2772 latere
2409 2717 2663 2772 noluerit.
2699 2718 2840 2773 Sane
2889 2735 3050 2774 nosse
3093 2735 3192 2774 vos
3233 2718 3503 2785 volumus,
3555 2717 3680 2790 quia

2084 2823 2206 2861 cum
2237 2823 2382 2878 saepe
2411 2814 2762 2862 memoratum
2797 2807 3089 2863 antistitem
3135 2809 3275 2863 adeo
3318 2807 3678 2880 cognovisse-

2083 2913 2206 2950 mus
2236 2896 2393 2952 vobis
2421 2912 2543 2950 esse
2560 2894 2795 2963 delem,
2829 2905 2886 2951 ut
2915 2897 3263 2953 crederemus
3284 2897 3448 2951 nullis
3477 2913 3674 2952 mune-

2083 2985 2230 3040 ribus
2259 2984 2529 3056 nullisque
2549 2986 2850 3040 terroribus
2889 3003 2918 3039 a
2949 3003 3062 3041 suae
3091 2985 3217 3040 fidei
3261 3001 3394 3058 erga
3443 3002 3540 3040 vos
3578 2986 3679 3039 ha-

2085 3074 2208 3129 bitae
2237 3073 2546 3129 sinceritate
2575 3090 2737 3144 posse
2767 3074 2971 3141 divelli,
2997 3075 3223 3129 adhaesit
3254 3075 3449 3129 animae
3476 3081 3679 3130 nostrae

2082 3163 2269 3217 salutis
2301 3163 2462 3232 filius,
2491 3155 2544 3217 et
2573 3163 2778 3219 idcirco
2822 3164 2964 3218 inter
2993 3162 3329 3234 pontificium
3358 3170 3604 3218 nostrum
3629 3171 3684 3218 et

2080 3251 2368 3322 imperium
2383 3259 2620 3307 vestrum
2641 3253 2996 3307 mediatorem
3016 3253 3167 3306 illum
3182 3252 3298 3308 fore
3314 3251 3676 3319 decrevimus,

2081 3340 2152 3395 ita
2182 3349 2239 3395 ut
2268 3341 2427 3413 quasi
2471 3341 2620 3396 vocis
2667 3341 2949 3413 utriusque
2997 3341 3062 3395 sit
3113 3357 3400 3414 organum,
3453 3340 3676 3396 referat-

2082 3447 2186 3503 que
2231 3438 2412 3486 vestra
2463 3430 2642 3497 nobis,
2690 3438 2743 3485 et
2795 3448 2916 3501 quae
2961 3438 3146 3486 nostra
3192 3439 3314 3485 sunt
3372 3430 3526 3485 vobis
3574 3444 3679 3485 an-

2081 3519 2307 3587 nuntiet,
2367 3528 2422 3574 ut
2487 3520 2622 3591 lapis
2690 3519 2974 3592 angularis
3039 3520 3255 3573 habitus
3328 3520 3384 3572 in
3463 3519 3679 3574 Christo

2079 3611 2229 3676 Jesu,
2276 3609 2365 3681 qui
2422 3626 2492 3664 ex
2538 3626 2642 3680 pax
2700 3617 2902 3674 nostra,
2957 3617 3008 3664 et
3043 3608 3167 3664 fecit
3214 3616 3442 3680 utraque
3488 3623 3674 3662 unum.

2081 3698 2217 3755 Data
2248 3714 2346 3753 xvr
2378 3699 2654 3754 Kalendas
2670 3698 3010 3766 Decembris,
3043 3698 3334 3754 indictione
3372 3697 3602 3753 decima.

2794 3825 2960 3880 XLV.

2510 3947 2584 3986 )
2616 3946 2745 3988 RICH
2753 3946 2907 3987 ILDIM
2935 3945 3250 3987 AUGUSTAM.

2700 4022 2880 4092 (Anno
2912 4023 3062 4090 876.)

2251 4122 2426 4189 Rogat
2452 4123 2520 4173 ut
2545 4121 2809 4174 Romanae
2837 4119 3101 4172 Ecclesiae
3130 4117 3497 4188 suffragetur.

2149 4234 2405 4286 JOANNES
2437 4231 2728 4302 episcOpus
2758 4232 3009 4285 RICHILDI
3039 4234 3318 4304 Augusta.

2153 4320 2366 4389 Quanto
2395 4335 2577 4376 amore
2624 4319 2920 4391 spiritualis
2969 4319 3111 4374 filius
3172 4326 3356 4373 noster
3399 4318 3677 4390 piissimus

2080 4411 2381 4482 imperator
2410 4426 2540 4480 erga
2573 4411 2716 4465 hanc
2747 4418 2993 4465 sanctam
3036 4417 3266 4464 matrem
3311 4424 3465 4463 suam
3495 4407 3680 4464 Eccle-

381 4517 545 4571 super
573 4500 682 4555 illis
712 4509 764 4555 et
793 4501 1206 4572 prazsentialiter
1257 4501 1372 4555 Deo
1403 4500 1638 4572 propitio
1667 4502 1976 4574 gaudeatis,
2002 4496 2054 4555 D
2087 4500 2225 4555 siam
2258 4500 2450 4573 flagret
2481 4515 2546 4554 ex
2577 4500 2680 4554 hoc
2710 4498 3156 4554 manifestissime
3188 4498 3358 4554 claret
3388 4498 3532 4569 quod
3561 4514 3684 4553 cau-

382 4597 434 4645 et
461 4590 515 4645 in
544 4589 743 4654 futuro,
780 4589 1048 4662 frequenti
1089 4606 1151 4646 ac
1180 4589 1438 4644 laudabili
1469 4590 1656 4646 relicta
1685 4590 1826 4645 fama
1881 4608 1977 4645 su-

380 4679 623 4750 perstite,
653 4696 778 4734 cum
809 4679 1020 4735 Christo
1052 4687 1303 4750 perpetes
1333 4679 1387 4732 in
1408 4678 1976 4751 coelestibusimpere-

387 4769 474 4823 tis.
490 4769 626 4825 Data
638 4784 758 4824 xvu
773 4769 1050 4824 Kalendas
1079 4768 1415 4836 Decembris,
1436 4769 1728 4825 indictione
1745 4769 1973 4825 decima.

1114 4869 1301 4924 XLIV.

649 4953 722 4994 )
754 4953 1010 4994 CAROLUM
1040 4955 1258 4994 CALVUM
1291 4954 1706 4998 IMPERATOREM.

993 5013 1174 5079 (Anno
1207 5015 1357 5083 876.)

384 5101 591 5174 Scribit
638 5102 1073 5174 intellecturum
1121 5104 1522 5174 imperatorem
1567 5118 1640 5157 eo:
1667 5101 1976 5174 Adalgario

455 5173 707 5244 episcopo
725 5175 842 5240 (cui
859 5173 1104 5244 pallium
1120 5173 1512 5238 concedit)cur
1552 5173 1810 5228 Ecclesia:
1843 5190 1977 5228 cau-

452 5260 515 5298 sa
529 5259 602 5298 ex
633 5248 751 5299 voto
783 5245 1132 5314 processerit.
1175 5244 1714 5314 TaxatAnsegisum,
1735 5244 1977 5300 etAdal-

452 5317 600 5384 garii
631 5315 799 5382 dem
831 5315 1208 5370 commendat.

460 5404 714 5458 JOANNES
745 5403 1034 5475 episcopus
1069 5405 1291 5459 Canem
1322 5403 1650 5475 imperatori.

457 5493 809 5547 Laudabilem
828 5493 1044 5565 quidem
1075 5494 1425 5548 intentionem
1475 5502 1526 5548 et
1555 5493 1705 5564 pium
1737 5493 1975 5548 studium

388 5589 631 5637 vestrum
660 5597 762 5654 pro
776 5598 937 5639 causa
952 5582 1217 5640 Ecclesiae
1245 5591 1462 5655 nostrae,
1492 5582 1682 5640 matris
1724 5583 1976 5641 videlicet

2078 4607 2196 4645 sam
2225 4590 2369 4644 illius
2401 4590 2543 4662 apud
2579 4607 2637 4645 se
2669 4588 2983 4661 specialiter
3014 4587 3417 4660 exsequendam
3457 4595 3510 4642 et
3539 4587 3678 4642 ordi-

2079 4679 2316 4736 nandam
2347 4681 2403 4734 in
2432 4680 2629 4736 vestris
2659 4679 2874 4751 pr0prie
2916 4679 3166 4733 manibus
3211 4676 3512 4732 collocavit.
3578 4676 3675 4731 Cui

2079 4769 2223 4824 enim
2256 4770 2646 4841 congruentius
2696 4778 2747 4825 et
2789 4768 3127 4841 praestantius
3178 4781 3319 4831 eam,
3360 4781 3522 4837 quam
3559 4781 3674 4837 pra

2079 4860 2292 4914 caeteris
2326 4859 2678 4930 spiritualiter
2707 4859 2902 4932 diligit,
2934 4873 3048 4922 oro,
3097 4855 3474 4922 committeret,
3511 4871 3675 4928 quam

2077 4949 2233 5003 vobis
2264 4965 2384 5021 quae
2412 4950 2479 5003 ab
2511 4965 2575 5004 eo
2630 4950 2709 5004 sic
2757 4947 2910 5018 diligi
2949 4945 3233 5016 jubemini,
3275 4945 3417 5000 sicut
3449 4945 3600 5017 diligi
3643 4961 3674 5000 a

2078 5039 2290 5096 Christo
2313 5039 2533 5108 jubetur
2560 5038 2810 5094 Ecclesia
2829 5039 2856 5092 ?
2888 5037 3044 5092 Unde
3060 5050 3394 5109 magnopere
3421 5035 3672 5108 gratula-

2076 5147 2200 5185 mur
2228 5130 2296 5185 de
2325 5129 2481 5185 vobis
2511 5137 2586 5182 tot
2614 5128 2896 5182 audientes
2945 5125 3239 5198 praeconia,
3288 5133 3342 5181 et
3385 5123 3672 5181 codimus

2077 5219 2130 5274 in
2159 5218 2393 5274 Domino
2425 5218 2551 5289 quia
2584 5233 2748 5272 onera
2778 5231 2900 5289 quae
2924 5223 3221 5288 portamus,
3247 5224 3358 5270 tam
3378 5231 3410 5270 a
3441 5214 3672 5288 paganis

2078 5325 2238 5379 quam
2271 5323 2302 5362 a
2332 5305 2584 5378 pessimis
2615 5306 2955 5372 Christianis,
3004 5305 3174 5361 vestri
3222 5305 3383 5360 studii
3433 5302 3670 5359 humeris

2076 5396 2414 5461 alleviabitis,
2450 5404 2502 5451 et
2521 5395 2673 5450 eritis
2699 5412 2801 5467 pro
2831 5395 3080 5452 Ecclesia
3109 5394 3308 5451 Christi
3344 5393 3491 5465 apud
3518 5392 3671 5463 pium

2076 5486 2367 5558 conjugem
2397 5501 2550 5540 more
2578 5493 2781 5556 sancta
2811 5485 2956 5540 illius
2998 5486 3200 5540 Esther
3235 5500 3335 5555 pro
3367 5481 3665 5537 Israelitica

2074 5575 2234 5648 plebe
2265 5575 2410 5648 apud
2434 5575 2684 5634 maritum
2702 5575 2945 5649 (Esther.
2977 5575 3079 5647 1x).
3101 5574 3240 5648 Quia
3269 5587 3400 5629 vero
3416 5586 3560 5644 saepe
3588 5569 3659 5630 ad
