4160 6316
531 209 632 262 699

1793 201 2092 261 JOANNIS
2146 201 2343 260 PAPE
2388 203 2530 262 VIII.

3713 207 3822 263 700

525 327 1046 386 Christianissimum
1073 329 1364 402 conjugem
1391 335 1633 386 vestrum
1661 343 1882 399 semper
1926 330 2114 401 Augu-
2133 327 2190 388 A
2219 329 2435 401 quando
2455 335 2646 386 contra
2681 329 2969 402 imperium
2997 337 3242 386 vestrum
3282 329 3669 402 perhibebatur
3690 345 3825 387 sen-

527 425 670 474 stum
716 417 948 474 diversis
989 435 1091 490 pro
1138 417 1559 474 necessitatibus
1621 418 1735 474 sive
1773 417 1972 473 missos
2007 416 2122 472 sive

526 506 710 578 apices
739 505 1020 577 mittimus,
1053 522 1120 562 ex
1146 507 1251 562 hoc
1271 507 1386 576 jam
1402 505 1756 562 obsecramus
1788 513 1840 561 et
1866 504 2119 577 petimus,

526 609 624 650 vos
654 601 827 650 estote
856 611 959 667 pro
990 595 1150 650 nobis
1189 595 1406 660 ostium,
1457 594 1646 666 lingua
1675 602 1729 650 et
1754 609 1946 648 manus
1973 609 1984 648 :
2011 593 2124 648 imo

525 690 699 739 totum
726 699 829 756 pro
857 683 1014 739 nobis
1045 683 1184 753 sitis,
1215 682 1556 740 advocatoris
1589 682 1878 756 fungentes
1908 680 2118 747 ofﬁciis,

521 779 575 827 et
601 772 788 827 omnia
817 789 914 844 pro
945 772 1104 827 nobis
1135 772 1192 826 in
1207 773 1460 828 omnibus
1503 770 1688 827 facite.
1745 771 1827 826 Ita
1856 778 1912 824 ut
1961 769 2123 825 amici

527 859 748 932 quidem
779 867 833 916 et
861 859 1051 916 fideles
1099 861 1357 916 Ecclesia
1386 860 1544 929 hujus
1572 875 1674 930 per
1703 875 1802 914 vos
1833 858 1978 929 apud
2001 857 2122 929 api-

527 963 648 1003 cem
678 955 922 1005 vestrum
941 949 1142 1014 locum,
1173 948 1316 1020 apud
1346 963 1442 1003 vos
1490 947 1774 1004 inveniant
1803 947 2006 1001 aditum
2073 954 2126 1002 et

529 1035 746 1092 salubre
792 1037 848 1092 in
895 1037 1272 1094 necessatibus
1308 1035 1420 1090 suis
1451 1036 1672 1092 omnino
1719 1035 2022 1090 remedium
2055 1051 2124 1090 :e

537 1132 730 1181 contra
757 1141 908 1196 vero,
940 1125 1142 1182 inimici
1170 1133 1222 1180 et
1242 1123 1488 1180 inﬁdeles
1521 1141 1622 1196 per
1653 1140 1752 1181 vos
1779 1123 2124 1181 confundan-

532 1221 621 1268 tur
640 1221 694 1270 et
721 1214 1076 1270 excludantur
1106 1231 1118 1269 :
1149 1213 1274 1285 quia
1306 1221 1360 1268 et
1389 1229 1490 1268 nos
1518 1229 1618 1284 pro
1655 1212 1809 1268 vobis
1836 1213 1980 1285 apud
2009 1229 2126 1268 om-

529 1317 632 1358 nes
660 1302 788 1359 etin
819 1302 1069 1358 omnibus
1098 1303 1320 1370 erimus,
1345 1309 1398 1358 et
1416 1301 1694 1374 pracipue
1737 1303 1878 1374 apud
1920 1301 2124 1356 beatis-

531 1390 700 1447 simos
739 1391 1111 1462 apostolorum
1175 1391 1452 1462 principes
1518 1391 1738 1446 Petrum
1799 1397 1852 1446 et
1895 1389 2124 1445 Paulum

529 1487 802 1536 amatores
831 1486 884 1534 et
913 1487 1249 1551 protectores
1279 1487 1514 1547 VCSII‘OS,
1545 1479 1618 1534 ita
1657 1487 1714 1534 ut
1742 1486 1970 1550 paterno
2027 1494 2126 1534 VOS

529 1566 724 1624 affectu
753 1583 974 1638 semper
999 1567 1187 1624 fovere
1216 1567 1514 1638 studentes,
1547 1575 1600 1623 et
1628 1575 1883 1640 tanquam
1911 1565 2128 1638 spirita-

530 1656 640 1711 lem
667 1656 830 1711 ﬁliam
863 1655 1169 1712 dilectionis
1209 1664 1414 1712 nostra
1460 1656 1670 1711 sinibus
1705 1656 2028 1713 collocatam
2073 1655 2127 1710 in

531 1745 747 1802 Christo
777 1753 1014 1802 tractare
1033 1759 1098 1802 ac
1118 1753 1309 1819 tegere
1329 1752 1594 1816 perpetuo
1629 1752 1962 1818 satagentes,
1983 1745 2130 1817 apud

532 1849 629 1890 eos
675 1833 1064 1890 commendare
1112 1833 1350 1888 assiduis
1393 1833 1649 1905 precibus
1689 1833 2026 1902 Studeamus,
2083 1841 2136 1889 et

529 1921 698 1979 vestri
743 1922 1070 1978 memoriam
1109 1922 1177 1976 ad
1227 1931 1574 1978 sacrosancta
1609 1938 1838 1994 corpora
1887 1922 2160 1994 ipsorum,

533 2027 754 2083 semper
783 2011 1058 2083 deponere
1085 2018 1422 2084 satagamus.
1453 2011 1722 2068 Latamus
1750 2019 1928 2066 autem
1957 2019 2012 2066 et
2041 2011 2134 2080 jo-

537 2099 842 2156 cundamur
874 2099 930 2154 in
959 2099 1211 2166 Domino,
1243 2100 1372 2172 quia
1403 2100 1617 2156 beatam
1665 2116 1764 2156 vos
1809 2107 1862 2155 et
1917 2099 2134 2156 felicem

537 2187 720 2244 dicent
757 2204 948 2244 omnes
993 2189 1374 2262 generationes
1408 2188 1572 2261 ;quia
1634 2188 1726 2260 pio
1765 2189 2134 2244 committente

540 2278 772 2350 conjuge
802 2284 908 2332 tam
957 2276 1292 2332 salutiferum
1337 2277 1699 2332 ministerium
1741 2277 2130 2348 assumpsistis,

539 2383 642 2438 per
671 2365 816 2438 quod
869 2365 1078 2422 scilicet
1123 2373 1178 2421 et
1242 2366 1298 2421 in
1341 2365 1600 2438 prasenti
1669 2367 1870 2422 saculo
1929 2381 2135 2422 nomen

540 2457 766 2522 bonum,
807 2454 954 2526 quod
1023 2463 1105 2510 est
1149 2471 1314 2526 super
1363 2455 1581 2511 divitias
1632 2455 1850 2524 multas,
1919 2463 1973 2511 et
2031 2471 2137 2512 ca-

534 2543 674 2600 leste
731 2543 1028 2615 acquiretis
1085 2542 1224 2598 inter
1279 2543 1505 2617 angelos
1575 2551 1628 2599 et
1674 2559 1784 2600 non
1839 2542 2135 2599 ﬁniendum

534 2631 846 2703 imperium.
899 2632 1036 2686 Data
1101 2646 1201 2686 xv:
1261 2632 1534 2688 Kalendas
1608 2631 1925 2688 Decembris
1997 2631 2136 2686 indi-

537 2721 731 2778 ctione.
766 2735 828 2776 χ.

1227 2810 1419 2865 XLVI.

815 2915 889 2956 AD
913 2915 1170 2956 CAROLUM
1195 2914 1415 2954 CALVUM
1444 2913 1856 2955 IMPERATOREM.

1157 2990 1339 3060 (Anno
1361 2987 1510 3060 8'76.)

611 3079 977 3138 Commendat
998 3079 1314 3152 Wigbodum
1332 3081 1700 3134 Parmensem
1719 3078 1936 3150 episeOp
1944 3093 2058 3133 um.

603 3178 857 3233 JOANNES
884 3177 1174 3249 episcopus
1201 3178 1425 3232 Canono
1462 3175 1794 3247 imperatori.

607 3265 748 3337 Quia
775 3265 1195 3322 desiderandam
1225 3265 1403 3332 nobis,
1436 3273 1490 3320 et
1533 3265 1658 3320 totis
1687 3265 1962 3321 viscerum
2001 3265 2132 3319 bra-

535 3355 671 3412 chiis
699 3355 1134 3428 amplectendam
1165 3353 1513 3410 dilectionem
1556 3362 1789 3410 vestram
1829 3355 1962 3409 nihil
1991 3354 2132 3425 pati-

535 3461 660 3502 mur
703 3445 959 3519 ignorare
1027 3460 1213 3500 eorum
1254 3459 1418 3516 quam
1471 3442 1704 3498 maxime
1749 3459 1869 3514 qua
1915 3442 1985 3498 ad
2031 3458 2133 3498 cu-

535 3533 746 3590 mulum
779 3533 966 3606 gloria
1013 3533 1179 3590 vestri
1229 3539 1528 3589 noscuntur
1563 3531 1814 3589 culminis
1836 3531 2130 3602 pertinere,

541 3639 724 3696 Opera
769 3623 1006 3694 pretium
1072 3621 1326 3678 duximus
1386 3621 1731 3678 innotescere
1793 3620 2133 3694 Wigbodum

533 3712 908 3768 venerabilem
927 3711 1190 3768 Ecclesia
1223 3711 1533 3765 Parmensis
1564 3710 1858 3765 antistitem
1911 3717 2136 3780 aposto-

535 3801 709 3858 lorum
752 3800 954 3856 adiisse
999 3800 1166 3856 limen
1207 3807 1260 3854 et
1301 3799 1510 3865 sedem,
1547 3807 1658 3852 tam
1702 3798 1959 3854 orationis
2007 3806 2133 3856 voto

537 3907 697 3964 quam
724 3889 1064 3946 invenienda
1094 3905 1192 3960 per
1219 3904 1320 3943 nos
1349 3896 1545 3943 vestra
1573 3886 1762 3960 gloriae
1808 3885 2080 3942 desiderio
2115 3905 2129 3954 ;

537 3979 688 4050 cujus
727 3979 926 4034 mentis
972 3993 1178 4035 arcana
1239 3976 1490 4032 subtilius
1549 3976 1958 4050 investigantes,
2031 3991 2132 4031 nos

535 4069 694 4142 plane
722 4067 946 4124 minime
970 4067 1196 4123 latuisse
1222 4065 1458 4122 fatemur
1479 4066 1624 4138 quod
1653 4074 1702 4120 et
1730 4082 1876 4122 nunc
1903 4065 2131 4122 sincera

535 4158 664 4215 fidei
692 4174 828 4232 erga
846 4158 996 4230 pium
1025 4157 1316 4228 imperium
1345 4149 1588 4212 vestrum
1636 4155 1898 4212 habenda
1939 4162 2130 4211 tenea-

537 4255 623 4304 tur
642 4246 840 4304 aﬂ'ectu
873 4266 888 4314 ;
921 4255 976 4303 et
1018 4247 1124 4302 hoc
1163 4246 1281 4316 jam
1310 4245 1439 4302 olim
1487 4245 1680 4316 procul
1725 4243 1892 4300 dubio
1948 4260 2130 4300 rerum

539 4335 824 4394 effectibus
850 4337 1295 4402 demonstrasset,
1319 4335 1424 4390 nisi
1475 4333 1580 4388 sibi
1607 4341 1754 4390 esset
1779 4350 1810 4388 a
1855 4331 1959 4404 pia
2004 4349 2123 4389 me-

2224 416 2346 472 tire.
2393 418 2562 490 Ergo,
2614 417 3034 474 clementissime
3077 418 3386 490 imperator,
3429 418 3557 491 quia
3611 419 3682 474 ab
3728 418 3823 474 in-

2224 504 2394 561 fantia
2422 507 2593 564 crevit
2611 507 2893 564 vobiscum
2919 507 3220 575 miseratio,
3252 507 3478 580 recipite
3508 508 3659 564 illum
3697 517 3824 564 tan-

2224 610 2384 666 quam
2426 596 2494 650 ab
2536 595 2658 668 ipsa
2701 596 2846 652 beati
2895 597 3040 652 Petri
3089 596 3322 668 apostoli
3373 596 3590 668 patroni
3653 597 3824 653 vestri

2225 681 2590 752 confessione,
2624 691 2678 740 et
2716 701 2879 756 super
2906 701 2972 741 eo
3001 685 3313 741 mercedem
3348 684 3551 742 habere
3588 693 3822 741 conten-

2225 771 2354 842 dite,
2390 787 2500 828 non
2541 773 2870 844 imputantes
2917 773 2968 829 ei
3006 773 3155 845 quod
3199 773 3528 830 novissimus
3559 773 3770 830 venerit
3805 791 3819 830 :

2225 859 2354 932 quia
2383 868 2435 916 et
2455 859 2630 917 bonus
2657 861 2751 918 ille
2778 861 3164 933 paterfamilias
3194 861 3477 934 operarios
3515 862 3823 919 undecima

2225 949 2374 1004 hora
2411 964 2574 1020 pares
2612 948 2810 1007 fecisse
2850 949 3172 1008 describitur
3202 950 3288 1006 his
3339 950 3432 1023 qui
3478 951 3640 1007 tertia
3687 951 3826 1007 hora

2225 1053 2427 1092 venere
2457 1037 2676 1110 (Matth.
2711 1041 2815 1110 ιι).
2858 1039 2966 1094 Sed
2995 1045 3050 1094 et
3089 1055 3186 1094 vos
3233 1054 3345 1094 non
3382 1038 3563 1094 minus
3598 1038 3827 1110 diligitis

2225 1125 2452 1181 militem
2495 1125 2587 1198 qui
2631 1143 2825 1198 promo
2871 1127 3092 1200 quidem
3139 1127 3197 1182 in
3251 1127 3395 1183 bello
3463 1135 3612 1199 terga
3652 1127 3824 1196 dedit,

2226 1221 2416 1285 postea
2457 1215 2678 1271 rediens
2726 1216 2920 1287 premit
2972 1215 3184 1272 fortiter
3221 1217 3454 1286 hostem,
3505 1231 3670 1288 quam
3699 1231 3826 1272 eum

2227 1303 2320 1376 qui
2347 1319 2623 1376 nunquam
2652 1313 2811 1378 terga
2840 1305 3007 1373 dedit,
3053 1313 3105 1360 et
3150 1321 3430 1376 nunquam
3471 1303 3675 1376 aliquid
3718 1303 3829 1362 for-

2227 1391 2353 1447 titer
2381 1393 2570 1466 gessit.
2607 1393 2715 1449 Sed
2746 1393 2877 1466 quid
2906 1393 3072 1450 multa
3089 1393 3118 1448 ?
3154 1409 3280 1450 cum
3307 1409 3434 1450 ecce
3463 1409 3564 1450 nos
3594 1394 3645 1449 ei
3681 1393 3829 1466 apud

2225 1481 2372 1552 pium
2401 1481 2691 1553 imperium
2721 1491 2981 1552 vestrum,
3014 1481 3094 1538 ﬁli
3141 1482 3480 1550 charissime,
3529 1481 3693 1538 ﬁdem
3737 1483 3828 1538 di-

2228 1569 2402 1624 cimus
2429 1571 2575 1626 Ecce
2603 1587 2706 1626 nos
2751 1588 2852 1643 pro
2881 1571 2974 1627 illo
3013 1571 3210 1628 vadem
3257 1569 3536 1627 offerimus
3567 1591 3586 1628 :
3619 1579 3829 1626 tantum

2157 1682 2212 1743 B
2235 1657 2312 1714 sic
2328 1666 2456 1732 agat
2471 1675 2602 1733 erga
2617 1676 2741 1714 eum
2761 1659 3184 1716 clementissima
3207 1668 3262 1715 et
3305 1659 3674 1716 seremissima
3699 1660 3826 1731 pie-

2233 1755 2318 1803 tas
2347 1755 2551 1814 vestra,
2585 1755 2644 1802 ut
2673 1747 2765 1803 alii
2797 1749 2896 1804 sub
2947 1756 3170 1820 tegmen
3198 1748 3564 1805 miserationis
3607 1755 3826 1816 vestra,

2233 1836 2339 1891 hoc
2387 1845 2688 1908 comperto,
2730 1837 2964 1893 alacrius
2995 1837 3288 1912 confluant,
3321 1845 3375 1893 et
3403 1854 3504 1909 per
3547 1837 3830 1894 interven-

2233 1925 2432 1980 tionem
2488 1933 2734 1981 nostram
2783 1926 2937 1998 quasi
2981 1942 3083 1998 per
3131 1925 3465 1982 immobilem
3505 1933 3728 1998 pontem
3759 1927 3832 1982 ad

2232 2029 2330 2068 vos
2389 2014 2635 2070 certatim
2687 2015 2971 2070 transitum
3030 2013 3246 2072 faciant.
3297 2015 3575 2086 Siquidem
3633 2015 3724 2070 hic
3774 2015 3833 2069 in

2233 2101 2452 2176 signum
2499 2110 2582 2157 est
2627 2103 2697 2158 ad
2743 2103 3042 2175 apostolica
3071 2112 3210 2160 tecta
3250 2103 3526 2176 quoddam
3569 2103 3781 2175 positus
3813 2123 3828 2170 ;

2231 2199 2456 2246 cunctos
2501 2192 2570 2246 ad
2599 2208 2696 2248 vos
2729 2193 3035 2264 terrigenas
3065 2200 3155 2248 aut
3183 2193 3324 2248 bene
3355 2193 3650 2264 dispositus
3682 2193 3832 2248 invi-

2233 2279 2386 2346 tabit,
2418 2288 2510 2334 aut
2538 2297 2569 2335 a
2598 2281 2754 2336 vobis
2774 2281 2919 2338 male
2952 2289 3216 2338 tractatus
3244 2279 3482 2338 terrebit.
3518 2281 3662 2336 Nam
3718 2279 3832 2336 dif-

2232 2356 2372 2414 ﬁcile
2403 2377 2526 2417 esse
2565 2361 2835 2417 credimus
2883 2362 3026 2433 apud
3080 2361 3336 2434 pietatem
3382 2369 3618 2418 vestram
3640 2377 3834 2433 quem-

2234 2473 2396 2532 quam
2417 2475 2516 2530 per
2544 2459 2680 2514 alios
2711 2459 2974 2526 obtinere,
3012 2460 3160 2532 quod
3199 2475 3299 2530 per
3353 2461 3570 2514 Petrum
3613 2467 3664 2514 et
3694 2459 3832 2514 Pau-

2232 2548 2346 2603 lum
2393 2548 2765 2619 apostolorum
2812 2547 3022 2606 eximos
3074 2564 3184 2604 non
3240 2547 3439 2620 poterit
3516 2547 3830 2620 impetrare.

2235 2638 2375 2692 Data
2403 2641 2468 2693 ut
2498 2654 2691 2710 supra.

2918 2744 3134 2800 XLVII.

2340 2848 2413 2888 AD
2441 2848 2800 2890 ADALGARKUM
2826 2849 3138 2889 EPISCOPUM
3167 2847 3747 2889 AUGUSTODUNENSEH.

2855 2925 3036 2994 (Anno
3067 2924 3216 2994 876.)

2153 3045 2204 3111 α
2240 3017 2443 3076 Villam
2467 3014 2816 3099 Tilionacam
2836 3012 3359 3111 illifestit‘uegndam
3378 3011 3652 3111 deceant},
3668 3015 3833 3111 caie-

2304 3102 2505 3159 rasque
2519 3087 2893 3158 possessiones
2915 3084 3438 3157 Augustodunensis
3459 3082 3606 3139 sedis
3627 3085 3832 3152 conﬁr-

2303 3161 2445 3214 mat.
2560 3180 2578 3199 ι

2301 3265 2555 3320 JOANNES
2582 3263 2890 3334 episcopus,
2917 3277 3113 3318 servus
3134 3275 3420 3317 servorum
3443 3259 3564 3328 Dei,
3583 3275 3833 3316 reveren-

2232 3353 2442 3410 tissimo
2492 3362 2545 3408 et
2590 3351 2936 3409 sanctissimo
2985 3354 3312 3406 ADALGABIO
3333 3358 3534 3406 sancta
3550 3352 3832 3422 Augusto-

2232 3443 2492 3499 dunensis
2521 3441 2785 3498 Ecclesia
2815 3441 3074 3513 episcopo
3104 3456 3171 3498 ac
3199 3457 3300 3513 per
3330 3449 3381 3496 te
3413 3440 3469 3495 in
3499 3439 3694 3496 eadem
3733 3440 3834 3495 Ec-

2233 3533 2402 3588 clesia
2422 3533 2476 3586 in
2507 3539 2852 3603 perpetuum.

2303 3621 2512 3676 Divina
2541 3619 2927 3692 praceptionis
2973 3626 3199 3674 monent
3237 3626 3463 3674 cunctos
3514 3618 3730 3690 eloquia
3773 3626 3833 3672 ut

2233 3709 2446 3782 quoties
2460 3725 2548 3765 res
2559 3709 2738 3764 aliena
2754 3716 2938 3765 contra
2966 3707 3195 3764 rationis
3215 3707 3464 3764 ordinem
3492 3721 3525 3762 a
3562 3723 3831 3780 quoquam

2232 3799 2517 3865 detinetur,
2553 3798 2806 3871 aquitate
2835 3797 3032 3853 debeat
3060 3797 3376 3852 imminente
3405 3797 3635 3852 restitui.
3685 3797 3830 3852 Con-

2231 3895 2335 3942 stat
2364 3887 2632 3959 siquidem
2661 3887 2845 3943 villam
2875 3887 3123 3958 quadam
3151 3886 3487 3951 Tilionacum
3533 3885 3831 3957 proprieta-

2232 3976 2300 4032 tis
2323 3977 2448 4046 jure
2477 3976 2651 4032 sancti
2679 3975 2848 4032 fuisse
2889 3977 3164 4048 quondam
3207 3975 3535 4048 Leodegarii
3567 3977 3835 4046 Augusto—

2232 4064 2490 4136 dunensis
2519 4065 2780 4137 episcopi,
2815 4072 2869 4120 et
2897 4065 2966 4120 ab
2996 4081 3062 4120 eo
3093 4072 3281 4120 sancto
3298 4062 3552 4120 collatam
3575 4062 3826 4130 Nazario,

2231 4155 2383 4224 cujus
2414 4154 2682 4212 vocabulo
2703 4154 2820 4225 ipse
2847 4155 3148 4210 honoratur
3165 4152 3533 4225 episcopatus.
3560 4153 3689 4208 Post
3704 4168 3831 4209 vero

2231 4259 2356 4300 cum
2385 4260 2418 4300 a
2444 4243 2630 4316 pravis
2669 4243 2980 4300 horninibus
3027 4243 3194 4314 longo
3239 4250 3485 4314 tempore
3529 4241 3718 4297 fuisset
3749 4257 3834 4297 re-

2234 4341 2384 4390 tenta
2409 4343 2464 4388 et
2493 4332 2651 4405 quasi
2679 4332 2735 4388 in
2759 4332 3144 4404 proprietatem
3183 4347 3372 4388 eorum
3415 4331 3655 4399 redacta,
3690 4329 3832 4386 dile-

535 4425 726 4482 moria
768 4425 952 4497 priore
991 4425 1240 4496 principe
1279 4439 1446 4480 causa
1489 4422 1612 4478 talis
1658 4423 1916 4490 injuncta,
1967 4437 2132 4494 quam
2157 4410 2211 4472 D
2233 4431 2352 4480 ctus
2373 4421 2514 4478 ﬁlius
2542 4429 2729 4478 noster
2758 4420 2986 4477 Carolus
3027 4420 3482 4477 clementissimus
3515 4419 3828 4492 imperator,

537 4517 658 4572 sine
686 4514 770 4572 sui
800 4515 1110 4571 discremini
1139 4512 1542 4584 ﬂoccipendere
1587 4511 1942 4582 nequivisset.
1979 4511 2132 4566 Unde

540 4620 822 4679 rogamus,
885 4604 1012 4659 data
1059 4603 1239 4670 venia,
1277 4600 1536 4672 suscipite
1582 4615 1728 4656 nunc
1756 4599 1908 4654 illum
1928 4607 1986 4654 ut
2012 4617 2134 4656 mea

540 4695 774 4762 viscera,
808 4693 936 4766 quia
966 4699 1018 4748 et
1048 4691 1094 4748 si
1124 4690 1265 4748 forte
1285 4690 1560 4762 quondam
1577 4687 1732 4744 vobis
1763 4696 1879 4743 erat
1907 4687 2131 4757 inutilis,

539 4798 685 4839 nunc
742 4790 920 4838 autem
959 4781 1113 4838 vobis
1160 4788 1213 4836 et
1261 4778 1422 4836 nobis
1464 4777 1612 4833 utilis
1646 4794 1659 4830 :
1693 4776 1939 4849 quamvis
1990 4775 2132 4833 forte

539 4887 650 4928 non
687 4871 756 4926 sit
785 4870 1050 4928 dicendus
1082 4868 1306 4936 inutilis,
1340 4867 1432 4939 qui
1462 4865 1624 4922 ﬁdem
1656 4873 1781 4922 ante
1813 4865 2138 4938 promissam

542 4959 877 5026 custodiens,
921 4959 1098 5014 simile
1155 4957 1301 5015 circa
1351 4971 1450 5012 vos
1489 4954 1774 5012 servanda
1823 4953 1950 5011 ﬁdei
1991 4955 2142 5011 dedit

537 5047 818 5118 indicium,
856 5047 1163 5120 praesertim
1209 5061 1333 5102 cum
1381 5061 1609 5117 sperans
1664 5044 1721 5101 in
1754 5044 1986 5100 Domino
2030 5059 2142 5101 non

539 5137 853 5212 perdiderit,
886 5137 934 5192 si
958 5135 1268 5202 mutaverit,
1314 5134 1705 5201 fortitudinem,
1758 5135 1886 5189 dum
1933 5132 2142 5192 scilicet

542 5226 701 5286 nobis
739 5227 882 5283 hunc
927 5223 1363 5292 informantibus,
1415 5223 1461 5278 si
1507 5223 1760 5296 quopiam
1805 5231 1995 5279 contra
2041 5237 2140 5278 vos

541 5333 674 5376 usus
699 5323 799 5383 est,
830 5330 930 5388 pro
961 5313 1115 5370 vobis
1143 5321 1416 5386 proponat
1438 5313 1553 5382 jam
1581 5312 1708 5369 totis
1739 5311 1948 5368 viribus
1982 5326 2142 5366 exer-

539 5423 684 5466 cere.
716 5404 871 5463 Unde
901 5419 1008 5460 non
1041 5402 1350 5458 dubitamus
1398 5402 1554 5458 illum
1602 5419 1663 5458 se
1703 5400 1985 5457 fortiorem
2011 5416 2142 5472 erga

538 5495 666 5560 ﬁdei
695 5502 890 5560 vestra
921 5492 1282 5554 constantiam
1327 5491 1712 5559 exhibendum,
1747 5506 1911 5566 quam
1955 5488 2139 5560 fuerit,

2235 4529 2399 4584 super
2418 4513 2523 4568 hoc
2553 4511 2754 4567 subtilli
2785 4510 3184 4566 examinatione
3208 4509 3408 4575 habita,
3443 4525 3568 4565 cum
3598 4525 3718 4564 eam
3765 4507 3834 4564 ad

2237 4601 2352 4672 ejus
2397 4600 2658 4656 Ecclesia
2695 4598 3204 4672 Augustodunensis
3230 4597 3556 4670 pertinuisse
3592 4597 3836 4670 legitime

2237 4689 2606 4764 cognovisset,
2647 4696 2700 4744 et
2727 4704 3040 4761 possessam
3105 4687 3281 4759 primo
3323 4687 3392 4744 ab
3419 4702 3506 4755 ea,
3557 4693 3610 4742 et
3645 4695 3838 4758 postea

2237 4793 2526 4851 pervasam
2560 4795 2591 4832 a
2631 4777 2884 4834 violentis
2919 4777 3229 4833 hominibus
3283 4775 3492 4850 liquido
3530 4775 3832 4842 didicisset,

2238 4869 2383 4924 hanc
2409 4874 2687 4938 pracepto
2718 4883 2830 4922 sua
2854 4865 3193 4924 auctoritatis
3221 4865 3326 4938 ipsi
3359 4864 3638 4936 episcopio
3657 4864 3833 4920 reddi-

2239 4957 2315 5012 dit
2337 4965 2388 5012 et
2425 4956 2492 5011 ab
2523 4955 2695 5027 ipsius
2723 4955 2985 5012 Ecclesia
3017 4955 3108 5025 jus
3157 4953 3452 5024 revocavit,
3513 4953 3597 5010 cui
3648 4953 3837 5010 scilice

2239 5041 2380 5097 hanc
2408 5040 2659 5112 superius
2686 5039 2998 5096 nominatus
3030 5047 3250 5095 sanctus
3299 5037 3666 5110 Leodegarius
3709 5037 3839 5094 olim

2241 5128 2556 5186 contulerat.
2590 5130 2658 5186 Et
2678 5129 2822 5196 ideo,
2855 5129 2981 5201 quia
3003 5126 3295 5200 postulavit
3321 5143 3351 5182 a
3391 5127 3550 5183 nobis
3580 5125 3838 5183 sanctitas

2241 5226 2334 5274 tua
2354 5225 2408 5274 ut
2431 5217 2546 5288 jam
2585 5226 2948 5274 memoratam
2977 5217 3163 5274 villam
3207 5216 3508 5272 secundum
3553 5214 3836 5286 imperiale

2241 5315 2574 5380 praeceptum
2621 5307 2932 5379 apostolica
2978 5305 3308 5362 auctoritatis
3374 5303 3693 5360 liberalitate
3743 5311 3838 5360 aut

2241 5397 2530 5470 privilegio
2560 5395 3040 5469 Augustodunensi
3069 5393 3332 5450 Ecclesia
3363 5393 3834 5458 conﬁrmaremus,

2241 5485 2480 5544 inclinati
2506 5485 2762 5559 precibus
2791 5485 2915 5554 tuis,
2948 5499 3195 5557 superna
3227 5483 3438 5557 pietatis
3493 5481 3670 5558 gratia
3717 5481 3835 5543 suf-
