4160 6316
381 275 482 330 ’701

1592 268 1948 328 EPISTOLE
2004 269 2093 326 ET
2148 269 2495 328 DECRETA.

3587 276 3693 331 702

388 397 664 470 fragante,
713 395 987 468 praedicta
1041 395 1325 463 Ecclesia,
1385 397 1472 453 cui
1527 395 1840 452 fraternitas
1897 402 1988 451 tua
2018 395 2072 456 A
2095 395 2393 451 valeamus.
2427 397 2479 450 Is
2507 412 2638 452 vero
2667 397 2760 468 qui
2792 397 2974 453 valida
3021 397 3336 455 inﬁrmitate
3399 399 3484 455 vel
3530 413 3695 454 sene-

396 501 641 557 praesse
669 486 1028 557 dignoscitur,
1061 503 1207 558 saepe
1235 493 1590 541 memoratam
1619 485 1824 551 villam,
1857 485 1996 541 sicut

387 573 684 646 antiquitus
729 573 846 644 fuit,
899 575 1082 630 denuo
1141 573 1547 640 confirmamus,
1596 581 1655 628 ut
1701 573 1805 629 hoc
1850 573 1996 645 quod

381 679 540 718 suum
572 661 766 728 fuerat,
819 671 872 718 et
929 663 1199 718 redditum
1247 679 1391 719 nunc
1438 662 1740 734 possident,
1801 662 1997 718 debeat

379 751 500 806 sine
532 751 871 806 cunctatione
902 751 1178 822 perpetuis
1214 751 1547 822 temporibus
1577 751 1862 822 possidere
1905 747 1990 806 vel

384 839 689 906 adhaerere,
725 840 886 909 hujus
915 839 1194 912 privilegii
1243 839 1564 896 auctoritate
1611 838 1995 895 conﬁrmantes

386 929 717 984 antedictam
749 928 935 983 villam
964 929 1020 982 in
1050 928 1278 999 prafato
1307 928 1587 1000 episcopio
1615 929 1994 984 constituimus

389 1018 534 1088 quod
565 1017 618 1071 in
645 1017 887 1086 ejusdem
918 1017 1180 1088 episc0pii
1210 1017 1480 1086 Ecclesia,
1533 1019 1600 1072 de
1652 1033 1756 1089 qua
1814 1017 1994 1072 ablata

383 1104 580 1172 fuerat,
616 1121 762 1161 nunc
791 1105 1008 1160 reddita
1035 1105 1091 1160 in
1118 1106 1292 1176 ipsius
1323 1106 1545 1161 domino
1576 1106 1693 1160 sine
1724 1105 1994 1178 ambigui-

382 1202 492 1250 tate
521 1202 856 1264 permaneat.
889 1194 1010 1248 Non
1059 1194 1236 1248 solum
1297 1201 1480 1249 autem
1537 1194 1732 1250 crebro
1789 1194 1990 1249 dictam

380 1282 588 1348 villam,
622 1282 720 1336 sed
750 1290 802 1336 et
859 1297 1050 1337 omnes
1109 1298 1230 1354 qua
1293 1283 1540 1353 ejusdem
1587 1282 1851 1338 Ecclesia
1903 1283 1991 1338 vel

384 1371 549 1426 modo
584 1378 708 1425 sunt
737 1369 826 1426 vel
852 1370 1049 1426 futura
1078 1370 1398 1440 consistunt,
1423 1371 1479 1425 in
1498 1370 1693 1426 eodem
1713 1371 1992 1440 episcOpio

386 1457 772 1516 confirmamus
821 1459 1121 1525 habendas,
1176 1466 1472 1514 statuentes
1511 1458 1808 1530 pontificali
1857 1475 1993 1514 cen-

391 1563 538 1612 sura,
567 1547 668 1601 sub
688 1547 1069 1602 interdictione
1100 1548 1460 1603 anathematis
1478 1547 1749 1619 futurique
1782 1547 1991 1617 judicii,

387 1637 524 1692 nulli
552 1636 719 1692 licere
744 1637 860 1691 hac
891 1652 1012 1707 qua
1059 1652 1089 1690 a
1130 1636 1288 1690 nobis
1328 1644 1437 1690 tam
1489 1651 1651 1706 super
1691 1637 1805 1705 jam
1847 1636 1992 1690 dicta

385 1725 516 1782 villa
537 1741 702 1815 quam
725 1741 891 1815 super
911 1724 1163 1815 omnibus
1180 1725 1346 1779 rebus
1367 1725 1436 1778 ab
1456 1725 1700 1815 eamdem
1722 1724 1811 1779 vel
1831 1724 1982 1815 habi-
2013 1755 2065 1815 B

385 1815 454 1869 tis
486 1814 572 1869 vel
601 1813 874 1868 habendis
891 1813 1241 1884 promulgata
1271 1821 1412 1878 sunt,
1460 1813 1642 1884 aliqua
1685 1812 1981 1868 temeritate

387 1902 594 1958 violare
628 1902 713 1956 vel
741 1902 1068 1957 conturbare
1090 1910 1179 1956 aut
1210 1909 1490 1972 repetere;
1523 1901 1620 1956 sed
1649 1901 1831 1972 potius
1879 1909 1985 1956 sta-

387 1991 592 2046 bilitate
623 1990 850 2062 perenui
879 1990 1198 2045 inconvulsa
1227 2005 1546 2061 permanere
1578 1989 1632 2043 in
1656 1990 1851 2044 eodem
1894 1989 1984 2061 pio

380 2079 504 2136 loco
535 2079 901 2135 decernimus.
942 2078 1100 2148 Quod
1133 2078 1178 2133 si
1210 2079 1328 2150 quis
1360 2086 1561 2144 autem,
1619 2095 1848 2150 magnus
1899 2079 1985 2133 vel

385 2184 604 2238 parvus,
639 2167 905 2222 adversus
927 2167 1029 2222 hoc
1057 2167 1400 2237 privilegium
1422 2167 1740 2222 auctoritate
1771 2175 1984 2238 aposto-

384 2257 504 2312 lica
535 2255 681 2312 sedis
706 2257 974 2310 munitum
995 2272 1163 2326 agere
1184 2255 1492 2321 tentaverit,
1521 2256 1656 2311 sciat
1677 2273 1736 2310 se
1758 2256 1983 2327 perenni

379 2345 586 2415 judicio
618 2345 1092 2401 condemnandum
1125 2353 1178 2399 et
1206 2344 1319 2416 igni
1349 2345 1440 2416 qui
1469 2361 1579 2400 non
1624 2345 1986 2417 exstinguitur

380 2433 821 2504 mancxpandum.
859 2432 962 2502 Qui
993 2449 1125 2489 vero
1154 2441 1339 2488 custos
1370 2441 1422 2488 et
1451 2440 1806 2488 conservator
1862 2435 1980 2502 ejus

387 2522 672 2587 exstiterit,
706 2522 925 2576 aternis
972 2521 1188 2594 gaudiis
1243 2521 1571 2592 perfruatur,
1631 2529 1684 2577 et
1739 2522 1979 2592 praemiis

389 2626 514 2666 cum
545 2610 754 2683 angelis
783 2611 838 2664 in
878 2610 1188 2666 caalestibus
1241 2611 1492 2680 potiatur.
1555 2611 1823 2680 Scriptum
1879 2629 1980 2682 per

384 2716 577 2754 manus
607 2699 858 2772 Gregorii
889 2699 1086 2754 notorii
1116 2699 1413 2772 regionarii
1442 2707 1493 2754 et
1537 2699 1801 2754 scriniarii
1850 2716 1980 2754 san-

382 2796 484 2843 cta
496 2789 754 2844 Romana
773 2787 1033 2843 Ecclesia
1046 2787 1101 2842 in
1120 2804 1309 2842 mense
1328 2788 1673 2858 Novembris,
1688 2788 1982 2844 indictione

381 2877 612 2934 decima.
645 2878 789 2932 Bene
833 2877 1024 2934 valete.

1058 2976 1153 3030 XL
1174 2975 1315 3030 VIII.

698 3077 770 3118 AD
801 3079 985 3119 URSUM
1016 3079 1202 3119 DUCEM
1232 3078 1612 3138 VENETIAEUH.

984 3153 1166 3224 (Anno
1223 3155 1372 3225 876.)

385 3243 610 3299 Gratias
628 3244 747 3314 agit
767 3242 908 3314 quod
927 3245 1246 3315 apostolicae
1268 3243 1417 3297 sedis
1437 3242 1672 3299 mo‘m’tis
1717 3244 1981 3314 paruerit

633 3315 925 3387 EpiscOpos
942 3314 1012 3369 ad
1033 3314 1307 3386 synodum
1338 3317 1528 3369 venire
1546 3315 1726 3384 jubet.

453 3421 706 3475 JOANNES
733 3419 977 3493 glorioso
1007 3421 1130 3476 duci
1175 3421 1544 3476 Venetiarum.

454 3509 670 3564 Gratias
699 3509 891 3580 gloria
919 3518 1025 3564 tua
1052 3525 1153 3580 pro
1172 3509 1411 3582 benigna
1441 3511 1729 3566 devotione
1759 3519 1846 3565 tua
1889 3526 1978 3564 re-

377 3598 621 3665 ferimus,
655 3615 819 3672 quam
850 3615 958 3654 non
990 3599 1164 3654 solum
1216 3599 1418 3668 verbis,
1482 3601 1578 3655 sed
1624 3607 1674 3654 ct
1727 3599 1980 3670 operibus

378 3705 512 3762 erga
542 3705 642 3744 nos
672 3689 914 3744 studiose
944 3688 1207 3755 declaras,
1242 3696 1294 3744 et
1326 3687 1643 3761 frequenter
1673 3689 1916 3744 ostendis
1962 3707 1975 3744 :

379 3785 432 3833 et
461 3777 585 3833 ideo
615 3794 715 3833 nos
745 3785 972 3848 paterno
1003 3778 1148 3834 circa
1177 3786 1226 3834 te
1257 3779 1562 3834 detinemur
1591 3778 1825 3846 affectu;
1858 3785 1906 3833 et
1925 3777 1979 3832 in

378 3866 463 3920 his
493 3883 613 3939 qua
642 3867 712 3921 ad
739 3874 887 3922 tuam
919 3875 1238 3939 tuorumque
1267 3869 1539 3938 pertinere
1594 3883 1659 3923 ac
1714 3867 1978 3938 prodesse

377 3955 664 4011 utilitatem
692 3956 1094 4029 cognoscimus,
1129 3957 1368 4028 prompti
1400 3965 1453 4013 et
1482 3957 1708 4028 benigni
1763 3972 1981 4027 semper

379 4061 504 4101 esse
534 4045 865 4110 curabimus,
899 4045 974 4099 ita
1017 4054 1073 4100 ut
1119 4047 1317 4101 divinis
1365 4047 1655 4118 praceptis
1698 4047 1980 4117 sacrisque

377 4134 680 4190 canonibus
710 4135 977 4205 impedire
1006 4135 1357 4191 intentionem
1383 4144 1436 4190 et
1494 4135 1829 4191 sanctionem
1875 4149 1978 4189 no-

375 4232 544 4278 stram
575 4240 850 4295 nunquam
880 4225 1228 4290 consentias;
1263 4224 1359 4279 sed
1391 4239 1516 4279 cum
1558 4224 1652 4278 tibi
1696 4224 1764 4279 de
1813 4224 1979 4278 rebus

375 4310 762 4369 ecclesiasticis
795 4314 1090 4386 quidquam
1145 4313 1494 4386 injungimus,
1558 4313 1696 4368 sicut
1751 4313 1979 4368 devotus

376 4400 521 4457 filius
549 4417 650 4457 nos
681 4403 962 4468 obaudias,
998 4411 1048 4457 et
1080 4402 1382 4473 adimplere
1406 4418 1528 4474 qua
1557 4401 1842 4474 dirigimus
1864 4401 1977 4456 ala-

2014 3114 2062 3177 C

2101 491 2246 540 ctute
2275 492 2554 556 gravatur,
2591 485 2637 539 si
2669 485 2780 540 ullo
2812 486 2975 541 modo
2997 487 3185 543 venire
3205 503 3314 542 non
3335 494 3536 558 potest,
3555 487 3696 543 vica-

2098 573 2236 628 rium
2269 589 2370 644 pro
2401 590 2460 629 se
2490 581 2770 644 strenuum
2803 574 2996 629 mittat.
3032 575 3128 630 Ille
3157 591 3290 632 vero
3309 576 3403 648 qui
3438 575 3698 631 Constan-

2100 661 2383 732 tinopolim
2411 661 2492 717 ire
2523 662 2777 728 refertur,
2814 662 2860 716 si
2906 663 3144 718 nondum
3193 663 3345 730 abiit,
3392 678 3496 720 nec
3543 663 3696 718 abire

2096 750 2176 805 cis
2208 750 2564 806 Februarium
2595 766 2842 806 mensem
2873 759 3140 822 speratur,
3174 752 3242 806 ab
3272 753 3372 808 hac
3416 752 3696 808 communi

2095 838 2323 893 utilitate
2353 838 2503 894 nullo
2533 839 2698 894 modo
2729 855 2788 894 se
2819 839 3137 905 subtrahat;
3171 840 3268 895 sed
3317 840 3543 896 veniens
3590 856 3692 895 ve-

2094 926 2222 993 niat,
2254 935 2313 982 ut
2341 928 2489 982 omni
2519 927 2693 1000 litigio
2722 928 3032 993 terminato,
3065 928 3120 982 in
3149 928 3396 985 Ecclesia
3442 929 3542 983 Dei
3584 943 3695 984 non

2093 1015 2199 1068 nisi
2228 1031 2335 1086 pax
2383 1024 2435 1071 et
2485 1017 2844 1088 tranquillitas
2888 1024 3208 1087 perseveret
3265 1016 3526 1087 Optamus
3567 1017 3694 1087 glo-

2094 1103 2230 1158 riam
2260 1112 2407 1158 tuam
2436 1121 2656 1175 semper
2687 1105 2826 1160 bene
2857 1105 3062 1171 valere,
3098 1106 3234 1160 Data
3265 1120 3364 1160 VIII
3417 1104 3693 1162 Kalendas

2097 1193 2432 1260 Decembris,
2465 1193 2759 1249 indictione
2789 1193 3024 1250 decima.

2787 1295 2965 1350 XLIX
2978 1337 2991 1350 .

2376 1378 2450 1419 AD
2479 1380 2717 1420 FELICEM
2749 1381 2819 1420 ΕΤ
2839 1382 3062 1422 PETBUM
3082 1381 3400 1423 EPISCOPOS.

2696 1450 2877 1521 (Anno
2923 1451 3070 1520 8'76.)

2093 1538 2267 1593 Felici
2288 1541 2344 1593 et
2366 1540 2532 1594 Petro
2568 1540 2748 1594 sacris
2794 1540 3091 1596 interdicit
3111 1540 3174 1595 ob
3215 1556 3332 1596 non
3373 1540 3695 1597 exhibitum

2169 1609 2483 1665 Grandensi
2506 1610 2922 1684 archiepiswpo
2960 1611 3280 1683 obsequium
3313 1629 3338 1684 ;7
3365 1628 3560 1684 eosque
3594 1613 3695 1668 sub

2168 1681 2960 1764 excommunicationispana
2999 1681 3230 1764 lio-fnum
3268 1683 3350 1764 ad.
3387 1681 3693 1764 concilium

2164 1751 2375 1876 ζιεὲιὶἴε,
2413 1755 2469 1806 et
2503 1753 2556 1805 si
2590 1751 2849 1823 impediti
2884 1754 3128 1824 fuerint,
3168 1754 3410 1808 vicarios
3463 1755 3694 1810 mittere

2164 1838 2222 1876 m
2257 1837 2284 1875 e
2318 1863 2331 1875 .

2151 1837 2331 1892 jUOeE.

2151 1910 2407 1963 Jomxas
2439 1910 2625 1964 Fauor
2657 1917 2710 1966 et
2768 1911 2954 1966 Parao
3014 1911 3288 1984 episcopis
3350 1912 3693 1968 Mandanau-

2085 1997 2235 2052 censi
2265 2005 2317 2052 et
2348 1997 2649 2069 Equilensi.

2155 2085 2330 2154 Quam
2359 2085 2562 2158 ingrati
2593 2095 2647 2142 et
2678 2087 2958 2142 inhumani
2985 2087 3205 2143 fueritis
3234 2105 3368 2162 erga
3424 2105 3692 2146 reveren-

2085 2174 2212 2229 dum
2243 2173 2461 2230 fratrem
2491 2184 2740 2230 nostrum
2797 2178 3018 2232 Petrum
3075 2177 3339 2234 Ecclesia
3397 2178 3694 2234 Gradensis

2084 2263 2396 2329 antistitem,
2433 2264 2489 2318 in
2519 2265 2621 2320 hoc
2651 2265 2894 2320 maxime
2924 2266 3086 2320 datur
3113 2266 3363 2340 intelligi,
3396 2267 3451 2322 in
3475 2282 3582 2339 quo
3604 2267 3694 2324 ille

2083 2367 2185 2422 pro
2215 2352 2429 2422 legibus
2487 2354 2730 2424 paternis
2786 2354 3084 2410 incolatum
3141 2355 3428 2426 arripiens,
3488 2356 3695 2411 nullum

2084 2448 2324 2496 vestrum
2357 2441 2613 2496 comitem
2645 2458 2756 2496 sua
2797 2442 3256 2516 peregrinationis
3304 2444 3508 2500 habere
3564 2461 3690 2516 pro-

2083 2529 2319 2596 meruit;
2351 2531 2652 2601 prasertim
2690 2547 2812 2586 cum
2841 2532 2910 2585 ad
2957 2532 3146 2587 limina
3193 2533 3262 2587 sit
3314 2533 3688 2605 apostolorum

2083 2618 2379 2688 profectus,
2416 2619 2709 2692 sedemque
2737 2620 2951 2686 adierit,
2987 2621 3077 2674 ubi
3127 2637 3350 2693 semper
3407 2623 3690 2678 catholicis

2085 2707 2422 2775 subvenitur,
2457 2716 2508 2763 et
2538 2708 2631 2762 ubi
2661 2707 2880 2779 plurimi
2902 2717 3220 2765 sanctorum
3241 2710 3491 2780 injuriam
3517 2711 3688 2782 passi,

2085 2804 2316 2867 petram,
2353 2812 2385 2850 a
2414 2813 2518 2868 qua
2553 2798 2738 2852 Petrus
2770 2814 2969 2853 nomen
3001 2799 3224 2854 sortitus
3265 2809 3367 2866 est,
3418 2799 3691 2874 refugium

2088 2884 2436 2940 invenerunt.
2461 2886 2716 2941 Additum
2738 2895 2921 2941 autem
2941 2896 3024 2942 est
3059 2887 3183 2943 huic
3212 2887 3312 2956 rei,
3349 2890 3528 2961 quoad
3570 2906 3691 2944 ma-

2083 2972 2222 3042 joris
2252 2974 2608 3030 contumacia
2638 2983 2836 3030 vestra
2865 2975 3138 3030 cumulum
3179 2977 3685 3046 demonstrandum,

2087 3061 2211 3132 quia
2242 3062 2450 3118 scilicet
2479 3079 2585 3117 non
2618 3063 2793 3117 solum
2821 3079 2945 3119 cum
2977 3064 3070 3120 illo
3125 3072 3332 3120 stantes
3389 3067 3690 3122 secundum

2080 3152 2420 3220 prophetam,
2460 3152 2686 3207 Minime
2709 3169 2782 3206 ex
2803 3153 3030 3208 adverso
3053 3155 3409 3221 ascendistis,
3436 3159 3495 3210 et
3534 3173 3692 3228 oppo-

2081 3241 2280 3295 suistis
2297 3257 2528 3295 murum
2551 3257 2652 3312 pro
2681 3241 2840 3298 domo
2870 3243 3097 3297 Domini
3126 3242 3347 3314 (Ezeeh.
3397 3244 3542 3314 xm),
3589 3245 3686 3300 sed

2082 3329 2240 3400 quasi
2272 3328 2525 3396 rebelles,
2559 3338 2713 3400 rupto
2740 3330 3114 3386 unanimitatis
3144 3331 3352 3388 fadere
3411 3334 3682 3389 transistis

2078 3418 2148 3472 ad
2180 3419 2400 3483 hostes;
2434 3427 2486 3473 et
2517 3433 2640 3474 cum
2671 3435 2781 3474 non
2832 3420 2948 3474 sitis
2980 3437 3104 3475 cum
3132 3421 3243 3488 illo,
3278 3420 3407 3478 facti
3435 3422 3682 3493 profecto

2081 3507 2213 3562 estis
2240 3506 2504 3562 adversus
2525 3508 2694 3575 illum,
2717 3508 2856 3564 sicut
2876 3509 3140 3564 Dominus
3161 3510 3232 3564 ait
3258 3529 3270 3564 :
3303 3513 3406 3580 Qui
3432 3529 3547 3568 non
3599 3517 3684 3569 est

2080 3613 2320 3664 mecum,
2346 3602 2546 3653 contra
2568 3615 2654 3653 me
2677 3602 2762 3654 est
2781 3599 2982 3668 (Matth
3012 3601 3165 3671 xn)_:
3199 3600 3255 3654 in
3284 3617 3389 3672 quo
3423 3609 3474 3655 et
3505 3601 3683 3672 ipsam

2082 3686 2374 3741 bestiarum
2397 3687 2811 3743 transcendistis
2829 3687 3110 3755 saevitiam,
3131 3689 3548 3760 parricidalibus
3579 3691 3682 3746 ad-

2081 3791 2273 3831 versus
2303 3792 2424 3831 cum
2454 3784 2666 3831 utentes
2698 3777 2977 3843 consiliis;
3020 3793 3121 3849 pro
3179 3779 3373 3850 quibus
3432 3780 3683 3836 omnibus

2083 3865 2427 3936 apostolatus
2456 3866 2628 3921 nostri
2661 3881 2759 3923 vos
2789 3868 3016 3922 Romam
3051 3883 3362 3935 occurrere,
3397 3876 3449 3924 et
3481 3885 3583 3942 pro
3607 3869 3690 3925 bis

2081 3963 2132 4009 et
2161 3954 2279 4008 aliis
2335 3971 2454 4026 qua
2511 3955 2834 4026 corrigenda
2892 3956 3162 4025 duximus,
3195 3957 3532 4028 satisfacere,
3568 3974 3678 4016 non

2082 4044 2252 4098 semel
2283 4043 2530 4113 apicibus
2558 4045 3009 4114 commonuimus,
3043 4046 3141 4100 sed
3173 4047 3359 4102 venire
3418 4047 3682 4103 hactenus

2080 4132 2256 4186 modis
2287 4132 2539 4186 omnibus
2568 4133 2990 4203 contempsistis.
3009 4133 3354 4205 Quapropter
3373 4151 3471 4191 vos
3492 4152 3521 4189 a
3563 4153 3684 4192 san-

2080 4221 2180 4276 ctis
2211 4219 2481 4291 mysteriis
2511 4220 2723 4274 interim
2751 4221 3095 4276 celebrandis
3127 4223 3451 4279 auctoritate
3484 4225 3682 4280 summi

2079 4309 2312 4380 pastoris
2343 4309 2868 4379 arcemus,jubentes
2899 4318 2956 4365 ut
2987 4311 3172 4366 Idibus
3203 4311 3681 4368 Februariisistius

2081 4398 2409 4467 indictionis,
2444 4398 2490 4452 si
2520 4399 2744 4464 adestis,
2775 4399 2862 4454 vel
2892 4399 2938 4454 si
2959 4400 3109 4455 dura
3155 4399 3482 4456 infirmitatis
3535 4419 3680 4474 pon-

375 4491 488 4547 crir
518 4507 736 4563 semper
765 4491 946 4546 animo
995 4492 1234 4563 studeas,
1286 4492 1541 4563 quoniam
1593 4507 1695 4546 nos
1734 4498 1883 4545 tanto
1925 4490 1979 4545 in
2008 4478 2212 4543 Ddere
2244 4503 2351 4542 non
2382 4487 2701 4560 gravemini,
2765 4489 2974 4559 synodo
3031 4497 3233 4546 nostra
3289 4489 3476 4546 Roma
3532 4491 3681 4548 cele-

375 4580 557 4636 causis
587 4569 718 4647 tuis;
747 4589 799 4636 et
828 4581 919 4636 ubi
952 4581 1047 4635 tibi
1074 4580 1444 4652 opportunitas
1475 4579 1722 4636 fortassis
1769 4595 1966 4636 evene-

375 4671 464 4737 rit,
498 4663 864 4741 promptiores
893 4679 1071 4726 tecum
1101 4686 1210 4725 non
1241 4686 1366 4726 esse
1395 4687 1461 4726 ac
1487 4669 1840 4743 benigniores
1879 4669 1967 4724 in-

373 4759 579 4825 venies,
619 4767 815 4831 quanto
846 4767 897 4814 te
927 4775 1026 4814 nos
1082 4759 1226 4815 nolle
1273 4776 1302 4814 a
1361 4759 1633 4815 mandatis
1661 4759 1760 4815 Dei
1787 4759 1968 4830 aliquo

374 4849 538 4903 modo
590 4857 834 4904 avertere
883 4849 1222 4904 manifestius
1265 4849 1580 4904 viderimus.
1647 4850 1787 4904 Nam
1851 4848 1966 4918 tibi,

373 4937 711 5006 charissima,
772 4947 1029 5010 tanquam
1093 4938 1341 4993 familiari
1394 4947 1581 4994 nostro
1641 4937 1972 4994 familiariter

374 5027 681 5096 scribimus,
717 5027 842 5100 quia
872 5027 1070 5083 nullius
1097 5027 1334 5084 mortalis
1382 5043 1622 5084 amorem
1654 5043 1970 5099 praponere

375 5116 475 5171 Dei
500 5117 722 5185 justitia
753 5133 1066 5187 possumus,
1098 5117 1190 5189 qui
1221 5117 1470 5172 nimirum
1499 5117 1858 5188 Evangelium
1887 5116 1972 5172 le-

373 5205 574 5278 gimus,
606 5205 796 5262 dicens
831 5223 842 5261 :
873 5207 978 5273 Qui
994 5210 1150 5262 amat
1173 5210 1397 5278 patrem
1428 5210 1530 5264 aut
1570 5212 1814 5262 matrem
1843 5207 1972 5278 plus

373 5305 544 5361 quam
564 5305 672 5356 me,
688 5306 803 5345 non
827 5293 912 5346 est
931 5306 1017 5344 me
1040 5289 1244 5360 dignus
1262 5289 1482 5359 (Matth.
1503 5289 1582 5357 ιι).
1609 5288 1840 5344 Veniant
1865 5289 1972 5360 igi—

373 5385 462 5431 tur
490 5377 732 5449 episcopi
763 5379 830 5433 ad
864 5379 1132 5450 synodum
1163 5385 1421 5443 nostram,
1456 5385 1528 5442 ut,
1563 5377 1697 5448 ipsis
1715 5379 1874 5432 nobis
1891 5378 1971 5433 rei

369 5466 652 5522 veritatem
685 5466 1132 5541 significantibus,
1178 5483 1398 5522 causam
1444 5465 1623 5521 fratris
1669 5474 1720 5522 et
1781 5467 1973 5538 coepi-

369 5555 523 5628 scopi
554 5556 722 5610 nostri
754 5555 894 5612 Petri
926 5556 1032 5611 illis
1063 5555 1421 5628 prasentibus
1450 5555 1663 5614 facilius
1710 5554 1976 5612 difﬁnire-

2085 4576 2308 4631 branda
2329 4577 2594 4633 interesse
2620 4576 3059 4634 inexcusabiliter
3079 4579 3359 4635 maturetis
3379 4598 3394 4647 ;
3413 4587 3680 4652 quatenus

2078 4673 2131 4720 et
2159 4666 2228 4719 ab
2258 4665 2486 4736 objectis
2538 4666 2865 4737 purgemini,
2899 4675 2949 4722 te
2991 4683 3024 4721 a
3079 4667 3274 4738 capite,
3332 4676 3440 4723 tam
3471 4669 3679 4726 scilicet

2065 4755 2371 4826 apostolica
2425 4755 2557 4810 sede
2589 4770 2751 4826 quam
2781 4755 3197 4826 metropolitano
3225 4764 3410 4812 vestro
3440 4757 3497 4812 in
3526 4759 3675 4814 nullo

2073 4845 2388 4900 dividamini
2422 4863 2434 4899 :
2469 4846 2566 4914 Ne,
2591 4845 2736 4916 quod
2753 4844 2910 4912 absit,
2935 4846 3474 4903 circumveniamini
3503 4865 3539 4904 α
3579 4849 3679 4905 Sa-

2076 4938 2235 5000 tana,
2269 4934 2358 5005 qui
2382 4933 2637 4991 videlicet
2657 4949 2872 5005 semper
2891 4933 3234 4990 dissensione
3256 4935 3459 5008 gaudet
3478 4954 3680 4994 :mem—

2071 5023 2164 5078 bra
2199 5023 2399 5096 quippe
2431 5039 2552 5094 qua
2581 5022 2739 5094 capiti
2769 5038 2878 5078 non
2906 5023 3133 5093 harent,
3155 5023 3296 5080 inter
3325 5033 3546 5082 mortua
3563 5027 3664 5082 de-

2073 5120 2362 5183 putantur;
2383 5111 2538 5168 sicuti
2566 5111 2754 5182 procul
2786 5111 2952 5166 dubio
2974 5129 3091 5182 vos,
3124 5113 3216 5186 qui
3239 5130 3340 5171 nec
3359 5116 3675 5186 apostolica

2074 5201 2242 5267 sedis,
2279 5218 2397 5273 qua
2428 5209 2508 5256 est
2539 5208 2698 5272 caput
2728 5200 2969 5256 omnium
3020 5201 3218 5257 Christi
3277 5203 3669 5272 Ecclesiarum,

2074 5290 2310 5346 decretis
2344 5289 2580 5358 haeretis,
2615 5305 2716 5344 nec
2747 5288 2962 5345 aﬂ‘ectui
2993 5292 3395 5363 metropolitani
3445 5294 3668 5366 proprii,

2076 5386 2129 5432 et
2157 5377 2372 5449 patroni
2400 5385 2561 5449 atque
2591 5378 2857 5451 magistri.
2889 5379 3010 5435 1am
3039 5396 3167 5437 vero
3198 5381 3244 5436 si
3274 5381 3456 5437 Idibus
3485 5383 3675 5437 saltem

2075 5467 2383 5523 Februariis
2439 5483 2722 5524 occurrere
2808 5470 3197 5526 contumaciter
3250 5470 3663 5542 parvipenditis,

2077 5555 2262 5612 tandiu
2289 5563 2462 5612 estote
2490 5557 2715 5630 posthac
2743 5557 2922 5615 omnis
2968 5558 3231 5616 Ecclesia
3283 5557 3659 5624 communione

3565 13 3768 28 ..__.r_.-.o—-
