4160 6318
497 262 602 318 703

1737 256 2035 314 JOANNIS
2088 257 2285 313 ΡΑΡΛΕ
2331 257 2474 314 VIII.

3689 263 3800 318 ’104

497 399 607 440 una
635 397 758 440 cum
787 381 944 438 vobis
967 380 1276 438 faventibus
1312 380 1496 451 alieni,
1519 381 1775 453 quandiu
1809 381 1998 437 venire
2027 397 2094 438 ac
2119 382 2176 443 A
2196 381 2476 452 Apostolo,
2501 383 2814 450 debeamus,
2846 389 3094 455 patenter
3122 383 3474 440 advertimus.
3519 383 3798 440 Exhibitio

500 471 815 527 satisfacere
863 487 1030 542 super
1073 471 1273 542 quibus
1317 469 1658 541 impetimini,
1705 485 1816 526 non
1862 469 2086 526 curatis.

499 560 645 616 Ecce
673 559 820 614 enim
867 559 1216 615 venerandos
1260 557 1400 614 forte
1447 573 1688 614 canones
1734 557 1932 614 tenetis
1978 574 2094 630 pra

497 647 771 715 manibus,
819 648 910 720 qui
955 648 1096 704 tales
1146 647 1396 704 sanciunt
1441 663 1551 702 non
1599 647 2094 703 communicaturos

498 737 676 792 donec
703 736 1025 810 purgentur.
1057 737 1224 792 Porro
1253 735 1300 790 si
1329 735 1614 806 quisquam
1655 743 1899 791 vestrum
1944 735 2093 791 nullo

497 825 664 880 modo
697 841 756 880 se
787 841 952 896 posse
980 825 1170 882 venire
1208 823 1580 895 praetenderit,
1625 823 1890 881 vicarium
1937 840 2093 879 suum

499 913 693 980 mittat,
717 914 885 985 quiet
912 913 1214 968 mittentem
1245 927 1305 968 se
1346 913 1700 982 jurejurando
1748 919 1992 979 excuset,
2041 920 2096 968 et

497 1001 553 1055 in
587 1003 799 1074 synodo
827 1001 1000 1058 vicem
1029 1001 1290 1056 mittentis
1319 999 1632 1072 adimpleat.
1667 1003 1802 1056 Data
1821 1001 2094 1056 Kalendas

503 1089 844 1158 Decembris,
876 1089 1170 1146 indictione
1215 1089 1444 1144 decima.

1259 1213 1319 1268 L.

505 1319 578 1358 AD
610 1317 928 1359 DOMINICUM
969 1317 1226 1358 ELECTUM
1280 1315 1591 1358 Εριεσορωι
1635 1316 2091 1358 TORCELLENSEM.

1125 1391 1304 1462 (Anno
1334 1393 1484 1460 876.)

503 1481 802 1537 [avehitur
819 1481 883 1535 in
915 1481 1272 1553 Dominicum
1293 1481 1536 1536 electum
1565 1481 1914 1553 episcopum,
1954 1481 2096 1553 quod

571 1553 652 1608 bis
669 1555 896 1608 vocatus
913 1552 1144 1624 Romam
1161 1567 1276 1624 non
1299 1551 1636 1618 accesserit;
1667 1551 1926 1624 feuinque,
1963 1551 2098 1608 ’m'si

570 1625 789 1680 venerit
829 1623 1146 1678 constituta
1179 1622 1287 1688 die,
1311 1623 1789 1678 excommunicat.

2193 470 2338 525 enim
2368 487 2554 527 rerum
2581 471 2994 543 prateritarum‘
3027 473 3296 530 certitudo
3352 481 3403 528 et
3458 473 3790 529 futurorum.

2194 557 2336 627 Quia
2365 576 2492 616 vere
2521 560 2667 616 idem
2697 560 2866 616 frater
2913 569 2965 618 et
3008 561 3366 634 coepiscopus
3407 569 3594 618 noster
3639 577 3795 618 more

2191 647 2464 716 majorum
2493 649 2682 704 sedem
2713 650 3066 721 apostolicam
3095 651 3404 722 appellavit,
3428 651 3540 706 imo
3589 650 3793 707 alacri-

2193 744 2278 791 ter
2307 736 2454 804 adiit,
2487 738 2786 794 obsecrans
2813 746 2872 794 ut
2899 739 3283 796 controversia
3311 756 3433 812 qua
3459 739 3516 794 in
3546 741 3686 796 inter
3729 755 3792 795 se

2193 825 2424 882 vertitur
2451 835 2502 883 et
2529 827 2848 898 pradictum
2905 827 3268 898 Dominicum,
3322 836 3548 902 utraque
3603 845 3792 886 coram

2193 914 2366 984 posita
2387 923 2557 986 parte,
2582 915 2744 972 ﬁnem
2765 916 3068 988 legitimum
3082 917 3426 988 imponamus
3450 934 3463 973 :
3491 919 3787 974 secundum

2195 1003 2343 1074 quod
2367 1019 2426 1059 se
2452 1005 2586 1059 ratio
2616 1005 2800 1074 habet,
2825 1013 2878 1060 et
2898 1005 2986 1074 jus
3021 1006 3345 1062 canonicum
3370 1006 3556 1077 dictat,
3599 1023 3787 1063 rursus

2193 1091 2556 1163 pracipimus,
2575 1101 2632 1148 ut
2646 1093 2760 1162 jam
2789 1093 2965 1150 dictus
3013 1093 3331 1150 Dominicus
3359 1095 3620 1150 Kalendis
3677 1095 3787 1150 sal-

2193 1187 2302 1235 tem
2330 1181 2637 1236 Februariis
2665 1183 2893 1239 Romam
2923 1183 3080 1238 nobis
3128 1182 3502 1239 satisfacturus
3556 1193 3611 1240 et
3665 1200 3789 1242 sese

2195 1279 2526 1341 purgaturus
2553 1279 2838 1338 occurrat;
2873 1271 3184 1327 ambitionis
3213 1271 3359 1327 enim
3398 1272 3626 1328 crimine
3683 1273 3787 1328 de-

2195 1366 2432 1428 notatur,
2465 1375 2531 1416 ac
2559 1376 2660 1430 per
2686 1362 2789 1416 hoc
2825 1363 2978 1431 juxta
3025 1377 3215 1418 sacros
3261 1376 3500 1418 canones
3545 1361 3785 1418 manife-

2199 1455 2341 1502 stum
2372 1457 2455 1503 est
2483 1447 2729 1504 confiteri
2757 1465 2880 1505 eum
2910 1450 2978 1504 de
3008 1449 3252 1517 crimine,
3285 1450 3378 1522 qui
3405 1451 3677 1524 purgandi
3731 1467 3792 1506 se

2195 1537 2486 1592 occasione
2512 1553 2622 1592 non
2648 1539 2828 1594 utitur.
2861 1539 2983 1592 Jam
3015 1554 3148 1594 vero
3203 1539 3250 1594 si
3308 1539 3507 1594 dixerit
3563 1555 3622 1596 se
3678 1555 3791 1596 non

2196 1625 2538 1680 venientibus
2566 1626 2838 1698 episcopis
2867 1627 3056 1682 venire
3095 1643 3206 1682 non
3253 1643 3436 1699 posse,
3479 1628 3692 1684 noverit
3738 1636 3793 1684 et

569 1731 824 1784 Joams
853 1729 1135 1784 Dommco
1165 1735 1360 1784 vocato
1388 1727 1562 1784 electo
1591 1727 1956 1784 Torcellensis
1983 1727 2096 1784 Ec-
2123 1741 2178 1800 Β
2200 1713 2486 1784 episcopos
2517 1730 2618 1770 nos
2649 1715 2793 1770 illius
2821 1715 3065 1788 ι’θὲίοῐιίε
3091 1731 3376 1772 occurrere
3407 1716 3700 1788 ΡτωοίΡθτθ
3738 1723 3795 1772 et

497 1817 704 1876 clesia.

579 1905 723 1975 Quia
752 1905 898 1962 fama
943 1905 1322 1962 crebrescente
1380 1905 1786 1962 Torcellensem
1837 1904 2103 1962 invasisse

499 1993 774 2052 dicebaris
804 1994 1131 2061 Ecclesiam,
1166 2001 1218 2050 et
1249 1994 1420 2049 semel
1451 2001 1505 2050 et
1534 1994 1617 2050 bis
1660 1994 2002 2050 decrevimus
2048 2001 2100 2050 te

503 2084 732 2141 Romam
785 2091 1094 2150 venturum,
1145 2091 1205 2138 ut
1253 2098 1438 2138 coram
1484 2083 1662 2154 posito
1709 2081 1876 2138 fratre
1913 2091 2102 2138 nostro

504 2173 670 2228 Petro
700 2180 902 2228 sancta
933 2171 1236 2227 Gradensis
1265 2171 1686 2242 metropolitano
1713 2171 1970 2238 antistite,
1991 2187 2102 2227 una

507 2276 630 2318 cum
666 2259 941 2331 episcopis
973 2259 1065 2330 qui
1095 2259 1300 2332 degunt
1331 2259 1430 2314 sub
1478 2259 1618 2330 ipso,
1660 2259 1798 2314 facta
1843 2274 2009 2330 super
2051 2267 2116 2327 te,

505 2348 868 2416 discussione,
900 2363 1088 2402 rumor
1111 2347 1277 2421 longe
1307 2346 1525 2419 lateque
1553 2363 1860 2418 respersus,
1903 2355 1994 2402 aut
2020 2347 2104 2402 in-

501 2437 696 2492 noxius
723 2436 1024 2508 patefactus
1051 2436 1441 2502 absolveretur,
1475 2443 1565 2491 aut
1595 2436 1979 2507 comprobatus
1995 2453 2099 2491 no-

501 2525 620 2581 xius
664 2525 1030 2592 damnaretur,
1063 2525 1252 2581 venire
1288 2525 1468 2580 modis
1513 2525 1765 2580 omnibus
1813 2525 2098 2581 constitui-

499 2631 647 2670 mus.
681 2615 845 2671 Unde
875 2614 1070 2669 merito
1111 2630 1143 2668 a
1187 2613 1346 2669 nobis
1394 2613 1542 2669 fores
1584 2614 1944 2680 damnandus,
1996 2613 2102 2668 nisi

501 2719 636 2776 erga
667 2712 740 2770 te,
776 2703 1010 2774 petende
1040 2702 1200 2758 nobis
1229 2702 1429 2758 dilecto
1459 2702 1620 2758 nobis
1667 2703 1808 2759 Urso
1856 2701 2098 2774 glorioso

505 2791 666 2858 duce,
700 2791 880 2848 minus
925 2791 1216 2848 severitate
1264 2808 1428 2864 quam
1481 2791 1744 2863 patientia
1798 2799 2094 2846 uteremur.

501 2881 703 2936 Verum
733 2881 860 2952 quia
891 2889 1112 2936 eatenus
1150 2895 1262 2936 non
1307 2880 1522 2946 venisti,
1573 2879 2099 2936 excommunicatum

499 2959 551 3026 te
573 2971 694 3040 jure
723 2986 772 3042 ξι,
785 2969 944 3024 nobis
974 2985 1097 3025 esse
1127 2960 1515 3042 cognosceres,
1546 2969 1600 3024 in
1620 2976 1872 3040 promptu
1890 2969 2098 3024 haben-

500 3057 664 3125 tibus,
689 3059 990 3114 secundum
1019 3058 1337 3128 Apostolum
1368 3059 1446 3129 (Il
1468 3060 1590 3116 Cor.
1622 3058 1707 3129 x),
1740 3057 1930 3114 ulcisci
1974 3073 2098 3112 om-

497 3147 1120 3202 nem-inobedientiam:
1165 3163 1350 3202 verum
1409 3146 1532 3218 quia
1587 3162 1689 3200 nec
1746 3146 1825 3202 sic
1880 3145 2096 3202 interim

499 3235 792 3307 contempti
822 3236 1054 3291 salutem
1083 3243 1231 3290 tuam
1279 3235 1696 3302 contemnimus,
1750 3235 1895 3290 unde
1938 3235 2096 3290 tertia

500 3341 627 3382 ecce
655 3333 708 3380 te
738 3324 858 3380 vice
887 3339 1164 3392 vocamus,
1198 3332 1252 3378 et
1280 3324 1466 3378 Idibus
1481 3323 1796 3379 Februariis
1812 3323 2096 3394 prasentis

497 3413 724 3470 decima
765 3413 1075 3469 indictionis
1131 3420 1318 3468 nostro
1373 3413 1604 3468 concilio
1658 3413 1846 3468 Roma
1901 3413 2097 3468 adesse

499 3502 844 3572 mandamus,
877 3502 952 3558 ita
979 3510 1037 3556 ut
1063 3501 1112 3556 si
1140 3509 1267 3557 tunc
1295 3517 1402 3558 non
1427 3501 1758 3568 occurreris,
1792 3501 1982 3557 tandiu
2025 3501 2102 3556 sis

497 3607 622 3646 cum
650 3590 956 3646 faventibus
983 3590 1078 3645 tibi
1107 3591 1369 3661 deinceps
1397 3606 1429 3645 a
1459 3590 1616 3645 nobis
1638 3598 1691 3645 et
1712 3605 1742 3644 a
1765 3597 1878 3646 toto
1900 3589 2098 3646 Christi

497 3696 727 3752 corpore
738 3679 964 3746 alienus,
992 3680 1232 3751 quandiu
1251 3679 1432 3734 minus
1455 3678 1810 3749 resipiscens,
1835 3679 2098 3735 obedien-

497 3769 585 3824 tia
613 3783 959 3841 nequaquam
974 3769 1142 3838 jussis
1161 3767 1364 3824 nostris
1385 3767 1527 3823 colla
1544 3767 1881 3824 submiseris.
1906 3769 2097 3839 Porro,

497 3857 544 3912 si
573 3857 631 3912 in
656 3857 759 3914 hac
787 3856 1294 3929 indisciplinatione‘
1313 3855 1698 3926 permanseris,
1751 3857 1974 3912 noveris
2003 3856 2101 3913 de-

496 3945 686 4018 inceps
715 3945 812 4000 tibi
831 3946 1046 4002 veniam
1067 3945 1469 4016 denegandam,
1491 3953 1542 4000 et
1565 3945 1862 4002 secundum
1883 3953 2102 4002 sanctos

493 4041 733 4082 canones
761 4025 836 4081 nil
864 4026 934 4081 de
961 4025 1207 4082 absentia
1235 4025 1452 4096 penitus
1500 4025 1856 4092 lucraturum,
1890 4033 1942 4082 et
1990 4041 2100 4083 non

498 4115 674 4172 solum
689 4115 1107 4180 communionis,
1159 4114 1255 4169 sed
1315 4122 1369 4169 et
1414 4114 1640 4171 honoris
1661 4116 1928 4185 jacturam
1969 4131 2105 4171 ana-

497 4205 737 4261 themate
767 4205 1081 4276 perculsum
1109 4202 1227 4260 sine
1259 4202 1366 4259 ﬁne
1395 4219 1704 4275 passurum.
1724 4206 1863 4260 Data
1891 4204 2098 4260 Kalen-

503 4293 587 4348 dis
617 4293 966 4363 Decembris,
999 4292 1298 4350 indictione
1337 4293 1564 4348 decima.

1252 4418 1336 4472 LI.

817 4522 886 4562 AD
911 4521 1093 4563 URSUM
1121 4521 1309 4562 DUCEM
1335 4519 1712 4560 VENETIARUM.

1107 4595 1286 4665 (Anno
1319 4593 1468 4665 8‘76.)

499 4690 673 4769 Rogat
713 4687 996 4769 episcopos
1023 4686 1131 4769 Iq'ui
1157 4687 1387 4769 Romam
1423 4682 1496 4769 {ad
1529 4681 1804 4767 synodum
1850 4699 2090 4769 evocara-

573 4755 688 4826 tur,
708 4755 828 4813 sitis
844 4755 1160 4828 sumptibus
1179 4757 1301 4810 alat
1320 4775 1338 4820 ;
1357 4755 1571 4828 quibus,
1588 4755 1704 4828 nisi
1724 4757 2088 4826 accesserint,

571 4825 1184 4885 exeommunicationis
1215 4826 1563 4882 sententiam
1601 4825 1878 4882 minatur.

571 4934 826 4989 JOANNES
856 4934 1010 4990 Uaso
1040 4931 1168 4988 duci
1200 4930 1564 4986 Venetiarum.

572 5023 708 5078 Cum
734 5039 836 5094 pro
879 5038 1041 5079 causa
1094 5019 1424 5077 venerabilis
1481 5019 1665 5076 fratris
1719 5021 1892 5078 nostri
1945 5023 2093 5079 Petri

503 5115 704 5163 sancta
741 5106 1038 5163 Gradensis
1061 5105 1324 5162 Ecclesia
1355 5105 1606 5160 antistitis
1659 5104 1915 5174 ﬁnienda,
1975 5108 2090 5163 Do-

499 5195 760 5253 minicum
788 5203 1040 5252 vocatum
1070 5194 1322 5262 electum,
1357 5193 1442 5250 cui
1471 5211 1624 5250 esses
1652 5195 1820 5250 tilium
1840 5204 1988 5250 tuum
2011 5211 2092 5251 so-

501 5284 726 5342 ciandus
755 5283 877 5356 [pro
907 5284 1231 5350 sociatums,
1265 5283 1466 5356 Hann]
1498 5285 1567 5339 ad
1595 5285 1950 5356 apostolicam
1997 5301 2092 5340 se-

503 5375 630 5430 dem
659 5373 872 5429 mittere
899 5372 1253 5444 promiseras,
1277 5389 1380 5429 nec
1409 5381 1592 5429 tamen
1623 5374 1848 5430 verbum
1891 5373 2092 5430 veritas
2127 5408 2135 5413 -

503 5463 796 5518 subsecuta
823 5469 927 5533 est,
958 5461 1114 5517 valde
1145 5461 1324 5516 mirati
1377 5477 1609 5518 sumus:
1671 5471 1722 5518 et
1781 5463 1927 5535 quod
1982 5479 2092 5518 non

503 5550 653 5610 omni
681 5551 912 5628 spiritui,
944 5565 1047 5612 nec
1072 5550 1128 5610 in
1156 5551 1304 5609 omni
1332 5553 1552 5624 negotio
1581 5551 1831 5622 credere,
1865 5552 2092 5610 docente

2198 1803 2450 1858 eumdem
2479 1804 2700 1859 Petrum
2755 1803 3124 1860 venerabilem
3177 1803 3390 1860 Domini
3449 1805 3795 1861 sacerdotem

2197 1893 2514 1948 imitandum
2537 1893 2792 1958 tribuere,
2825 1893 2917 1966 qui
2951 1909 3071 1949 cum
3117 1893 3566 1965 metropolitanus
3614 1903 3783 1962 esset,

2197 1981 2362 2038 nullis
2393 1981 2774 2037 comitantibus
2805 1998 2990 2038 secum
3020 1981 3313 2054 episcopis,
3332 1983 3652 2038 memoriam
3671 1999 3798 2055 apo-

2199 2070 2465 2126 stolorum
2494 2071 2782 2138 veniendo,
2817 2069 2954 2125 sicut
2982 2072 3256 2142 quondam
3286 2079 3502 2126 sanctus
3544 2073 3794 2127 Athana-

2199 2160 2310 2216 sius
2339 2159 2665 2222 honoravit;
2694 2167 3070 2214 verumtamen
3117 2167 3170 2214 et
3216 2176 3282 2214 ex
3333 2160 3606 2232 episcopis
3652 2161 3793 2216 duos

2197 2249 2386 2304 venire
2413 2247 2782 2314 decernimus,
2815 2247 3052 2303 Felicem
3081 2247 3289 2304 scilicet
3319 2257 3372 2305 et
3426 2251 3664 2314 Petrum,
3732 2257 3794 2306 ut

2197 2339 2408 2387 tantum
2427 2331 2704 2403 negotium
2735 2347 2843 2387 non
2865 2332 2982 2386 sine
2997 2332 3288 2402 prasentia
3317 2332 3556 2405 regionis
3588 2332 3797 2405 episco-

2196 2437 2393 2494 porum
2425 2421 2582 2491 hujus
2613 2419 2978 2491 cognitionem
3009 2420 3323 2476 habentium
3377 2420 3592 2476 diﬁiniri
3650 2438 3794 2494 quo-

2198 2527 2306 2582 quo
2335 2511 2500 2564 modo
2529 2509 2810 2579 videatur;
2840 2509 2916 2564 ita
2946 2517 3002 2563 ut
3032 2509 3078 2564 si
3106 2509 3246 2564 forte
3278 2527 3339 2564 se
3397 2511 3543 2566 Felix
3601 2511 3794 2566 venire

2197 2599 2346 2654 nullo
2375 2599 2540 2654 modo
2569 2614 2732 2669 posse
2761 2597 3130 2668 praetenderit,
3162 2597 3428 2654 vicarium
3457 2615 3616 2654 suum
3658 2600 3789 2654 mit-

2197 2695 2292 2755 tat,
2322 2687 2415 2760 qui
2445 2695 2498 2743 et
2526 2687 2827 2743 mittentem
2857 2703 2916 2742 se
2942 2687 3296 2756 jurejurando
3343 2694 3580 2755 excuset,
3632 2696 3685 2743 et
3733 2689 3790 2744 in

2199 2777 2408 2848 synodo
2435 2775 2555 2832 vice
2582 2775 2843 2832 mittentis
2871 2775 3183 2847 adimpleat.
3233 2777 3422 2832 Petrus
3479 2785 3681 2844 autem,
3737 2778 3784 2832 si

2197 2866 2370 2932 adest,
2404 2865 2582 2920 modis
2609 2864 2862 2920 omnibus
2891 2864 3090 2929 veniat,
3126 2865 3412 2936 siquidem,
3447 2873 3504 2919 ut
3561 2865 3790 2936 pehibe-

2199 2955 2284 3021 tis,
2318 2953 2840 3026 Constantinopolim
2870 2953 3117 3009 mittendi
3145 2969 3248 3010 nec
3295 2969 3418 3010 mos
3465 2961 3651 3010 vester
3689 2971 3790 3010 nos

2149 3039 2322 3116 ;latet
2349 3059 2450 3099 nec
2479 3050 2712 3114 tempus.
2743 3042 2994 3098 Matarius
3041 3043 3238 3114 Vorte,
3287 3042 3548 3098 Maturius
3595 3047 3652 3116 et
3699 3045 3792 3100 de-

2199 3132 2429 3188 lendum
2455 3131 2625 3203 prius,
2659 3130 2864 3204 Hann]
2896 3131 3096 3203 quippe
3122 3131 3273 3202 prius
3304 3131 3407 3188 huc
3420 3131 3604 3187 venire
3625 3147 3688 3188 ac
3705 3148 3788 3188 re-

2195 3220 2313 3278 dire
2337 3221 2406 3276 ad
2436 3220 2656 3292 prOpria
2682 3220 2894 3291 poterit,
2928 3237 3090 3292 quam
3130 3220 3267 3275 mari
3298 3235 3418 3275 mos
3465 3227 3519 3276 et
3577 3228 3789 3292 tempus

2199 3311 2421 3367 accedat
2450 3309 2674 3365 itineris.
2704 3309 2972 3364 Praterea
2995 3309 3249 3380 jubemus
3279 3309 3663 3365 archidiacono
3721 3309 3786 3365 ad

2198 3417 2299 3456 nos
2325 3399 2514 3455 venire
2543 3397 2905 3454 Torcellensis
2931 3397 3227 3464 Ecclesia;
3265 3397 3514 3452 similiter
3541 3405 3595 3453 et
3651 3397 3786 3454 Alti-

2199 3489 2385 3545 nensis
2414 3488 2663 3543 abbatem
2709 3487 3059 3554 monasterii;
3109 3485 3463 3542 nihilominus
3512 3495 3566 3542 et
3608 3487 3787 3544 archi-

2198 3578 2578 3650 presbyterum
2608 3583 2663 3632 et
2692 3574 3155 3642 archidiaconum,
3187 3583 3348 3647 atque
3366 3575 3527 3645 hujus
3541 3576 3787 3648 aquivo-

2199 3683 2322 3723 cum
2351 3675 2403 3722 et
2430 3673 2684 3736 nepotem
2715 3665 3060 3720 Laurentium
3134 3665 3422 3720 diaconum
3477 3665 3782 3721 Gradensis

2201 3755 2481 3826 Ecclesia,
2514 3770 2622 3826 quo
2651 3753 3135 3825 impraesentiarum
3167 3769 3330 3824 super
3357 3752 3443 3808 his
3471 3753 3669 3825 quibus
3690 3753 3788 3809 im-

2203 3852 2471 3916 petuntur,
2501 3843 2754 3898 idoneam
2785 3843 3046 3898 rationem
3079 3841 3524 3914 canonicamque,
3583 3843 3631 3898 si
3687 3857 3788 3898 no-

2200 3941 2385 3992 centes
2415 3941 2555 3998 sunt,
2617 3933 2846 3986 subeant
2900 3931 3179 3987 ultionem.
3238 3930 3373 4000 Qua
3429 3931 3614 3986 omnia
3667 3931 3790 3988 ideo

2201 4022 2392 4098 gloria
2419 4031 2528 4078 tua
2555 4030 2684 4077 nota
2722 4020 2840 4076 fieri
2870 4020 3136 4088 volumus,
3171 4028 3226 4076 ut
3257 4020 3336 4075 illi
3348 4021 3418 4076 ad
3433 4021 3789 4092 apostolicam

2203 4113 2389 4169 sedem
2419 4119 2771 4182 sanctamque
2801 4110 3067 4182 synodum
3097 4109 3402 4176 occursuri,
3445 4109 3792 4166 liberalitatis

2203 4211 2306 4258 tua
2333 4201 2678 4257 adminiculis
2717 4207 3099 4265 sustententur,
3161 4199 3580 4271 sumptibusque
3635 4199 3791 4257 locu-

2201 4291 2386 4364 pletati
2413 4291 2658 4346 laborem
2687 4288 2895 4344 itineris
2922 4287 3134 4344 facilius
3162 4304 3226 4346 ac
3253 4289 3428 4344 levius
3465 4287 3662 4356 ferant,
3697 4305 3790 4344 se-

2203 4381 2438 4438 cundum
2466 4379 2586 4452 pios
2614 4378 2909 4450 principes,
2945 4377 3038 4448 qui
3067 4377 3123 4432 in
3153 4377 3352 4432 talibus
3381 4375 3634 4434 muniﬁce
3656 4393 3792 4434 sem-

2123 4461 2176 4521 D
2199 4487 2300 4542 per
2327 4477 2484 4526 erant
2511 4467 2720 4523 intenti.
2753 4467 2866 4521 Hos
2895 4473 3076 4521 autem
3121 4482 3258 4538 quos
3313 4467 3415 4522 hac
3471 4467 3790 4522 auctoritate

2191 4558 2503 4632 apostolica
2533 4557 2927 4628 presentandos
2948 4555 3064 4610 sedi
3092 4555 3457 4621 decrevimus,
3480 4555 3608 4628 quia
3627 4555 3790 4612 tertio

2185 4649 2300 4718 jam
2355 4646 2666 4703 commoniti
2713 4647 2992 4716 hucusque
3013 4660 3301 4700 occurrere
3315 4645 3788 4716 contempserunt,

2191 4739 2416 4795 Romam
2445 4735 2640 4791 diebus
2670 4734 2790 4807 [pro
2813 4733 3016 4802 Idibus,
3049 4732 3252 4806 Haun.]
3301 4733 3606 4788 Februariis
3665 4732 3785 4789 fore

2191 4835 2446 4884 venturos
2466 4824 2834 4890 decrevimus,
2866 4821 2972 4877 nisi
3002 4821 3144 4877 forte
3188 4821 3455 4878 instanter
3488 4838 3787 4894 properare

2192 4913 2514 4988 delegerint.
2545 4915 2718 4968 Porro
2746 4919 2870 4984 post
2899 4911 3222 4967 Februarias
3265 4911 3452 4984 Vorte,
3498 4919 3624 4983 post
3664 4911 3791 4966 Idus

2191 5003 2540 5069 Februarias,
2573 5001 2774 5076 ΗΑιιι).]
2805 5000 2992 5056 tandiu
3018 5000 3086 5055 sit
3113 5001 3486 5073 unusquisque
3541 5000 3786 5072 ipsorum

2192 5109 2310 5149 cum
2335 5091 2634 5148 fautoribus
2665 5091 2778 5146 suis
2809 5089 3380 5146 excommunicationis
3411 5089 3643 5145 vinculis
3697 5089 3788 5143 in-

2191 5181 2445 5248 nodatus,
2482 5181 2722 5254 quandiu
2751 5180 2820 5235 ad
2850 5179 3038 5236 sedem
3069 5178 3426 5250 apostolicam
3455 5193 3562 5234 non
3592 5192 3792 5234 occur-

2192 5289 2340 5340 rens,
2373 5271 2576 5327 nullam
2606 5270 2860 5326 idoneam
2891 5285 3056 5340 super
3085 5284 3144 5324 se
3174 5267 3435 5324 rationem
3464 5267 3793 5341 regulariter

2193 5360 2530 5428 exhibuerit;
2564 5360 2742 5416 sciens
2772 5375 2831 5414 se
2862 5355 3224 5414 anathematis
3269 5357 3616 5428 postmodum
3661 5372 3792 5412 sen—

2193 5450 2362 5506 tentia
2410 5449 2733 5506 feriendum.
2788 5450 2928 5504 Data
2977 5445 3239 5503 Kalendis
3295 5447 3579 5513 Decemb.,
3642 5445 3791 5501 indi-

2193 5548 2371 5606 ctione
2398 5563 2458 5604 χ.
