4160 6318
400 268 505 321 705

1151 391 1260 446 LII.

687 495 758 533 AD
790 494 1101 536 DOHINICUM
1139 497 1208 534 ET
1237 496 1463 536 LEONEM
1502 496 1814 535 EPISCOPOS.

987 570 1167 640 (Anno
1200 571 1349 640 876.)

403 675 696 748 Signiﬁcat
725 676 992 746 quosdam
1010 679 1104 748 qui
1132 680 1362 732 Romam
1384 677 1455 732 ad
1479 677 1785 732 concilium
1817 678 1998 732 vocati

474 747 665 800 venire
688 747 1084 817 neglexerant,
1120 765 1176 802 se
1208 749 1750 813 excommunicasse,
1784 748 1899 802 nisi
1927 748 1998 801 ad

473 821 691 871 certam
722 819 1106 886 praestitutam
1135 819 1284 873 diem
1305 819 1598 885 venerint;
1630 820 1894 873 hortatur
1932 821 1997 872 ut

473 888 729 959 quandiu
740 889 831 942 illi
849 890 1159 958 uoluerint,
1176 905 1369 944 eorum
1387 891 1568 959 o/ﬁcia
1587 893 1992 962 exsequantur.

472 994 726 1048 JOANNES
756 994 1045 1065 episcOpus
1076 997 1358 1050 Dommco
1389 994 1708 1060 Olivolensi,
1742 1005 1793 1050 et
1823 997 1996 1055 LEONI

405 1082 683 1152 Caprensi,
704 1081 998 1153 episcopis.

473 1171 826 1225 Sanctitatem
871 1180 1112 1226 vestram
1173 1173 1425 1227 nolumus
1484 1173 1738 1243 ignorare
1785 1172 1998 1226 misisse

400 1275 502 1314 nos
534 1259 696 1314 Felici
727 1269 779 1314 et
810 1261 966 1315 Petro
997 1261 1286 1332 episc0pis,
1314 1271 1366 1316 et
1395 1262 1698 1327 Dominico,
1723 1262 1814 1332 qui
1843 1277 2000 1316 voca-

401 1357 490 1402 tur
522 1347 728 1402 electus
767 1349 1131 1404 Torcellensis
1189 1351 1471 1416 Ecclesia,
1505 1366 1600 1404 seu
1647 1350 1826 1403 abbati
1857 1350 1989 1404 Alti-

399 1436 586 1491 nensis
627 1438 980 1502 monasterii,
1014 1446 1174 1509 atque
1213 1439 1596 1494 archidiacono
1639 1437 1998 1493 Torcellensis

397 1525 677 1592 Ecclesia,
712 1540 814 1580 nec
842 1542 952 1581 non
981 1535 1033 1581 et
1086 1527 1562 1598 archipresbytero
1611 1535 1664 1580 et
1722 1526 1997 1581 archidia-

397 1629 557 1679 cono,
583 1622 743 1685 atque
798 1615 957 1684 hujus
1013 1615 1293 1686 aquivoco
1350 1631 1413 1670 ac
1470 1615 1651 1685 nepoti
1709 1615 1998 1669 Laurentio

399 1703 627 1758 diacono
658 1703 956 1758 Gradensis
988 1703 1268 1770 Ecclesiae,
1293 1705 1417 1774 quia
1447 1706 1606 1758 toties
1634 1720 1662 1756 a
1712 1703 1866 1759 nobis
1895 1720 1997 1757 vo-

397 1791 502 1846 cati
560 1792 628 1845 ad
679 1792 965 1847 concilium
1042 1794 1228 1848 Romae
1283 1809 1574 1848 occurrere
1657 1800 1996 1863 contempse-

397 1884 541 1944 runt,
574 1875 801 1930 futuram
821 1876 1394 1932 excommunicationis
1437 1878 1759 1932 sententiam
1789 1885 1841 1931 et
1871 1894 1994 1932 eum

398 1965 492 2034 qui
524 1981 590 2018 ex
618 1964 702 2018 his
731 1972 858 2020 tunc
888 1965 1083 2019 saltem
1114 1966 1300 2020 venire
1342 1966 1629 2032 distulerit,
1664 1965 1846 2020 tandiu
1871 1974 1995 2036 post

399 2051 522 2106 Idus
554 2053 879 2108 Februarias
911 2055 1058 2108 omni
1091 2054 1462 2110 ecclesiastica
1499 2055 1993 2110 communicatione

394 2141 907 2212 privasse,quandiu
929 2143 983 2196 in
997 2142 1355 2198 obstinatione
1371 2143 1592 2214 propria
1609 2159 1990 2214 perseverans,

397 2230 754 2300 apostolicam
782 2231 932 2286 adire
963 2232 1151 2286 sedem
1207 2233 1617 2302 contempserit.
1668 2232 1816 2287 Alios
1849 2233 1994 2287 enim

396 2321 590 2379 hortm
645 2335 831 2382 nostro
878 2327 1112 2382 concilio
1149 2342 1250 2398 pro
1305 2327 1682 2382 communibus
1726 2327 1993 2384 Ecclesia

398 2414 716 2469 utilitatibus
745 2415 994 2470 volumus
1026 2416 1310 2470 interesse.
1345 2415 1620 2484 Quosdam
1641 2424 1842 2483 autem,
1867 2417 1994 2488 quia

397 2519 563 2574 super
591 2503 913 2574 quibusdam
947 2504 1421 2574 reprehenduntur
1451 2505 1782 2571 excessibus,
1812 2506 1880 2560 de
1910 2505 1994 2559 his

397 2591 773 2648 satisfacturos
814 2593 1163 2664 requirimus.
1209 2592 1384 2658 Unde,
1444 2593 1639 2648 fratres
1669 2593 1991 2659 charissimi,

397 2697 496 2736 vos
525 2680 580 2734 in
610 2682 830 2752 specula
859 2699 982 2736 esse
1022 2681 1392 2752 praecipimus,
1425 2690 1479 2737 et
1524 2683 1572 2736 si
1599 2683 1817 2754 quidem
1847 2700 1994 2754 pra-

396 2769 527 2825 dicti
569 2769 831 2840 episcopi,
887 2771 1073 2824 dextra
1103 2771 1320 2826 Excelsi
1366 2771 1532 2826 corda
1575 2787 1760 2826 eorum
1792 2772 1993 2826 immu-

396 2867 564 2924 tante,
598 2859 664 2913 ad
693 2859 982 2914 concilium
1011 2867 1260 2914 nostrum
1289 2860 1435 2916 circa
1477 2860 1603 2915 Idus
1633 2861 1990 2925 occurrerint,

397 2955 455 3001 ut
483 2947 798 3018 pradictum
830 2956 930 3014 est,
965 2947 1310 3014 Februarias,
1343 2964 1442 3003 vos
1469 2964 1570 3019 per
1599 2949 1775 3019 ipsam
1805 2949 1995 3022 regio-

393 3053 518 3091 nem
552 3037 764 3102 morati,
797 3054 918 3108 qua
947 3045 1071 3092 sunt
1117 3053 1261 3093 verae
1318 3035 1599 3110 religionis
1627 3039 1892 3111 peragite,
1926 3055 1995 3093 ne

398 3124 522 3196 quis
570 3125 686 3181 sine
734 3125 993 3196 perfectis
1039 3126 1455 3181 Christianitatis
1516 3127 1868 3182 sacramentis
1914 3127 2003 3181 ab-

397 3213 600 3278 scedat,
636 3231 814 3291 neque
843 3215 1112 3285 panitens
1141 3215 1320 3269 minus
1343 3215 1726 3270 reconciliatus
1747 3214 1995 3282 deficiat;

397 3309 452 3355 et
496 3310 692 3358 catera
746 3302 856 3358 illic
909 3303 1127 3358 interim
1183 3302 1404 3358 deﬁnite
1463 3321 1583 3374 qua
1638 3304 1706 3358 ad
1764 3303 2000 3375 speciale

394 3391 669 3461 pertinent
698 3392 1080 3462 episcoporum
1098 3391 1354 3447 oﬂicium.
1386 3395 1454 3447 At
1497 3408 1628 3448 vero
1658 3392 1703 3446 si
1731 3401 1882 3463 pater
1911 3392 1998 3446 in-

395 3478 724 3535 obedientia
758 3481 835 3536 sic
863 3488 1073 3536 mentes
1122 3497 1309 3536 eorum
1365 3481 1656 3548 obsederit,
1687 3489 1745 3536 ut
1773 3481 1998 3537 obedire

394 3569 617 3624 omnino
647 3569 967 3640 despiciant,
1003 3578 1172 3625 restat
1206 3579 1263 3625 ut
1293 3587 1358 3626 eo
1414 3571 1504 3643 qui
1562 3571 1868 3627 obaudierit
1897 3571 1999 3625 be-

395 3657 616 3730 nignius
678 3666 946 3728 tractato,
995 3659 1086 3732 qui
1137 3667 1434 3730 pranotato
1493 3667 1740 3731 tempore
1798 3676 1871 3714 ex
1914 3660 2000 3715 his

395 3747 649 3802 omnibus
678 3747 937 3816 abfuerit,
968 3757 1092 3818 post
1122 3749 1737 3804 excommunicationem
1786 3750 2000 3805 noverit

397 3852 458 3891 se
485 3837 838 3892 anathematis
868 3838 1053 3910 gladio
1084 3839 1438 3908 puniendum.
1460 3837 1580 3907 Qua
1608 3839 1676 3893 de
1721 3855 1783 3895 re
1803 3839 2000 3910 pravi-

397 3925 578 3980 dimus
608 3926 725 3981 hac
755 3927 935 3981 omnia
965 3933 1093 3981 nota
1136 3927 1316 3982 facere
1360 3928 1539 3993 vobis,
1573 3935 1634 3982 ut
1667 3944 1732 3983 ea
1763 3929 2000 3984 scientes

399 4015 467 4068 ad
495 4015 735 4070 omnium
767 4015 1014 4070 notitiam
1047 4015 1331 4086 perferatis
1352 4060 1368 4083 ,
1404 4025 1456 4071 et
1487 4019 1592 4072 hoc
1623 4018 1693 4072 ad
1723 4018 1868 4088 quod
1897 4018 1999 4073 de-

397 4103 669 4159 crevimus
709 4105 973 4158 exhortati
1039 4120 1376 4178 magnopere
1423 4106 1702 4160 studeatis.
1749 4105 1909 4174 Quod
1955 4107 2000 4160 si

396 4209 495 4248 vos
524 4209 633 4249 non
678 4193 967 4258 audierint,
1022 4211 1138 4251 non
1188 4195 1342 4249 enim
1366 4236 1380 4263 ,
1413 4201 1471 4248 ut
1518 4194 1618 4248 Dei
1648 4195 1715 4248 ad
1746 4195 1999 4249 Ezechiel

396 4296 532 4338 voce
553 4282 818 4347 dicamus,
839 4283 1038 4338 volunt
1065 4283 1265 4338 audire
1281 4299 1393 4347 vos,
1419 4283 1549 4355 quia
1569 4284 1778 4338 nolunt
1800 4284 1998 4338 audire

396 4387 498 4426 nos
556 4372 778 4440 (Ezech.
811 4372 916 4442 HI),
948 4371 1140 4426 habete
1190 4371 1331 4440 illos,
1385 4379 1437 4426 et
1483 4371 1769 4426 habendos
1798 4371 1998 4442 ubique

1605 264 1964 322 EPISTOLzE
2018 267 2108 321 ET
2164 267 2508 322 DECRETA.

2024 393 2078 452 A
2099 391 2232 445 tanti
2279 391 2401 444 mali
2445 391 2754 446 auctoribus
2797 400 2921 446 sunt
2950 392 3180 447 nexibus
3209 391 3420 458 irretiti,
3453 409 3563 448 non
3594 409 3690 448 so-

3587 271 3692 324 706

2097 479 2210 534 lum
2240 481 2308 534 ab
2339 497 2528 535 eorum
2561 497 2658 536 vos
2701 482 3078 536 communione
3106 498 3334 552 prorsus
3363 492 3561 552 arcete,
3595 483 3692 537 sed

2099 576 2152 622 et
2181 569 2250 623 ab
2288 569 2540 624 omnibus
2570 570 2660 640 qui
2700 570 2779 623 eis
2827 571 3339 625 communicaverint
3369 572 3517 639 (sunt
3547 571 3693 626 enim

2098 657 2212 727 pari
2243 673 2433 712 omnes
2481 658 2809 728 obligatione
2839 658 3153 729 constricti).
3188 659 3452 728 Optamus
3492 659 3693 715 sancti-

2099 753 2281 813 tatem,
2345 755 2448 800 etc.
2510 748 2646 801 Data
2705 747 2931 802 Kalend.
3001 748 3337 813 Decembris,
3397 748 3694 804 indictione

2099 834 2332 890 decima.

2831 925 2966 978 LIII.

2546 1029 2616 1067 ΑΙ)
2656 1029 2879 1067 DELTUM
2916 1029 3246 1068 EPISCOPUM.

2717 1104 2898 1174 (Anno
2937 1103 3086 1172 876.)

2105 1213 2168 1267 Ut
2203 1213 2317 1267 vice
2339 1212 2657 1282 apostolicae
2678 1210 2822 1264 sedis
2843 1211 3087 1279 fungens
3121 1211 3375 1266 Venetias
3393 1215 3613 1282 pergat,
3639 1215 3695 1266 et

2174 1285 2453 1354 episcopos
2510 1284 2630 1352 ejus
2678 1283 2920 1350 regionis
2963 1284 3192 1354 Romam
3249 1282 3321 1336 ad
3363 1283 3690 1350 concilium,

2169 1353 2317 1408 sicut
2341 1353 2616 1425 jusserat,
2651 1354 2841 1407 venire
2871 1353 3072 1422 faciat.

2169 1463 2422 1516 los):an
2454 1458 2898 1514 reverentissimo
2932 1459 3119 1512 DELTO
3151 1458 3428 1528 episcOpo.

2169 1552 2297 1605 Tua
2339 1549 2643 1604 dilectionis
2673 1547 2968 1603 sinceritati
3012 1547 3298 1616 pastoralis
3346 1547 3504 1603 oﬂicii
3538 1549 3698 1604 nobis

2101 1638 2463 1694 sollicitudine
2507 1639 2724 1706 juncta,
2787 1653 2951 1708 quam
3008 1635 3061 1690 in
3119 1636 3452 1691 consortium
3521 1638 3695 1692 nostri

2024 1744 2078 1804 Β
2101 1729 2306 1782 laboris
2324 1727 2591 1782 asciscere
2613 1725 2974 1795 decrevimus,
3003 1725 3278 1797 cognitum
3301 1724 3548 1796 facimus,
3571 1727 3697 1797 quia

2101 1819 2289 1872 Petrus
2320 1814 2805 1871 reverendissimus
2834 1813 3179 1868 Venetiarum
3209 1815 3577 1885 metropoleos
3606 1832 3696 1870 an-

2097 1906 2270 1971 tistes,
2305 1905 2487 1958 multis
2530 1902 2992 1975 suﬁ'raganeorum
3037 1918 3254 1956 suorum
3284 1911 3540 1975 gravatus
3571 1920 3694 1959 mo-

2092 1994 2289 2059 lestiis,
2325 2001 2377 2048 et
2407 1991 2684 2048 canonica
2723 1991 3092 2046 constitutioni
3121 1992 3546 2062 repugnantibus
3575 2009 3697 2046 ma-

2093 2083 2160 2137 lis
2190 2099 2505 2154 Oppressus,
2539 2081 2743 2152 delegit
2794 2081 2957 2135 corde
2987 2080 3188 2134 devoto
3218 2089 3524 2136 sanctorum
3559 2097 3698 2152 apo-

2097 2173 2358 2226 stolorum
2396 2171 2538 2226 Petri
2588 2177 2640 2224 et
2673 2169 2825 2224 Pauli
2854 2169 2922 2222 ad
2952 2168 3139 2222 limina
3183 2184 3504 2240 prOperare,
3538 2170 3698 2226 inde-

2097 2278 2202 2332 que
2232 2261 2421 2315 salutis
2477 2268 2526 2314 et
2557 2267 2751 2330 optata
2784 2258 3173 2314 consolationis
3200 2274 3359 2328 opem
3389 2259 3697 2330 percipere,

2095 2349 2190 2402 ubi
2222 2349 2383 2403 totius
2414 2348 2683 2404 Ecclesia
2713 2347 2959 2402 Christus
2988 2349 3135 2402 Deus
3167 2355 3355 2402 noster
3383 2347 3704 2404 fundamen-

2096 2446 2210 2492 tum
2239 2437 2456 2502 locavit,
2490 2446 2542 2491 et
2575 2435 2857 2507 religionis
2901 2444 3061 2506 atque
3103 2435 3324 2503 justitia
3353 2444 3511 2506 caput
3540 2437 3700 2491 insti-

2097 2525 2214 2580 tuit.
2246 2527 2313 2581 Et
2343 2525 2465 2580 ideo
2513 2525 2865 2596 querimoniis
2913 2524 3028 2592 ejus
3059 2539 3222 2578 aures
3263 2524 3563 2579 clementia
3594 2540 3699 2580 no-

2098 2623 2242 2680 stra,
2276 2614 2470 2668 litteris
2517 2621 2626 2668 tam
2678 2613 2781 2683 ipsi
2813 2614 2954 2669 Ursa
3002 2612 3350 2667 Venetiarum
3381 2613 3506 2668 duci
3537 2629 3698 2685 quam

2098 2702 2459 2774 suﬁ‘raganeis
2491 2703 2608 2771 ejus
2639 2701 2931 2772 episcopis,
2965 2717 3194 2773 quorum
3228 2717 3360 2756 sane
3389 2701 3702 2756 inobedien-

2098 2795 2170 2846 tia
2197 2800 2248 2847 et
2278 2791 2580 2846 temeritate
2611 2790 2905 2846 canonicus
2933 2790 3093 2861 vigor
3123 2789 3403 2857 confusus,
3437 2789 3702 2846 Ecclesia

2099 2881 2199 2935 Dei
2253 2888 2508 2951 potestas
2543 2879 2830 2947 exinanita,
2893 2887 2945 2933 et
3001 2879 3417 2949 metropolitana
3464 2879 3700 2952 dignitas

2100 2977 2354 3040 corrupta
2386 2969 2584 3036 existit,
2618 2977 2675 3023 ut
2702 2967 2757 3022 in
2788 2975 3085 3038 conspectu
3135 2976 3324 3022 nostro
3364 2967 3702 3038 apostolica-

2023 3101 2074 3164 Ο
2101 3075 2204 3130 que
2237 3058 2383 3112 sedis
2413 3057 2723 3128 praesentia,
2756 3055 3040 3126 utriusque
3070 3057 3242 3126 partis
3271 3056 3561 3126 praesentia
3589 3056 3702 3112 exi-

2101 3155 2296 3213 stente,
2331 3146 2531 3217 liteque
2557 3146 2821 3211 discussa,
2857 3144 3022 3199 ﬁnem
3051 3160 3228 3199 causa
3272 3145 3515 3208 debitum
3547 3159 3702 3217 aquo

2097 3235 2504 3306 imponet-emus
2535 3234 2840 3299 libramine,
2879 3233 3087 3288 litteras
3118 3241 3330 3288 nostras
3359 3233 3653 3288 direximus
3681 3252 3696 3300 ;

2100 3325 2197 3379 sed
2227 3325 2344 3395 ipse
2376 3324 2485 3379 dux
2515 3323 2882 3379 excusationis
2911 3322 3078 3377 verba
3107 3323 3285 3392 potius
3311 3338 3476 3392 quam
3507 3322 3706 3394 quasi-

2099 3421 2184 3468 tas
2214 3429 2246 3468 a
2276 3414 2433 3468 nobis
2479 3428 2743 3483 personas
2792 3419 2992 3466 statuto
3041 3418 3284 3481 tempore
3314 3411 3499 3466 maluit
3527 3411 3702 3466 desti-

2098 3518 2252 3557 nare.
2287 3502 2441 3558 Unde
2491 3501 2740 3557 nolentes
2769 3499 3052 3571 prafatum
3086 3499 3307 3554 fratrem
3336 3509 3387 3554 et
3418 3500 3700 3570 coepisco-

2098 3608 2229 3662 pum
2257 3599 2504 3646 nostrum
2530 3591 2738 3661 absque
2768 3588 3139 3644 consolatione
3160 3589 3341 3643 debita
3359 3588 3696 3659 relinquere,

2100 3681 2201 3734 rati
2231 3697 2420 3735 sumus
2468 3687 2520 3734 te
2567 3679 2685 3734 vice
2729 3685 2913 3732 nostra
2956 3677 3085 3732 illuc
3125 3677 3387 3750 dirigere,
3436 3685 3704 3749 quatenus

2098 3769 2282 3824 divino
2335 3767 2506 3823 fretus
2551 3767 2748 3822 auxilio
2798 3783 2864 3822 ea
2911 3783 3032 3837 qua
3078 3767 3337 3837 pradicto
3385 3766 3542 3821 fratri
3579 3773 3704 3821 sunt

2099 3857 2406 3914 necessaria
2434 3857 2727 3928 prudenter
2753 3871 2986 3928 peragas
3013 3863 3066 3910 et
3089 3871 3214 3911 cum
3258 3855 3475 3910 Domini
3510 3855 3704 3910 timore

2100 3955 2298 4003 cuncta
2342 3945 2613 4017 perticias.
2647 3946 2757 3999 Has
2788 3944 2951 4016 igitur
2991 3944 3324 4014 apostolatus
3353 3943 3525 3999 nostri
3556 3943 3704 3998 litte-

2099 4052 2186 4089 ras
2245 4035 2537 4105 accipiens,
2592 4050 2692 4104 pro
2741 4033 2966 4087 utilitate
3017 4041 3068 4086 et
3098 4033 3272 4086 salute
3311 4032 3574 4088 Ecclesia
3603 4031 3705 4087 Dei

2099 4140 2198 4179 ceu
2229 4124 2457 4177 idoneus
2480 4121 2678 4176 Christi
2706 4122 2864 4175 miles
2894 4121 3150 4175 laborare
3181 4128 3369 4192 satage
3396 4140 3408 4187 ;
3444 4120 3702 4192 quoniam

2099 4212 2314 4266 dicente
2346 4211 2607 4280 Apostolo
2638 4211 2690 4280 (Ι
2721 4210 2902 4264 Thess.
2937 4209 3019 4278 ιι),
3054 4208 3210 4263 labor
3245 4217 3433 4263 noster
3464 4224 3572 4263 non
3605 4208 3704 4263 erit

2097 4299 2272 4353 inanis
2302 4300 2354 4353 in
2387 4299 2659 4366 Domino;
2695 4306 2746 4353 et
2776 4298 2821 4352 si
2853 4297 2986 4353 socii
3025 4313 3211 4352 sumus
3241 4297 3461 4364 laboris,
3498 4297 3704 4352 erimus

2098 4388 2345 4460 profecto
2375 4396 2427 4442 et
2456 4387 2861 4443 consolationis.
2896 4387 3109 4442 Christo
3139 4387 3304 4460 igitur
3333 4387 3490 4456 duce,
3527 4387 3705 4442 Vene-

395 4458 572 4514 modis
604 4459 853 4514 omnibus
882 4460 1194 4530 pradicate,
1241 4459 1381 4516 sicut
1435 4460 1700 4515 Dominus
1733 4461 1994 4530 pracepit

2099 4458 2235 4533 tiam
2264 4493 2453 4550 perge,
2487 4479 2735 4548 Ursoque
2767 4476 2892 4532 duci
2921 4458 3209 4548 epistolam
3249 4476 3570 4531 destinatam
3601 4477 3706 4530 tri-

395 4547 583 4602 haberi
602 4565 725 4604 eum
748 4549 1155 4619 quiEcclesiam
1172 4565 1280 4604 non
1301 4549 1533 4604 audierit
1549 4549 1768 4619 (Matth.
1794 4550 1959 4620 xvm)
1985 4568 2000 4616 ;

397 4639 734 4693 tantumdem
756 4646 839 4692 est
870 4639 916 4692 si
943 4637 1170 4706 dicatur,
1188 4639 1343 4694 sicuti
1371 4655 1470 4694 nos
1499 4655 1594 4694 eos
1616 4639 1807 4694 haberi
1829 4638 1999 4711 [Edit.

399 4727 552 4781 Rom.
616 4726 794 4790 addit,
831 4727 1016 4799 supra]
1049 4728 1363 4784 decrevisse
1420 4727 1869 4800 significavimus.
1903 4727 2002 4782 Vi-

398 4813 521 4869 dete
565 4823 744 4870 autem
778 4857 791 4884 ,
823 4833 893 4871 ne
941 4833 1176 4887 persona
1231 4817 1386 4872 vobis
1445 4817 1699 4888 qualibet
1729 4816 2004 4872 silentium

395 4903 571 4974 possit
615 4904 917 4975 imponere,
951 4923 1037 4971 ne,
1087 4906 1232 4978 quod
1260 4905 1414 4972 absit,
1463 4914 1722 4978 tanquam
1766 4905 2000 4962 idolola-

398 5001 492 5048 tra
514 4993 853 5062 judicemini.
885 4997 984 5050 Est
1023 4998 1194 5061 enim,
1231 4995 1481 5051 Samuele
1521 4997 1802 5061 edocente,
1838 4997 2004 5067 quasi

397 5082 581 5138 scelus
611 5083 970 5149 idololatria,
1005 5085 1156 5140 nolle
1194 5086 1543 5156 acquiescere
1577 5087 1677 5156 (III
1702 5089 1826 5156 Reg.
1875 5087 1997 5155 xv).

397 5169 456 5226 Si
480 5179 743 5242 praterea
780 5171 929 5227 Felix
959 5173 1044 5229 vel
1097 5174 1286 5228 Petrus
1344 5173 1731 5244 impedimento
1762 5173 1998 5231 inevita-

394 5257 492 5313 bili
519 5260 842 5330 prohibitus,
878 5278 986 5316 non
1013 5261 1237 5326 venerit,
1268 5261 1524 5316 idoneum
1555 5263 1730 5318 virum
1779 5280 1846 5318 ex
1876 5263 1999 5318 dia-

395 5349 624 5404 conibus
652 5349 916 5406 Ecclesia
949 5368 1061 5406 sua
1091 5350 1265 5405 mittat
1306 5367 1404 5420 per
1457 5351 1634 5405 omnia
1686 5352 1836 5408 vices
1868 5369 1997 5408 suas

395 5438 759 5509 supplentem.
792 5439 910 5494 Jam
939 5455 1070 5495 vero
1101 5439 1146 5494 si
1178 5455 1392 5511 quoquo
1447 5440 1611 5494 modo
1642 5441 1915 5510 potuerint
1945 5448 2002 5496 et

396 5535 689 5605 noluerint,
723 5537 851 5610 quia
878 5537 1084 5595 idcirco
1119 5538 1695 5596 excommunicationis
1739 5555 1846 5595 una
1874 5555 2001 5597 cum

2104 4567 2229 4633 bue,
2265 4582 2494 4638 eamque
2541 4573 2598 4620 ut
2624 4565 2847 4620 auribus
2891 4566 3146 4621 audiendi
3193 4565 3388 4630 audiat,
3439 4564 3704 4620 instanter

2103 4656 2354 4720 admone,
2391 4671 2459 4710 ne
2490 4655 2700 4709 statutis
2746 4654 3056 4725 apostolica
3084 4653 3232 4708 sedis
3261 4653 3535 4719 resistere,
3572 4653 3703 4725 quin

2103 4744 2285 4815 potius
2315 4744 2505 4798 humili
2535 4743 2696 4799 corde
2741 4743 2967 4798 obedire
2999 4749 3272 4814 procuret.
3301 4741 3540 4796 Alteram
3570 4758 3704 4798 vero

2104 4833 2388 4904 epistolam
2431 4833 2596 4888 Felici
2652 4840 2852 4887 sancta
2911 4831 3170 4886 Ecclesia
3232 4830 3542 4902 Equilensis
3590 4831 3706 4902 epi-

2104 4937 2290 4992 scopo,
2325 4937 2488 4992 quem
2538 4922 2606 4976 ad
2635 4937 2736 4975 nos
2766 4920 2954 4975 venire
2993 4920 3269 4988 jubemus.
3303 4919 3541 4975 Tertiam
3572 4935 3708 4992 quo-

2104 5026 2209 5082 que
2241 5011 2524 5066 Dominico
2557 5009 2886 5064 Olivolensis
2909 5008 3174 5065 Ecclesia
3195 5009 3434 5065 et-Leoni
3465 5009 3707 5080 Capren-

2101 5099 2179 5153 sis
2226 5099 2508 5165 Ecclesia,
2561 5097 2834 5168 episcOpis
2875 5113 3013 5169 quos
3061 5097 3134 5152 ibi
3181 5115 3403 5154 manere
3433 5099 3702 5165 volumus,

2103 5188 2290 5259 eisque
2341 5196 2396 5242 ut
2425 5188 2479 5242 in
2509 5187 2594 5241 his
2625 5203 2745 5258 qua
2778 5186 2878 5241 Dei
2910 5194 3035 5241 sunt
3065 5195 3118 5242 te
3147 5185 3381 5243 fideliter
3427 5189 3700 5257 adjuvant,

2100 5277 2475 5347 pracepimus,
2534 5275 2730 5330 tribue.
2758 5275 3020 5344 Quartam
3051 5292 3184 5332 vero
3212 5276 3498 5332 Dominico
3529 5276 3704 5332 electo

2102 5365 2364 5421 Ecclesia
2410 5364 2773 5420 Torcellensis
2822 5365 2955 5422 dare
2985 5381 3258 5436 procura;
3293 5381 3497 5437 eosque
3541 5363 3705 5419 terri-

2099 5454 2278 5508 biliter
2306 5453 2627 5509 obtestando
2657 5462 2817 5527 atque
2839 5455 3080 5524 jubendo
3112 5455 3334 5510 easdem
3363 5453 3618 5525 epistolas
3647 5453 3704 5507 in

2100 5551 2396 5614 conSpectu
2427 5542 2588 5599 totius
2619 5543 2968 5601 Ecclesia’et
2993 5545 3199 5616 populi,
3232 5551 3395 5616 teque
3433 5550 3704 5614 prasente
