4160 6328
451 246 559 301 707

1729 241 2027 301 JOANNIS
2081 241 2279 298 PAPE
2333 242 2479 300 VIII.

3666 246 3779 303 708

449 368 637 442 legere
666 367 830 426 facito
862 386 875 423 :
906 367 1104 441 quibus
1125 368 1384 424 nimirum
1404 368 1663 441 perlectis
1694 376 1802 424 tam
1828 369 2053 425 eosdem
2081 366 2320 433 Asedis,
2352 368 2716 424 Acimundum
2745 368 2954 426 scilicet
2974 376 3027 425 et
3042 367 3389 441 Walpertum
3407 368 3763 426 venerabiles

450 459 737 530 episcopos
784 458 1147 528 supradictos,
1203 460 1310 513 hoc
1342 465 1425 513 est
1456 458 1675 515 felicem
1706 467 1732 494 ³
1761 458 2064 514 Matemau-

449 554 675 614 tensem,
709 554 763 602 et
793 548 1011 602 Petrum
1057 546 1435 619 Aquilensem,
1466 547 1776 619 episcOpos,
1811 563 1917 604 nec
1952 563 2064 602 non

447 636 793 691 Laurentium
824 636 1267 691 archidiaconum
1300 635 1603 691 Gradensis
1634 635 1919 704 Ecclesiae,
1958 633 2062 689 ab-

447 724 628 780 batem
677 724 914 780 coenobii
959 723 1275 793 Altinensis,
1325 724 1770 781 archidiaconum
1826 722 2061 779 Roscel-

448 813 681 880 lensem,
717 821 771 868 et
799 813 1332 884 archipresbyterum
1383 814 1747 879 Gradensem,
1800 827 1927 868 cum
1958 827 2062 867 ne-

445 910 573 973 pote
604 918 703 958 suo
733 902 1022 958 Laurentio
1052 903 1280 958 Romam
1308 901 1364 955 in
1392 902 1744 972 prasentiam
1787 908 2059 967 nostram,

447 1007 515 1048 ex
542 999 736 1047 nostra
784 991 1086 1062 apostolica
1141 991 1463 1047 auctoritate
1513 990 1696 1045 Idibus
1725 989 2056 1056 Februariis,

454 1080 604 1136 omni
631 1096 789 1135 mora
819 1080 905 1136 vel
949 1079 1242 1136 occasione
1288 1078 1608 1150 postposita,
1645 1078 1947 1135 secundum
1976 1086 2063 1134 te-

452 1184 648 1224 norem
696 1167 939 1239 epistolae
983 1176 1185 1223 nostrae
1233 1167 1420 1224 venire
1464 1168 1719 1239 praecipe.
1764 1168 1903 1222 Nam
1933 1166 1978 1221 si
2007 1166 2065 1221 in

455 1256 735 1328 praedictis
772 1256 953 1311 Idibus
1001 1256 1188 1311 venire
1236 1256 1481 1328 quolibet
1526 1257 1690 1312 modo
1734 1255 2059 1322 distulerint,

458 1346 632 1401 sciant
663 1361 723 1400 se
752 1343 899 1400 omni
944 1344 1314 1401 ecclesiastica
1360 1344 1744 1401 communione
1791 1361 1914 1401 esse
1938 1344 2062 1415 pri-

454 1442 628 1501 vatos,
680 1441 843 1505 atque
894 1433 1258 1489 anathematis
1305 1433 1537 1490 vinculis
1578 1434 1882 1503 innodatos,
1929 1448 2066 1505 quo-

460 1537 635 1594 usque
688 1521 892 1577 nostris
921 1538 981 1577 se
1025 1522 1305 1578 obtutibus
1352 1530 1686 1594 praesentare
1727 1521 2059 1579 curaverint.

458 1600 707 1683 Cumque
753 1610 933 1666 omnia
974 1611 1127 1680 juxta
1176 1619 1378 1667 nostrae
1405 1611 1788 1683 praeceptionis
1817 1610 2066 1666 affectum

458 1699 551 1771 pia
582 1708 635 1754 et
661 1697 813 1756 fideli
843 1700 1138 1757 devotione
1167 1700 1547 1772 compleveris,
1578 1701 1648 1756 ad
1678 1699 1940 1755 Ecclesiae
1962 1707 2066 1755 tuae
2098 1726 2152 1787 B

446 1796 724 1845 revertere
754 1788 1052 1860 gremium,
1076 1789 1342 1862 nobisque
1373 1790 1475 1844 sub
1506 1789 1831 1845 certitudine
1860 1795 2055 1844 cuncta

444 1878 755 1933 renuntiare
785 1893 894 1934 non
924 1877 1166 1933 diﬂ'eras.
1199 1879 1266 1934 Ut
1295 1878 1341 1933 si
1372 1878 1440 1935 de
1460 1886 1659 1934 caetero
1684 1878 1863 1949 aliqua
1890 1893 2055 1950 super

443 1965 528 2021 his
558 1967 776 2039 agenda
805 1967 911 2021 sint
948 1967 1172 2023 arbitrio
1202 1967 1412 2036 solerti,
1442 1974 1500 2022 ut
1530 1983 1661 2024 cura
1692 1967 1873 2022 debita
1902 1965 2054 2022 solli-

444 2054 603 2111 citius
637 2056 754 2111 Deo
784 2055 1023 2127 pr0pitio
1053 2071 1406 2128 peragamus.

1181 2207 1317 2264 LIV.

868 2336 944 2377 AD
981 2336 1319 2379 LAMBERTUM
1358 2337 1625 2380 COMITEM.

1058 2438 1238 2510 (Anno
1293 2437 1443 2509 8'76.)

449 2562 858 2635 Utcompescat
888 2563 991 2618 sibi
1022 2564 1296 2635 subjectos
1327 2580 1362 2618 α
1390 2563 1560 2617 malis
1590 2578 1712 2635 quae
1757 2565 2052 2634 perpetra-

517 2632 689 2706 bant;
723 2650 855 2706 quos
885 2635 936 2688 si
969 2632 1269 2689 emendare
1317 2650 1433 2689 non
1473 2632 1767 2706 potuerit,
1795 2632 2056 2706 minatur

515 2704 647 2776 illos
697 2704 755 2759 se
796 2706 1434 2776 excommunicaturum
1466 2704 1489 2760 ἔ
1518 2706 1720 2776 legatis
1768 2705 1957 2776 multa
2002 2705 2055 2759 ei

514 2774 641 2829 viva
671 2791 799 2832 voce
829 2775 1131 2847 referenda
1161 2792 1219 2831 se
1250 2774 1583 2847 injunzcisse'
1607 2775 1916 2847 signiﬁcat.

510 2925 767 2981 Jomes
805 2925 1095 2998 episcOpus
1121 2927 1424 2982 Lmnnro
1455 2926 1659 2982 comiti.

514 3032 600 3087 Ab
629 3031 780 3103 olim,
815 3032 862 3087 si
899 3032 1226 3103 recordaris,
1278 3033 1511 3090 salutem
1552 3041 1696 3089 tuam
1727 3040 1887 3106 atque
1918 3049 2054 3105 pro-

455 3120 660 3178 fectum
704 3121 1099 3193 desiderantes,
1132 3130 1186 3178 et
1214 3122 1392 3178 anima
1437 3130 1491 3178 te
1522 3122 1739 3189 salvari,
1774 3130 1827 3178 et
1855 3138 2058 3194 corpo-

467 3209 580 3265 reis
608 3210 908 3266 honoribus
954 3210 1217 3267 cumulari
1265 3211 1615 3284 quaesivimus
1644 3219 1697 3267 et
1733 3211 2059 3283 optavimus.

454 3299 525 3353 Et
570 3298 699 3370 quia
748 3315 893 3355 nunc
937 3299 1109 3355 multo
1151 3300 1383 3372 amplius
1428 3302 1533 3357 hoc
1578 3317 1739 3372 quam
1786 3300 1956 3372 prius,
1989 3300 2066 3356 fili

454 3387 802 3455 charissima,
827 3387 1096 3456 volumus,
1130 3389 1273 3445 scias
1302 3398 1532 3461 paterno
1563 3388 1761 3447 affectu
1782 3406 1815 3445 a
1833 3390 1991 3446 nobis
2012 3397 2065 3446 te

452 3476 613 3549 diligi
644 3485 698 3532 et
726 3485 785 3532 ut
815 3477 1149 3549 spiritualem
1165 3477 1335 3533 ﬁlium
1364 3495 1593 3551 prorsus
1621 3478 1896 3551 amplecti,
1931 3494 2065 3551 quo-

450 3565 601 3620 niam
630 3566 899 3621 honorem
928 3575 1090 3639 atque
1123 3575 1271 3623 tuum
1300 3567 1603 3638 profectum
1648 3576 1889 3624 nostram
1932 3567 2059 3639 glo-

441 3653 578 3710 riam
609 3670 733 3710 esse
764 3663 1035 3727 putamus,
1064 3664 1116 3712 et
1135 3657 1205 3713 de
1228 3665 1333 3712 tuae
1352 3656 1733 3729 prosperitatis
1762 3664 2058 3729 augmento

441 3743 498 3798 in
548 3742 783 3799 Domino
837 3744 1169 3817 gratulamur
1202 3738 1391 3802 {unde
1445 3754 1497 3801 et
1525 3753 1584 3801 tu
1615 3762 1723 3802 non
1766 3745 2057 3803 immemor

442 3831 638 3898 nostri,
692 3847 977 3905 rogamus,
1009 3842 1068 3889 ut
1099 3850 1318 3906 semper
1347 3842 1400 3889 et
1427 3842 1486 3889 ut
1515 3834 1600 3889 his
1630 3851 1750 3906 quas
1779 3835 2049 3903 volumus,

447 3928 501 3976 et
530 3935 653 3992 quaa
700 3929 947 3977 nostrum
976 3923 1045 3979 de
1078 3923 1185 3978 tuis
1215 3922 1524 3979 hominibus
1561 3922 1897 3994 pontiﬁcium
1925 3923 2052 3995 pul-

444 4016 593 4076 sant,
624 4010 913 4066 emendare
963 4011 1273 4067 nullatenus
1312 4012 1731 4084 praetermittas;
1764 4028 1874 4068 non
1904 4012 2051 4068 enim

441 4114 731 4171 speramus
760 4106 817 4155 ut
848 4100 979 4155 talia
1009 4100 1153 4156 scias
1185 4101 1369 4174 qualia
1395 4102 1462 4157 ab
1492 4102 1702 4158 eisdem
1732 4101 1838 4159 tuis
1867 4102 2048 4158 homi-

438 4188 601 4244 nibus
630 4189 686 4245 in
728 4189 932 4245 nostris
980 4189 1180 4246 finibus
1219 4199 1623 4265 perpetrantur.
1672 4191 1806 4261 Quae
1833 4199 2047 4264 oportet

438 4277 672 4351 gloriam
701 4286 849 4334 tuam
881 4279 1124 4336 studiose
1154 4280 1453 4354 inquirere,
1488 4289 1561 4349 et,
1595 4281 1733 4337 sicut
1756 4281 2043 4348 condecet,

436 4381 540 4438 pro
571 4366 672 4423 Dei
701 4375 755 4422 et
784 4375 974 4424 nostro
1003 4385 1189 4425 amore
1220 4370 1369 4425 omni
1409 4371 1694 4426 conamine
1724 4370 2037 4437 emendare,

2087 3085 2136 3150 C

2163 456 2452 528 episcopos
2468 457 2695 514 dilectos
2723 466 2944 514 nostros
2973 458 3043 513 ad
3071 465 3218 513 tuam
3245 457 3585 526 nobilitatem
3612 457 3765 513 dire—

2163 544 2360 612 ximus,
2386 554 2444 602 ut
2471 546 2527 601 hi
2549 547 2697 618 quod
2715 547 2918 621 pagina
2937 547 3147 603 reticuit
3174 547 3297 603 viva
3323 562 3458 603 voce
3473 547 3765 619 loquentes

2163 633 2396 702 edicant,
2431 642 2485 690 et
2513 643 2848 692 revertentes
2894 636 2963 691 de
2992 644 3087 691 tua
3131 635 3507 692 benevolentia
3537 651 3638 691 nos
3666 634 3766 690 lte-

2162 722 2326 777 tiores
2372 722 2624 780 efﬁciant.
2670 725 2807 780 Data
2844 740 2942 780 xxx
2989 724 3266 781 Kalendas
3304 724 3563 791 Januarii,
3611 723 3764 780 indi-

2165 811 2344 868 ctione
2375 812 2608 869 decima.

2902 918 3012 977 LV.

2306 1040 2378 1081 AD
2419 1041 2760 1083 GUAIFERI‘UM
2806 1042 3107 1083 PRINCIPEM
3165 1041 3614 1083 SALERNITANUM.

2778 1134 2959 1203 (Anno
2998 1134 3149 1203 8’76.)

2160 1237 2380 1293 Laudat
2406 1241 2527 1310 ejus
2555 1240 2687 1309 ﬁdei
2714 1241 3098 1297 constantiam
3128 1256 3260 1312 erga
3290 1240 3477 1312 sedent
3502 1241 3764 1312 apostoli-

2232 1324 2359 1363 cam
2377 1329 2394 1364 :
2413 1312 2682 1383 Adelgisii
2711 1316 2765 1367 et
2796 1310 3395 1384 complicumrfraudcs
3417 1310 3759 1384 detestatur,

2231 1395 2506 1453 suumque
2574 1386 2632 1437 et
2704 1384 2956 1438 aliarum
3027 1383 3417 1453 Ecclesiarum,
3468 1383 3764 1437 auxilium

2233 1452 2434 1526 contra
2489 1453 2796 1526 Saracenos
2843 1454 2895 1509 ei
2934 1454 3256 1526 pollicetur,
3305 1452 3666 1526 etghortatur
3695 1455 3764 1507 ut

2231 1521 2305 1596 in_
2323 1521 2431 1590 ﬁde
2462 1524 2753 1596 persistat,
2786 1521 2959 1595 utque
3003 1526 3325 1596 episcopum
3354 1523 3764 1580 Surrentinum

2233 1592 2306 1646 ad
2333 1609 2391 1648 se
2418 1592 2641 1649 mittat.

2232 1701 2488 1756 JOANNES
2553 1699 2841 1773 episcopus
2890 1700 3202 1756 GUAIFERIO
3244 1699 3478 1772 principi
3515 1699 3764 1757 Salerni-

2155 1799 2305 1846 tano.

2228 1877 2495 1934 Gloriosae
2554 1876 2820 1933 nobilitati
2875 1884 3087 1944 vestrae,
3176 1893 3339 1949 quam
3393 1876 3763 1949 spiritualibus

2155 1967 2300 2023 ulnis
2347 1966 2723 2038 amplectimur
2751 1974 2805 2021 et
2833 1965 3139 2022 dilectionis
3184 1983 3402 2038 semper
3431 1966 3641 2022 sinibus
3672 1965 3764 2022 fo-

2157 2074 2289 2113 vere
2319 2072 2430 2111 non
2479 2055 2802 2112 mediocrite
2846 2055 3182 2125 anhelamus,
3226 2055 3529 2127 condignas
3559 2055 3765 2128 gratias

2162 2145 2395 2220 agimus,
2429 2144 2686 2216 quoniam
2714 2143 2769 2198 in
2799 2142 2926 2199 fidei
2963 2152 3117 2215 petra
3164 2151 3404 2200 statuens
3443 2145 3766 2200 constantia

2164 2235 2356 2306 pedes,
2389 2250 2490 2290 nec
2519 2233 2850 2300 ﬂuminibus,
2883 2248 2985 2289 nec
3021 2233 3198 2289 ventis
3226 2232 3567 2289 diversorum
3597 2249 3765 2289 even-

2158 2330 2312 2379 tuum
2341 2322 2545 2393 impetu
2593 2322 2764 2393 potuit
2792 2337 2825 2377 a
2856 2321 3153 2377 stabilitate
3182 2337 3281 2377 sua
3309 2322 3576 2393 demergi,
3610 2322 3700 2378 vel
3728 2338 3767 2377 ει.

2161 2412 2321 2467 nobis
2370 2410 2627 2482 praestitis
2673 2410 3054 2482 sponsionibus
3102 2410 3438 2483 aliquatenus
3477 2410 3761 2478 amoveri;

2159 2499 2384 2555 fundata
2416 2500 2561 2555 enim
2592 2507 2674 2554 est
2704 2515 2869 2570 supra
2896 2507 3126 2571 petram.
3150 2497 3285 2568 Qua:
3311 2507 3493 2556 autem
3510 2499 3581 2554 de
3596 2499 3763 2556 Adel-

2153 2588 2280 2661 gisii
2309 2597 2360 2645 et
2391 2589 2716 2660 complicum
2750 2589 2869 2657 ejus
2897 2589 3176 2660 prioribus
3206 2604 3270 2645 ac
3297 2588 3577 2644 modernis
3606 2588 3762 2645 frau-

2154 2677 2390 2733 dulentis
2438 2677 2647 2733 actibus
2696 2677 2995 2744 indicastis,
3042 2685 3095 2733 et
3135 2677 3240 2749 ipsi
3288 2677 3551 2733 veraciter
3579 2678 3762 2733 sensi-

2152 2782 2292 2835 mus,
2329 2774 2383 2822 et
2412 2766 2765 2839 sagacitatem
2804 2775 2969 2829 tuam,
3005 2774 3063 2821 ut
3091 2783 3150 2822 se
3181 2782 3271 2822 res
3300 2767 3484 2833 habet,
3519 2766 3761 2822 sensisse

2147 2855 2440 2934 manifeste
2492 2855 2868 2927 cognovimus.
2922 2855 3044 2911 Erit
3091 2864 3275 2911 autem
3321 2855 3402 2910 eis
3449 2862 3507 2911 ut
3556 2855 3682 2911 Saul
3712 2862 3763 2911 et

2154 2944 2339 3001 Achab
2370 2944 2425 3015 (Ι
2448 2947 2574 3017 Reg.
2607 2945 2735 3016 xx),
2768 2952 2823 3000 et
2851 2944 3030 2999 anima
3088 2960 3278 3000 eorum
3320 2960 3421 3016 pro
3451 2945 3632 2999 anima
3660 2942 3761 2998 ini-

2156 3033 2426 3090 micorum
2452 3033 2572 3103 Dei,
2608 3032 2862 3105 quoniam
2911 3033 3091 3089 virum
3120 3032 3348 3107 dignum
3378 3041 3552 3089 morte
3582 3032 3760 3088 dimit-

2163 3130 2281 3178 tere
2309 3122 2532 3178 minime
2584 3122 2963 3189 formidarunt,
2996 3139 3207 3195 nosque
3238 3123 3353 3178 Deo
3380 3121 3598 3178 favente
3629 3137 3759 3178 can-

2163 3211 2393 3266 tabimus
2421 3219 2475 3267 et
2502 3211 2798 3282 psallemus
2818 3229 2832 3266 :
2853 3213 2917 3267 In
2938 3213 3195 3284 aperibus
3224 3229 3503 3268 manuum
3523 3228 3759 3268 suarum

2160 3300 2597 3371 comprehensus
2642 3304 2727 3356 est
2764 3304 3026 3374 peccator
3052 3300 3226 3371 (Psal.
3260 3299 3361 3373 vn)
3395 3317 3409 3355 :
3440 3308 3493 3355 et
3519 3299 3710 3355 iterum
3742 3317 3756 3355 :

2158 3390 2371 3445 Lacum
2401 3391 2645 3462 aperuit,
2679 3392 2737 3445 et
2763 3388 2911 3461 fodit
2936 3405 3087 3455 eum,
3120 3392 3177 3445 et
3204 3389 3411 3445 incidit
3441 3390 3503 3445 in
3540 3394 3758 3463 foveam

2158 3495 2327 3551 quam
2356 3479 2496 3550 fecit
2517 3497 2536 3534 :
2562 3481 2924 3535 convertetur
2961 3477 3117 3534 dolor
3154 3479 3277 3550 ejus
3314 3480 3378 3534 in
3409 3482 3582 3551 caput
3611 3480 3752 3551 ejus,

2158 3573 2261 3622 etc.
2283 3568 2460 3632 (Psal.
2478 3570 2643 3638 xvn).
2667 3566 2889 3621 Interim
2900 3574 3097 3633 autem,
3118 3574 3379 3638 quantum
3397 3583 3498 3622 nos
3519 3582 3760 3638 superna

2155 3655 2327 3711 virtus
2372 3655 2630 3725 adjuvare
2678 3655 2904 3728 dignata
2947 3654 3125 3723 fuerit,
3161 3663 3214 3710 et
3250 3655 3308 3710 in
3348 3654 3590 3711 consiliis
3621 3663 3675 3712 et
3702 3657 3759 3710 in

2155 3744 2368 3800 auxiliis
2412 3745 2568 3801 vobis
2616 3743 2756 3801 ferre
2799 3744 3112 3815 praesidium
3140 3760 3253 3800 non
3290 3744 3619 3814 omittemus,
3659 3744 3759 3800 sed

2151 3833 2459 3904 piissimum
2514 3831 2685 3888 ﬁlium
2744 3840 2989 3889 nostrum
3048 3849 3268 3904 semper
3329 3835 3623 3906 Augustum
3684 3833 3755 3889 ad

2151 3923 2516 3993 adjuvandum
2569 3938 2667 3980 vos
2715 3929 2827 3977 tam
2874 3939 2975 3994 per
3022 3939 3082 3978 se
3130 3938 3295 3995 quam
3323 3938 3422 3994 per
3459 3922 3756 3979 exercitum

2149 4028 2306 4067 suum
2339 4011 2660 4084 quantocius
2706 4010 3072 4067 incitabimus.
3109 4010 3283 4068 Simili
3313 4011 3476 4066 etiam
3505 4012 3670 4067 modo
3701 4018 3755 4066 et

2148 4100 2285 4156 alios
2313 4117 2556 4174 quosque
2608 4099 2800 4156 ﬁdeles
2830 4108 2884 4155 et
2907 4099 3173 4156 Ecclesia
3221 4100 3416 4156 Christi
3447 4100 3656 4156 amicos
3686 4100 3756 4156 ad

2146 4189 2251 4246 hoc
2279 4191 2459 4261 ipsum
2488 4190 2727 4247 excitare
2755 4196 2913 4261 atque
2942 4189 3142 4246 hortati
3169 4188 3466 4246 studiosius
3495 4204 3759 4262 procura-

2147 4278 2344 4347 bimus,
2397 4287 2560 4351 atque
2605 4278 2811 4346 omnia,
2864 4277 2979 4334 sive
3027 4294 3147 4350 quae
3194 4294 3298 4333 nos
3343 4277 3607 4351 cogitare,
3641 4278 3757 4335 sive

2142 4384 2265 4439 quae
2294 4385 2393 4424 vos
2436 4368 2727 4424 salubriter
2756 4366 3048 4423 adinventa
3090 4367 3250 4423 nobis
3287 4366 3541 4423 intimare
3570 4375 3755 4425 matu-

437 4456 561 4527 quia
589 4463 698 4511 tam
728 4456 1039 4512 hominibus
1071 4458 1127 4513 S.
1160 4458 1304 4513 Petri
1334 4458 1568 4529 apostoli
1611 4475 1773 4530 quam
1800 4457 2036 4515 homini—
2058 4451 2112 4513 D
2148 4458 2421 4525 raveritis,
2483 4457 2820 4531 gratulanter
2878 4472 3047 4529 agere
3105 4456 3314 4528 ingenti
3369 4472 3495 4513 cum
3552 4456 3755 4530 gaudio

438 4545 542 4601 bus
587 4544 853 4601 Guidonis
897 4545 976 4601 tui
1020 4546 1285 4615 homines,
1339 4546 1476 4603 sicut
1520 4546 1713 4614 fertur,
1764 4547 2041 4604 innumera

440 4633 585 4689 mala
614 4633 817 4690 faciunt
845 4641 900 4690 et
930 4634 1147 4706 rapinas
1175 4635 1374 4691 multas
1405 4643 1679 4692 exercent.
1714 4635 1849 4705 Quae
1877 4652 2043 4709 roga-

438 4738 562 4777 mus
593 4723 772 4778 statim
820 4724 1116 4780 emendare
1165 4723 1354 4791 facias,
1389 4732 1443 4781 et
1471 4724 1569 4780 tibi
1616 4724 1875 4795 subjectis
1903 4725 2043 4781 ultra

444 4811 554 4866 tale
584 4812 714 4883 quid
756 4812 939 4869 facere
986 4829 1096 4868 non
1145 4813 1475 4870 consentias.
1510 4814 1711 4870 Verum
1743 4815 1789 4869 si
1818 4814 1874 4870 id
1903 4814 2043 4871 forte

445 4900 735 4956 emendare
765 4908 818 4956 te
846 4918 958 4958 non
986 4915 1151 4973 posse
1182 4902 1392 4974 fateris,
1425 4910 1483 4958 ut
1514 4918 1638 4960 cum
1674 4919 1807 4974 pace
1836 4911 1926 4960 tua
1955 4904 2039 4961 di-

439 5004 646 5059 camus,
678 4989 735 5043 in
760 5005 958 5061 pravos
1002 4998 1168 5063 atque
1196 4990 1412 5064 iniquos
1440 4992 1691 5049 homines
1720 4993 1844 5050 illos
1871 4994 1943 5050 ob
1973 4993 2050 5050 tui

449 5078 653 5134 amoris
702 5077 1067 5147 dilectionem,
1121 5088 1213 5136 tuo
1260 5096 1533 5138 consensu
1581 5082 1844 5151 adhibito,
1878 5083 2049 5139 nostri

441 5167 783 5239 apostolatus
834 5168 1157 5224 sententiam
1207 5170 1476 5239 dabimus,
1512 5179 1565 5228 et
1594 5188 1879 5245 quousque
1908 5172 2048 5229 resi-

438 5257 673 5329 piscant,
715 5272 750 5313 a
797 5255 1075 5313 liminibus
1118 5268 1319 5318 sanctae
1365 5261 1631 5319 Ecclesiae
1675 5261 2047 5335 sequestrabi-

440 5363 582 5404 mus.
641 5347 871 5404 Latores
926 5363 1057 5405 vero
1112 5351 1466 5423 praesentium
1503 5351 1703 5408 missos
1732 5351 2048 5424 apostolica

2148 4547 2537 4604 festinabimus.
2584 4546 2807 4603 Interim
2855 4553 3039 4601 autem
3067 4549 3217 4601 state
3246 4546 3313 4602 in
3342 4545 3471 4616 ﬁde,
3505 4547 3759 4603 viriliter

2144 4654 2336 4694 omnes
2390 4638 2556 4710 agite,
2607 4640 2664 4691 et
2718 4638 3073 4708 confortetur
3119 4651 3214 4693 cor
3267 4638 3522 4691 vestrum
3571 4634 3754 4705 (Psal.

2143 4728 2325 4798 xxvr),
2358 4741 2467 4781 non
2485 4724 2748 4781 Insultam
2765 4724 2841 4797 [in
2862 4721 3112 4796 Sultam],
3139 4722 3231 4795 qui
3256 4723 3425 4779 Satan
3448 4738 3758 4796 congruen-

2147 4815 2252 4871 tius
2274 4814 2489 4883 dicitur,
2513 4813 2610 4869 sed
2632 4821 2917 4884 sperantes
2937 4813 2991 4867 in
3009 4812 3243 4868 Domino
3269 4831 3283 4867 :
3315 4811 3389 4867 ita
3418 4819 3477 4867 ut
3504 4827 3698 4868 omnes
3726 4826 3758 4867 a

2149 4920 2491 4978 paganorum
2547 4902 2823 4960 consortio
2872 4901 3211 4967 subducatis,
3245 4909 3298 4957 et
3327 4917 3427 4957 vos
3460 4901 3531 4957 ad
3561 4916 3757 4972 pacem

2149 4994 2205 5048 in
2234 4993 2469 5050 invicem
2512 5000 2566 5048 et
2612 4991 2961 5048 concordiam
2994 4990 3225 5045 unitatis
3269 4989 3325 5045 in
3365 4989 3581 5045 Christo
3627 4989 3758 5045 Jesu

2150 5082 2383 5138 Domino
2429 5088 2662 5138 nostro:
2698 5080 2963 5153 quidquid
3016 5095 3148 5136 sane
3190 5078 3401 5136 consilii
3459 5078 3616 5135 vobis
3669 5077 3759 5134 vel

2147 5171 2468 5242 accreverit,
2511 5171 2601 5228 vel
2652 5169 2987 5226 salutiferum
3029 5169 3209 5226 visum
3254 5167 3434 5236 fuerit,
3482 5166 3642 5222 nobis
3674 5166 3758 5221 in-

2147 5267 2435 5316 notescere
2464 5277 2534 5315 ne
2580 5258 2934 5334 pigritemini,
2967 5266 3024 5314 ut
3053 5273 3088 5313 a
3116 5257 3406 5314 libramine
3453 5265 3642 5312 nostro
3671 5254 3761 5311 vel

2148 5357 2403 5423 tanquam
2454 5349 2673 5407 salubre
2716 5348 3064 5421 approbatur,
3117 5346 3205 5404 vel
3251 5346 3297 5402 si
3339 5345 3495 5402 aliter
3542 5344 3758 5402 caelitus

501 5550 526 5579 ι
547 5528 711 5595 Supra
733 5529 881 5595 epist.
909 5529 998 5594 50,
1031 5530 1466 5586 Mandanaucensts
1491 5533 1585 5596 est,
1611 5532 1664 5584 et
1685 5530 1984 5596 Equllensis.
2009 5530 2172 5582 Ηιιω.
