4160 6324
339 310 445 364 ’709

337 503 525 551 vestra
572 496 780 561 damna
827 502 1017 551 nostra
1071 496 1363 562 credimus,
1425 496 1562 551 sicut
1605 511 1634 550 e
1664 494 1942 551 contrario

334 583 491 639 lucra
518 592 703 641 vestra
733 591 921 639 nostra
938 584 1132 656 procul
1150 584 1318 640 dubio
1348 584 1691 656 deputamus.
1719 582 1944 654 Episco-

335 688 469 745 pum
496 674 707 729 interea
738 674 1118 729 Surrentinum
1153 673 1267 729 sive
1298 690 1397 744 per
1429 681 1648 739 terram,
1697 672 1813 728 sive
1841 688 1942 742 per

336 777 492 818 mare
521 761 848 834 profectum,
883 763 1007 834 quia
1030 762 1141 833 jam
1186 762 1368 817 minus
1419 763 1747 833 recepimus,
1798 761 1944 817 haud

336 867 534 922 parum
562 851 792 906 moleste
823 851 1081 919 tulimus;
1114 859 1169 906 et
1197 851 1302 905 nisi
1332 850 1483 906 ocius
1530 851 1789 917 mittatur,
1826 865 1943 905 mo-

338 939 529 995 lestius
579 956 689 995 non
736 940 1006 996 immerito
1062 939 1488 995 sustinebimus:
1520 947 1574 994 at
1603 955 1755 1005 vero,
1799 938 1842 993 si
1876 939 1944 993 ad

339 1045 440 1085 nos
495 1028 868 1084 indifferenter
912 1029 1071 1084 fuerit
1117 1027 1440 1098 destinatus,
1489 1036 1614 1084 tunc
1663 1044 1861 1100 magna
1892 1034 1945 1083 et

340 1116 497 1173 solita
545 1117 854 1173 devotionis
912 1125 1019 1173 tuae
1090 1133 1552 1190 recognoscemus
1609 1117 1828 1183 indicia,
1893 1124 1946 1172 et

340 1222 478 1277 pure
506 1204 753 1276 profecto
784 1207 928 1261 circa
960 1205 1292 1278 pontificium
1332 1214 1581 1261 nostrum
1639 1205 1944 1261 dilectionis

333 1302 442 1350 tua:
503 1295 618 1350 sole
673 1294 874 1351 clarius
922 1295 1180 1366 patebunt
1211 1294 1467 1367 insignia.
1514 1293 1781 1365 Optamus
1815 1294 1943 1366 glo-

340 1384 500 1449 riam,
558 1391 663 1439 etc.
720 1383 858 1438 Data
899 1399 971 1438 xv
1014 1384 1287 1439 Kalendas
1327 1382 1589 1451 Januarii,
1649 1382 1945 1438 indictione

339 1470 555 1527 decima
568 1514 580 1526 .

986 1622 995 1634 ,
1073 1570 1208 1626 LVI.

550 1696 625 1736 AD
654 1695 1029 1735 LANDULPHUM
1058 1695 1368 1736 EPISCOPUM
1399 1694 1724 1736 CAPUANUH.

963 1790 1143 1859 (Anno
1175 1787 1324 1857 876.)

818 1895 1085 1967 Ejusdem
1114 1895 1460 1966 argumenti.

407 2003 747 2057 LANDULPHO
775 2002 1031 2072 episcopo
1060 2001 1338 2071 Capuano.

411 2091 559 2147 Sicut
588 2092 656 2149 de
687 2090 988 2145 sanctitatis
1019 2098 1125 2145 tua:
1167 2088 1458 2144 devotione
1518 2087 1589 2142 ab
1636 2088 1766 2143 olim
1814 2104 1948 2160 erga

338 2181 482 2237 hanc
512 2187 757 2236 sanctam
778 2181 1084 2235 Romanam
1114 2177 1422 2233 Ecclesiam
1464 2177 1653 2231 habita
1701 2177 1947 2250 gratula-

338 2286 477 2335 mur,
511 2269 588 2324 ita
608 2270 678 2325 de
723 2267 1025 2323 infidelium
1083 2275 1136 2322 et
1170 2267 1239 2321 de
1296 2265 1642 2322 inimicorum
1703 2266 1949 2321 malevo-

336 2358 505 2414 lentia
579 2358 981 2423 constritamur,
1062 2356 1371 2411 nullatenus
1429 2356 1498 2410 de
1556 2354 1948 2426 omnipotentis

337 2448 440 2503 Dei
469 2447 840 2502 misericordia
870 2444 1196 2515 diffidentes,
1230 2445 1376 2516 quod
1426 2451 1480 2499 et
1531 2443 1628 2498 tibi
1672 2444 1950 2517 condigna

334 2536 764 2607 recompensatio
813 2544 867 2591 et
913 2534 1021 2589 illis
1068 2535 1355 2605 repentina
1400 2532 1653 2589 confusio
1701 2542 1948 2589 mature-

332 2634 444 2681 tur.
478 2626 700 2695 Verum,
734 2632 788 2680 et
831 2624 1113 2690 condecet,
1175 2622 1540 2678 reverentiam
1605 2629 1711 2678 tuae
1757 2621 1952 2678 frater-

336 2715 521 2771 nitatis
549 2714 899 2769 laudabiliter
928 2713 1339 2784 amplectentes,
1373 2719 1426 2766 et
1449 2711 1657 2784 gratias
1709 2711 1949 2783 agimus,

340 2813 393 2861 et
420 2812 480 2859 ut
521 2804 578 2858 in
632 2805 776 2859 bono
832 2817 1193 2874 perseverare
1240 2799 1617 2873 prolicereque
1676 2801 1948 2871 decertes,

340 2892 647 2966 apostolica
675 2891 1090 2947 mansuetudine
1126 2890 1490 2961 deprecamur
1522 2908 1535 2944 :
1571 2898 1836 2961 quatenus
1859 2888 1952 2963 qui

341 2982 399 3037 in
430 2982 540 3037 illis
570 2981 891 3055 regionibus
923 2987 973 3035 et
1011 2979 1293 3035 sanctitate
1339 2978 1632 3034 decoratus
1692 2987 1746 3035 et
1792 2980 1957 3036 devo-

339 3072 486 3127 tione
541 3071 797 3142 praelatus
855 3086 935 3136 es,
988 3068 1062 3123 sis
1118 3068 1284 3123 etiam
1323 3075 1513 3123 contra
1566 3067 1941 3123 tortitudinem

337 3160 552 3234 regula,
585 3167 635 3214 et
677 3158 814 3215 sicut
870 3158 1129 3214 hactenus
1168 3156 1365 3213 fecisse
1426 3157 1698 3228 probaris,
1753 3165 1938 3213 contra

334 3249 584 3306 infelices
616 3248 864 3317 felicitas,
899 3254 953 3302 et
991 3253 1182 3302 contra
1224 3245 1440 3318 iniquos
1490 3246 1738 3318 aequitas,
1773 3254 1936 3318 atque

336 3338 433 3394 lux
461 3346 649 3395 contra
677 3338 970 3404 tenebras;
1004 3336 1184 3392 sciens
1214 3335 1360 3390 illius
1382 3335 1474 3407 qui
1490 3335 1559 3390 de
1581 3335 1821 3390 tenebris
1843 3336 1938 3390 dat

334 3428 519 3485 lucem
548 3427 952 3500 splendescere,
986 3425 1237 3481 solatium
1285 3424 1444 3480 nobis
1482 3432 1536 3480 et
1581 3424 1738 3480 vobis
1778 3425 1936 3480 citius

338 3518 668 3583 adfuturum,
715 3524 768 3572 et
811 3515 974 3571 nimis
1014 3514 1107 3569 diu
1154 3512 1367 3570 afﬂictae
1416 3513 1617 3569 Christi
1671 3513 1935 3570 Ecclesiae

334 3608 761 3679 omnipotentem
819 3605 1111 3660 Dominum
1182 3603 1580 3660 consulturum.
1664 3603 1937 3659 Praeterea

338 3697 486 3770 quod
516 3697 585 3752 de
614 3695 900 3765 adjutorio,
934 3692 1091 3750 sicuti
1121 3700 1173 3748 et
1200 3692 1398 3766 ingens
1427 3691 1728 3749 necessitas
1760 3691 1937 3747 omni-

335 3786 515 3841 modis
547 3784 798 3857 postulat,
831 3800 862 3838 a
891 3783 1049 3838 nobis
1079 3780 1410 3838 conferendo
1440 3781 1713 3853 deposcis,
1746 3780 1852 3837 hoc
1883 3788 1937 3836 et

337 3891 443 3932 nos
461 3874 806 3943 meditamur,
834 3874 941 3928 hoc
970 3872 1240 3942 volumus,
1273 3878 1327 3926 et
1356 3871 1541 3927 divina
1571 3870 1751 3944 gratia
1799 3886 1935 3942 pro-

336 3973 577 4039 tegente,
609 3966 717 4020 cito
771 3979 873 4019 nos
922 3962 1212 4018 collaturos
1253 3959 1612 4017 confidimus:
1647 3961 1774 4033 quia
1823 3960 1936 4031 jam

339 4054 706 4112 calamitatem
736 4052 896 4108 nobis
938 4050 1215 4108 commissi
1264 4050 1450 4122 pepuli
1510 4050 1779 4105 sustinere
1826 4066 1937 4106 non

337 4160 665 4217 possumus;
692 4142 806 4212 jam
834 4141 1269 4198 devastationem
1296 4147 1457 4194 terrae
1487 4139 1645 4195 istius
1688 4139 1936 4210 aspicere

334 4249 449 4291 non
478 4232 810 4299 sufﬁcimus;
858 4238 1176 4302 tantumque
1231 4229 1498 4299 dolemus,
1558 4236 1615 4283 ut
1661 4228 1769 4284 dici
1825 4244 1934 4284 non

338 4324 535 4396 possit,
561 4323 608 4378 si
636 4337 827 4378 omnes
854 4328 999 4376 artus
1029 4319 1204 4375 nostri
1261 4325 1538 4374 vertantur
1581 4317 1638 4371 in
1666 4317 1933 4390 linguam.

337 4413 688 4484 QuaprOpter
715 4410 1000 4480 vellemus,
1034 4408 1273 4464 adhibito
1305 4407 1603 4463 sanctitatis
1658 4412 1764 4462 tuae
1793 4422 1932 4463 con-

1616 305 1974 364 EPISTOLIE
2028 305 2120 362 ET
2157 306 2485 364 DECRETA
2498 350 2511 362 .

339 406 640 462 revelatum
665 404 846 474 fuerit,
887 405 1047 461 aliter
1083 412 1135 461 et
1165 406 1530 478 dispensetur.
1575 406 1789 461 Etenim
1833 420 1935 459 nos
1972 403 2030 465 A

3430 22 3507 37 ι-ἰ

3537 316 3642 369 ’710

2758 407 2915 462 LVII.

2256 525 2330 565 AD
2358 525 2576 567 AJONEM
2609 528 2916 568 EPISCOPUM
2946 528 3420 572 BENEVENTANUM.

2664 601 2845 673 (Anno
2876 604 3022 673 8'77.)

2048 704 2417 783 Commendat
2445 724 2574 783 eum
2600 709 2666 783 de
2702 709 2821 764 zelo
2865 725 2996 783 erga
3025 710 3211 783 sedem
3249 712 3640 783 apostolicam,

2115 781 2311 852 monet
2329 782 2396 833 ut
2424 779 2529 834 sibi
2558 779 2886 849 adiumento
2918 779 2995 852 sit
3022 781 3084 852 in
3130 779 3483 852 expellendis
3537 779 3643 840 Sa;-

2116 849 2359 974 raflentis,
2376 866 2650 923 suumque
2669 852 2915 921 fratrem
2926 850 2997 907 ad
3012 851 3163 906 idem
3183 849 3512 922 faciendum
3536 856 3645 910 im-

2118 935 2183 974 ne
2234 935 2269 974 a
2302 960 2315 974 .

2113 935 2315 990 pellat.

2118 1024 2578 1082 Reverentissimo
2644 1036 2697 1084 et
2753 1027 3098 1085 sanctissimo
3155 1030 3328 1085 AJONI
3383 1030 3642 1104 episcopo

2047 1114 2445 1183 Beneventana,

2120 1203 2402 1273 Susceptis
2448 1212 2609 1276 atque
2653 1206 2870 1262 relectis
2919 1206 3115 1262 litteris
3158 1208 3460 1264 sanctitatis
3515 1217 3642 1278 tuae,

2047 1291 2253 1363 gratias
2291 1292 2646 1364 omnipotenti
2677 1296 2792 1350 Deo
2850 1295 3150 1362 retulimus,
3188 1304 3239 1351 et
3268 1313 3369 1368 pro
3402 1306 3505 1353 tum
3542 1299 3645 1355 de-

2045 1380 2278 1435 votionis
2309 1379 2505 1437 affectu
2557 1399 2768 1454 proque
2834 1383 3196 1439 sollicitudine
3245 1401 3411 1457 quam
3457 1387 3644 1458 inqui-

2046 1468 2216 1523 rendo
2246 1469 2314 1524 de
2346 1470 2546 1524 nostris
2577 1471 2858 1525 eventibus
2888 1472 3144 1538 habuisti,
3193 1473 3423 1528 multum
3451 1474 3506 1529 in
3535 1476 3646 1530 Do-

2044 1556 2191 1611 mino
2223 1557 2476 1627 gratulati
2497 1574 2704 1613 sumus.
2742 1560 2909 1615 Decet
2947 1560 3113 1627 enim,
3136 1568 3188 1615 et
3218 1562 3441 1617 omnino
3457 1578 3647 1618 coram

2044 1644 2216 1701 oculis
2260 1646 2457 1702 divinae
2512 1647 2808 1716 majestatis
2861 1656 3036 1704 exstat
3093 1650 3446 1719 conveniens,
3493 1659 3552 1706 ut
3588 1652 3645 1706 hi

1966 1750 2180 1822 Bquos
2220 1733 2492 1790 ﬁdeliores
2547 1752 2676 1808 erga
2723 1744 2969 1792 sanctam
3017 1745 3247 1794 matrem
3299 1748 3641 1809 cunctorum,

2048 1822 2253 1879 scilicet
2282 1824 2604 1879 Romanam.
2638 1826 2943 1882 Ecclesiam
2974 1842 3097 1883 esse
3135 1829 3521 1899 conspicimus,
3552 1846 3645 1885 no-

2049 1911 2175 1966 stris
2214 1911 2518 1983 affectibus,
2561 1922 2615 1969 et
2642 1914 2688 1969 si
2716 1931 2825 1969 non
2863 1932 2965 1987 per
3019 1932 3237 1987 corpus,
3270 1933 3370 1988 per
3396 1918 3645 1989 spiritum

2047 2000 2460 2071 amplectantur,
2510 2010 2563 2057 et
2619 2001 2860 2059 fraterna
2909 2004 3203 2061 dilectione
3251 2006 3405 2075 juxta
3451 2008 3644 2063 merita

2049 2088 2389 2159 singulorum
2423 2097 2733 2146 tractentur.
2766 2094 2847 2147 De
2877 2093 2981 2149 hoc
3010 2101 3191 2149 autem
3234 2095 3380 2166 quod
3417 2097 3641 2169 asseris,

2049 2183 2099 2232 te
2128 2178 2197 2232 de
2235 2186 2422 2233 nostra
2452 2179 2680 2234 sanitate
2708 2180 2899 2250 laetari,
2952 2181 3091 2238 sicut
3154 2190 3208 2238 et
3263 2183 3537 2239 contrario
3577 2186 3647 2242 de

2049 2266 2407 2337 oppressione
2437 2266 2831 2324 Saracenorum
2875 2270 3098 2337 tristari,
3152 2272 3354 2342 optime
3401 2273 3641 2346 quidem,

2049 2363 2107 2409 ut
2136 2354 2207 2408 ita
2236 2354 2484 2424 dixerim,
2520 2365 2781 2428 quantum
2809 2357 2939 2413 foris
2972 2366 3073 2427 est,
3108 2361 3283 2431 tangis
3309 2380 3322 2428 ;
3348 2362 3445 2417 sed
3476 2379 3647 2435 quan-

2047 2450 2162 2497 tum
2190 2444 2334 2499 intus
2364 2452 2469 2515 est,
2512 2446 2664 2514 juxta
2721 2446 3124 2503 tribulationem
3175 2465 3334 2520 quam
3389 2452 3640 2523 patimur,

2049 2548 2159 2587 non
2187 2533 2445 2589 advertis.
2480 2535 2755 2607 Prmcipue
2788 2552 2911 2592 cum
2939 2553 3039 2607 pro
3066 2538 3251 2608 populi
3287 2538 3444 2594 nobis
3486 2555 3644 2597 com-

2048 2620 2202 2675 missi
2232 2622 2530 2678 vastatione
2559 2624 2736 2679 solum
2774 2625 2931 2679 nobis
2963 2626 3197 2697 supersit
3229 2627 3556 2698 sepulcrum,
3590 2636 3644 2685 et

2049 2726 2151 2781 pro
2177 2710 2263 2764 his
2292 2711 2382 2783 qui
2411 2711 2696 2768 nobiscum
2734 2721 2944 2769 certare
2974 2714 3293 2785 debuerant,
3327 2724 3378 2771 et
3408 2733 3518 2772 non
3547 2733 3641 2774 so-

2051 2798 2163 2853 lum
2192 2799 2425 2855 inimicis
2464 2800 2663 2856 Christi
2701 2800 2933 2871 faveant,
2959 2803 3058 2858 sed
3087 2803 3253 2859 etiam
3282 2814 3528 2861 nostrum
3557 2805 3644 2862 la-

2050 2887 2243 2943 borem
2296 2888 2609 2959 impediant,
2670 2889 2952 2946 immensis
3004 2892 3272 2965 angustiis
3330 2904 3642 2953 aastuemus.

2053 2977 2162 3033 Sed
2192 2977 2247 3032 in
2275 2978 2360 3032 his
2388 2994 2499 3034 non
2527 2978 2705 3034 solum
2735 2980 2893 3035 nobis
2915 2981 3247 3038 orationibus
3284 2998 3317 3037 a
3338 2984 3493 3039 vobis
3524 2985 3647 3041 sub-

2050 3066 2226 3123 veniri
2253 3083 2564 3138 precamur,
2596 3083 2783 3123 verum
2814 3069 2974 3124 etiam
3006 3086 3144 3141 quos
3174 3087 3207 3125 a
3235 3072 3507 3128 communi
3534 3089 3641 3130 no-

2043 3162 2155 3209 stro
2184 3155 2481 3210 certamine
2504 3156 2721 3211 deviare
2748 3158 3059 3229 cognoscis,
3093 3166 3145 3214 et
3164 3161 3412 3231 exemplo
3429 3161 3635 3232 operis,

2041 3250 2094 3298 et
2121 3244 2293 3299 verbo
2340 3244 2738 3315 praedicationis
2768 3262 3014 3313 revoces,
3048 3248 3416 3304 exhortamur.
3458 3250 3637 3306 Caete-

2039 3348 2157 3387 rum
2187 3332 2313 3389 licet
2342 3340 2532 3389 nostro
2561 3333 2729 3389 itiniri
2764 3335 3071 3407 Neapolim,
3094 3337 3254 3392 nobis
3269 3354 3369 3409 pro
3399 3338 3636 3397 maxima

2037 3430 2237 3478 nostra;
2263 3422 2524 3479 Ecclesiae
2552 3424 2881 3480 necessitate
2897 3440 3071 3497 nuper
3090 3426 3503 3484 advenientibus
3525 3445 3637 3485 non

2038 3511 2358 3580 adhmseris,
2400 3520 2581 3568 tamen
2613 3513 2759 3584 quod
2786 3529 2885 3584 per
2910 3515 3252 3585 praesentiam
3295 3532 3407 3572 non
3452 3518 3634 3591 egisti,

2036 3616 2135 3671 per
2161 3600 2480 3667 absentiam,
2515 3601 2560 3655 si
2588 3600 2679 3656 ille
2710 3601 2860 3658 calor
2889 3602 3018 3658 ﬁdei
3057 3603 3113 3657 in
3169 3611 3222 3659 te
3266 3604 3416 3676 viget
3472 3623 3635 3678 quem

2037 3689 2331 3759 credimus,
2363 3706 2529 3762 agere
2557 3705 2782 3761 prorsus
2810 3690 3036 3747 valebis.
3070 3693 3213 3748 Bene
3230 3693 3375 3748 enim
3405 3701 3498 3750 tuo
3526 3696 3637 3751 mi-

2036 3778 2258 3834 nisterio
2312 3779 2483 3845 cedis,
2530 3779 2577 3834 si
2605 3788 2657 3835 et
2684 3779 2930 3835 laborem
2959 3789 3224 3849 nostrum,
3268 3800 3432 3855 quem
3474 3784 3635 3842 valde

2036 3867 2247 3923 debiles
2294 3883 2523 3939 corpore
2574 3884 2676 3940 pro
2728 3868 3048 3926 liberatione
3103 3871 3390 3927 Christiani
3445 3874 3635 3946 populi

2036 3964 2164 4012 tunc
2194 3958 2608 4028 assumpsimus,
2651 3967 2955 4029 opportune
2994 3959 3250 4027 advertis,
3303 3970 3357 4017 et
3400 3961 3633 4019 tribula-

2037 4044 2219 4113 tionis,
2261 4062 2424 4117 quam
2452 4047 2615 4101 modo
2636 4046 2884 4117 patimur,
2918 4064 3129 4103 memor
3176 4064 3396 4120 semper
3425 4050 3632 4108 existis.

2035 4133 2175 4187 Nam
2202 4149 2479 4205 nunquam
2508 4134 2794 4188 consilium
2823 4134 3008 4191 fratris
3035 4136 3113 4190 tui
3140 4153 3241 4208 per
3266 4138 3475 4211 aliquos
3507 4148 3633 4195 tan-

2036 4230 2149 4276 tum
2197 4221 2438 4277 subverti
2482 4222 2673 4293 potuit,
2730 4231 2988 4294 quantum
3029 4241 3132 4295 per
3181 4233 3286 4282 tua:
3333 4211 3633 4285 sanctitatis

2036 4310 2314 4367 solertiam
2350 4311 2722 4367 immutatione
2751 4311 2991 4368 dextera
3026 4314 3243 4370 Excelsi
3287 4331 3395 4371 non
3454 4317 3629 4388 possit

2036 4400 2318 4455 convertit.
2359 4401 2457 4455 Eia
2492 4399 2679 4473 igitur,
2705 4398 2872 4457 frater
2901 4402 3244 4472 charissime,
3269 4404 3495 4477 accinge
3525 4407 3633 4479 epi-

340 4481 504 4569 sultu,
551 4481 867 4557 necessaria
922 4500 994 4554 ad
1038 4513 1385 4555 communem
1440 4495 1784 4552 securitatem
1831 4512 1932 4552 ne-
1961 4481 2016 4544 D
2038 4488 2333 4560 scopaliter
2368 4489 2583 4545 lumbos
2614 4497 2752 4557 tuos,
2787 4497 2839 4546 et
2855 4491 3165 4547 medullitus
3180 4492 3631 4552 fratrumnostro-

339 4590 489 4665 gotia
517 4590 815 4662 praevidere
849 4606 861 4643 :
895 4595 1078 4644 tamen
1098 4594 1295 4659 praeter
1320 4586 1374 4641 id
1398 4586 1544 4658 quod
1584 4585 1654 4640 ad
1692 4600 1935 4657 praesens

340 4679 559 4737 difficile
587 4695 751 4751 posse
779 4676 918 4745 ﬁeri,
951 4684 1010 4732 ut
1041 4677 1116 4732 ita
1144 4676 1461 4744 dixerimus,
1494 4674 1769 4743 cernitur;
1811 4690 1935 4731 cum

338 4768 575 4842 primum
606 4784 666 4824 se
711 4767 871 4823 nobis
923 4782 1087 4838 posse
1132 4766 1443 4838 praebuerit,
1489 4779 1801 4837 quanquam
1826 4763 1934 4818 im-

338 4857 602 4931 perialem
657 4856 952 4913 exercitum
994 4871 1096 4912 nos
1144 4855 1250 4912 cito
1298 4854 1580 4910 habituros
1629 4869 1932 4924 speremus,

339 4948 484 5004 hanc
512 4948 687 5019 ipsam
715 4945 1099 5003 necessitatem
1130 4943 1395 5016 spirituali
1425 4942 1536 4998 ﬁlio
1564 4950 1752 4998 nostro
1791 4958 1939 4998 sere-

339 5037 567 5093 nissimo
596 5053 815 5108 semper
841 5039 1087 5109 Augusto
1117 5049 1335 5090 rursum
1385 5030 1833 5106 significabimus,
1887 5039 1939 5087 et

339 5135 399 5183 ut
428 5126 745 5201 quantocius
774 5125 932 5181 nobis
944 5124 1149 5197 potenti
1167 5124 1361 5180 virtute
1391 5121 1692 5191 subveniat,
1735 5121 1937 5176 humil-

340 5216 484 5272 limis
532 5216 792 5288 precibus
854 5215 1286 5271 exhortabimur.
1337 5212 1727 5269 Verumtamen
1771 5227 1945 5284 prope

342 5310 427 5364 est
451 5305 726 5365 Dominus
758 5307 1016 5363 omnibus
1028 5302 1421 5361 invocantibus
1431 5317 1562 5358 eum
1580 5303 1644 5357 in
1666 5301 1935 5358 veritate.

350 5397 708 5454 Voluntatem
756 5396 1088 5452 timentium
1119 5409 1177 5449 se
1212 5393 1407 5465 faciet,
1430 5390 1729 5457 orationes,
1751 5406 1947 5447 eorum

320 5485 637 5553 exaudiet,
653 5489 710 5541 et
737 5485 920 5543 salvos
957 5483 1131 5556 faciet
1163 5498 1250 5540 eos
1266 5481 1441 5552 (Psal.
1458 5478 1666 5552 CXLIV).
1694 5480 1940 5536 Dataxrv

357 5572 480 5631 Kal.
502 5574 749 5644 Januar.,
793 5572 983 5630 indict.
1005 5588 1059 5628 ι.

2034 4594 2176 4644 rum,
2207 4594 2310 4649 pro
2339 4578 2535 4650 quibus
2581 4579 2828 4636 Christus
2884 4597 3043 4637 suum
3083 4584 3404 4656 sanguinem
3463 4582 3620 4653 fudit,

2034 4682 2201 4723 neces
2238 4675 2403 4740 atque
2423 4668 2569 4724 dictu
2596 4669 2925 4725 horrendam
2944 4671 3302 4742 captivitatem
3321 4673 3623 4745 perpende,

2036 4765 2088 4813 et
2103 4757 2261 4812 insta
2280 4761 2610 4830 opportune,
2629 4758 3043 4832 importune(II
3058 4761 3192 4816 Tim.
3208 4760 3271 4832 ι),
3292 4759 3623 4835 fratremque

2029 4845 2144 4914 jam
2174 4846 2377 4902 dictum
2405 4846 2643 4917 monitis,
2674 4846 2785 4902 imo
2812 4847 2996 4903 verbis
3024 4848 3404 4920 increpatoriis
3435 4853 3635 4908 exhor-

2034 4941 2170 5002 tare,
2205 4943 2264 4989 ut
2300 4942 2516 4991 nostros
2543 4935 2663 5007 pios
2694 4943 2923 4991 conatus
2954 4944 3232 5009 sequatur,
3265 4944 3319 4994 et
3345 4955 3448 5011 pro
3478 4941 3633 4997 Chri-

2036 5023 2228 5078 stianis
2263 5025 2424 5080 nobis
2454 5024 2783 5082 certantibus
2835 5041 2996 5096 opem
3026 5026 3240 5095 tribuat,
3298 5029 3630 5087 voluntatem

2036 5112 2308 5183 extendat,
2351 5122 2403 5168 et
2431 5130 2570 5185 opus
2600 5120 2653 5168 te
2671 5113 2902 5169 instante
2931 5115 3164 5186 exibeat,
3198 5124 3254 5173 et
3301 5117 3631 5176 misereatur

2034 5202 2202 5257 Deus.
2238 5200 2380 5271 Quid
2426 5202 2583 5257 nobis
2625 5202 2841 5273 proﬁcit
2878 5203 3242 5261 Christianum
3281 5208 3627 5279 vocabulum,

2038 5291 2084 5346 si
2112 5307 2280 5363 opere
2337 5291 2645 5348 Christiano
2686 5307 2940 5348 caremus
2960 5295 2989 5350 *Ρ
3034 5293 3178 5363 Quid
3220 5297 3445 5368 prodest
3470 5298 3630 5354 nobis

2038 5380 2365 5453 cognovisse
2393 5379 2539 5437 viam
2563 5380 2803 5451 justitiaa,
2836 5384 3056 5455 quando
3085 5393 3211 5457 post
3264 5386 3633 5459 cognitionem

2036 5477 2339 5525 retrorsum
2366 5469 2639 5539 conversi,
2672 5486 2797 5527 cum
2826 5471 3062 5530 inimicis
3090 5473 3385 5530 Christiani
3397 5475 3631 5531 nominis

2037 5565 2150 5615 tam
2177 5557 2349 5616 libere
2377 5557 2591 5618 foedera
2617 5560 2975 5634 ecpulamus?
3001 5563 3177 5638 Ergo,
3210 5564 3348 5621 sicut
3376 5563 3628 5633 diximus,
