4160 6316
499 216 597 270 711

1753 215 2050 275 JOANNIS
2103 215 2301 272 PAPIE
2362 216 2504 276 VIII.

3689 218 3800 275 ’712

501 337 778 395 beneficiis
815 347 1019 397 sancta
1062 341 1321 397 Romana
1367 342 1629 399 Ecclesia
1686 351 1778 399 tua
1833 340 2171 401 sanctitasA
2198 358 2336 409 ram,
2366 344 2520 413 cujus
2568 342 2726 399 vobis
2776 341 3132 399 necessitates
3169 341 3238 397 ab
3274 341 3394 413 ipso
3443 348 3639 398 vestra
3697 358 3797 398 vo-

502 443 610 482 non
638 428 856 501 ingrata
886 429 1173 486 nobiscum
1201 431 1429 501 laboret,
1465 433 1749 488 nobiscum
1778 448 1874 505 pro
1922 432 2095 487 salute

502 506 683 586 populi
714 518 813 573 Dei
844 518 900 572 in
947 518 1053 573 illis
1104 520 1347 590 partibus
1399 521 1733 592 cooperatrix
1782 521 1992 587 existat,
2046 528 2099 575 et

502 612 687 660 nostro
717 606 999 661 certamini
1018 606 1228 676 favens,
1247 617 1451 664 sancta
1472 611 1730 665 Romana
1750 609 2013 666 Ecclesia
2036 625 2096 665 se

503 692 749 749 devotam
796 695 1015 751 nomine
1062 704 1113 751 et
1143 713 1311 767 opere
1340 713 1557 769 semper
1583 699 1854 754 exhibeat.
1889 697 2029 767 Quia
2052 697 2098 752 si

504 790 578 851 tu,
615 783 751 839 sicut
780 792 955 855 potes,
987 786 1288 857 peregeris,
1322 803 1423 842 nec
1451 786 1636 841 fratris
1667 788 1761 851 tui,
1794 803 1895 843 nec
1923 787 2096 842 alicu-

497 871 588 941 jus
619 872 853 927 hominis
883 871 1103 940 factum,
1138 882 1381 929 nostrum
1401 891 1538 946 opus
1554 862 2095 947 piumque-laborem,

508 960 722 1016 Christo
757 961 998 1031 juvante,
1052 962 1195 1033 apud
1239 971 1503 1019 vestrates
1547 980 1613 1019 ex
1664 972 1773 1020 toto
1828 964 2099 1035 dissipare

506 1047 742 1116 valebit;
776 1049 902 1121 quin
933 1050 1112 1121 potius
1166 1050 1562 1107 incrementum
1588 1068 1690 1123 per
1717 1054 1903 1108 Jesum
1936 1052 2098 1108 Chri-

508 1145 650 1192 stum
678 1138 967 1193 Dominum
1012 1146 1255 1194 nostrum
1303 1140 1610 1213 augebitur,
1673 1150 1726 1196 et
1781 1141 1937 1197 labor
1966 1157 2100 1212 pro-

504 1222 677 1281 ficuus
722 1226 1022 1298 apparebit.
1067 1227 1203 1282 Data
1260 1228 1534 1284 Kalendas
1593 1229 1896 1297 Februarii,
1952 1229 2100 1285 indi-

508 1313 686 1370 ctione
716 1331 769 1370 x.

1214 1405 1398 1461 LVIII.

770 1524 845 1564 AD
865 1525 1122 1567 CAROLUM
1151 1525 1373 1568 CALVUM
1403 1526 1818 1569 IMPERATOREM.

1102 1618 1282 1689 (Anno
1314 1619 1464 1689 877.)

512 1724 1136 1798 Propterjmmineatia
1148 1728 1271 1798 tum
1288 1741 1323 1779 a
1344 1726 1660 1798 Saracenis,
1688 1729 1811 1781 tum
1830 1743 1864 1782 a
1879 1726 2103 1798 quibus-

582 1795 713 1850 dam
733 1795 1095 1868 Christianis,
1116 1796 1449 1868 gravissima
1463 1797 1738 1868 pericula,
1756 1795 1926 1852 enim}:
1951 1799 2098 1868 petit

582 1869 652 1920 ut
666 1866 943 1939 promissa
963 1867 1189 1939 auxilia
1199 1866 1629 1939 quamprimum
1638 1869 1856 1936 mittat,
1872 1871 1927 1923 et
1939 1866 2105 1923 desti-

581 1940 744 1993 natos
766 1952 831 1992 ea
842 1937 907 1991 de
919 1953 1091 1992 causa
1110 1937 1317 2007 legatos
1339 1937 1713 1994 commendat.

581 2043 836 2097 JOANNES
867 2042 1157 2114 episcopus
1189 2044 1413 2098 CAROLO
1439 2044 1749 2115 imperatori

583 2126 718 2182 Cum
737 2142 838 2182 nos
886 2126 942 2181 in
996 2127 1383 2184 ecclesiasticis
1439 2128 1580 2183 curis
1625 2128 1880 2184 instantia
1922 2129 2102 2202 quoti-

510 2214 670 2270 diana
697 2214 1111 2287 constringeret,
1145 2224 1199 2271 et
1216 2215 1345 2272 hinc
1379 2216 1509 2272 inde
1536 2217 1722 2288 populi
1751 2217 1909 2273 nobis
1946 2232 2103 2273 com-

509 2303 664 2357 missi
692 2303 979 2359 continuus
1008 2303 1183 2369 dolor,
1241 2303 1332 2376 qui
1388 2314 1583 2361 cuncta
1614 2313 1803 2361 nostra
1848 2305 2105 2363 interiora

509 2391 760 2462 perculit,
791 2391 1130 2463 pertubaret,
1165 2392 1316 2459 illud,
1350 2400 1406 2448 ut
1450 2393 1528 2449 ita
1555 2394 1801 2460 dixerim,
1836 2393 1977 2450 inter
2003 2395 2105 2451 alia

507 2478 800 2548 flevimus,,
833 2480 978 2552 quod
1004 2497 1149 2536 nunc
1178 2498 1349 2553 usque
1392 2489 1504 2537 tam
1552 2498 1653 2554 per
1704 2491 1904 2540 terram
1938 2500 2105 2555 quam

506 2576 559 2625 et
588 2568 806 2642 navigio
836 2570 907 2624 ad
934 2584 1032 2624 vos
1060 2577 1309 2625 nostrum
1337 2570 1565 2626 missum
1593 2571 1833 2645 dirigere
1891 2588 2105 2629 summo

509 2656 944 2713 desideravimus
971 2658 1169 2724 studio,
1204 2666 1261 2713 ut
1280 2658 1439 2714 nobis
1478 2667 1717 2715 vestram
1762 2661 2104 2732 prosperita-

509 2753 621 2801 tem
658 2745 1091 2801 desiderantibus
1139 2754 1191 2802 et
1215 2747 1371 2803 anxie
1404 2747 1710 2804 sitientibus
1736 2749 2108 2805 renuntiaren-

508 2842 597 2889 tur
616 2833 876 2890 citissime
904 2834 1176 2901 sanitates,
1211 2835 1309 2891 sed
1336 2836 1559 2893 omnino
1587 2837 1947 2909 nequivimus.
1968 2838 2106 2895 Hinc

506 2921 696 2989 fateor,
729 2920 807 2977 fili
836 2922 1173 2993 charissime,
1209 2930 1356 2979 tanta
1385 2941 1485 2996 per
1514 2933 1804 2998 utrumque
1846 2926 1949 2982 iter
1997 2927 2105 2983 im-

506 3011 817 3083 pedimenta
858 3012 1150 3080 timuimus,
1197 3020 1454 3085 quantum
1501 3022 1555 3069 et
1600 3031 1699 3085 per
1745 3029 1994 3087 paganos
2052 3022 2105 3071 et

508 3116 608 3171 per
636 3100 852 3172 iniquos
880 3099 1235 3169 Christianos,
1268 3101 1386 3158 sine
1414 3110 1668 3174 respectu
1696 3102 1865 3160 divini
1934 3104 2098 3161 timo-

508 3188 602 3256 ris,
636 3190 888 3262 generari
916 3189 1076 3258 mala,
1108 3206 1230 3262 qua
1257 3198 1386 3246 atas
1434 3199 1624 3247 nostra
1676 3207 1785 3247 non
1832 3193 2095 3261 meminit,

506 3277 876 3349 deploramus.
918 3279 1085 3334 Tanta
1114 3278 1255 3333 enim
1278 3286 1422 3346 sunt,
1452 3288 1508 3334 ut
1537 3280 1681 3336 intra
1708 3281 1909 3337 mania
1938 3283 2101 3338 Urbis

506 3365 750 3439 reliquia
777 3366 964 3439 populi
989 3367 1332 3424 innumerata
1356 3377 1672 3439 paupertate
1729 3368 1940 3428 affecta
1970 3387 2102 3428 con-

508 3455 717 3523 sistant,
750 3462 803 3511 et
832 3455 1084 3511 omnihus
1111 3455 1416 3512 forinsecus
1444 3458 1740 3514 devastatis
1767 3474 1833 3517 ac
1890 3459 1947 3516 in
2002 3475 2099 3516 so-

509 3543 791 3601 litudinem
825 3545 1078 3616 redactis,
1110 3545 1245 3601 nihil
1266 3545 1383 3615 jam
1411 3554 1580 3602 restet
1607 3547 1732 3615 nisi,
1768 3548 1911 3620 quod
1928 3549 2096 3619 Deus,

508 3641 738 3701 avertat,
770 3634 942 3704 ipsius
962 3634 1126 3690 Urbis
1154 3634 1442 3690 excidium.
1486 3636 1594 3691 Sed
1627 3645 1680 3692 et
1707 3645 1968 3709 quantum
1997 3653 2100 3694 nos

509 3721 619 3777 Leo
650 3720 977 3777 venerabilis
1006 3722 1313 3793 episcopus,
1356 3723 1744 3794 apocrisiarius
1788 3733 1842 3781 et
1900 3726 2100 3782 missus

507 3817 709 3868 sancta
738 3810 998 3866 Romana
1024 3810 1302 3877 Ecclesia,
1334 3812 1639 3868 communis
1660 3829 1878 3886 quoque
1898 3812 2096 3882 ﬁdelis,

506 3916 539 3956 a
567 3907 751 3957 vestro
780 3898 999 3955 servitio
1029 3898 1267 3969 rediens,
1302 3900 1371 3955 de
1388 3901 1491 3957 hoc
1514 3901 1660 3974 quod
1689 3919 1720 3957 a
1758 3903 1912 3959 vobis
1948 3912 2100 3959 retu-

503 3988 585 4057 lit,
615 3997 740 4061 post
765 4004 826 4044 se
854 3995 1094 4044 vestrum
1122 3989 1422 4045 exercitum
1450 3999 1639 4047 contra
1666 3994 1955 4066 Agarenos
1977 4009 2100 4050 esse

504 4078 843 4146 mittendum,
873 4077 1261 4147 latificaverat,
1296 4087 1509 4136 tantum
1534 4082 1817 4155 hucusque
1847 4083 2101 4139 eumdem

505 4168 665 4225 nobis
709 4167 1168 4240 exspectantibus,
1204 4169 1349 4241 quod
1398 4171 1678 4228 consecuti
1723 4188 1834 4228 non
1890 4189 2095 4242 sumus,

502 4256 732 4313 validior
774 4272 979 4313 maror
1018 4264 1074 4311 et
1102 4256 1397 4313 ineﬂ‘abilis
1432 4260 1686 4330 angustia
1743 4261 2096 4329 contristavit,

505 4346 628 4418 quia
657 4353 768 4401 tota
796 4345 1089 4416 Campania
1128 4346 1197 4401 ab
1240 4346 1373 4418 ipsis
1430 4349 1548 4403 Deo
1594 4348 1890 4405 odibilibus
1934 4351 2100 4406 Sara-

2195 432 2424 488 cationis
2452 433 2602 489 initio
2632 441 2788 488 notas
2818 432 3065 502 fecimus,
3115 432 3354 498 liberate,
3406 448 3475 487 ne
3506 431 3553 486 si
3582 430 3798 502 perdita

2195 521 2374 591 fuerit,
2399 530 2640 577 vestrum
2669 523 2898 577 vilescat
2925 520 3234 592 imperium,
3267 529 3320 576 et
3348 528 3476 576 tota
3526 519 3796 575 Christia-

2195 610 2349 665 nitati
2395 619 2654 667 noscatur
2710 611 3075 682 dispendium.
3136 608 3566 666 Reminiscimini
3626 608 3796 680 igitur

2196 708 2418 771 propter
2473 702 2667 769 Deum,
2724 699 3152 765 reminiscimini,
3199 699 3328 771 quia
3375 698 3544 754 multa
3587 714 3687 769 spe
3742 706 3799 754 et

2197 787 2397 845 fiducia
2428 788 2568 858 freti,
2624 789 2882 844 divinitus
2912 799 2962 844 et
3010 788 3317 843 humanitus
3348 788 3419 843 ab
3449 787 3662 859 imperii
3693 804 3800 860 gu-

2198 878 2488 934 bernacula
2515 878 2880 949 promerenda
2903 893 3005 949 pro
3038 877 3193 953 vobis
3220 876 3520 933 certamina
3550 876 3796 947 sumpsi-

2197 984 2339 1034 mus,
2370 966 2610 1038 nullique
2665 966 2841 1022 labori
2895 966 3264 1038 pepercimus.
3322 966 3561 1037 Ideoque
3618 964 3795 1020 vicem

2200 1056 2359 1111 nobis
2389 1056 2685 1126 rependite,
2742 1063 2801 1110 ut
2848 1071 2975 1126 spes
3029 1062 3082 1110 et
3129 1054 3285 1110 labor
3338 1061 3527 1110 noster
3573 1069 3685 1109 non
3729 1054 3800 1108 sit

2197 1144 2373 1200 inanis
2394 1144 2450 1199 in
2477 1144 2745 1210 Domino;
2778 1144 2903 1215 quia
2933 1160 3056 1199 cum
3086 1143 3202 1199 hac
3228 1142 3389 1197 fuerit
3410 1159 3629 1214 semper
3649 1140 3799 1213 apud

2199 1249 2297 1290 vos
2327 1250 2535 1289 summa
2563 1241 2761 1289 nostra
2789 1233 3082 1304 petitionis,
3116 1232 3162 1286 si
3191 1231 3425 1303 amplius
3451 1231 3610 1287 nobis
3650 1231 3803 1286 auxi-

2202 1322 2331 1378 lium
2361 1330 2603 1378 vestrum
2635 1322 3028 1391 subtraxeritis,
3076 1321 3133 1376 in
3173 1321 3608 1392 desperationem
3655 1319 3800 1391 lapsi

2202 1410 2537 1481 deficiamus,
2571 1418 2623 1466 et
2644 1410 2868 1467 forsitan
2889 1410 2945 1465 in
2970 1410 3115 1465 aliud
3172 1409 3478 1475 consilium,
3498 1410 3799 1480 resumptis

2202 1499 2548 1572 aliquantulis
2578 1500 2804 1569 viribus,
2839 1499 3148 1555 necessario
3181 1498 3647 1554 transcendemus.
3673 1499 3799 1553 Non

2202 1588 2366 1657 enim,
2393 1589 2530 1645 sicut
2561 1605 2659 1645 vos
2686 1587 2913 1644 forsitan
2944 1587 3240 1654 astimatis,
3274 1586 3546 1642 mediocre
3591 1585 3796 1642 malum

2132 1685 2310 1760 Btota
2359 1684 2545 1732 nostra
2589 1676 2837 1732 Ecclesia
2888 1676 3105 1747 patitur,
3160 1675 3396 1743 minimis
3455 1682 3620 1730 status
3684 1674 3800 1730 rei-

2202 1765 2434 1837 publica
2461 1766 2673 1821 damnis
2703 1764 2933 1827 afficitur
2969 1783 2980 1820 :
3005 1765 3103 1819 sed
3132 1764 3238 1819 alia
3286 1765 3679 1821 Saracenorum
3707 1763 3802 1818 in-

2204 1855 2474 1922 cursibus,
2511 1855 2612 1910 alia
2649 1863 2824 1910 autem
2856 1853 3283 1910 Christianorum
3329 1854 3400 1909 ita
3456 1861 3579 1909 sunt
3619 1861 3804 1909 exter-

2201 1944 2407 1999 minata
2448 1951 2499 1999 et
2547 1944 2827 1999 devastata
2870 1942 3174 2014 tyrannide,
3206 1951 3265 1998 ut
3293 1958 3401 1998 non
3459 1950 3644 1998 nostra
3692 1942 3803 1997 sint

2205 2050 2326 2105 qua
2353 2040 2536 2088 nostra
2582 2032 2799 2088 fuerunt
2830 2050 2842 2086 :
2878 2032 3008 2104 quin
3056 2033 3235 2103 potius
3276 2032 3394 2087 solo
3423 2032 3642 2087 nomine
3671 2047 3800 2087 om-

2202 2122 2362 2177 nibus
2409 2121 2514 2176 illis
2570 2129 2803 2188 utamur,
2861 2129 2914 2176 et
2943 2120 3032 2177 vel
3075 2121 3144 2175 ad
3188 2120 3561 2176 defensionem
3612 2119 3805 2191 patria

2204 2210 2291 2267 vel
2320 2211 2390 2266 ad
2418 2211 2654 2283 aliquam
2683 2210 2965 2265 utilitatem
2996 2217 3193 2266 nostra
3220 2209 3499 2276 Ecclesia,
3544 2225 3804 2281 quorum-

2204 2299 2334 2355 libet
2361 2299 2551 2355 solatia
2580 2316 2852 2371 nunquam
2882 2298 3240 2355 inveniamus.
3292 2298 3568 2370 Pracipue
3614 2307 3800 2354 autem

2204 2389 2376 2455 multi,
2410 2404 2547 2460 quos
2575 2395 2755 2444 vestra
2783 2405 2892 2444 non
2926 2388 3142 2460 ignorat
3160 2388 3440 2457 majestas,
3474 2404 3583 2443 non
3621 2388 3801 2443 solum

2204 2477 2353 2533 nulla
2381 2477 2539 2533 nobis
2569 2477 2767 2533 solatia
2795 2477 3097 2544 conferunt,
3129 2493 3317 2534 verum
3344 2477 3507 2532 etiam
3537 2476 3803 2548 quidquid

2205 2567 2487 2623 residuum
2516 2574 2599 2623 est
2619 2583 2652 2622 a
2677 2567 2928 2639 paganis,
2961 2566 3403 2637 impratermisse
3449 2566 3800 2633 subtrahunt,

2208 2664 2259 2711 et
2291 2672 2508 2712 omnem
2536 2664 2780 2711 nostram
2810 2655 3221 2727 dispositionem
3275 2656 3330 2710 in
3384 2654 3651 2711 territorio
3681 2655 3799 2711 Ro-

2206 2760 2370 2800 mano
2400 2744 2511 2800 suis
2538 2744 2810 2800 violentiis
2838 2744 3088 2811 calcant;
3117 2745 3256 2800 adeo
3293 2752 3351 2799 ut
3394 2760 3496 2800 nec
3542 2743 3803 2800 victualia

2207 2849 2311 2890 nec
2336 2834 2447 2889 ulla
2476 2833 2853 2906 quadrupedia
2881 2833 2936 2888 in
2963 2833 3216 2888 omnibus
3235 2832 3435 2889 nostris
3456 2840 3795 2900 remaneant,

2205 2938 2310 2979 nec
2337 2922 2508 2977 ullum
2538 2922 2629 2995 qui
2658 2922 2818 2978 nobis
2848 2921 3223 2993 compatiatur,
3274 2922 3360 2978 vel
3407 2930 3623 2978 nostros
3683 2922 3795 2977 sin-

2209 3010 2391 3085 gultus
2419 3019 2514 3067 aut
2569 3010 2807 3084 gemitus
2854 3010 3055 3077 doleat,
3090 3010 3233 3067 oculi
3279 3010 3449 3066 nostri
3503 3011 3786 3083 aspiciant.

2207 3099 2314 3155 Sed
2344 3100 2473 3172 quia
2500 3108 2649 3155 tanto
2705 3099 3025 3171 imperatori
3079 3115 3251 3171 pauca
3297 3098 3583 3167 sufﬁciunt,
3628 3108 3684 3155 et
3728 3116 3796 3155 ex

2205 3188 2323 3244 istis
2347 3189 2483 3258 jam,
2514 3187 2590 3243 ﬁli
2636 3188 2977 3254 charissime,
3040 3204 3161 3260 qua
3191 3204 3291 3244 nos
3332 3205 3446 3259 pra
3492 3188 3697 3261 gemitu
3746 3195 3801 3243 et

2206 3275 2493 3333 afﬂictione
2512 3277 2695 3333 cordis
2711 3276 2862 3348 loqui
2889 3291 2998 3332 non
3027 3293 3338 3347 possumus,
3370 3276 3629 3333 universa
3686 3276 3796 3331 alia

2206 3366 2572 3440 cognoscetis,
2604 3366 2757 3438 quasi
2784 3367 2950 3422 humo
2978 3366 3232 3437 prostrati
3263 3374 3500 3422 vestram
3541 3364 3794 3439 magniﬁ-

2205 3455 2440 3511 centiam
2466 3456 2844 3527 deprecamur,
2877 3463 2931 3510 et
2975 3471 3076 3526 per
3116 3453 3359 3510 futurum
3398 3454 3664 3524 judicium
3693 3454 3794 3509 de-

2204 3552 2511 3616 precantes,
2550 3559 2673 3600 cum
2703 3552 2813 3601 tota
2868 3552 3049 3600 nostra
3079 3544 3332 3600 Ecclesia
3375 3552 3555 3600 vestro
3602 3542 3798 3599 divini-

2205 3641 2288 3688 tus
2316 3641 2563 3705 profecto
2590 3633 2821 3705 imperio
2853 3632 2977 3688 totis
2997 3632 3204 3689 viribus
3233 3632 3599 3706 suggerimus,
3632 3633 3790 3689 votis-

2205 3738 2310 3794 que
2341 3722 2674 3794 supplicibus
2702 3737 2895 3794 preces
2920 3722 3120 3778 multas
3165 3720 3516 3787 effundimus,
3576 3730 3634 3776 ut
3659 3737 3796 3778 con-

2203 3811 2339 3868 trita
2402 3819 2456 3867 et
2514 3811 2663 3867 omni
2717 3812 2957 3867 humano
3022 3811 3212 3866 solatio
3260 3810 3529 3867 destituta
3588 3819 3793 3867 sancta

2202 3900 2364 3955 matri
2393 3908 2589 3956 vestra
2617 3900 2877 3957 Romana
2905 3899 3168 3956 Ecclesia
3195 3898 3590 3967 defensionem,
3634 3899 3796 3956 debi—

2203 3997 2420 4061 tamque
2485 3988 2789 4056 tuitionem,
2850 3989 3060 4046 cunctis
3117 3989 3339 4044 remotis
3396 3988 3796 4056 occasionibus,

2202 4077 2521 4150 cunctisque
2550 4078 2770 4134 omissis
2807 4077 3179 4146 dilationibus,
3215 4076 3546 4134 omnimodis
3561 4078 3808 4149 prabea-

2201 4167 2270 4223 tis
2302 4185 2315 4222 :
2350 4168 2478 4239 quia
2515 4182 2640 4224 cum
2660 4168 2774 4237 jam
2809 4167 2960 4237 juxta
3002 4166 3357 4238 pracipitium
3413 4166 3796 4234 consistamus,

2201 4256 2306 4311 nisi
2341 4271 2504 4312 manu
2557 4264 2756 4312 vestra
2790 4255 3144 4324 defensionis,
3177 4263 3230 4311 et
3276 4256 3603 4311 necessariis
3638 4256 3800 4312 nobis

2201 4344 2339 4401 sicut
2369 4345 2749 4416 pramisimus,
2780 4345 2889 4401 imo
2918 4344 3118 4417 sapius
3147 4344 3510 4415 exoravimus,
3563 4352 3800 4417 quanto-

504 4434 657 4492 cenis
687 4433 926 4490 funditus
955 4435 1255 4500 devastata,
1284 4436 1397 4505 jam
1428 4434 1650 4491 fluvium
1678 4438 1769 4509 qui
1811 4452 1844 4493 a
1898 4438 2099 4494 Tibur-
2118 4422 2171 4483 D
2199 4434 2315 4491 cius
2343 4434 2537 4506 opibus
2567 4434 2856 4490 subvenire
2907 4434 3242 4501 studueritis,
3292 4450 3390 4505 spe
3443 4433 3662 4491 vivendi
3699 4450 3801 4505 per

505 4523 622 4580 tina
646 4523 781 4579 urbe
804 4524 1034 4579 Romam
1054 4523 1313 4590 decurrit,
1351 4522 1534 4579 furtim
1563 4532 1866 4594 transeunt,
1899 4535 1951 4582 et
1988 4534 2100 4584 tam

505 4611 740 4669 Sabinos
788 4628 951 4684 quam
982 4611 1084 4667 sibi
1112 4612 1417 4681 adjacentia
1445 4612 1569 4669 loca
1596 4614 1928 4684 pradantur.
1965 4615 2102 4671 San-

504 4708 716 4756 ctorum
773 4716 988 4773 quoque
1043 4700 1301 4756 basilicas
1349 4708 1403 4756 et
1448 4700 1641 4756 altaria
1693 4702 2097 4772 destruxerunt,

506 4789 821 4845 sacerdotes
851 4797 904 4845 et
934 4789 1388 4861 sanctimoniales,
1421 4789 1556 4845 alios
1586 4790 1807 4861 quidem
1854 4793 2101 4864 captivos

503 4877 793 4945 duxerunt,
824 4878 961 4934 alios
992 4886 1174 4934 autem
1217 4878 1381 4934 variis
1430 4879 1693 4935 mortibus
1738 4891 2095 4951 necaverunt,

507 4973 560 5022 et
579 4980 798 5021 omnem
825 4966 1024 5022 Christi
1053 4967 1317 5040 sanguine
1364 4967 1704 5040 redemptum
1733 4971 1998 5043 populum
2042 4972 2099 5028 in

505 5054 716 5112 circuiti
742 5054 1077 5111 deleverunt.
1127 5056 1196 5112 Et
1242 5055 1370 5128 quid
1413 5057 1637 5114 dicam?
1678 5067 1769 5115 aut
1827 5060 1956 5133 quid
2011 5061 2098 5117 lo-

505 5142 684 5216 quar?
716 5159 842 5199 cum
886 5144 1197 5215 pervenerit
1237 5145 1456 5219 gladius
1507 5164 1678 5221 usque
1726 5149 1794 5204 ad
1837 5150 2094 5221 animam,

506 5240 560 5288 et
586 5232 810 5306 sanguis
838 5232 1080 5288 omnium
1108 5234 1177 5289 de
1215 5242 1362 5291 terra
1385 5236 1583 5293 clamet
1625 5238 1694 5293 ad
1724 5238 1918 5294 Deum.
1949 5239 2099 5312 Ergo

504 5320 1007 5394 pracellentissime
1041 5323 1333 5393 Casarum,
1359 5326 1581 5397 jamjam
1626 5335 1822 5384 nostra
1871 5327 2098 5385 calami-

504 5410 602 5466 tati
630 5411 951 5480 succurrite,
978 5412 1093 5482 jam
1120 5415 1306 5486 populi
1335 5417 1505 5472 nostri
1533 5416 1785 5473 miserias
1840 5416 2094 5488 relevate,

500 5499 617 5570 jam
644 5508 842 5558 vestra
869 5502 1123 5575 potentia
1149 5520 1368 5560 manum
1398 5505 1681 5580 porrigite,
1713 5514 1767 5563 et
1805 5507 1946 5564 hanc
1983 5514 2098 5564 ter-

2202 4523 2534 4579 Christianos
2565 4524 2796 4590 sublata,
2828 4531 2916 4578 aut
2957 4522 3092 4594 ipsis
3148 4523 3379 4597 paganis
3423 4522 3798 4592 subjiciemur,

2201 4621 2312 4680 aut,
2345 4612 2491 4685 quod
2518 4620 2725 4670 avertat
2751 4611 2933 4668 divina
2962 4612 3220 4683 potentia,
3279 4613 3350 4669 ab
3395 4628 3587 4669 eorum
3614 4612 3799 4667 multi-

2200 4700 2386 4756 tudine
2437 4700 2582 4767 victi,
2644 4701 2712 4756 ad
2765 4716 2985 4757 omnem
3036 4700 3460 4758 Christianitatis
3519 4700 3811 4769 interitum

2201 4788 2411 4847 crudeli
2456 4805 2590 4846 nece
2645 4789 2959 4861 peribimus,
3012 4806 3076 4847 ac
3118 4807 3219 4862 per
3256 4792 3362 4847 hoc
3390 4798 3443 4847 et
3472 4790 3673 4847 Christi
3701 4805 3801 4846 no-

2199 4894 2328 4933 men
2354 4877 2408 4932 in
2429 4879 2681 4952 gentibus
2710 4879 3193 4951 blasphemabitur,
3226 4888 3280 4936 et
3307 4887 3506 4936 vestra
3525 4879 3800 4951 opinionis

2199 4976 2325 5023 ante
2356 4976 2477 5023 acta
2504 4968 2683 5024 studia
2710 4969 2970 5025 oblivioni
2997 4969 3295 5025 trademur.
3329 4970 3500 5039 Hujus
3529 4969 3612 5025 rei
3660 4983 3799 5043 gra-

2197 5057 2292 5128 tia,
2326 5057 2465 5113 sicut
2493 5074 2660 5130 supra
2676 5058 3043 5126 meminimus,
3062 5067 3426 5130 opportunum
3466 5058 3800 5128 adjutorium

2199 5144 2499 5202 coferentes
2553 5148 2712 5203 nobis
2767 5155 3012 5203 vestrum
3068 5146 3359 5203 exercitum
3415 5147 3485 5204 ad
3543 5148 3800 5203 hostilem

2197 5235 2596 5305 expeditionem
2659 5236 3126 5308 promptissimum
3196 5236 3485 5307 destinate,
3548 5236 3797 5308 aliosque

2198 5323 2371 5379 Deum
2401 5340 2497 5395 per
2537 5326 2716 5381 omnia
2760 5325 3051 5399 diligentes
3106 5324 3324 5391 missos,
3386 5324 3479 5396 qui
3534 5324 3791 5381 vitiorum

2198 5410 2445 5467 ﬂammas
2489 5414 2712 5483 justitia
2785 5414 2997 5469 tramite
3056 5413 3142 5468 usi
3197 5420 3565 5484 compescant,
3631 5412 3801 5467 nimia

2197 5501 2477 5559 celeritate
2505 5502 2724 5577 dirigite
2756 5520 2770 5559 :
2801 5511 3067 5575 quatenus
3096 5503 3188 5576 qui
3226 5502 3527 5559 innumeris
3576 5501 3800 5557 tribula-
