4160 6316
276 245 387 300 ’713

1457 245 1812 302 EPISLOLE
1865 244 1957 300 ET
2001 246 2346 305 DECRETA.

3467 251 3571 308 Ἧι

282 365 529 422 tionibus
559 367 831 438 quatimur
857 382 921 423 ac
959 375 1267 434 aestuamus,
1301 377 1353 424 et
1380 386 1481 441 pro
1509 371 1694 442 populi
1723 369 1880 425 nobis
1909 370 1963 430 A
1985 381 2209 439 avertat,
2235 374 2537 444 proveniat,
2569 389 2790 430 manum
2807 391 2917 431 sua
2945 376 3278 433 defensionis
3299 377 3569 444 exhibeat,

283 454 568 510 commissi
614 455 846 510 miseriis
886 457 1214 524 cruciamur,
1259 459 1454 514 vestris
1491 458 1884 514 consolationi-

286 541 392 598 bus
439 542 629 598 refecti
677 543 941 610 laetemur,
975 552 1027 599 et
1055 561 1154 616 per
1182 561 1281 601 vos
1319 547 1706 618 tranquillitate
1750 563 1883 617 per-

288 639 469 702 cepta,
503 639 742 702 Optatam
780 631 1104 698 libertatem,
1144 633 1281 690 sicut
1311 635 1485 704 decet,
1532 651 1632 705 per
1661 643 1768 690 tam
1798 635 1888 690 be-

290 719 521 790 nignum
541 718 932 790 imperatorem
961 721 1222 792 consequi
1242 738 1570 777 mereamur.
1603 723 1886 778 Postremo

292 806 685 862 sublimitatem
727 815 968 863 vestram
1009 809 1356 880 deposcimus
1395 818 1452 864 ut
1493 810 1691 865 latores
1739 827 1884 881 prae-

293 894 550 962 sentium,
587 897 807 950 Petrum
849 896 1058 952 scilicet
1095 905 1257 968 atque
1286 899 1504 952 Petrum
1547 899 1888 953 venerabiles

292 983 619 1054 episcopos,
685 983 884 1039 missos
949 985 1261 1056 apostolicae
1325 986 1490 1053 sedis,
1561 995 1888 1058 nostrosque

295 1070 550 1137 dilectos,
579 1071 728 1140 juxta
756 1087 964 1127 morem
991 1072 1226 1144 benigne
1257 1087 1322 1129 ac
1352 1071 1578 1144 paciﬁce
1609 1073 1889 1144 suscipere

297 1173 410 1214 non
455 1158 854 1230 dedignemini,
899 1168 952 1215 et
999 1176 1065 1215 ea
1111 1177 1234 1232 qua:
1278 1161 1383 1232 piis
1431 1162 1624 1218 vestris
1672 1161 1891 1216 auribus

295 1261 402 1318 pro
431 1247 658 1302 utilitate
687 1255 888 1304 sanctae
927 1249 1182 1304 Romanae
1223 1248 1483 1304 Ecclesia:
1515 1249 1568 1304 in
1599 1257 1892 1322 conspectu

296 1343 480 1390 vestro
511 1335 812 1402 retulerint,
848 1336 918 1391 ad
946 1353 1244 1409 congruum
1273 1352 1339 1394 ac
1367 1345 1724 1408 opportunum
1756 1336 1892 1393 eﬁ'e-

300 1430 450 1478 ctum
478 1424 784 1494 pervenire,
827 1440 925 1494 pro
957 1425 1156 1480 sanctis
1185 1425 1446 1495 apostolis
1495 1426 1693 1481 vestris
1719 1425 1894 1480 inter-

299 1511 614 1567 cessoribus
663 1511 806 1582 apud
865 1512 1059 1580 Deum,
1110 1513 1361 1570 celeriter
1415 1514 1695 1569 studeatis.
1758 1515 1896 1570 Data

303 1607 496 1670 quarto
525 1599 654 1655 Idus
679 1600 1026 1668 Februarias,
1058 1600 1349 1657 indictione
1378 1601 1630 1658 decima.

1012 1707 1155 1762 LIX.

733 1807 806 1848 AD
835 1809 1122 1850 nmmum!
1141 1799 1462 1852 λιπσιυς-τέω.

920 1883 1100 1951 (Anno
1134 1882 1278 1955 8'77).

303 1971 372 2028 Ut
400 1971 1122 2043 imperatoremrconjugem
1150 1988 1320 2026 suum
1349 1972 1420 2027 ad
1448 1987 1607 2043 opem
1637 1971 1899 2026 Ecclesia:

558 2042 977 2113 quamprimum
1003 2043 1298 2112 ferendam
1328 2042 1605 2097 hortetur.

376 2129 631 2183 JOANNES
659 2128 947 2200 episcopus
976 2129 1229 2184 RicmLm
1260 2133 1541 2202 Augustae.

380 2216 549 2272 Multo
577 2225 798 2287 peracto
819 2217 933 2285 jam
963 2225 1224 2288 tempore,
1250 2225 1361 2272 tam
1390 2218 1457 2272 ad
1479 2215 1774 2288 spiritualis
1806 2215 1904 2273 ﬁlii

262 2348 264 2350 τ
305 2304 484 2360 nostri
509 2304 739 2376 Augusti
760 2320 922 2376 quam
951 2306 1020 2359 ad
1040 2314 1281 2361 vestram
1310 2305 1651 2360 invisendam
1672 2304 1903 2360 clemen-

304 2391 440 2447 tiam
467 2391 665 2448 missos
710 2393 1023 2462 apostolicae
1065 2393 1211 2448 sedis
1241 2393 1514 2448 destinare
1563 2393 1902 2449 desideravi-

306 2496 452 2545 mus,
514 2487 774 2551 quatenus
824 2489 876 2535 et
918 2481 986 2536 de
1033 2481 1312 2553 utriusque
1361 2482 1614 2552 sospitate
1668 2481 1904 2538 laetiores

311 2567 672 2634 eﬂiceremur,
733 2577 786 2624 et
838 2569 995 2624 nobis
1053 2569 1376 2634 commissae,
1438 2577 1635 2626 sanctae
1701 2570 1906 2626 scilicet

311 2656 502 2710 matris
533 2665 747 2724 vestrae,
780 2658 1040 2713 Romanae
1078 2657 1339 2713 Ecclesiae
1377 2658 1713 2713 calamitates
1743 2666 1906 2728 atque

311 2744 721 2816 oppressiones,
754 2760 890 2816 quas
920 2761 952 2800 a
981 2745 1299 2800 Christianis
1331 2754 1384 2801 et
1413 2746 1482 2801 ab
1510 2746 1709 2818 iniquis
1740 2761 1909 2817 paga-

313 2832 402 2887 nis
451 2831 568 2887 sine
613 2833 913 2890 cessatione
959 2833 1216 2905 patimur,
1267 2834 1335 2888 ad
1382 2834 1697 2889 memoriam
1740 2835 1907 2888 redu-

315 2928 527 2990 centes,
557 2920 625 2974 ab
673 2921 868 2977 eodem
914 2925 1161 2994 Augusto
1208 2921 1635 2978 consolationem
1667 2928 1718 2977 et
1748 2929 1908 2992 opta-

315 3016 428 3064 tam
484 3025 664 3080 opem,
726 3009 864 3065 sicut
938 3010 1294 3081 sperabamus
1349 3011 1566 3066 tandem
1621 3010 1910 3081 aliquando

317 3097 584 3168 consequi
631 3113 985 3154 mereremur.
1021 3098 1130 3154 Sed
1157 3099 1398 3154 omnium
1439 3098 1650 3154 viarum
1678 3097 1911 3152 aditibus

317 3199 352 3239 a
380 3184 542 3240 malis
588 3185 829 3240 obsessis
877 3186 1205 3252 hominibus,
1236 3186 1358 3258 plus
1387 3201 1488 3242 nos
1525 3185 1780 3256 compulit
1808 3186 1912 3240 do-

318 3271 405 3328 lor
433 3272 708 3344 lacrymas
737 3273 966 3329 fundere
985 3290 1148 3345 quam
1170 3274 1323 3330 locus
1351 3281 1560 3344 pateret
1591 3274 1661 3329 ad
1688 3289 1786 3329 vos
1816 3288 1914 3328 no-

320 3368 468 3416 stros
509 3361 707 3416 missos
748 3362 1022 3434 dirigere:
1050 3362 1178 3433 quia
1209 3379 1275 3417 ex
1313 3378 1440 3428 uno,
1475 3361 1612 3417 sicut
1660 3361 1910 3430 diximus,

317 3448 631 3516 Christiani,
664 3465 730 3504 ex
762 3449 869 3505 alio
917 3449 1122 3523 pagani
1149 3450 1219 3504 ita
1249 3465 1350 3505 nos
1379 3449 1674 3506 crudeliter
1719 3464 1916 3520 perse-

321 3545 578 3609 quuntur,
609 3543 667 3592 ut
696 3537 826 3592 solis
871 3537 1141 3593 moenibus
1186 3538 1346 3594 Urbis
1380 3537 1602 3605 relictis,
1652 3536 1834 3593 omnia
1863 3536 1918 3591 in

320 3625 549 3681 circuitu
609 3625 772 3698 longe
819 3625 1032 3698 lateque
1093 3635 1414 3698 consumpta
1460 3626 1713 3692 habeant,
1766 3633 1818 3680 et
1863 3625 1920 3679 in

322 3713 670 3769 solitudinem
713 3730 938 3784 prorsus
984 3714 1223 3770 redacta.
1257 3718 1302 3770 A
1334 3714 1528 3786 quibus
1573 3730 1675 3786 per
1713 3721 1919 3769 tantum

320 3801 706 3872 imperatorem
746 3801 977 3858 relevari
1013 3803 1129 3872 jam
1159 3803 1516 3860 credebamus
1545 3810 1598 3857 et
1628 3817 1920 3873 recupera-

319 3889 527 3945 tionem
573 3889 806 3960 aliquam
846 3891 933 3946 vel
983 3891 1253 3945 medelam
1301 3890 1528 3961 adipisci
1573 3906 1922 3961 summopere

322 3977 812 4049 praestolabamur;
848 3978 946 4032 sed
990 3993 1118 4035 ecce
1163 3994 1265 4050 pro
1294 3979 1531 4050 peccatis
1577 3979 1779 4034 nostris
1806 3978 1924 4033 aliis

324 4067 560 4137 negotiis
607 4066 930 4137 implicatus,
990 4067 1147 4122 nobis
1205 4068 1465 4122 hactenus
1523 4067 1727 4122 distulit
1779 4066 1925 4122 ferre

325 4155 662 4226 praesidium.
708 4156 777 4209 Et
823 4155 948 4226 quia
984 4155 1098 4223 jam
1145 4155 1412 4210 sustinere
1456 4171 1562 4210 non
1611 4170 1921 4226 possumus,

329 4243 566 4314 gloriam
607 4250 845 4300 vestram
893 4242 1257 4314 multipliciter
1302 4243 1678 4314 deprecamur,
1721 4251 1778 4297 ut
1808 4243 1928 4298 vice

328 4339 518 4386 nostra
546 4331 714 4398 fretze,
750 4331 973 4386 sumatis
1001 4332 1058 4385 in
1084 4329 1317 4386 femineo
1361 4347 1492 4386 sexu
1522 4331 1676 4386 virile
1707 4338 1918 4401 pectus,

1941 3065 1990 3127 C

1985 471 2038 517 et
2065 464 2204 518 hanc
2232 470 2454 529 terram,
2487 480 2608 534 quae
2642 463 2724 518 sui
2753 464 2966 534 imperii
2996 475 3153 536 caput
3184 474 3282 535 est,
3315 467 3384 520 ad
3415 465 3579 520 liber-

1983 559 2146 606 tatem
2176 551 2419 621 reducat,
2453 568 2520 605 ne
2551 552 2768 622 quando
2798 553 2977 607 dicant
3005 562 3216 625 gentes,
3251 554 3342 608 ubi
3372 562 3454 609 est
3474 549 3576 608 iiu-

1984 649 2206 711 perator
2233 640 2375 694 illius
2394 641 2422 695 ξ)
2452 639 2734 708 Quatenus
2764 649 2817 695 et
2843 641 3000 695 nobis
3032 658 3156 712 spes
3181 642 3463 709 evadendi,
3495 643 3575 698 vi-

1985 729 2254 800 vendique
2276 719 2647 794 remaneat,‘et
2667 729 2980 799 priusquam
2996 729 3170 783 hiems
3186 730 3272 784 vel
3289 746 3382 786 ver
3400 739 3578 785 trans-

1989 825 2094 883 eat,
2126 824 2310 872 contra
2351 817 2574 871 eosdem
2602 832 2849 888 paganos
2894 818 3080 872 Romae
3107 817 3212 870 sint
3241 817 3385 872 illius
3413 834 3574 874 exer-

1989 904 2124 959 citus
2153 912 2459 974 praeparata
2497 904 2758 958 subsidia.
2785 904 3040 974 Alioquin
3071 912 3163 958 aut
3198 905 3418 959 omnino
3433 905 3578 975 peri-

1990 991 2140 1058 bunt,
2217 1000 2306 1046 aut
2352 993 2524 1047 coacti
2555 999 2613 1046 ut
2662 991 2834 1046 solam
2865 991 3030 1046 vitam
3078 992 3350 1047 redimere
3391 993 3581 1048 valea-

1988 1096 2128 1149 mus,
2179 1079 2256 1134 eis
2314 1079 2402 1151 qui
2449 1079 2607 1134 nobis
2663 1080 3034 1145 dominantur,
3095 1079 3580 1151 quomodocunque

1991 1167 2356 1237 subjiciemur.
2419 1169 2554 1222 Data
2608 1183 2665 1221 tv
2716 1167 2843 1223 ldus
2912 1167 3231 1236 Febuarias,
3288 1167 3582 1224 indictione

1991 1255 2223 1312 decima.

2769 1343 2883 1397 LX.

2275 1446 2349 1484 AD
2378 1445 2630 1486 CAROLUM
2662 1445 2880 1485 CALVUM
2910 1445 3323 1489 IMPERATOREK.

2342 1516 2350 1522 '
2391 1527 2395 1531 ’
2559 1519 2738 1590 (Anno
2769 1519 2919 1590 877.)

1993 1607 2172 1664 Mittit
2210 1608 2542 1679 imperatori
2582 1608 2857 1678 palmam,
2909 1611 2966 1662 et
3010 1625 3045 1663 α
3084 1609 3275 1687 malis,
3318 1610 3513 1680 quibus
3543 1625 3580 1666 α

1926 1716 1978 1776 Β
2071 1696 2368 1752 Saracenis
2399 1696 2691 1767 pravisque
2712 1695 3050 1751 Christianis
3080 1697 3382 1767 urgebatur
3414 1713 3584 1769 expo-

2068 1785 2214 1848 sitis,
2247 1783 2472 1838 auxilia
2501 1785 2662 1854 petit.

2066 1871 2317 1925 JOANNBS
2346 1871 2633 1941 episcopus
2664 1871 2884 1925 Canono
2913 1870 3248 1941 imperatori.

2069 1959 2217 2013 Inter
2241 1966 2432 2014 catera
2454 1975 2593 2030 quae,
2610 1975 2739 2014 vera
2759 1967 3040 2015 crescente
3062 1959 3345 2030 religione,
3370 1959 3440 2014 ab
3460 1959 3591 2015 olim

2001 2046 2365 2103 ecclesiastica
2387 2046 2529 2101 facta
2557 2054 2750 2102 vestrae
2779 2047 2964 2117 pietati
2991 2047 3240 2101 duximus
3269 2047 3585 2114 intimanda,

1999 2135 2285 2191 virentium
2314 2135 2468 2190 vobis
2515 2135 2819 2206 palmarum
2851 2151 2977 2190 ecce
3025 2135 3277 2190 bravium
3305 2135 3586 2205 mittimus,

2003 2224 2147 2294 quod
2194 2222 2487 2294 Apostolus
2534 2239 2644 2278 non
2673 2239 2862 2278 omnes
2893 2223 2986 2294 qui
3027 2231 3266 2289 currunt,
3301 2223 3397 2278 sed
3425 2239 3591 2278 unum

2001 2319 2226 2382 propter
2255 2311 2517 2366 unitatem
2554 2311 2797 2383 legitime
2827 2311 3152 2367 certantium
3183 2311 3432 2381 accipere
3457 2326 3590 2381 pro-

2002 2407 2232 2454 testetur
2276 2399 2339 2470 (Ι
2386 2401 2506 2456 Cor.
2557 2400 2669 2468 ix).
2715 2399 3081 2469 Quapropter;
3126 2397 3202 2453 ﬁli
3249 2397 3590 2464 charissime,

2005 2487 2161 2559 quasi
2210 2493 2526 2557 prmsentes,
2591 2486 2887 2541 incurvatis
2930 2486 3163 2557 genibus
3221 2494 3273 2540 et
3321 2486 3594 2540 submisso

2005 2575 2198 2646 capite,
2223 2576 2582 2645 deprecamur
2601 2582 2653 2628 et
2673 2575 3041 2642 obsecramus,
3067 2581 3124 2628 ut
3145 2574 3216 2628 ita
3232 2573 3471 2646 legitime
3492 2573 3596 2629 cel-

2006 2664 2182 2720 situdo
2211 2671 2394 2719 vestra
2420 2664 2476 2718 in
2506 2663 2665 2731 hujus
2714 2663 2899 2718 saeculi
2928 2661 3102 2717 stadio
3127 2678 3227 2732 pro
3258 2661 3457 2717 Christi
3485 2662 3596 2716 Ec-

2008 2751 2172 2808 clesia
2201 2767 2442 2817 currere,
2468 2750 2542 2805 ita
2559 2750 2842 2805 decertare
2871 2749 3177 2817 contendat,
3210 2756 3266 2804 ut
3286 2764 3396 2803 non
3425 2749 3601 2804 solum

2008 2839 2198 2894 bravio
2219 2839 2412 2894 victrix
2441 2846 2624 2894 vestra
2644 2838 2866 2892 dextera
2893 2838 3200 2904 adornatur,
3224 2852 3412 2892 verum
3441 2835 3605 2890 etiam

2010 2927 2441 2983 sacratissimum
2498 2934 2660 2996 caput
2707 2925 3014 2980 diademate
3055 2924 3247 2997 gloriae
3292 2923 3600 2988 decoretur,

2011 3016 2120 3070 imo
2166 3031 2268 3086 pro
2317 3013 2621 3069 visibilibus
2649 3013 2733 3068 his
2764 3021 2816 3068 et
2845 3013 3307 3083 corruptibilibus,
3340 3027 3450 3066 non
3492 3019 3606 3066 tan-

2013 3112 2124 3158 tum
2153 3103 2403 3174 palmam,
2439 3102 2535 3156 sed
2563 3109 2615 3157 et
2655 3117 2912 3157 coronam
2956 3100 3180 3170 accipiat
3208 3099 3596 3168 incorruptam.

2016 3191 2141 3256 Sed,
2175 3190 2302 3256 heu,
2327 3188 2748 3244 clementissime
2764 3189 3078 3259 imperator,
3112 3202 3240 3243 ecce
3261 3186 3390 3240 dum
3413 3185 3478 3240 ad
3503 3184 3608 3239 alia

2014 3277 2309 3346 intenditis,
2343 3284 2517 3332 mater
2545 3284 2741 3346 vestra,
2777 3283 2965 3330 sancta
2994 3274 3245 3330 videlicet
3270 3274 3388 3330 haec
3416 3272 3610 3328 Eccle-

2017 3366 2117 3434 sia,
2151 3381 2272 3437 quae
2300 3381 2398 3421 vos
2428 3363 2793 3435 Spiritualiter,
2843 3363 3050 3434 genuit,
3102 3361 3440 3433 periclitatur
3469 3359 3609 3416 et-in

2016 3453 2373 3510 novissimum
2417 3452 2632 3507 devenit
2664 3451 2925 3507 exitium:
2956 3450 3083 3506 hinc
3123 3451 3249 3504 inde
3278 3465 3388 3504 non
3437 3447 3609 3503 solum

2018 3541 2377 3598 tabernaculis
2421 3541 2565 3595 hanc
2612 3540 2975 3594 Idumaeorum
3014 3546 3068 3594 et
3111 3537 3526 3604 lsmaelitarum,
3561 3541 3615 3590 et

2020 3629 2284 3702 Agarenis
2317 3627 2628 3700 quotidiano
2653 3626 2838 3700 gladio
2866 3633 2917 3683 et
2938 3625 3244 3697 captivitate
3271 3625 3325 3678 in
3342 3623 3615 3679 interitum

2021 3717 2441 3789 impellentibus,
2488 3733 2677 3772 verum
2727 3715 2889 3770 etiam
2919 3714 3072 3769 falsis
3101 3713 3227 3768 ﬁliis
3273 3713 3442 3780 Sara,
3477 3725 3616 3782 quos

2022 3806 2224 3877 optime
2251 3806 2441 3871 nostis,
2474 3805 2530 3859 in
2557 3804 2796 3873 praedam
2827 3812 2880 3859 et
2904 3802 3263 3873 direptionem
3289 3797 3612 3856 miserabili-

2023 3903 2107 3950 ter
2135 3893 2578 3958 immittentibus;
2610 3892 2683 3946 ita
2711 3899 2768 3947 ut
2797 3899 2850 3946 et
2879 3891 2957 3945 illi
2985 3907 3131 3961 saepe
3174 3906 3346 3962 usque
3391 3888 3462 3943 ad
3487 3903 3612 3942 mu-

2024 3999 2117 4038 ros
2137 3983 2300 4039 Urbis
2318 3981 2566 4052 quamvis
2585 3979 2935 4036 clandestinis
2962 3979 3109 4035 horis
3129 3976 3496 4049 pervenerint,
3522 3972 3619 4030 sed

2027 4079 2080 4126 et
2123 4070 2436 4124 Tiberinum
2484 4069 2724 4132 ﬂuvium,
2758 4068 2849 4138 qui
2897 4067 3026 4121 olim
3071 4067 3267 4120 Albula
3311 4065 3614 4128 dicebatur,

2021 4159 2174 4227 juxta
2204 4157 2525 4212 Sabinorum
2569 4154 2804 4211 confinia
2844 4153 3294 4224 pertransierint;
3329 4160 3381 4207 et
3410 4151 3500 4207 isti
3530 4148 3623 4222 qui

2027 4245 2186 4300 nobis
2211 4245 2374 4301 vicini
2406 4251 2548 4309 sunt,
2583 4260 2649 4297 ex
2679 4242 2848 4296 altera
2894 4249 3046 4312 parte
3078 4241 3152 4295 ita
3183 4239 3408 4296 saeviant
3438 4245 3492 4293 et
3519 4239 3622 4293 de-

2028 4333 2381 4398 bacchentur,
2413 4339 2472 4386 ut
2498 4346 2607 4386 non
2635 4330 2929 4394 hominem,
2976 4343 3085 4384 non
3130 4343 3340 4399 agrum,
3389 4341 3494 4381 non
3527 4326 3622 4396 ju-

332 4427 386 4474 et
410 4435 513 4490 pro
543 4435 729 4474 amore
760 4427 1072 4476 sanctorum
1101 4418 1466 4490 apostolorum
1498 4418 1640 4474 Petri
1671 4427 1723 4474 et
1753 4418 1925 4485 Pauli,
1956 4411 2288 4486 Dmentum,
2321 4435 2431 4474 non
2461 4435 2651 4489 pecus,
2676 4434 2785 4473 non
2813 4416 3103 4488 quidquam
3135 4432 3200 4471 ex
3229 4412 3314 4470 his
3346 4431 3466 4486 quae
3497 4429 3626 4470 sane

333 4523 568 4580 quorum
623 4507 698 4562 ita
753 4515 836 4562 est
890 4508 1230 4563 devastatum
1287 4507 1597 4573 terminum,
1646 4514 1704 4561 ut
1747 4506 1926 4578 magis

249 4581 276 4596 ““
332 4595 500 4651 libeat
544 4595 696 4662 ﬂere,
749 4611 912 4667 quam
961 4595 1162 4660 dicere,
1213 4594 1395 4650 tandiu
1441 4595 1581 4665 apud
1627 4594 1928 4666 piissimum

333 4684 720 4754 imperatorem
751 4691 998 4739 nostrum
1035 4683 1314 4752 insistatis,
1350 4699 1630 4754 quousque
1661 4691 1711 4738 et
1741 4689 1932 4739 contra

334 4787 586 4845 paganos
625 4787 788 4842 Opem
835 4772 1092 4843 praebeat,
1127 4780 1180 4826 et
1209 4770 1538 4827 Christianos
1581 4785 1930 4842 compescere

269 4929 274 4938 Ι
337 4860 594 4931 gaudeat.
643 4859 912 4928 Quoniam
959 4859 1082 4914 ideo
1127 4859 1278 4914 illum
1317 4867 1466 4914 tanto
1515 4859 1817 4914 diademate
1865 4858 1932 4912 ab

338 4947 471 5003 olim
518 4948 737 5020 quidem
785 4963 816 5002 a
858 4947 1017 5002 nobis
1066 4954 1435 5018 exspectatum
1482 4962 1546 5002 ac
1587 4946 1933 5018 praelectum

342 5035 544 5093 decore
560 5035 889 5101 curavimus,
913 5043 972 5089 ut
991 5042 1192 5090 sanctae
1211 5036 1468 5091 Romanae
1486 5034 1749 5090 Ecclesiae
1777 5049 1936 5089 recu-

339 5124 552 5195 peratio
589 5132 644 5180 et
689 5123 972 5189 securitas,
1025 5129 1186 5195 quam
1237 5123 1546 5192 ademptam
1591 5121 1930 5190 dolebamus,

341 5228 442 5282 per
468 5211 618 5282 pium
649 5212 887 5266 studium
917 5211 1053 5280 ejus,
1079 5226 1187 5281 quo
1216 5225 1434 5280 semper
1460 5209 1757 5278 fruebatur,
1791 5209 1937 5265 redi—

342 5307 444 5355 ret.
478 5299 837 5370 Quapropter,
871 5298 1194 5354 charissima
1219 5296 1346 5366 ﬁlia,
1380 5313 1481 5366 per
1509 5297 1683 5351 Deum
1715 5313 1812 5351 vos
1843 5297 1938 5352 ad-

337 5388 601 5456 juramus,
631 5395 934 5458 Opportune
953 5387 1260 5456 importune
1288 5385 1538 5449 insistite,
1561 5391 1619 5438 ut
1648 5392 1937 5454 antequam

345 5475 400 5530 in
431 5475 549 5547 ipsa
595 5476 731 5530 urbe
759 5474 1022 5531 Romulea
1060 5473 1206 5528 aliud
1254 5473 1572 5544 periculum,
1607 5471 1753 5543 quod
1792 5473 1938 5528 Deus
2000 5487 2004 5490 ·

600 5591 840 5645 ΡΑΤιιοι..
876 5589 1119 5644 CXXVI.

2027 4509 2098 4566 cti
2124 4507 2265 4563 Petri
2294 4506 2428 4576 juris
2459 4506 2712 4572 existunt,
2754 4504 3020 4582 dimittere
3048 4504 3338 4576 patiantur,
3373 4501 3471 4557 sed
3500 4517 3624 4556 om-

2027 4595 2118 4650 nia
2149 4610 2271 4666 quae
2313 4594 2470 4649 oculo
2512 4593 2695 4649 vident
2741 4609 2903 4647 manu
2928 4591 3198 4662 diripiant,
3230 4597 3281 4646 et
3309 4589 3452 4645 mala
3503 4604 3624 4660 quae

2028 4683 2266 4756 cogitant
2295 4683 2412 4738 sine
2442 4697 2596 4736 mora
2624 4680 2922 4753 perﬁciant.
2949 4681 3075 4735 Haec
3107 4686 3247 4743 sunt,
3285 4675 3625 4743 charissime,

2032 4772 2100 4827 de
2129 4771 2612 4826 innumerabilibus
2659 4785 2854 4840 pauca,
2908 4783 3029 4839 qum
3075 4773 3250 4820 mater
3293 4772 3472 4820 vestra
3511 4765 3627 4821 Ro-

2030 4875 2210 4928 mana,
2242 4860 2381 4930 proh
2412 4859 2568 4913 dolor
2594 4857 2605 4912 l
2639 4857 2829 4912 diebus
2867 4851 3066 4910 vestris
3095 4852 3296 4925 perfert
3337 4851 3625 4921 Ecclesia;

2033 4947 2187 5020 quasi
2207 4963 2318 5002 non
2347 4962 2445 5002 vos
2467 4944 2774 5016 specialiter
2795 4961 2858 4999 ex
2889 4941 3138 4998 omnibus
3161 4950 3212 4997 et
3234 4958 3348 5012 prae
3375 4941 3630 4997 omnibus

2033 5035 2310 5101 amaverit,
2363 5033 2671 5089 invitaverit
2699 5040 2750 5087 et
2781 5030 3052 5096 extulerit,
3085 5029 3172 5086 vel
3205 5029 3358 5100 quasi
3389 5045 3489 5084 nos
3519 5044 3629 5084 non

2033 5139 2152 5190 vos,
2204 5131 2432 5190 auctore~
2466 5123 2599 5184 Deo,
2633 5119 2688 5174 in
2724 5118 3014 5189 imperium
3061 5117 3530 5183 coronaverimus,
3573 5123 3627 5172 et

2034 5212 2319 5269 vobiscum
2340 5211 2394 5265 in
2425 5207 2694 5275 omnibus,
2725 5205 2878 5278 quasi
2897 5223 3021 5262 cum
3043 5206 3443 5278 sapientissimo
3476 5202 3630 5260 Salo-

2035 5317 2216 5366 mone,
2241 5307 2297 5353 ut
2319 5297 2588 5369 quondam
2609 5296 2699 5350 ille
2721 5294 2897 5350 fidelis
2917 5295 3130 5350 Sadoch
3153 5294 3411 5350 sacerdos
3434 5295 3484 5360 (1
3498 5296 3623 5364 Reg,

2037 5389 2099 5459 ι),
2149 5388 2409 5441 adversus
2459 5385 2690 5438 alterum
2721 5384 2790 5438 ad
2821 5383 3002 5438 omnia
3046 5382 3267 5437 minime
3297 5381 3624 5444 steterimus,

2037 5491 2138 5531 nec
2167 5482 2360 5531 cuncta
2391 5489 2509 5544 qua:
2539 5487 2635 5542 pro
2654 5472 2808 5527 vobis
2826 5471 3175 5527 debuerimus
3207 5470 3406 5535 facere,
3445 5466 3635 5523 feceri-

3285 5579 3353 5632 23
