4160 6318
585 191 691 244 715

1821 189 2119 247 JOANNIS
2166 192 2361 247 PAPE
2416 192 2555 247 VIII.

3771 201 3879 254 ’716

587 346 710 385 mus
739 346 753 384 :
786 329 855 384 ad
894 336 1197 385 extremum
1221 328 1375 400 quasi
1401 344 1512 385 non
1558 330 1829 402 hodieque
1867 333 2049 386 manui
2080 349 2180 387 ve-
2209 316 2266 376 A
2286 322 2379 370 tua
2407 315 2659 371 εθυοῑίίθε
2707 317 3000 372 accesserit
3027 316 3302 388 Pietatem,
3358 318 3631 376 credimus
3662 320 3739 375 nil
3767 322 3884 378 EO-

590 426 715 473 strae
736 416 956 488 speciali
976 425 1102 473 voto
1118 417 1546 490 etpraerogativa
1564 418 1779 489 plenam
1803 419 2181 475 benedictione

590 506 846 576 palmam,
881 506 1020 560 sicut
1044 512 1096 560 et
1124 503 1365 571 cernitis,
1399 505 1730 561 destinemus
1760 507 2024 562 adversus
2055 507 2184 561 visi-

590 594 728 649 biles
774 594 959 649 hostes
999 601 1053 648 et
1087 592 1386 648 invisibiles
1433 594 1867 664 triumphantem.
1921 594 2183 665 Optantes

590 682 737 737 enim
782 697 882 736 vos
927 681 998 736 de
1041 680 1247 737 cunctis
1293 681 1618 736 adversariis
1666 682 2019 751 triumphare,
2052 682 2186 736 nihil

590 770 767 840 aptius
795 768 949 824 vobis
996 784 1158 839 quam
1187 784 1372 823 ramos
1409 769 1716 839 palmarum
1754 769 2005 824 duximus
2043 768 2184 825 olfe-

592 857 842 921 rendum,
891 871 1028 926 quos
1067 863 1122 910 et
1163 855 1320 926 pueri
1369 856 1680 911 sternebant
1724 855 1781 910 in
1820 857 1905 911 via
1952 857 2183 912 Domino

591 944 1028 1014 Hierosolymam
1058 943 1293 998 venienti
1324 943 1544 1013 (Matth.
1577 944 1747 1014 xxu),
1778 944 2062 1015 antiquum
2093 946 2188 1000 ho-

594 1040 733 1087 stem
774 1031 1163 1101 triumphaturo
1191 1039 1244 1085 et
1273 1030 1534 1085 mundum
1577 1031 1808 1086 victuro.
1845 1032 1954 1087 Sed
1992 1032 2185 1087 dicun-

592 1127 679 1175 tur
728 1118 911 1174 multae
970 1133 1069 1174 vos
1133 1118 1395 1188 impedire
1424 1118 1833 1174 sollicitudines.
1868 1120 1984 1176 Hoc
2027 1120 2188 1191 plane

592 1223 694 1262 nec
724 1223 823 1262 nos
848 1206 1183 1278 ignoramus.
1211 1205 1410 1260 Verum
1439 1214 1496 1260 ut
1519 1222 1638 1261 cum
1658 1208 1889 1262 Domino
1919 1207 2187 1263 fateamur

595 1294 752 1366 (Luc.
785 1293 887 1363 x1),
928 1300 979 1347 et
999 1294 1116 1347 haec
1162 1293 1398 1363 oportuit
1426 1292 1626 1361 facere,
1658 1302 1710 1349 et
1739 1295 1832 1349 illa
1882 1311 1991 1350 non
2022 1297 2187 1350 omit-

594 1390 726 1436 tere.
776 1381 916 1434 Nam
962 1379 1136 1449 vobis,
1187 1379 1281 1450 qui
1309 1380 1365 1433 in
1411 1396 1590 1453 agone
1639 1382 1983 1449 contenditis,
2036 1391 2094 1437 ut
2120 1383 2189 1438 ad

596 1468 842 1524 bravium
871 1483 1119 1537 supernae
1160 1467 1458 1522 vocationis
1489 1476 1542 1523 et
1571 1470 1641 1524 ad
1669 1471 2059 1539 capessendam
2089 1486 2188 1526 co-

596 1571 789 1612 ronam
807 1556 1177 1625 incorruptam
1196 1556 1548 1625 perveniatis,
1570 1556 1636 1610 ab
1658 1558 1910 1612 omnibus
1932 1558 2050 1612 aliis
2066 1559 2191 1613 abs-

2282 402 2462 458 clesize
2488 405 2586 458 Dei
2612 412 2810 475 praeter
2829 414 3085 475 paternas
3113 407 3333 480 regulas
3365 407 3660 463 illaturam.
3693 409 3886 464 Mode-

2282 490 2418 545 ratio
2449 492 2648 563 quippe
2696 492 2843 548 sedis
2872 494 3206 564 apostolicae,
3252 495 3576 551 universalis
3615 497 3888 553 Ecclesiae

2282 577 2586 648 dispositio,
2617 580 2673 633 in
2702 581 2807 636 hoc
2853 581 3165 651 periculoso
3211 590 3453 654 tempore
3502 600 3643 655 pene
3685 593 3886 641 cuncta

2283 665 2676 736 dispensatoris
2705 668 3038 723 moderanda
3066 670 3361 740 compellit.
3395 671 3658 740 Quamvis
3701 682 3886 729 autem

2282 754 2538 823 prmsenti
2577 754 2645 808 sit
2688 755 2860 809 exsuli
2903 756 3315 825 consulendum,
3366 759 3501 813 nihil
3543 768 3728 815 tamen
3777 769 3882 827 est,

2274 838 2392 894 'non
2410 848 2653 896 exstante
2674 842 2785 896 ulla
2807 844 3151 913 necessitate,
3188 854 3376 900 contra
3391 861 3629 902 canones
3663 848 3886 903 Patrum

2285 928 2579 999 agendum.
2631 930 2815 985 Abbas
2842 939 3018 986 autem
3052 933 3163 1003 qui,
3214 933 3361 989 nullo
3391 936 3742 1005 comprobato
3770 937 3886 992 cri-

2285 1016 2450 1083 mine,
2476 1032 2509 1071 a
2528 1016 2666 1089 regii
2685 1025 2767 1073 est
2787 1019 3020 1074 cmnobii
3035 1021 3392 1091 prapositura
3423 1022 3705 1093 depulsus,
3737 1024 3885 1093 ejus-

2287 1103 2411 1158 dem
2458 1104 2687 1174 piissimi
2737 1107 2998 1178 principis
3042 1109 3347 1193 permissu,_
3383 1109 3635 1180 precibus
3681 1113 3889 1167 nostris

2287 1198 2393 1247 tua:
2422 1192 2637 1247 sociatis
2684 1193 2977 1261 industriae,
3030 1192 3367 1252 revocandus
3409 1206 3508 1253 est.
3539 1199 3663 1255 Non
3704 1207 3888 1256 autem

2288 1279 2462 1334 solum
2493 1281 2840 1348 homicidam,
2875 1283 2973 1337 sed
3001 1292 3055 1338 et
3080 1285 3292 1340 socium
3319 1286 3606 1342 homicida:
3633 1288 3706 1342 ab
3735 1289 3890 1343 omni

2287 1368 2647 1438 praepositura
2678 1370 2991 1440 pellendum
3036 1372 3401 1428 decernimus.
3437 1376 3565 1430 Haec
3595 1377 3888 1447 perpaucis

2290 1454 2616 1511 fraternitati
2661 1465 2764 1513 tua:
2793 1458 3132 1529 scripsimus,
3180 1477 3249 1516 ne
3276 1461 3380 1514 sibi
3417 1463 3638 1518 omnino
3679 1463 3891 1519 rescri—

2290 1543 2422 1598 bere
2477 1546 2849 1615 supersedisse
2922 1548 3244 1604 videremur.
3303 1549 3587 1618 Caeterum,
3648 1560 3706 1605 ut
3762 1568 3892 1607 cum

599 1643 877 1699 tinendum
906 1650 1008 1708 est,
1040 1650 1094 1696 et
1120 1642 1384 1714 legitime,
1419 1653 1475 1698 ut
1503 1645 1868 1714 praediximus,
1903 1646 2183 1701 decertan-

2294 1639 2479 1686 sancto
2495 1633 2673 1688 Leone
2694 1650 2834 1705 papa
2864 1635 3124 1691 dicamus.
3148 1638 3262 1691 Nos
3292 1637 3381 1708 qui
3398 1639 3749 1694 sacerdotum
3778 1642 3892 1696 Do-

597 1730 748 1786 dum.
772 1730 915 1799 Quid
941 1737 1119 1785 autem
1150 1730 1321 1800 magis
1350 1730 1651 1802 legitimum
1669 1749 1830 1803 quam
1860 1742 1917 1787 ut
1934 1750 2046 1804 prae
2075 1750 2191 1789 om-

601 1819 762 1874 nibus
792 1827 845 1873 et
874 1826 998 1872 ante
1041 1817 1224 1872 omnia
1268 1820 1522 1875 Romanae
1570 1836 1759 1875 curam
1802 1822 2050 1876 habeatis
2078 1823 2189 1878 Ec-

603 1907 785 1964 clesiae
812 1922 932 1978 quae
961 1914 1276 1961 caeterarum
1302 1906 1567 1978 magistra
1597 1916 1679 1962 est
1708 1917 1761 1963 et
1789 1917 1964 1964 mater
1993 1910 2189 1965 Eccle-

605 1996 827 2060 siarum,
855 2010 974 2064 quae
1002 2001 1182 2048 vestro
1213 1993 1268 2047 in
1298 2001 1542 2064 tempore
1579 1996 1738 2050 tantis
1767 2012 1830 2052 ac
1860 2006 1966 2051 tam
1994 1998 2188 2052 imma-

602 2083 765 2147 nibus
794 2081 1095 2137 succumbit
1137 2081 1253 2136 sine
1283 2082 1587 2138 cessatione
1614 2084 1894 2154 periculis.
1944 2085 2190 2157 Denique

602 2172 651 2226 si
679 2171 795 2225 haec
822 2168 1086 2239 Ecclesia,
1121 2186 1242 2240 quae
1267 2177 1425 2240 caput
1453 2179 1555 2236 est,
1591 2172 1757 2243 viget,
1789 2182 1983 2228 caetera
2011 2190 2189 2230 mem-

602 2259 723 2324 bra,
780 2256 1026 2328 quamvis
1071 2256 1347 2328 languida,
1396 2260 1754 2329 recuperandi
1797 2262 2053 2317 fiduciam
2081 2279 2191 2318 non

604 2346 852 2402 amittunt
879 2361 1001 2416 quae
1029 2344 1281 2399 nimirum
1321 2347 1467 2400 omni
1497 2347 1694 2402 robore
1739 2357 1946 2418 carent,
1977 2351 2024 2404 si
2052 2367 2189 2406 con-

601 2435 778 2506 tingat
820 2432 996 2488 solum
1036 2439 1199 2502 caput
1224 2431 1360 2487 forte
1406 2433 1692 2506 languere,
1741 2446 1939 2508 quanto
1987 2438 2184 2510 potius,

601 2521 748 2592 quod
793 2527 1004 2575 avertat
1048 2519 1409 2590 omnipotens,
1459 2521 1505 2575 si
1542 2523 1819 2595 contingat
1866 2526 2189 2596 exstingui?

600 2608 756 2664 Unde
802 2608 998 2662 iterum
1060 2607 1363 2679 iterumque
1408 2609 1534 2663 totis
1586 2610 1911 2683 singultibus
1956 2612 2188 2684 totisque

599 2695 957 2767 imploramus
984 2695 1322 2765 praecordiis,
1353 2703 1407 2749 et
1434 2713 1532 2766 per
1562 2698 1836 2753 Christum
1865 2700 1965 2755 Dei
1995 2701 2189 2756 Filium

599 2782 913 2854 suppliciter
961 2782 1294 2851 adjuramus,
1327 2783 1418 2853 qui
1457 2799 1554 2839 vos
1585 2786 1655 2841 ad
1685 2794 1894 2843 tantum
1939 2789 2188 2859 provexit

597 2870 873 2942 fastigium
902 2877 956 2924 et
984 2870 1289 2940 imperium,
1337 2869 1425 2926 vel
1463 2888 1606 2928 nunc
1653 2874 1875 2929 citatum
1918 2877 2187 2932 cxtendite

594 2957 895 3014 clementiae
947 2957 1250 3028 brachium,
1304 2966 1357 3014 et
1401 2960 1723 3031 periclitanti
1781 2964 1992 3034 patrie,
2054 2964 2182 3036 quin

592 3045 773 3116 potius
793 3045 1015 3112 mundo,
1047 3046 1227 3101 auxilii
1250 3046 1582 3119 jamjamque
1596 3049 1860 3122 porrigite
1880 3050 2176 3108 dexteram.

588 3134 736 3190 Ecce
764 3134 954 3189 Petrus
984 3133 1040 3188 in
1071 3134 1376 3189 commissis
1421 3136 1612 3192 ovibus
1646 3139 1925 3211 mergitur.
1976 3140 2182 3212 Erigite

589 3237 725 3294 ergo
745 3236 840 3277 eas
863 3237 963 3285 vos
978 3238 1009 3275 a
1028 3220 1313 3291 fructibus,
1347 3223 1788 3282 clementissime.
1823 3227 1915 3283 Sic
1934 3244 2034 3284 vos
2062 3229 2181 3300 ipse

587 3309 658 3364 ab
690 3325 1014 3365 excessuum
1056 3309 1412 3365 alluvionibus
1443 3312 1635 3385 erigat,
1669 3321 1722 3368 et
1751 3313 1904 3370 vobis
1943 3316 2180 3372 caelestis

585 3396 721 3452 atria
751 3396 906 3468 regni
933 3397 1381 3463 intercessionum
1413 3415 1635 3455 suarum
1677 3401 1918 3457 clavibus
1948 3413 2176 3474 reseret,

585 3491 640 3541 et
668 3484 791 3541 vitae
805 3492 1025 3540 aeternae
1048 3500 1255 3556 pascua
1282 3485 1609 3543 invenienda
1637 3488 1778 3544 inter
1806 3491 2033 3562 angelos
2063 3492 2179 3547 sine

582 3572 818 3628 termino
839 3572 1057 3643 tribuat,
1080 3590 1202 3647 quae
1228 3575 1424 3631 oculus
1444 3592 1559 3631 non
1575 3576 1736 3644 vidit,
1767 3594 1872 3634 nec
1892 3581 2051 3635 auris
2079 3597 2182 3637 au-

583 3660 743 3727 divit,
763 3667 866 3716 etc.
897 3660 1044 3731 (Cor.
1063 3661 1147 3733 ιι).
1180 3661 1316 3717 Data
1331 3662 1517 3719 Idibus
1544 3664 1850 3733 Februarii,
1884 3666 2178 3724 indictione

586 3746 818 3804 decima.

1306 3855 1445 3910 LXI.

653 3982 726 4023 AD
753 3981 1085 4024 ΑΝεΡΕιιΤυιι
1104 3982 1580 4028 ΑΒΕΗῙΕΡΙδΟΟΡῠΉ
1606 3987 2101 4034 MEDIOLANENSEM.

1203 4084 1384 4154 (Anno
1409 4087 1558 4146 877.)

580 4198 908 4270 Respondet,
936 4197 1362 4275 ‘abbateniqui,
1394 4202 1557 4275 nullo
1597 4205 1948 4275 comprobato
1974 4210 2175 4266 crimi-

650 4268 743 4336 ne,
774 4286 810 4324 a
832 4268 973 4340 regii
1001 4268 1631 4351 omnobiiprwpositura
1662 4268 1929 4351 depulsus
1956 4280 2168 4351 fuerat,

650 4354 768 4419 esse
798 4340 1210 4419 recocandttm;
1242 4340 1579 4419 homicidam
1623 4340 1836 4419 autem,
1869 4352 1933 4419 et
1952 4340 2177 4419 "facinol

651 4410 734 4463 ris
763 4410 997 4478 socium,
1029 4409 1096 4464 ab
1126 4410 1283 4466 omni
1310 4412 1680 4481 praepositum
1706 4409 2052 4485 pellendam.

651 4512 905 4569 JOANNES
922 4513 1210 4585 episcopus
1231 4515 1529 4571 ANSPEBTO
1543 4517 1949 4592 archiepiscopo
1972 4525 2178 4582 Medio-

583 4599 813 4657 lanensi.

599 4680 603 4684 ’
654 4689 961 4744 Laudamus
999 4688 1412 4745 sanctimoniam
1440 4697 1609 4759 tuam,
1642 4691 1809 4751 frater
1837 4696 2173 4771 charissime,

578 4776 799 4846 justitim
838 4777 953 4832 zelo
989 4775 1327 4843 ferventem;
1362 4779 1459 4833 sed
1504 4779 1559 4833 in
1596 4783 2023 4851 promotionibus
2063 4790 2177 4847 sive

583 4863 855 4933 antistitis,
891 4864 1006 4920 sive
1032 4863 1263 4930 abbatis,
1314 4864 1389 4919 nil
1416 4866 1664 4937 profecto
1692 4869 1836 4927 aliud
1877 4878 2177 4944 gerendum

584 4966 877 5023 possumus
925 4952 1221 5019 exhortari,
1253 4952 1358 5007 nisi
1387 4955 1531 5025 quod
1577 4957 1717 5013 sacri
1761 4976 2000 5018 canones
2043 4982 2176 5021 san-

586 5038 735 5094 ciunt
777 5055 914 5110 quos
960 5039 1093 5094 nulli
1138 5039 1480 5097 sacerdotum
1525 5043 1731 5101 licitum
1773 5056 1853 5104 est
1899 5050 2170 5124 ignorare,

586 5126 674 5183 vel
703 5127 997 5199 quidquam
1026 5126 1208 5183 facere
1236 5130 1381 5200 quod
1403 5131 1618 5187 Patrum
1647 5136 1821 5206 possit
1841 5139 2049 5210 regulis
2080 5140 2174 5196 ob-

584 5214 739 5271 viari.
772 5215 975 5270 Verum
1004 5215 1128 5286 quia
1157 5216 1212 5270 in
1242 5224 1473 5291 utroque
1496 5219 1592 5277 filii
1619 5224 1792 5278 nostri
1820 5242 2038 5297 semper
2064 5230 2175 5285 Au-

585 5301 730 5376 gusti
758 5301 1066 5358 interfuisse
1083 5304 1398 5375 perhibetur
1418 5323 1695 5378 assensus,
1721 5312 1838 5381 ejus
1859 5330 2025 5386 super
2043 5316 2174 5373 hoc-

584 5406 708 5448 esse
738 5389 951 5447 videtur
994 5393 1388 5464 exspectandus
1425 5396 1728 5455 adventus:
1759 5399 1829 5457 ad
1857 5402 2009 5472 cujus
2047 5419 2174 5463 cum

650 5526 670 5553 ·
692 5516 885 5582 Aliquid
906 5517 1078 5572 deesse
1100 5518 1308 5574 videtur.

2213 3007 2262 3070 C

2292 1719 2423 1773 mini
2451 1729 2659 1775 matura
2703 1722 2953 1777 volumus
2997 1740 3118 1778 esse
3143 1724 3362 1793 judicia,
3413 1726 3547 1780 nihil
3593 1743 3893 1798 possumus

2291 1806 2582 1880 incognitis
2631 1810 2791 1864 rebus
2836 1811 2892 1864 in
2938 1812 3254 1883 cujusquam
3299 1813 3468 1883 partis
3512 1816 3892 1886 praejudicium

2291 1894 2538 1961 difﬁnire,
2592 1897 2903 1969 priusquam
2950 1899 3206 1954 universa
3234 1918 3355 1972 quae
3384 1910 3541 1974 gesta
3570 1912 3691 1958 sunt
3723 1920 3891 1960 vera-

2294 1982 2427 2037 citer
2471 1983 2773 2039 audiamus.
2807 1986 2864 2041 Si
2894 1986 3057 2057 enim,
3092 1996 3151 2042 ut
3179 1989 3250 2042 ait
3276 1990 3567 2060 Apostolus
3595 1991 3745 2062 (Gal.
3779 1993 3889 2064 ιιι),

2290 2071 2557 2127 mediator
2584 2072 2743 2127 unius
2771 2089 2881 2128 non
2911 2082 3013 2145 est,
3050 2076 3140 2146 qui
3167 2076 3246 2132 sic
3274 2093 3437 2133 unam
3466 2087 3679 2149 partem
3709 2081 3885 2150 audit,

2290 2165 2348 2211 ut
2395 2158 2548 2213 alteri
2594 2161 2731 2230 parti
2777 2162 2908 2215 nihil
2939 2171 3184 2219 reservet
3220 2173 3265 2218 ³.
3298 2164 3578 2236 Optamus,
3627 2176 3734 2224 etc.
3770 2170 3888 2224 Da-

2289 2253 2343 2300 ta
2371 2262 2430 2301 ιιι
2454 2247 2729 2303 Kalendas
2758 2250 2956 2318 Martii,
2989 2250 3282 2308 indictione
3310 2254 3541 2311 decima.

2994 2378 3161 2433 LXII.

2393 2492 2467 2534 AD
2496 2494 2792 2536 EPISCOPOS
2820 2496 2880 2537 IN
2908 2498 3093 2538 REGNO
3137 2498 3333 2541 CAROLI
3360 2502 3731 2546 ῙΗΡΕΚΑΤΟΒΙΒ

2853 2568 3242 2611 CONSTITUTOS.

2853 2658 3034 2730 (Anno
3066 2661 3217 2734 8'77.)

2286 2759 2470 2815 Monet
2495 2764 2561 2816 at
2589 2761 2985 2834 imperatorem
3002 2766 3303 2824 hortentur
3332 2769 3405 2825 ad
3434 2786 3594 2845 opem
3614 2772 3879 2831 Ecclesiae

2568 2851 2832 2907 Romana:
2860 2854 3123 2911 celeriter
3147 2858 3464 2927 ferendam.

2354 2961 2607 3018 Jomns
2635 2964 2926 3037 episcopus
2952 2968 3204 3024 omnibus
3231 2971 3655 3046 archiepiscopis
3684 2984 3736 3032 et
3766 2977 3882 3050 epi-

2283 3050 2463 3121 scopis
2491 3050 2547 3105 in
2575 3068 2751 3125 regno
2780 3055 3126 3125 imperatoris
3155 3058 3333 3115 Caroli
3359 3062 3687 3119 constitutis.

2351 3138 2601 3194 Pristinis
2628 3141 2794 3196 attriti
2835 3143 3069 3200 miseriis
3102 3153 3154 3201 et
3182 3148 3435 3219 oppressi
3462 3151 3875 3221 calamitatibus,

2280 3225 2617 3282 dilectissimi
2673 3228 2767 3285 ﬁlii
2819 3233 2993 3287 nostri
3039 3236 3224 3305 magni
3275 3236 3617 3308 imperatoris
3675 3241 3874 3311 Caroli,

2280 3314 2435 3402 quasi
2480 3315 2549 3370 de
2593 3316 2879 3387 profundis
2921 3320 2990 3374 ad
3037 3321 3213 3378 Deum
3259 3323 3574 3395 clamantes,
3620 3335 3877 3402 tanquam

2278 3400 2451 3472 ipsius
2480 3404 2697 3460 Domini
2727 3414 2779 3460 et
2808 3406 3102 3465 Salvatoris
3131 3412 3297 3467 nostri
3346 3414 3489 3469 anxii
3531 3400 3880 3488 exspectaba-

2278 3504 2400 3544 mus
2446 3490 2757 3563 adventum,
2786 3502 2858 3562 et,
2889 3504 2946 3551 ut
2974 3497 3049 3552 ita
3075 3498 3303 3556 dixerim
3334 3502 3451 3571 ejus
3499 3503 3750 3561 iteratum
3777 3522 3876 3578 pro

2280 3576 2452 3633 salute
2507 3588 2694 3637 nostra
2751 3583 3113 3641 credebamus
3187 3589 3472 3647 imminere
3523 3576 3872 3657 descensum.

2279 3664 2408 3732 Sed,
2452 3668 2595 3738 proh
2640 3668 2828 3726 dolor!
2864 3678 2942 3727 tot
2986 3688 3055 3729 ac
3102 3676 3263 3731 tantis
3310 3678 3714 3737 circumdamur
3753 3683 3877 3740 hinc

2276 3752 2404 3808 inde
2449 3755 2705 3825 periculis
2748 3764 2807 3813 ut
2850 3760 3049 3816 taedeat
3095 3778 3197 3819 nos
3246 3765 3409 3821 etiam
3474 3768 3681 3825 vivere.
3732 3772 3877 3827 Ecce

2278 3841 2423 3896 enim
2477 3843 2882 3901 Dominicarum
2930 3849 3115 3905 ovium
3160 3851 3228 3906 ab
3275 3856 3564 3926 Agarenis,
3614 3858 3707 3929 qui
3754 3867 3882 3915 sunt

2275 3926 2373 3983 ﬁlii
2415 3928 2804 4000 fornicationis,
2851 3950 3066 3994 necnon
3106 3947 3159 3994 et
3206 3940 3276 3995 ab
3317 3942 3404 3998 his
3444 3945 3537 4016 qui
3586 3926 3705 4001 solo
3753 3956 3883 4004 sunt

2273 4017 2493 4074 nomine
2549 4019 2856 4089 Christiani,
2910 4024 3031 4081 aliae
3084 4027 3268 4098 gladio
3339 4032 3693 4101 trucidantur,
3754 4035 3879 4093 aliae

2273 4102 2415 4162 fame
2462 4117 2713 4177 pereunt,
2760 4111 2879 4167 aliae
2919 4129 3051 4169 vero
3078 4115 3134 4170 in
3164 4117 3403 4187 praedam
3432 4128 3485 4176 et
3513 4122 3881 4193 captivitatem

2275 4193 2560 4250 ducuntur.
2613 4197 2724 4253 Sed
2770 4207 2824 4254 et
2865 4209 3115 4271 pastores
3157 4220 3366 4274 earum,
3414 4211 3706 4267 reverendi
3754 4213 3879 4285 epi-

2274 4282 2425 4353 scopi
2477 4283 2814 4357 profugiunt,
2880 4297 2935 4344 et
2982 4291 3110 4362 vagi
3161 4293 3268 4350 huc
3323 4295 3557 4369 illucque
3626 4282 3879 4371 palantes

2199 4357 2418 4425 Domni
2446 4372 2666 4441 penitus
2712 4383 2955 4445 egestate
3001 4357 3307 4438 tabescunt.
3353 4357 3591 4442 Redacta
3620 4357 3704 4443 est
3732 4357 3880 4445 terra

2277 4457 2335 4512 in
2363 4458 2731 4532 solitudinem,
2763 4471 2817 4518 et
2841 4464 3040 4523 ablatis
3068 4468 3136 4522 ab
3165 4469 3260 4526 illa
3276 4471 3604 4545 hominibus,
3637 4475 3877 4535 ferarum

2277 4545 2446 4601 saltus
2490 4546 2679 4604 eﬂ'ecta
2726 4559 2808 4605 est
2843 4571 2857 4619 ;
2906 4554 3169 4626 civitates,
3217 4567 3392 4615 castra
3440 4570 3493 4617 et
3538 4562 3680 4621 villae
3739 4568 3878 4622 sub-

2276 4648 2470 4703 versae,
2502 4651 2605 4693 nec
2634 4637 2727 4692 ubi
2755 4655 2939 4695 earum
2965 4641 3167 4699 fuerint
3196 4647 3446 4718 mdiﬁcia,
3476 4649 3730 4708 innuunt.
3766 4655 3879 4711 Sed

2276 4728 2329 4775 et
2355 4724 2684 4780 venerabilia
2711 4726 2831 4784 loca
2859 4729 3221 4803 destruentes,
3271 4735 3462 4792 altaria
3508 4739 3729 4797 Domini
3757 4742 3877 4799 suf-

2274 4807 2549 4878 foderunt,
2581 4813 2860 4872 ministros
2889 4826 2942 4874 et
2963 4835 3151 4878 servos
3181 4824 3297 4893 ejus
3325 4826 3664 4885 occiderunt.
3698 4832 3877 4888 Facti-

2275 4911 2483 4965 sumus,
2533 4902 2830 4959 secundum
2873 4906 3234 4981 Psalmistam,
3267 4911 3323 4966 in
3353 4913 3597 4972 derisum
3651 4926 3706 4974 et
3735 4936 3875 4976 con-
3894 4902 3911 4919 ’

2274 4991 2538 5080 templ-um
2558 4987 2642 5043 his
2659 4991 2751 5061 qui
2779 4992 2837 5047 in
2857 4994 3083 5052 circuitu
3109 5007 3299 5056 nostro
3319 5010 3445 5057 sunt
3477 5006 3653 5074 (Psal.
3685 5009 3871 5080 nm),

2273 5072 2402 5126 dum
2428 5073 2505 5130 illi
2535 5085 2629 5131 aut
2657 5078 2962 5138 vicinorum
3000 5086 3201 5143 auxilio
3227 5072 3526 5162 potiuntur,
3558 5102 3649 5149 aut
3676 5072 3874 5153 saltem

2271 5168 2453 5253 pacto,
2524 5166 2826 5224 secundum
2885 5174 3224 5246 Apostolum,
3293 5186 3509 5251 tempus
3574 5183 3867 5253 redimunt,

2274 5249 2527 5339 quoniam
2585 5253 2704 5310 dies
2745 5258 2875 5314 mali
2919 5269 3043 5316 sunt
3083 5263 3306 5336 (Ephes.
3364 5249 3468 5339 ιιι).
3521 5249 3868 5328 Seminamus

2271 5336 2623 5434 pedetentim,
2674 5347 2923 5416 quamvis
2950 5348 3009 5405 in
3035 5349 3309 5424 lacrymis,
3341 5336 3443 5412 nec
3472 5359 3868 5434 recolligimus,

2269 5422 2381 5481 imo
2419 5427 2538 5496 jam
2584 5445 2690 5488 nec
2734 5434 3043 5494 seminudi
3070 5422 3299 5499 facultas
3336 5422 3870 5518 suppeditat.vSedet

3894 4553 3935 4589 Ο
