  <div class='ocr_page' id='page_1' title='image "/cluster/home/n/w/nwhite01/storage/ocr_20150623/126/umn.31951002477419r/422.png"; bbox 0 0 4160 6320; ppageno 0'>
   <div class='ocr_carea' id='block_1_1' title="bbox 231 215 346 268">
    <p class='ocr_par' dir='ltr' id='par_1_1' title="bbox 231 215 346 268">
     <span class='ocr_line' id='line_1_1' title="bbox 231 215 346 268; baseline 0 0"><span class='ocrx_word' id='word_1_1' title='bbox 231 215 346 268; x_wconf 83' lang='grc'><strong>’717</strong></span> 
     </span>
    </p>
   </div>
   <div class='ocr_carea' id='block_1_2' title="bbox 1329 205 2220 265">
    <p class='ocr_par' dir='ltr' id='par_1_2' title="bbox 1329 205 2220 265">
     <span class='ocr_line' id='line_1_2' title="bbox 1329 205 2220 265; baseline -0.003 -1"><span class='ocrx_word' id='word_1_2' title='bbox 1329 205 1685 265; x_wconf 70' lang='lat' dir='ltr'>EPISTOLE</span> <span class='ocrx_word' id='word_1_3' title='bbox 1738 207 1829 262; x_wconf 87' lang='lat' dir='ltr'>ET</span> <span class='ocrx_word' id='word_1_4' title='bbox 1877 206 2220 263; x_wconf 84' lang='lat' dir='ltr'>DECRETA.</span> 
     </span>
    </p>
   </div>
   <div class='ocr_carea' id='block_1_3' title="bbox 3425 209 3533 262">
    <p class='ocr_par' dir='ltr' id='par_1_3' title="bbox 3425 209 3533 262">
     <span class='ocr_line' id='line_1_3' title="bbox 3425 209 3533 262; baseline 0.009 -1"><span class='ocrx_word' id='word_1_5' title='bbox 3425 209 3533 262; x_wconf 78' lang='grc'><strong>718</strong></span> 
     </span>
    </p>
   </div>
   <div class='ocr_carea' id='block_1_4' title="bbox 241 321 3528 405">
    <p class='ocr_par' dir='ltr' id='par_1_4' title="bbox 241 321 3528 405">
     <span class='ocr_line' id='line_1_4' title="bbox 241 321 3528 405; baseline -0.001 -14"><span class='ocrx_word' id='word_1_6' title='bbox 241 336 304 392; x_wconf 92' lang='lat' dir='ltr'>in</span> <span class='ocrx_word' id='word_1_7' title='bbox 331 334 549 392; x_wconf 78' lang='lat' dir='ltr'>tristitia</span> <span class='ocrx_word' id='word_1_8' title='bbox 576 333 797 391; x_wconf 83' lang='lat' dir='ltr'>domina</span> <span class='ocrx_word' id='word_1_9' title='bbox 826 333 996 400; x_wconf 87' lang='lat' dir='ltr'>orbis,</span> <span class='ocrx_word' id='word_1_10' title='bbox 1029 321 1205 388; x_wconf 84' lang='lat' dir='ltr'>mater</span> <span class='ocrx_word' id='word_1_11' title='bbox 1231 332 1625 399; x_wconf 90' lang='lat' dir='ltr'>Ecclesiarum,</span> <span class='ocrx_word' id='word_1_12' title='bbox 1667 331 1844 403; x_wconf 89' lang='lat' dir='ltr'>magi-</span> <span class='ocrx_word' id='word_1_13' title='bbox 1869 334 1926 392; x_wconf 86' lang='lat' dir='ltr'><strong>A</strong></span> <span class='ocrx_word' id='word_1_14' title='bbox 1946 331 2288 386; x_wconf 90' lang='lat' dir='ltr'>Walbertum</span> <span class='ocrx_word' id='word_1_15' title='bbox 2318 331 2690 398; x_wconf 90' lang='lat' dir='ltr'>Portuensem,</span> <span class='ocrx_word' id='word_1_16' title='bbox 2750 338 2803 386; x_wconf 92' lang='lat' dir='ltr'>et</span> <span class='ocrx_word' id='word_1_17' title='bbox 2859 331 3165 405; x_wconf 80' lang='lat' dir='ltr'>Eugenium</span> <span class='ocrx_word' id='word_1_18' title='bbox 3221 331 3528 389; x_wconf 85' lang='lat' dir='ltr'>Ostiensem</span> 
     </span>
    </p>
   </div>
   <div class='ocr_carea' id='block_1_5' title="bbox 239 419 1841 497">
    <p class='ocr_par' dir='ltr' id='par_1_5' title="bbox 239 419 1841 497">
     <span class='ocr_line' id='line_1_5' title="bbox 239 419 1841 497; baseline -0.004 -17"><span class='ocrx_word' id='word_1_19' title='bbox 239 433 358 480; x_wconf 91' lang='lat' dir='ltr'>stra</span> <span class='ocrx_word' id='word_1_20' title='bbox 388 424 653 497; x_wconf 89' lang='lat' dir='ltr'>gentium,</span> <span class='ocrx_word' id='word_1_21' title='bbox 713 422 1010 479; x_wconf 88' lang='lat' dir='ltr'>consolatio</span> <span class='ocrx_word' id='word_1_22' title='bbox 1066 421 1320 488; x_wconf 91' lang='lat' dir='ltr'>tristium,</span> <span class='ocrx_word' id='word_1_23' title='bbox 1367 430 1418 476; x_wconf 91' lang='lat' dir='ltr'>et</span> <span class='ocrx_word' id='word_1_24' title='bbox 1468 436 1577 475; x_wconf 92' lang='lat' dir='ltr'>non</span> <span class='ocrx_word' id='word_1_25' title='bbox 1621 428 1700 474; x_wconf 92' lang='lat' dir='ltr'>est</span> <span class='ocrx_word' id='word_1_26' title='bbox 1748 419 1841 490; x_wconf 91' lang='lat' dir='ltr'>qui</span> 
     </span>
    </p>
   </div>
   <div class='ocr_carea' id='block_1_6' title="bbox 242 506 1835 582">
    <p class='ocr_par' dir='ltr' id='par_1_6' title="bbox 242 506 1835 582">
     <span class='ocr_line' id='line_1_6' title="bbox 242 506 1835 582; baseline -0.006 -14"><span class='ocrx_word' id='word_1_27' title='bbox 242 514 484 582; x_wconf 75' lang='lat' dir='ltr'>adjuvet,</span> <span class='ocrx_word' id='word_1_28' title='bbox 510 527 619 566; x_wconf 91' lang='lat' dir='ltr'>non</span> <span class='ocrx_word' id='word_1_29' title='bbox 640 518 722 566; x_wconf 91' lang='lat' dir='ltr'>est</span> <span class='ocrx_word' id='word_1_30' title='bbox 751 510 843 582; x_wconf 88' lang='lat' dir='ltr'>qui</span> <span class='ocrx_word' id='word_1_31' title='bbox 883 509 1194 566; x_wconf 85' lang='lat' dir='ltr'>consoletur</span> <span class='ocrx_word' id='word_1_32' title='bbox 1224 525 1362 577; x_wconf 91' lang='lat' dir='ltr'>eam,</span> <span class='ocrx_word' id='word_1_33' title='bbox 1411 507 1515 562; x_wconf 90' lang='lat' dir='ltr'>nisi</span> <span class='ocrx_word' id='word_1_34' title='bbox 1558 515 1617 562; x_wconf 92' lang='lat' dir='ltr'>tu</span> <span class='ocrx_word' id='word_1_35' title='bbox 1666 506 1835 575; x_wconf 90' lang='lat' dir='ltr'>solus,</span> 
     </span>
    </p>
   </div>
   <div class='ocr_carea' id='block_1_7' title="bbox 241 595 1834 668">
    <p class='ocr_par' dir='ltr' id='par_1_7' title="bbox 241 595 1834 668">
     <span class='ocr_line' id='line_1_7' title="bbox 241 595 1834 668; baseline -0.005 -13"><span class='ocrx_word' id='word_1_36' title='bbox 241 616 277 655; x_wconf 92' lang='grc' dir='ltr'>ο</span> <span class='ocrx_word' id='word_1_37' title='bbox 308 601 451 656; x_wconf 92' lang='lat' dir='ltr'>bone</span> <span class='ocrx_word' id='word_1_38' title='bbox 480 601 647 665; x_wconf 88' lang='lat' dir='ltr'>Deus,</span> <span class='ocrx_word' id='word_1_39' title='bbox 668 606 720 654; x_wconf 90' lang='lat' dir='ltr'>et</span> <span class='ocrx_word' id='word_1_40' title='bbox 744 599 790 653; x_wconf 91' lang='lat' dir='ltr'>si</span> <span class='ocrx_word' id='word_1_41' title='bbox 810 613 918 653; x_wconf 91' lang='lat' dir='ltr'>non</span> <span class='ocrx_word' id='word_1_42' title='bbox 940 613 1000 652; x_wconf 88' lang='lat' dir='ltr'>re</span> <span class='ocrx_word' id='word_1_43' title='bbox 1021 604 1246 668; x_wconf 84' lang='lat' dir='ltr'>propter</span> <span class='ocrx_word' id='word_1_44' title='bbox 1266 595 1578 667; x_wconf 86' lang='lat' dir='ltr'>iniquitates</span> <span class='ocrx_word' id='word_1_45' title='bbox 1600 602 1834 663; x_wconf 86' lang='lat' dir='ltr'>nostras,</span> 
     </span>
    </p>
   </div>
   <div class='ocr_carea' id='block_1_8' title="bbox 241 681 1839 759">
    <p class='ocr_par' dir='ltr' id='par_1_8' title="bbox 241 681 1839 759">
     <span class='ocr_line' id='line_1_8' title="bbox 241 681 1839 759; baseline -0.006 -15"><span class='ocrx_word' id='word_1_46' title='bbox 241 689 344 744; x_wconf 90' lang='lat' dir='ltr'>sed</span> <span class='ocrx_word' id='word_1_47' title='bbox 374 703 648 759; x_wconf 61' lang='lat' dir='ltr'>spe,‘qua</span> <span class='ocrx_word' id='word_1_48' title='bbox 695 685 996 742; x_wconf 90' lang='lat' dir='ltr'>secundum</span> <span class='ocrx_word' id='word_1_49' title='bbox 1037 684 1354 756; x_wconf 80' lang='lat' dir='ltr'>Apostolum</span> <span class='ocrx_word' id='word_1_50' title='bbox 1400 699 1511 738; x_wconf 91' lang='lat' dir='ltr'>non</span> <span class='ocrx_word' id='word_1_51' title='bbox 1557 681 1839 738; x_wconf 85' lang='lat' dir='ltr'>confundit</span> 
     </span>
    </p>
   </div>
   <div class='ocr_carea' id='block_1_9' title="bbox 244 769 1838 846">
    <p class='ocr_par' dir='ltr' id='par_1_9' title="bbox 244 769 1838 846">
     <span class='ocr_line' id='line_1_9' title="bbox 244 769 1838 846; baseline -0.006 -13"><span class='ocrx_word' id='word_1_52' title='bbox 244 778 424 846; x_wconf 86' lang='lat' dir='ltr'>(Rom.</span> <span class='ocrx_word' id='word_1_53' title='bbox 458 776 537 845; x_wconf 89' lang='lat' dir='ltr'>v).</span> <span class='ocrx_word' id='word_1_54' title='bbox 571 775 724 844; x_wconf 81' lang='lat' dir='ltr'>Qua,</span> <span class='ocrx_word' id='word_1_55' title='bbox 782 773 982 830; x_wconf 83' lang='lat' dir='ltr'>fratres</span> <span class='ocrx_word' id='word_1_56' title='bbox 1039 771 1363 835; x_wconf 88' lang='lat' dir='ltr'>charissimi,</span> <span class='ocrx_word' id='word_1_57' title='bbox 1427 770 1622 841; x_wconf 86' lang='lat' dir='ltr'>partim</span> <span class='ocrx_word' id='word_1_58' title='bbox 1684 769 1838 824; x_wconf 85' lang='lat' dir='ltr'>vobis</span> 
     </span>
    </p>
   </div>
   <div class='ocr_carea' id='block_1_10' title="bbox 243 859 1837 936">
    <p class='ocr_par' dir='ltr' id='par_1_10' title="bbox 243 859 1837 936">
     <span class='ocr_line' id='line_1_10' title="bbox 243 859 1837 936; baseline -0.004 -17"><span class='ocrx_word' id='word_1_59' title='bbox 243 863 618 936; x_wconf 88' lang='lat' dir='ltr'>signiﬁcamus</span> <span class='ocrx_word' id='word_1_60' title='bbox 647 863 798 934; x_wconf 88' lang='lat' dir='ltr'>(nam</span> <span class='ocrx_word' id='word_1_61' title='bbox 829 862 874 916; x_wconf 91' lang='lat' dir='ltr'>si</span> <span class='ocrx_word' id='word_1_62' title='bbox 904 878 1002 932; x_wconf 91' lang='lat' dir='ltr'>per</span> <span class='ocrx_word' id='word_1_63' title='bbox 1031 861 1246 932; x_wconf 84' lang='lat' dir='ltr'>singula</span> <span class='ocrx_word' id='word_1_64' title='bbox 1276 859 1518 914; x_wconf 90' lang='lat' dir='ltr'>scribere</span> <span class='ocrx_word' id='word_1_65' title='bbox 1567 865 1837 913; x_wconf 89' lang='lat' dir='ltr'>tentasse-</span> 
     </span>
    </p>
   </div>
   <div class='ocr_carea' id='block_1_11' title="bbox 240 944 1840 1019">
    <p class='ocr_par' dir='ltr' id='par_1_11' title="bbox 240 944 1840 1019">
     <span class='ocr_line' id='line_1_11' title="bbox 240 944 1840 1019; baseline -0.006 -12"><span class='ocrx_word' id='word_1_66' title='bbox 240 969 389 1019; x_wconf 90' lang='lat' dir='ltr'>mus,</span> <span class='ocrx_word' id='word_1_67' title='bbox 422 951 631 1007; x_wconf 88' lang='lat' dir='ltr'>facilius</span> <span class='ocrx_word' id='word_1_68' title='bbox 660 949 817 1005; x_wconf 93' lang='lat' dir='ltr'>nobis</span> <span class='ocrx_word' id='word_1_69' title='bbox 845 951 1035 1005; x_wconf 86' lang='lat' dir='ltr'>charta</span> <span class='ocrx_word' id='word_1_70' title='bbox 1064 963 1229 1019; x_wconf 89' lang='lat' dir='ltr'>quam</span> <span class='ocrx_word' id='word_1_71' title='bbox 1259 962 1440 1002; x_wconf 89' lang='lat' dir='ltr'>sermo</span> <span class='ocrx_word' id='word_1_72' title='bbox 1469 944 1748 1015; x_wconf 90' lang='lat' dir='ltr'>deﬁceret)</span> <span class='ocrx_word' id='word_1_73' title='bbox 1782 952 1840 998; x_wconf 91' lang='lat' dir='ltr'>ut</span> 
     </span>
    </p>
   </div>
   <div class='ocr_carea' id='block_1_12' title="bbox 243 1032 1841 1109">
    <p class='ocr_par' dir='ltr' id='par_1_12' title="bbox 243 1032 1841 1109">
     <span class='ocr_line' id='line_1_12' title="bbox 243 1032 1841 1109; baseline -0.006 -14"><span class='ocrx_word' id='word_1_74' title='bbox 243 1041 386 1097; x_wconf 90' lang='lat' dir='ltr'>sicut</span> <span class='ocrx_word' id='word_1_75' title='bbox 416 1055 582 1095; x_wconf 90' lang='lat' dir='ltr'>unum</span> <span class='ocrx_word' id='word_1_76' title='bbox 609 1054 806 1109; x_wconf 90' lang='lat' dir='ltr'>corpus</span> <span class='ocrx_word' id='word_1_77' title='bbox 833 1053 1019 1092; x_wconf 91' lang='lat' dir='ltr'>sumus</span> <span class='ocrx_word' id='word_1_78' title='bbox 1049 1037 1103 1090; x_wconf 93' lang='lat' dir='ltr'>in</span> <span class='ocrx_word' id='word_1_79' title='bbox 1135 1035 1310 1107; x_wconf 91' lang='lat' dir='ltr'>capite</span> <span class='ocrx_word' id='word_1_80' title='bbox 1339 1034 1571 1102; x_wconf 86' lang='lat' dir='ltr'>Christo,</span> <span class='ocrx_word' id='word_1_81' title='bbox 1606 1041 1658 1088; x_wconf 91' lang='lat' dir='ltr'>et</span> <span class='ocrx_word' id='word_1_82' title='bbox 1703 1032 1841 1087; x_wconf 87' lang='lat' dir='ltr'>alter</span> 
     </span>
    </p>
   </div>
   <div class='ocr_carea' id='block_1_13' title="bbox 244 1120 1840 1194">
    <p class='ocr_par' dir='ltr' id='par_1_13' title="bbox 244 1120 1840 1194">
     <span class='ocr_line' id='line_1_13' title="bbox 244 1120 1840 1194; baseline -0.006 -11"><span class='ocrx_word' id='word_1_83' title='bbox 244 1127 470 1183; x_wconf 87' lang='lat' dir='ltr'>alterius</span> <span class='ocrx_word' id='word_1_84' title='bbox 500 1127 762 1192; x_wconf 89' lang='lat' dir='ltr'>membra,</span> <span class='ocrx_word' id='word_1_85' title='bbox 811 1125 884 1180; x_wconf 89' lang='lat' dir='ltr'>ita</span> <span class='ocrx_word' id='word_1_86' title='bbox 924 1124 1208 1179; x_wconf 89' lang='lat' dir='ltr'>nobiscum</span> <span class='ocrx_word' id='word_1_87' title='bbox 1255 1122 1460 1194; x_wconf 88' lang='lat' dir='ltr'>pariter</span> <span class='ocrx_word' id='word_1_88' title='bbox 1506 1120 1840 1178; x_wconf 88' lang='lat' dir='ltr'>condoleatis</span> 
     </span>
    </p>
   </div>
   <div class='ocr_carea' id='block_1_14' title="bbox 246 1211 1840 1286">
    <p class='ocr_par' dir='ltr' id='par_1_14' title="bbox 246 1211 1840 1286">
     <span class='ocr_line' id='line_1_14' title="bbox 246 1211 1840 1286; baseline -0.006 -14"><span class='ocrx_word' id='word_1_89' title='bbox 246 1225 303 1272; x_wconf 88' lang='lat' dir='ltr'>et</span> <span class='ocrx_word' id='word_1_90' title='bbox 331 1214 736 1286; x_wconf 88' lang='lat' dir='ltr'>compatiamini</span> <span class='ocrx_word' id='word_1_91' title='bbox 768 1230 781 1269; x_wconf 92' lang='lat'><strong>:</strong></span> <span class='ocrx_word' id='word_1_92' title='bbox 807 1213 930 1284; x_wconf 91' lang='lat' dir='ltr'>quia</span> <span class='ocrx_word' id='word_1_93' title='bbox 952 1213 1002 1268; x_wconf 77' lang='lat' dir='ltr'>si</span> <span class='ocrx_word' id='word_1_94' title='bbox 1033 1212 1165 1284; x_wconf 88' lang='lat' dir='ltr'>quid</span> <span class='ocrx_word' id='word_1_95' title='bbox 1194 1229 1376 1268; x_wconf 82' lang='lat' dir='ltr'>unum</span> <span class='ocrx_word' id='word_1_96' title='bbox 1411 1211 1634 1282; x_wconf 83' lang='lat' dir='ltr'>patitur</span> <span class='ocrx_word' id='word_1_97' title='bbox 1664 1224 1840 1264; x_wconf 87' lang='lat' dir='ltr'>mem—</span> 
     </span>
    </p>
   </div>
   <div class='ocr_carea' id='block_1_15' title="bbox 247 1297 1840 1374">
    <p class='ocr_par' dir='ltr' id='par_1_15' title="bbox 247 1297 1840 1374">
     <span class='ocr_line' id='line_1_15' title="bbox 247 1297 1840 1374; baseline -0.006 -13"><span class='ocrx_word' id='word_1_98' title='bbox 247 1305 434 1370; x_wconf 86' lang='lat' dir='ltr'>brum,</span> <span class='ocrx_word' id='word_1_99' title='bbox 469 1311 527 1358; x_wconf 91' lang='lat' dir='ltr'>ut</span> <span class='ocrx_word' id='word_1_100' title='bbox 555 1303 749 1358; x_wconf 90' lang='lat' dir='ltr'>doctor</span> <span class='ocrx_word' id='word_1_101' title='bbox 794 1301 1039 1374; x_wconf 89' lang='lat' dir='ltr'>gentium</span> <span class='ocrx_word' id='word_1_102' title='bbox 1070 1301 1160 1368; x_wconf 88' lang='lat' dir='ltr'>ait,</span> <span class='ocrx_word' id='word_1_103' title='bbox 1195 1301 1622 1371; x_wconf 77' lang='lat' dir='ltr'>compatiuntur</span> <span class='ocrx_word' id='word_1_104' title='bbox 1647 1297 1840 1354; x_wconf 90' lang='lat' dir='ltr'>omnia</span> 
     </span>
    </p>
   </div>
   <div class='ocr_carea' id='block_1_16' title="bbox 246 1391 1839 1463">
    <p class='ocr_par' dir='ltr' id='par_1_16' title="bbox 246 1391 1839 1463">
     <span class='ocr_line' id='line_1_16' title="bbox 246 1391 1839 1463; baseline -0.006 -14"><span class='ocrx_word' id='word_1_105' title='bbox 246 1393 502 1449; x_wconf 85' lang='lat' dir='ltr'>membra</span> <span class='ocrx_word' id='word_1_106' title='bbox 531 1391 583 1463; x_wconf 88' lang='grc' dir='ltr'>(Ι</span> <span class='ocrx_word' id='word_1_107' title='bbox 597 1392 716 1447; x_wconf 85' lang='lat' dir='ltr'>Cor.</span> <span class='ocrx_word' id='word_1_108' title='bbox 736 1391 842 1461; x_wconf 80' lang='lat' dir='ltr'>xu)</span> <span class='ocrx_word' id='word_1_109' title='bbox 866 1408 881 1456; x_wconf 86' lang='lat'><strong>;</strong></span> <span class='ocrx_word' id='word_1_110' title='bbox 901 1391 1023 1445; x_wconf 81' lang='lat' dir='ltr'>etsi</span> <span class='ocrx_word' id='word_1_111' title='bbox 1041 1391 1438 1460; x_wconf 85' lang='lat' dir='ltr'>compatimur,</span> <span class='ocrx_word' id='word_1_112' title='bbox 1461 1391 1515 1441; x_wconf 91' lang='lat' dir='ltr'>et</span> <span class='ocrx_word' id='word_1_113' title='bbox 1532 1401 1839 1456; x_wconf 87' lang='lat' dir='ltr'>conregna—</span> 
     </span>
    </p>
   </div>
   <div class='ocr_carea' id='block_1_17' title="bbox 246 1473 1842 1550">
    <p class='ocr_par' dir='ltr' id='par_1_17' title="bbox 246 1473 1842 1550">
     <span class='ocr_line' id='line_1_17' title="bbox 246 1473 1842 1550; baseline -0.007 -13"><span class='ocrx_word' id='word_1_114' title='bbox 246 1483 431 1538; x_wconf 73' lang='lat' dir='ltr'>bimus</span> <span class='ocrx_word' id='word_1_115' title='bbox 459 1481 537 1550; x_wconf 88' lang='lat' dir='ltr'>(II</span> <span class='ocrx_word' id='word_1_116' title='bbox 583 1481 722 1535; x_wconf 87' lang='lat' dir='ltr'>Tim.</span> <span class='ocrx_word' id='word_1_117' title='bbox 781 1478 864 1548; x_wconf 91' lang='grc' dir='ltr'>ιι).</span> <span class='ocrx_word' id='word_1_118' title='bbox 923 1476 1286 1532; x_wconf 85' lang='lat' dir='ltr'>Condolentes</span> <span class='ocrx_word' id='word_1_119' title='bbox 1345 1483 1525 1530; x_wconf 89' lang='lat' dir='ltr'>autem</span> <span class='ocrx_word' id='word_1_120' title='bbox 1583 1473 1741 1528; x_wconf 89' lang='lat' dir='ltr'>nobis</span> <span class='ocrx_word' id='word_1_121' title='bbox 1789 1479 1842 1527; x_wconf 93' lang='lat' dir='ltr'>et</span> 
     </span>
    </p>
   </div>
   <div class='ocr_carea' id='block_1_18' title="bbox 245 1555 1842 1634">
    <p class='ocr_par' dir='ltr' id='par_1_18' title="bbox 245 1555 1842 1634">
     <span class='ocr_line' id='line_1_18' title="bbox 245 1555 1842 1634; baseline -0.008 -13"><span class='ocrx_word' id='word_1_122' title='bbox 245 1563 654 1634; x_wconf 89' lang='lat' dir='ltr'>compatientes,</span> <span class='ocrx_word' id='word_1_123' title='bbox 688 1561 960 1617; x_wconf 90' lang='lat' dir='ltr'>accedatis</span> <span class='ocrx_word' id='word_1_124' title='bbox 1004 1561 1073 1614; x_wconf 93' lang='lat' dir='ltr'>ad</span> <span class='ocrx_word' id='word_1_125' title='bbox 1105 1558 1620 1614; x_wconf 89' lang='lat' dir='ltr'>Christianissimum</span> <span class='ocrx_word' id='word_1_126' title='bbox 1675 1555 1842 1610; x_wconf 91' lang='lat' dir='ltr'>ﬁlium</span> 
     </span>
    </p>
   </div>
   <div class='ocr_carea' id='block_1_19' title="bbox 1939 418 3527 489">
    <p class='ocr_par' dir='ltr' id='par_1_19' title="bbox 1939 418 3527 489">
     <span class='ocr_line' id='line_1_19' title="bbox 1939 418 3527 489; baseline 0.003 -16"><span class='ocrx_word' id='word_1_127' title='bbox 1939 419 2313 474; x_wconf 88' lang='lat' dir='ltr'>sanctissimos</span> <span class='ocrx_word' id='word_1_128' title='bbox 2344 418 2653 489; x_wconf 90' lang='lat' dir='ltr'>episcopos,</span> <span class='ocrx_word' id='word_1_129' title='bbox 2689 419 2918 476; x_wconf 89' lang='lat' dir='ltr'>dilectos</span> <span class='ocrx_word' id='word_1_130' title='bbox 2964 429 3016 475; x_wconf 89' lang='lat' dir='ltr'>et</span> <span class='ocrx_word' id='word_1_131' title='bbox 3064 421 3398 477; x_wconf 86' lang='lat' dir='ltr'>consiliarios</span> <span class='ocrx_word' id='word_1_132' title='bbox 3429 437 3527 477; x_wconf 91' lang='lat' dir='ltr'>no-</span> 
     </span>
    </p>
   </div>
   <div class='ocr_carea' id='block_1_20' title="bbox 1941 507 3530 578">
    <p class='ocr_par' dir='ltr' id='par_1_20' title="bbox 1941 507 3530 578">
     <span class='ocr_line' id='line_1_20' title="bbox 1941 507 3530 578; baseline 0.003 -18"><span class='ocrx_word' id='word_1_133' title='bbox 1941 515 2103 574; x_wconf 91' lang='lat' dir='ltr'>stros,</span> <span class='ocrx_word' id='word_1_134' title='bbox 2153 516 2211 562; x_wconf 93' lang='lat' dir='ltr'>ut</span> <span class='ocrx_word' id='word_1_135' title='bbox 2270 508 2383 563; x_wconf 89' lang='lat' dir='ltr'>sive</span> <span class='ocrx_word' id='word_1_136' title='bbox 2441 523 2566 562; x_wconf 90' lang='lat' dir='ltr'>cum</span> <span class='ocrx_word' id='word_1_137' title='bbox 2610 507 2871 578; x_wconf 88' lang='lat' dir='ltr'>magistro</span> <span class='ocrx_word' id='word_1_138' title='bbox 2925 508 3174 575; x_wconf 87' lang='lat' dir='ltr'>militum,</span> <span class='ocrx_word' id='word_1_139' title='bbox 3234 510 3347 565; x_wconf 89' lang='lat' dir='ltr'>sive</span> <span class='ocrx_word' id='word_1_140' title='bbox 3405 526 3530 565; x_wconf 91' lang='lat' dir='ltr'>cum</span> 
     </span>
    </p>
   </div>
   <div class='ocr_carea' id='block_1_21' title="bbox 1938 595 3528 668">
    <p class='ocr_par' dir='ltr' id='par_1_21' title="bbox 1938 595 3528 668">
     <span class='ocr_line' id='line_1_21' title="bbox 1938 595 3528 668; baseline 0.001 -18"><span class='ocrx_word' id='word_1_141' title='bbox 1938 595 2122 650; x_wconf 90' lang='lat' dir='ltr'>missis</span> <span class='ocrx_word' id='word_1_142' title='bbox 2151 597 2267 664; x_wconf 90' lang='lat' dir='ltr'>ejus</span> <span class='ocrx_word' id='word_1_143' title='bbox 2295 596 2599 668; x_wconf 90' lang='lat' dir='ltr'>loquentes,</span> <span class='ocrx_word' id='word_1_144' title='bbox 2632 604 2850 666; x_wconf 90' lang='lat' dir='ltr'>pactum</span> <span class='ocrx_word' id='word_1_145' title='bbox 2872 596 3024 661; x_wconf 88' lang='lat' dir='ltr'>illud,</span> <span class='ocrx_word' id='word_1_146' title='bbox 3049 598 3192 668; x_wconf 92' lang='lat' dir='ltr'>quod</span> <span class='ocrx_word' id='word_1_147' title='bbox 3211 598 3528 668; x_wconf 90' lang='lat' dir='ltr'>perditionis</span> 
     </span>
    </p>
   </div>
   <div class='ocr_carea' id='block_1_22' title="bbox 1940 684 3529 754">
    <p class='ocr_par' dir='ltr' id='par_1_22' title="bbox 1940 684 3529 754">
     <span class='ocr_line' id='line_1_22' title="bbox 1940 684 3529 754; baseline 0.001 -16"><span class='ocrx_word' id='word_1_148' title='bbox 1940 691 2020 738; x_wconf 89' lang='lat' dir='ltr'>est</span> <span class='ocrx_word' id='word_1_149' title='bbox 2057 701 2240 750; x_wconf 89' lang='lat' dir='ltr'>causa,</span> <span class='ocrx_word' id='word_1_150' title='bbox 2299 684 2524 739; x_wconf 87' lang='lat' dir='ltr'>dissolvi</span> <span class='ocrx_word' id='word_1_151' title='bbox 2579 700 2676 754; x_wconf 92' lang='lat' dir='ltr'>per</span> <span class='ocrx_word' id='word_1_152' title='bbox 2727 684 2907 738; x_wconf 88' lang='lat' dir='ltr'>omnia</span> <span class='ocrx_word' id='word_1_153' title='bbox 2961 685 3271 753; x_wconf 87' lang='lat' dir='ltr'>suaderent,</span> <span class='ocrx_word' id='word_1_154' title='bbox 3330 685 3384 739; x_wconf 94' lang='lat' dir='ltr'>in</span> <span class='ocrx_word' id='word_1_155' title='bbox 3423 694 3529 740; x_wconf 72' lang='lat' dir='ltr'>tua</span> 
     </span>
    </p>
   </div>
   <div class='ocr_carea' id='block_1_23' title="bbox 1940 771 3528 842">
    <p class='ocr_par' dir='ltr' id='par_1_23' title="bbox 1940 771 3528 842">
     <span class='ocr_line' id='line_1_23' title="bbox 1940 771 3528 842; baseline 0.001 -16"><span class='ocrx_word' id='word_1_156' title='bbox 1940 773 2187 827; x_wconf 85' lang='lat' dir='ltr'>maxima</span> <span class='ocrx_word' id='word_1_157' title='bbox 2233 771 2508 842; x_wconf 82' lang='lat' dir='ltr'>sapientia</span> <span class='ocrx_word' id='word_1_158' title='bbox 2557 772 2679 826; x_wconf 92' lang='lat' dir='ltr'>illos</span> <span class='ocrx_word' id='word_1_159' title='bbox 2727 771 2927 827; x_wconf 89' lang='lat' dir='ltr'>ﬁducia</span> <span class='ocrx_word' id='word_1_160' title='bbox 2973 773 3323 828; x_wconf 89' lang='lat' dir='ltr'>destinantes.</span> <span class='ocrx_word' id='word_1_161' title='bbox 3375 773 3528 842; x_wconf 86' lang='lat' dir='ltr'>Qua-</span> 
     </span>
    </p>
   </div>
   <div class='ocr_carea' id='block_1_24' title="bbox 1939 859 3531 930">
    <p class='ocr_par' dir='ltr' id='par_1_24' title="bbox 1939 859 3531 930">
     <span class='ocr_line' id='line_1_24' title="bbox 1939 859 3531 930; baseline 0.001 -16"><span class='ocrx_word' id='word_1_162' title='bbox 1939 869 2162 930; x_wconf 91' lang='lat' dir='ltr'>propter</span> <span class='ocrx_word' id='word_1_163' title='bbox 2193 860 2471 915; x_wconf 86' lang='lat' dir='ltr'>hortamur</span> <span class='ocrx_word' id='word_1_164' title='bbox 2496 867 2550 914; x_wconf 92' lang='lat' dir='ltr'>ut</span> <span class='ocrx_word' id='word_1_165' title='bbox 2580 859 2801 914; x_wconf 91' lang='lat' dir='ltr'>solertia</span> <span class='ocrx_word' id='word_1_166' title='bbox 2833 868 2923 913; x_wconf 90' lang='lat' dir='ltr'>tua</span> <span class='ocrx_word' id='word_1_167' title='bbox 2952 867 3102 914; x_wconf 90' lang='lat' dir='ltr'>tanto</span> <span class='ocrx_word' id='word_1_168' title='bbox 3128 859 3184 913; x_wconf 92' lang='lat' dir='ltr'>in</span> <span class='ocrx_word' id='word_1_169' title='bbox 3225 862 3329 916; x_wconf 91' lang='lat' dir='ltr'>hoc</span> <span class='ocrx_word' id='word_1_170' title='bbox 3373 861 3531 915; x_wconf 91' lang='lat' dir='ltr'>labo-</span> 
     </span>
    </p>
   </div>
   <div class='ocr_carea' id='block_1_25' title="bbox 1940 947 3533 1019">
    <p class='ocr_par' dir='ltr' id='par_1_25' title="bbox 1940 947 3533 1019">
     <span class='ocr_line' id='line_1_25' title="bbox 1940 947 3533 1019; baseline 0.001 -19"><span class='ocrx_word' id='word_1_171' title='bbox 1940 955 2022 1001; x_wconf 92' lang='lat' dir='ltr'>ret</span> <span class='ocrx_word' id='word_1_172' title='bbox 2054 956 2253 1018; x_wconf 91' lang='lat' dir='ltr'>quanto</span> <span class='ocrx_word' id='word_1_173' title='bbox 2283 963 2390 1002; x_wconf 92' lang='lat' dir='ltr'>non</span> <span class='ocrx_word' id='word_1_174' title='bbox 2421 947 2597 1001; x_wconf 87' lang='lat' dir='ltr'>solum</span> <span class='ocrx_word' id='word_1_175' title='bbox 2627 963 2661 1001; x_wconf 90' lang='lat' dir='ltr'>a</span> <span class='ocrx_word' id='word_1_176' title='bbox 2698 947 2882 1001; x_wconf 40' lang='lat' dir='ltr'>nobis.</span> <span class='ocrx_word' id='word_1_177' title='bbox 2912 947 3203 1019; x_wconf 87' lang='lat' dir='ltr'>codignam</span> <span class='ocrx_word' id='word_1_178' title='bbox 3259 948 3533 1002; x_wconf 89' lang='lat' dir='ltr'>vicissitu-</span> 
     </span>
    </p>
   </div>
   <div class='ocr_carea' id='block_1_26' title="bbox 1941 1035 3534 1106">
    <p class='ocr_par' dir='ltr' id='par_1_26' title="bbox 1941 1035 3534 1106">
     <span class='ocr_line' id='line_1_26' title="bbox 1941 1035 3534 1106; baseline 0.003 -18"><span class='ocrx_word' id='word_1_179' title='bbox 1941 1035 2143 1102; x_wconf 90' lang='lat' dir='ltr'>dinem,</span> <span class='ocrx_word' id='word_1_180' title='bbox 2180 1036 2276 1090; x_wconf 91' lang='lat' dir='ltr'>sed</span> <span class='ocrx_word' id='word_1_181' title='bbox 2305 1043 2358 1090; x_wconf 88' lang='lat' dir='ltr'>et</span> <span class='ocrx_word' id='word_1_182' title='bbox 2375 1036 2442 1089; x_wconf 91' lang='lat' dir='ltr'>ab</span> <span class='ocrx_word' id='word_1_183' title='bbox 2465 1036 2583 1106; x_wconf 91' lang='lat' dir='ltr'>ipso</span> <span class='ocrx_word' id='word_1_184' title='bbox 2605 1036 2720 1090; x_wconf 91' lang='lat' dir='ltr'>Deo</span> <span class='ocrx_word' id='word_1_185' title='bbox 2739 1043 2789 1089; x_wconf 87' lang='lat' dir='ltr'>et</span> <span class='ocrx_word' id='word_1_186' title='bbox 2810 1035 3042 1090; x_wconf 90' lang='lat' dir='ltr'>Domino</span> <span class='ocrx_word' id='word_1_187' title='bbox 3061 1044 3250 1090; x_wconf 85' lang='lat' dir='ltr'>nostro</span> <span class='ocrx_word' id='word_1_188' title='bbox 3271 1051 3534 1092; x_wconf 88' lang='lat' dir='ltr'>coronam</span> 
     </span>
    </p>
   </div>
   <div class='ocr_carea' id='block_1_27' title="bbox 1942 1123 3529 1193">
    <p class='ocr_par' dir='ltr' id='par_1_27' title="bbox 1942 1123 3529 1193">
     <span class='ocr_line' id='line_1_27' title="bbox 1942 1123 3529 1193; baseline 0.001 -15"><span class='ocrx_word' id='word_1_189' title='bbox 1942 1140 2002 1178; x_wconf 87' lang='lat' dir='ltr'>se</span> <span class='ocrx_word' id='word_1_190' title='bbox 2034 1132 2412 1193; x_wconf 90' lang='lat' dir='ltr'>percepturam</span> <span class='ocrx_word' id='word_1_191' title='bbox 2443 1123 2496 1176; x_wconf 92' lang='lat' dir='ltr'>in</span> <span class='ocrx_word' id='word_1_192' title='bbox 2528 1123 2840 1178; x_wconf 84' lang='lat' dir='ltr'>coelestibus</span> <span class='ocrx_word' id='word_1_193' title='bbox 2867 1138 2978 1178; x_wconf 93' lang='lat' dir='ltr'>non</span> <span class='ocrx_word' id='word_1_194' title='bbox 3007 1123 3205 1193; x_wconf 90' lang='lat' dir='ltr'>poterit</span> <span class='ocrx_word' id='word_1_195' title='bbox 3259 1123 3529 1179; x_wconf 88' lang='lat' dir='ltr'>dubitare.</span> 
     </span>
    </p>
   </div>
   <div class='ocr_carea' id='block_1_28' title="bbox 1943 1211 3540 1283">
    <p class='ocr_par' dir='ltr' id='par_1_28' title="bbox 1943 1211 3540 1283">
     <span class='ocr_line' id='line_1_28' title="bbox 1943 1211 3540 1283; baseline 0.002 -18"><span class='ocrx_word' id='word_1_196' title='bbox 1943 1211 2315 1266; x_wconf 89' lang='lat' dir='ltr'>Admonemus</span> <span class='ocrx_word' id='word_1_197' title='bbox 2347 1211 2544 1282; x_wconf 86' lang='lat' dir='ltr'>itaque,</span> <span class='ocrx_word' id='word_1_198' title='bbox 2576 1213 2732 1266; x_wconf 82' lang='lat' dir='ltr'>insta</span> <span class='ocrx_word' id='word_1_199' title='bbox 2762 1212 3430 1283; x_wconf 84' lang='lat' dir='ltr'>opp_ortune,importune</span> <span class='ocrx_word' id='word_1_200' title='bbox 3461 1213 3540 1282; x_wconf 86' lang='lat' dir='ltr'>(II</span> 
     </span>
    </p>
   </div>
   <div class='ocr_carea' id='block_1_29' title="bbox 1948 1297 3627 1370">
    <p class='ocr_par' dir='ltr' id='par_1_29' title="bbox 1948 1297 3627 1370">
     <span class='ocr_line' id='line_1_29' title="bbox 1948 1297 3627 1370; baseline 0.001 -16"><span class='ocrx_word' id='word_1_201' title='bbox 1948 1301 2086 1355; x_wconf 83' lang='lat' dir='ltr'>Tim.</span> <span class='ocrx_word' id='word_1_202' title='bbox 2115 1299 2215 1370; x_wconf 79' lang='grc' dir='ltr'>ιγ),</span> <span class='ocrx_word' id='word_1_203' title='bbox 2248 1307 2302 1354; x_wconf 81' lang='grc' dir='ltr'>ιιι</span> <span class='ocrx_word' id='word_1_204' title='bbox 2334 1307 2445 1354; x_wconf 88' lang='lat' dir='ltr'>tam</span> <span class='ocrx_word' id='word_1_205' title='bbox 2475 1298 2640 1368; x_wconf 89' lang='lat' dir='ltr'>impio</span> <span class='ocrx_word' id='word_1_206' title='bbox 2669 1298 2900 1353; x_wconf 92' lang='lat' dir='ltr'>discisso</span> <span class='ocrx_word' id='word_1_207' title='bbox 2961 1297 3189 1364; x_wconf 86' lang='lat' dir='ltr'>foedere,</span> <span class='ocrx_word' id='word_1_208' title='bbox 3252 1315 3355 1369; x_wconf 89' lang='lat' dir='ltr'>pax</span> <span class='ocrx_word' id='word_1_209' title='bbox 3410 1298 3531 1365; x_wconf 89' lang='lat' dir='ltr'>Dei,</span> <span class='ocrx_word' id='word_1_210' title='bbox 3622 1351 3627 1356; x_wconf 82' lang='lat'>.</span> 
     </span>
    </p>
   </div>
   <div class='ocr_carea' id='block_1_30' title="bbox 1943 1386 3534 1458">
    <p class='ocr_par' dir='ltr' id='par_1_30' title="bbox 1943 1386 3534 1458">
     <span class='ocr_line' id='line_1_30' title="bbox 1943 1386 3534 1458; baseline -0.002 -15"><span class='ocrx_word' id='word_1_211' title='bbox 1943 1404 2064 1458; x_wconf 88' lang='lat' dir='ltr'>qua</span> <span class='ocrx_word' id='word_1_212' title='bbox 2093 1395 2380 1457; x_wconf 86' lang='lat' dir='ltr'>exsuperat</span> <span class='ocrx_word' id='word_1_213' title='bbox 2408 1402 2624 1440; x_wconf 91' lang='lat' dir='ltr'>omnem</span> <span class='ocrx_word' id='word_1_214' title='bbox 2656 1403 2874 1441; x_wconf 90' lang='lat' dir='ltr'>sensum</span> <span class='ocrx_word' id='word_1_215' title='bbox 2920 1386 3152 1457; x_wconf 79' lang='lat' dir='ltr'>(Philip,</span> <span class='ocrx_word' id='word_1_216' title='bbox 3215 1387 3316 1456; x_wconf 81' lang='grc' dir='ltr'>ιν),</span> <span class='ocrx_word' id='word_1_217' title='bbox 3374 1387 3534 1442; x_wconf 91' lang='lat' dir='ltr'>nobis</span> 
     </span>
    </p>
   </div>
   <div class='ocr_carea' id='block_1_31' title="bbox 1943 1473 3535 1544">
    <p class='ocr_par' dir='ltr' id='par_1_31' title="bbox 1943 1473 3535 1544">
     <span class='ocr_line' id='line_1_31' title="bbox 1943 1473 3535 1544; baseline 0.001 -16"><span class='ocrx_word' id='word_1_218' title='bbox 1943 1475 2163 1530; x_wconf 86' lang='lat' dir='ltr'>tandem</span> <span class='ocrx_word' id='word_1_219' title='bbox 2191 1474 2400 1529; x_wconf 81' lang='lat' dir='ltr'>caelitus</span> <span class='ocrx_word' id='word_1_220' title='bbox 2430 1473 2760 1528; x_wconf 88' lang='lat' dir='ltr'>restituatur.</span> <span class='ocrx_word' id='word_1_221' title='bbox 2793 1474 2848 1528; x_wconf 92' lang='lat' dir='ltr'>Si</span> <span class='ocrx_word' id='word_1_222' title='bbox 2895 1489 2999 1544; x_wconf 90' lang='lat' dir='ltr'>qua</span> <span class='ocrx_word' id='word_1_223' title='bbox 3030 1489 3163 1528; x_wconf 88' lang='lat' dir='ltr'>vero</span> <span class='ocrx_word' id='word_1_224' title='bbox 3217 1474 3360 1528; x_wconf 90' lang='lat' dir='ltr'>inter</span> <span class='ocrx_word' id='word_1_225' title='bbox 3416 1474 3535 1530; x_wconf 79' lang='lat' dir='ltr'>hac</span> 
     </span>
    </p>
   </div>
   <div class='ocr_carea' id='block_1_32' title="bbox 1944 1561 3534 1635">
    <p class='ocr_par' dir='ltr' id='par_1_32' title="bbox 1944 1561 3534 1635">
     <span class='ocr_line' id='line_1_32' title="bbox 1944 1561 3534 1635; baseline -0.001 -18"><span class='ocrx_word' id='word_1_226' title='bbox 1944 1580 2004 1618; x_wconf 90' lang='lat' dir='ltr'>se</span> <span class='ocrx_word' id='word_1_227' title='bbox 2059 1563 2255 1635; x_wconf 83' lang='lat' dir='ltr'>ingerit</span> <span class='ocrx_word' id='word_1_228' title='bbox 2292 1563 2508 1618; x_wconf 89' lang='lat' dir='ltr'>inimica</span> <span class='ocrx_word' id='word_1_229' title='bbox 2564 1563 2680 1617; x_wconf 87' lang='lat' dir='ltr'>Deo</span> <span class='ocrx_word' id='word_1_230' title='bbox 2733 1561 3028 1627; x_wconf 91' lang='lat' dir='ltr'>contentio,</span> <span class='ocrx_word' id='word_1_231' title='bbox 3085 1569 3189 1617; x_wconf 87' lang='lat' dir='ltr'>tua</span> <span class='ocrx_word' id='word_1_232' title='bbox 3257 1561 3534 1632; x_wconf 90' lang='lat' dir='ltr'>sapientia</span> 
     </span>
    </p>
   </div>
   <div class='ocr_carea' id='block_1_33' title="bbox 245 1644 3535 1734">
    <p class='ocr_par' dir='ltr' id='par_1_33' title="bbox 245 1644 3535 1734">
     <span class='ocr_line' id='line_1_33' title="bbox 245 1644 3535 1734; baseline -0 -27"><span class='ocrx_word' id='word_1_233' title='bbox 245 1661 514 1719; x_wconf 87' lang='lat' dir='ltr'>nostrum,</span> <span class='ocrx_word' id='word_1_234' title='bbox 546 1658 598 1706; x_wconf 85' lang='lat' dir='ltr'>et</span> <span class='ocrx_word' id='word_1_235' title='bbox 627 1649 913 1706; x_wconf 88' lang='lat' dir='ltr'>consilium</span> <span class='ocrx_word' id='word_1_236' title='bbox 942 1647 1159 1703; x_wconf 88' lang='lat' dir='ltr'>Domini</span> <span class='ocrx_word' id='word_1_237' title='bbox 1185 1647 1250 1701; x_wconf 86' lang='lat' dir='ltr'>ab</span> <span class='ocrx_word' id='word_1_238' title='bbox 1282 1663 1346 1702; x_wconf 85' lang='lat' dir='ltr'>eo</span> <span class='ocrx_word' id='word_1_239' title='bbox 1376 1662 1483 1700; x_wconf 85' lang='lat' dir='ltr'>non</span> <span class='ocrx_word' id='word_1_240' title='bbox 1532 1644 1842 1734; x_wconf 54' lang='lat' dir='ltr'>absconda-</span> <span class='ocrx_word' id='word_1_241' title='bbox 1871 1675 1925 1734; x_wconf 83' lang='grc' dir='ltr'>Β</span> <span class='ocrx_word' id='word_1_242' title='bbox 1946 1651 2197 1706; x_wconf 91' lang='lat' dir='ltr'>manibus</span> <span class='ocrx_word' id='word_1_243' title='bbox 2227 1646 2586 1721; x_wconf 67' lang='lat' dir='ltr'>detergatur‘:</span> <span class='ocrx_word' id='word_1_244' title='bbox 2621 1650 2766 1705; x_wconf 90' lang='lat' dir='ltr'>nulla</span> <span class='ocrx_word' id='word_1_245' title='bbox 2821 1649 3087 1717; x_wconf 89' lang='lat' dir='ltr'>simultas,</span> <span class='ocrx_word' id='word_1_246' title='bbox 3145 1649 3297 1705; x_wconf 85' lang='lat' dir='ltr'>nulla</span> <span class='ocrx_word' id='word_1_247' title='bbox 3350 1665 3535 1706; x_wconf 90' lang='lat' dir='ltr'>rerum</span> 
     </span>
    </p>
   </div>
   <div class='ocr_carea' id='block_1_34' title="bbox 247 1732 1845 1811">
    <p class='ocr_par' dir='ltr' id='par_1_34' title="bbox 247 1732 1845 1811">
     <span class='ocr_line' id='line_1_34' title="bbox 247 1732 1845 1811; baseline -0.006 -17"><span class='ocrx_word' id='word_1_248' title='bbox 247 1741 318 1794; x_wconf 91' lang='lat' dir='ltr'>tis</span> <span class='ocrx_word' id='word_1_249' title='bbox 343 1755 357 1809; x_wconf 92' lang='lat'><strong>;</strong></span> <span class='ocrx_word' id='word_1_250' title='bbox 392 1745 751 1811; x_wconf 81' lang='lat' dir='ltr'>suggerentes</span> <span class='ocrx_word' id='word_1_251' title='bbox 781 1745 834 1792; x_wconf 91' lang='lat' dir='ltr'>et</span> <span class='ocrx_word' id='word_1_252' title='bbox 862 1737 1208 1792; x_wconf 84' lang='lat' dir='ltr'>exhortantes</span> <span class='ocrx_word' id='word_1_253' title='bbox 1237 1743 1294 1788; x_wconf 90' lang='lat' dir='ltr'>ut</span> <span class='ocrx_word' id='word_1_254' title='bbox 1313 1733 1616 1805; x_wconf 89' lang='lat' dir='ltr'>perpendat</span> <span class='ocrx_word' id='word_1_255' title='bbox 1647 1732 1768 1802; x_wconf 90' lang='lat' dir='ltr'>quis</span> <span class='ocrx_word' id='word_1_256' title='bbox 1791 1739 1845 1786; x_wconf 87' lang='lat' dir='ltr'>et</span> 
     </span>
    </p>
   </div>
   <div class='ocr_carea' id='block_1_35' title="bbox 248 1818 1845 1900">
    <p class='ocr_par' dir='ltr' id='par_1_35' title="bbox 248 1818 1845 1900">
     <span class='ocr_line' id='line_1_35' title="bbox 248 1818 1845 1900; baseline -0.006 -18"><span class='ocrx_word' id='word_1_257' title='bbox 248 1843 416 1900; x_wconf 90' lang='lat' dir='ltr'>quam</span> <span class='ocrx_word' id='word_1_258' title='bbox 445 1826 704 1882; x_wconf 87' lang='lat' dir='ltr'>terribilis</span> <span class='ocrx_word' id='word_1_259' title='bbox 734 1824 802 1880; x_wconf 91' lang='lat' dir='ltr'>sit</span> <span class='ocrx_word' id='word_1_260' title='bbox 830 1825 938 1890; x_wconf 91' lang='lat' dir='ltr'>ille,</span> <span class='ocrx_word' id='word_1_261' title='bbox 973 1824 1064 1894; x_wconf 92' lang='lat' dir='ltr'>qui</span> <span class='ocrx_word' id='word_1_262' title='bbox 1093 1825 1234 1878; x_wconf 92' lang='lat' dir='ltr'>hunc</span> <span class='ocrx_word' id='word_1_263' title='bbox 1282 1830 1407 1876; x_wconf 89' lang='lat' dir='ltr'>ante</span> <span class='ocrx_word' id='word_1_264' title='bbox 1463 1819 1666 1876; x_wconf 87' lang='lat' dir='ltr'>sacula</span> <span class='ocrx_word' id='word_1_265' title='bbox 1718 1818 1845 1874; x_wconf 91' lang='lat' dir='ltr'>huic</span> 
     </span>
    </p>
   </div>
   <div class='ocr_carea' id='block_1_36' title="bbox 245 1907 1842 1988">
    <p class='ocr_par' dir='ltr' id='par_1_36' title="bbox 245 1907 1842 1988">
     <span class='ocr_line' id='line_1_36' title="bbox 245 1907 1842 1988; baseline -0.006 -18"><span class='ocrx_word' id='word_1_266' title='bbox 245 1915 600 1988; x_wconf 75' lang='lat' dir='ltr'>praefuturum</span> <span class='ocrx_word' id='word_1_267' title='bbox 629 1913 842 1986; x_wconf 89' lang='lat' dir='ltr'>regioni</span> <span class='ocrx_word' id='word_1_268' title='bbox 889 1910 1372 1983; x_wconf 88' lang='lat' dir='ltr'>pradestinaverit,</span> <span class='ocrx_word' id='word_1_269' title='bbox 1435 1917 1487 1964; x_wconf 90' lang='lat' dir='ltr'>et</span> <span class='ocrx_word' id='word_1_270' title='bbox 1540 1925 1700 1980; x_wconf 90' lang='lat' dir='ltr'>quam</span> <span class='ocrx_word' id='word_1_271' title='bbox 1755 1907 1842 1961; x_wconf 92' lang='lat' dir='ltr'>di-</span> 
     </span>
    </p>
   </div>
   <div class='ocr_carea' id='block_1_37' title="bbox 249 1995 1843 2070">
    <p class='ocr_par' dir='ltr' id='par_1_37' title="bbox 249 1995 1843 2070">
     <span class='ocr_line' id='line_1_37' title="bbox 249 1995 1843 2070; baseline -0.006 -12"><span class='ocrx_word' id='word_1_272' title='bbox 249 2003 445 2058; x_wconf 85' lang='lat' dir='ltr'>stricte</span> <span class='ocrx_word' id='word_1_273' title='bbox 474 2003 543 2056; x_wconf 90' lang='lat' dir='ltr'>ab</span> <span class='ocrx_word' id='word_1_274' title='bbox 574 2017 640 2056; x_wconf 88' lang='lat' dir='ltr'>eo</span> <span class='ocrx_word' id='word_1_275' title='bbox 670 2009 959 2057; x_wconf 86' lang='lat' dir='ltr'>exacturus</span> <span class='ocrx_word' id='word_1_276' title='bbox 989 1999 1060 2054; x_wconf 90' lang='lat' dir='ltr'>sit</span> <span class='ocrx_word' id='word_1_277' title='bbox 1086 1999 1232 2070; x_wconf 93' lang='lat' dir='ltr'>quod</span> <span class='ocrx_word' id='word_1_278' title='bbox 1263 1997 1535 2053; x_wconf 87' lang='lat' dir='ltr'>commisit</span> <span class='ocrx_word' id='word_1_279' title='bbox 1567 2014 1579 2049; x_wconf 94' lang='lat'><strong>:</strong></span> <span class='ocrx_word' id='word_1_280' title='bbox 1617 1995 1706 2066; x_wconf 91' lang='lat' dir='ltr'>qui</span> <span class='ocrx_word' id='word_1_281' title='bbox 1739 1995 1843 2050; x_wconf 92' lang='lat' dir='ltr'>sci-</span> 
     </span>
    </p>
   </div>
   <div class='ocr_carea' id='block_1_38' title="bbox 250 2083 1845 2161">
    <p class='ocr_par' dir='ltr' id='par_1_38' title="bbox 250 2083 1845 2161">
     <span class='ocr_line' id='line_1_38' title="bbox 250 2083 1845 2161; baseline -0.004 -17"><span class='ocrx_word' id='word_1_282' title='bbox 250 2091 380 2146; x_wconf 91' lang='lat' dir='ltr'>licet</span> <span class='ocrx_word' id='word_1_283' title='bbox 408 2098 518 2145; x_wconf 90' lang='lat' dir='ltr'>tam</span> <span class='ocrx_word' id='word_1_284' title='bbox 549 2089 775 2161; x_wconf 88' lang='lat' dir='ltr'>pretiosi</span> <span class='ocrx_word' id='word_1_285' title='bbox 824 2087 1107 2160; x_wconf 86' lang='lat' dir='ltr'>sanguinis</span> <span class='ocrx_word' id='word_1_286' title='bbox 1157 2086 1370 2141; x_wconf 87' lang='lat' dir='ltr'>fusione</span> <span class='ocrx_word' id='word_1_287' title='bbox 1417 2085 1564 2157; x_wconf 86' lang='lat' dir='ltr'>quod</span> <span class='ocrx_word' id='word_1_288' title='bbox 1614 2083 1845 2140; x_wconf 88' lang='lat' dir='ltr'>credidit</span> 
     </span>
    </p>
   </div>
   <div class='ocr_carea' id='block_1_39' title="bbox 248 2171 1844 2246">
    <p class='ocr_par' dir='ltr' id='par_1_39' title="bbox 248 2171 1844 2246">
     <span class='ocr_line' id='line_1_39' title="bbox 248 2171 1844 2246; baseline -0.007 -12"><span class='ocrx_word' id='word_1_289' title='bbox 248 2180 400 2235; x_wconf 89' lang='lat' dir='ltr'>emit.</span> <span class='ocrx_word' id='word_1_290' title='bbox 422 2177 726 2233; x_wconf 83' lang='lat' dir='ltr'>Meminerit</span> <span class='ocrx_word' id='word_1_291' title='bbox 746 2177 906 2232; x_wconf 91' lang='lat' dir='ltr'>etiam</span> <span class='ocrx_word' id='word_1_292' title='bbox 927 2176 1050 2246; x_wconf 90' lang='lat' dir='ltr'>quia</span> <span class='ocrx_word' id='word_1_293' title='bbox 1080 2183 1132 2229; x_wconf 91' lang='lat' dir='ltr'>et</span> <span class='ocrx_word' id='word_1_294' title='bbox 1160 2190 1259 2229; x_wconf 90' lang='lat' dir='ltr'>nos</span> <span class='ocrx_word' id='word_1_295' title='bbox 1286 2174 1434 2228; x_wconf 93' lang='lat' dir='ltr'>illum</span> <span class='ocrx_word' id='word_1_296' title='bbox 1477 2188 1590 2243; x_wconf 88' lang='lat' dir='ltr'>pra</span> <span class='ocrx_word' id='word_1_297' title='bbox 1635 2171 1844 2227; x_wconf 89' lang='lat' dir='ltr'>cateris</span> 
     </span>
    </p>
   </div>
   <div class='ocr_carea' id='block_1_40' title="bbox 247 2260 1846 2340">
    <p class='ocr_par' dir='ltr' id='par_1_40' title="bbox 247 2260 1846 2340">
     <span class='ocr_line' id='line_1_40' title="bbox 247 2260 1846 2340; baseline -0.006 -18"><span class='ocrx_word' id='word_1_298' title='bbox 247 2267 569 2340; x_wconf 84' lang='lat' dir='ltr'>prepinquis</span> <span class='ocrx_word' id='word_1_299' title='bbox 600 2273 654 2321; x_wconf 92' lang='lat' dir='ltr'>et</span> <span class='ocrx_word' id='word_1_300' title='bbox 699 2264 905 2320; x_wconf 84' lang='lat' dir='ltr'>amulis</span> <span class='ocrx_word' id='word_1_301' title='bbox 956 2265 1072 2333; x_wconf 86' lang='lat' dir='ltr'>ejus</span> <span class='ocrx_word' id='word_1_302' title='bbox 1112 2262 1430 2327; x_wconf 87' lang='lat' dir='ltr'>amavimus,</span> <span class='ocrx_word' id='word_1_303' title='bbox 1483 2260 1747 2332; x_wconf 89' lang='lat' dir='ltr'>elegimus</span> <span class='ocrx_word' id='word_1_304' title='bbox 1793 2265 1846 2313; x_wconf 93' lang='lat' dir='ltr'>et</span> 
     </span>
    </p>
   </div>
   <div class='ocr_carea' id='block_1_41' title="bbox 248 2347 1844 2426">
    <p class='ocr_par' dir='ltr' id='par_1_41' title="bbox 248 2347 1844 2426">
     <span class='ocr_line' id='line_1_41' title="bbox 248 2347 1844 2426; baseline -0.006 -16"><span class='ocrx_word' id='word_1_305' title='bbox 248 2355 601 2426; x_wconf 87' lang='lat' dir='ltr'>pratulimus.</span> <span class='ocrx_word' id='word_1_306' title='bbox 636 2353 790 2409; x_wconf 91' lang='lat' dir='ltr'>Unde</span> <span class='ocrx_word' id='word_1_307' title='bbox 821 2360 872 2408; x_wconf 88' lang='lat' dir='ltr'>et</span> <span class='ocrx_word' id='word_1_308' title='bbox 914 2368 1038 2407; x_wconf 90' lang='lat' dir='ltr'>eum</span> <span class='ocrx_word' id='word_1_309' title='bbox 1095 2351 1355 2406; x_wconf 89' lang='lat' dir='ltr'>adversus</span> <span class='ocrx_word' id='word_1_310' title='bbox 1393 2364 1604 2419; x_wconf 82' lang='lat' dir='ltr'>omnes</span> <span class='ocrx_word' id='word_1_311' title='bbox 1659 2347 1844 2401; x_wconf 89' lang='lat' dir='ltr'>hostes</span> 
     </span>
    </p>
   </div>
   <div class='ocr_carea' id='block_1_42' title="bbox 248 2437 1845 2507">
    <p class='ocr_par' dir='ltr' id='par_1_42' title="bbox 248 2437 1845 2507">
     <span class='ocr_line' id='line_1_42' title="bbox 248 2437 1845 2507; baseline -0.007 -9"><span class='ocrx_word' id='word_1_312' title='bbox 248 2443 516 2499; x_wconf 84' lang='lat' dir='ltr'>Ecclesia</span> <span class='ocrx_word' id='word_1_313' title='bbox 545 2457 654 2496; x_wconf 92' lang='lat' dir='ltr'>non</span> <span class='ocrx_word' id='word_1_314' title='bbox 684 2441 860 2495; x_wconf 90' lang='lat' dir='ltr'>solum</span> <span class='ocrx_word' id='word_1_315' title='bbox 890 2439 1256 2507; x_wconf 79' lang='lat' dir='ltr'>defensorem,</span> <span class='ocrx_word' id='word_1_316' title='bbox 1290 2437 1387 2492; x_wconf 90' lang='lat' dir='ltr'>sed</span> <span class='ocrx_word' id='word_1_317' title='bbox 1447 2445 1499 2490; x_wconf 91' lang='lat' dir='ltr'>et</span> <span class='ocrx_word' id='word_1_318' title='bbox 1552 2443 1845 2506; x_wconf 91' lang='lat' dir='ltr'>patronum</span> 
     </span>
    </p>
   </div>
   <div class='ocr_carea' id='block_1_43' title="bbox 252 2523 1846 2596">
    <p class='ocr_par' dir='ltr' id='par_1_43' title="bbox 252 2523 1846 2596">
     <span class='ocr_line' id='line_1_43' title="bbox 252 2523 1846 2596; baseline -0.006 -10"><span class='ocrx_word' id='word_1_319' title='bbox 252 2539 306 2586; x_wconf 86' lang='lat' dir='ltr'>et</span> <span class='ocrx_word' id='word_1_320' title='bbox 351 2531 674 2586; x_wconf 89' lang='lat' dir='ltr'>advocatum</span> <span class='ocrx_word' id='word_1_321' title='bbox 722 2536 970 2583; x_wconf 90' lang='lat' dir='ltr'>nostrum</span> <span class='ocrx_word' id='word_1_322' title='bbox 1017 2526 1251 2582; x_wconf 86' lang='lat' dir='ltr'>existere</span> <span class='ocrx_word' id='word_1_323' title='bbox 1296 2523 1682 2596; x_wconf 89' lang='lat' dir='ltr'>proposuimus</span> <span class='ocrx_word' id='word_1_324' title='bbox 1722 2541 1735 2576; x_wconf 89' lang='lat'><strong>:</strong></span> <span class='ocrx_word' id='word_1_325' title='bbox 1791 2530 1846 2576; x_wconf 92' lang='lat' dir='ltr'>ut</span> 
     </span>
    </p>
   </div>
   <div class='ocr_carea' id='block_1_44' title="bbox 251 2610 1847 2690">
    <p class='ocr_par' dir='ltr' id='par_1_44' title="bbox 251 2610 1847 2690">
     <span class='ocr_line' id='line_1_44' title="bbox 251 2610 1847 2690; baseline -0.006 -17"><span class='ocrx_word' id='word_1_326' title='bbox 251 2619 399 2690; x_wconf 91' lang='lat' dir='ltr'>quod</span> <span class='ocrx_word' id='word_1_327' title='bbox 430 2618 479 2673; x_wconf 92' lang='lat' dir='ltr'>ei</span> <span class='ocrx_word' id='word_1_328' title='bbox 501 2634 599 2672; x_wconf 92' lang='lat' dir='ltr'>nos</span> <span class='ocrx_word' id='word_1_329' title='bbox 631 2616 776 2687; x_wconf 88' lang='lat' dir='ltr'>apud</span> <span class='ocrx_word' id='word_1_330' title='bbox 806 2617 982 2670; x_wconf 92' lang='lat' dir='ltr'>Deum</span> <span class='ocrx_word' id='word_1_331' title='bbox 1010 2631 1133 2670; x_wconf 91' lang='lat' dir='ltr'>esse</span> <span class='ocrx_word' id='word_1_332' title='bbox 1165 2613 1489 2686; x_wconf 88' lang='lat' dir='ltr'>satagimus,</span> <span class='ocrx_word' id='word_1_333' title='bbox 1540 2612 1658 2687; x_wconf 77' lang='lat' dir='ltr'>ipse</span> <span class='ocrx_word' id='word_1_334' title='bbox 1704 2610 1847 2664; x_wconf 90' lang='lat' dir='ltr'>inter</span> 
     </span>
    </p>
   </div>
   <div class='ocr_carea' id='block_1_45' title="bbox 249 2699 1848 2776">
    <p class='ocr_par' dir='ltr' id='par_1_45' title="bbox 249 2699 1848 2776">
     <span class='ocr_line' id='line_1_45' title="bbox 249 2699 1848 2776; baseline -0.006 -15"><span class='ocrx_word' id='word_1_335' title='bbox 249 2707 500 2762; x_wconf 91' lang='lat' dir='ltr'>homines</span> <span class='ocrx_word' id='word_1_336' title='bbox 529 2722 632 2776; x_wconf 92' lang='lat' dir='ltr'>pro</span> <span class='ocrx_word' id='word_1_337' title='bbox 662 2705 820 2759; x_wconf 92' lang='lat' dir='ltr'>nobis</span> <span class='ocrx_word' id='word_1_338' title='bbox 848 2703 962 2758; x_wconf 91' lang='lat' dir='ltr'>ﬁeri</span> <span class='ocrx_word' id='word_1_339' title='bbox 1011 2719 1118 2758; x_wconf 91' lang='lat' dir='ltr'>non</span> <span class='ocrx_word' id='word_1_340' title='bbox 1167 2703 1433 2757; x_wconf 85' lang='lat' dir='ltr'>detrectet</span> <span class='ocrx_word' id='word_1_341' title='bbox 1475 2699 1742 2770; x_wconf 89' lang='lat' dir='ltr'>pracipue</span> <span class='ocrx_word' id='word_1_342' title='bbox 1792 2706 1848 2752; x_wconf 91' lang='lat' dir='ltr'>ut</span> 
     </span>
    </p>
   </div>
   <div class='ocr_carea' id='block_1_46' title="bbox 243 2789 1849 2850">
    <p class='ocr_par' dir='ltr' id='par_1_46' title="bbox 243 2789 1849 2850">
     <span class='ocr_line' id='line_1_46' title="bbox 243 2789 1849 2850; baseline -0.006 0"><span class='ocrx_word' id='word_1_343' title='bbox 243 2795 570 2850; x_wconf 80' lang='lat' dir='ltr'>accelerans</span> <span class='ocrx_word' id='word_1_344' title='bbox 621 2792 777 2847; x_wconf 89' lang='lat' dir='ltr'>nobis</span> <span class='ocrx_word' id='word_1_345' title='bbox 831 2791 1115 2846; x_wconf 90' lang='lat' dir='ltr'>subveniat</span> <span class='ocrx_word' id='word_1_346' title='bbox 1170 2799 1223 2845; x_wconf 91' lang='lat' dir='ltr'>et</span> <span class='ocrx_word' id='word_1_347' title='bbox 1277 2789 1393 2843; x_wconf 90' lang='lat' dir='ltr'>sine</span> <span class='ocrx_word' id='word_1_348' title='bbox 1450 2803 1603 2842; x_wconf 90' lang='lat' dir='ltr'>mora</span> <span class='ocrx_word' id='word_1_349' title='bbox 1658 2793 1849 2842; x_wconf 88' lang='lat' dir='ltr'>contra</span> 
     </span>
    </p>
   </div>
   <div class='ocr_carea' id='block_1_47' title="bbox 251 2876 1848 2954">
    <p class='ocr_par' dir='ltr' id='par_1_47' title="bbox 251 2876 1848 2954">
     <span class='ocr_line' id='line_1_47' title="bbox 251 2876 1848 2954; baseline -0.006 -17"><span class='ocrx_word' id='word_1_350' title='bbox 251 2881 491 2954; x_wconf 89' lang='lat' dir='ltr'>perﬁdos</span> <span class='ocrx_word' id='word_1_351' title='bbox 521 2879 858 2935; x_wconf 88' lang='lat' dir='ltr'>Christianos</span> <span class='ocrx_word' id='word_1_352' title='bbox 886 2887 938 2932; x_wconf 91' lang='lat' dir='ltr'>et</span> <span class='ocrx_word' id='word_1_353' title='bbox 965 2877 1213 2932; x_wconf 90' lang='lat' dir='ltr'>inﬁdeles</span> <span class='ocrx_word' id='word_1_354' title='bbox 1263 2883 1562 2932; x_wconf 86' lang='lat' dir='ltr'>succurrat.</span> <span class='ocrx_word' id='word_1_355' title='bbox 1624 2876 1683 2928; x_wconf 86' lang='lat' dir='ltr'>in</span> <span class='ocrx_word' id='word_1_356' title='bbox 1742 2888 1848 2945; x_wconf 90' lang='lat' dir='ltr'>quo</span> 
     </span>
    </p>
   </div>
   <div class='ocr_carea' id='block_1_48' title="bbox 251 2964 1844 3038">
    <p class='ocr_par' dir='ltr' id='par_1_48' title="bbox 251 2964 1844 3038">
     <span class='ocr_line' id='line_1_48' title="bbox 251 2964 1844 3038; baseline -0.006 -13"><span class='ocrx_word' id='word_1_357' title='bbox 251 2979 452 3027; x_wconf 88' lang='lat' dir='ltr'>sancta</span> <span class='ocrx_word' id='word_1_358' title='bbox 481 2969 800 3024; x_wconf 82' lang='lat' dir='ltr'>fraternitati</span> <span class='ocrx_word' id='word_1_359' title='bbox 828 2975 1024 3023; x_wconf 89' lang='lat' dir='ltr'>vestra</span> <span class='ocrx_word' id='word_1_360' title='bbox 1051 2983 1165 3038; x_wconf 89' lang='lat' dir='ltr'>pra</span> <span class='ocrx_word' id='word_1_361' title='bbox 1195 2965 1446 3021; x_wconf 89' lang='lat' dir='ltr'>omnibus</span> <span class='ocrx_word' id='word_1_362' title='bbox 1491 2964 1844 3019; x_wconf 89' lang='lat' dir='ltr'>laborandum</span> 
     </span>
    </p>
   </div>
   <div class='ocr_carea' id='block_1_49' title="bbox 1945 1737 3535 1812">
    <p class='ocr_par' dir='ltr' id='par_1_49' title="bbox 1945 1737 3535 1812">
     <span class='ocr_line' id='line_1_49' title="bbox 1945 1737 3535 1812; baseline -0.001 -17"><span class='ocrx_word' id='word_1_363' title='bbox 1945 1739 2030 1795; x_wconf 85' lang='lat' dir='ltr'>vel</span> <span class='ocrx_word' id='word_1_364' title='bbox 2061 1739 2253 1812; x_wconf 87' lang='lat' dir='ltr'>gloria</span> <span class='ocrx_word' id='word_1_365' title='bbox 2279 1739 2544 1809; x_wconf 89' lang='lat' dir='ltr'>cupiditas</span> <span class='ocrx_word' id='word_1_366' title='bbox 2575 1755 2609 1793; x_wconf 90' lang='lat' dir='ltr'>a</span> <span class='ocrx_word' id='word_1_367' title='bbox 2663 1746 2811 1793; x_wconf 84' lang='lat' dir='ltr'>tanto</span> <span class='ocrx_word' id='word_1_368' title='bbox 2867 1738 3020 1794; x_wconf 91' lang='lat' dir='ltr'>lucro</span> <span class='ocrx_word' id='word_1_369' title='bbox 3077 1745 3236 1808; x_wconf 89' lang='lat' dir='ltr'>atque</span> <span class='ocrx_word' id='word_1_370' title='bbox 3291 1737 3535 1808; x_wconf 88' lang='lat' dir='ltr'>profectu</span> 
     </span>
    </p>
   </div>
   <div class='ocr_carea' id='block_1_50' title="bbox 1945 1825 3533 1898">
    <p class='ocr_par' dir='ltr' id='par_1_50' title="bbox 1945 1825 3533 1898">
     <span class='ocr_line' id='line_1_50' title="bbox 1945 1825 3533 1898; baseline -0.001 -16"><span class='ocrx_word' id='word_1_371' title='bbox 1945 1843 2044 1883; x_wconf 91' lang='lat' dir='ltr'>vos</span> <span class='ocrx_word' id='word_1_372' title='bbox 2097 1827 2430 1893; x_wconf 84' lang='lat' dir='ltr'>subtrahat;</span> <span class='ocrx_word' id='word_1_373' title='bbox 2482 1826 2629 1898; x_wconf 88' lang='lat' dir='ltr'>quia,</span> <span class='ocrx_word' id='word_1_374' title='bbox 2674 1826 2938 1898; x_wconf 90' lang='lat' dir='ltr'>quidquid</span> <span class='ocrx_word' id='word_1_375' title='bbox 2979 1825 3114 1880; x_wconf 90' lang='lat' dir='ltr'>illud</span> <span class='ocrx_word' id='word_1_376' title='bbox 3162 1833 3264 1894; x_wconf 90' lang='lat' dir='ltr'>est,</span> <span class='ocrx_word' id='word_1_377' title='bbox 3306 1825 3533 1896; x_wconf 89' lang='lat' dir='ltr'>paciﬁce</span> 
     </span>
    </p>
   </div>
   <div class='ocr_carea' id='block_1_51' title="bbox 1944 1913 3534 1986">
    <p class='ocr_par' dir='ltr' id='par_1_51' title="bbox 1944 1913 3534 1986">
     <span class='ocr_line' id='line_1_51' title="bbox 1944 1913 3534 1986; baseline -0.001 -17"><span class='ocrx_word' id='word_1_378' title='bbox 1944 1915 2144 1986; x_wconf 89' lang='lat' dir='ltr'>poterit</span> <span class='ocrx_word' id='word_1_379' title='bbox 2197 1923 2320 1984; x_wconf 89' lang='lat' dir='ltr'>post</span> <span class='ocrx_word' id='word_1_380' title='bbox 2373 1913 2648 1969; x_wconf 92' lang='lat' dir='ltr'>modicum</span> <span class='ocrx_word' id='word_1_381' title='bbox 2704 1913 2904 1980; x_wconf 89' lang='lat' dir='ltr'>dirimi,</span> <span class='ocrx_word' id='word_1_382' title='bbox 2967 1920 3020 1967; x_wconf 89' lang='lat' dir='ltr'>et</span> <span class='ocrx_word' id='word_1_383' title='bbox 3075 1928 3197 1968; x_wconf 91' lang='lat' dir='ltr'>cum</span> <span class='ocrx_word' id='word_1_384' title='bbox 3252 1913 3534 1983; x_wconf 88' lang='lat' dir='ltr'>charitate,</span> 
     </span>
    </p>
   </div>
   <div class='ocr_carea' id='block_1_52' title="bbox 1945 1999 3533 2073">
    <p class='ocr_par' dir='ltr' id='par_1_52' title="bbox 1945 1999 3533 2073">
     <span class='ocr_line' id='line_1_52' title="bbox 1945 1999 3533 2073; baseline -0.001 -17"><span class='ocrx_word' id='word_1_385' title='bbox 1945 2002 2102 2056; x_wconf 91' lang='lat' dir='ltr'>nobis</span> <span class='ocrx_word' id='word_1_386' title='bbox 2152 2018 2369 2073; x_wconf 90' lang='lat' dir='ltr'>quoque</span> <span class='ocrx_word' id='word_1_387' title='bbox 2423 2001 2810 2066; x_wconf 89' lang='lat' dir='ltr'>mediantibus,</span> <span class='ocrx_word' id='word_1_388' title='bbox 2863 1999 3100 2054; x_wconf 82' lang='lat' dir='ltr'>diﬁiniri.</span> <span class='ocrx_word' id='word_1_389' title='bbox 3151 2001 3330 2055; x_wconf 87' lang='lat' dir='ltr'>Certet</span> <span class='ocrx_word' id='word_1_390' title='bbox 3375 2016 3533 2073; x_wconf 88' lang='lat' dir='ltr'>ergo,</span> 
     </span>
    </p>
   </div>
   <div class='ocr_carea' id='block_1_53' title="bbox 1945 2089 3544 2162">
    <p class='ocr_par' dir='ltr' id='par_1_53' title="bbox 1945 2089 3544 2162">
     <span class='ocr_line' id='line_1_53' title="bbox 1945 2089 3544 2162; baseline -0.002 -17"><span class='ocrx_word' id='word_1_391' title='bbox 1945 2092 2155 2146; x_wconf 89' lang='lat' dir='ltr'>laboret</span> <span class='ocrx_word' id='word_1_392' title='bbox 2184 2099 2236 2146; x_wconf 89' lang='lat' dir='ltr'>et</span> <span class='ocrx_word' id='word_1_393' title='bbox 2264 2098 2471 2162; x_wconf 88' lang='lat' dir='ltr'>satagat</span> <span class='ocrx_word' id='word_1_394' title='bbox 2503 2090 2766 2144; x_wconf 90' lang='lat' dir='ltr'>industria</span> <span class='ocrx_word' id='word_1_395' title='bbox 2796 2097 2902 2158; x_wconf 88' lang='lat' dir='ltr'>tua,</span> <span class='ocrx_word' id='word_1_396' title='bbox 2937 2097 2988 2143; x_wconf 90' lang='lat' dir='ltr'>et</span> <span class='ocrx_word' id='word_1_397' title='bbox 3015 2089 3070 2142; x_wconf 92' lang='lat' dir='ltr'>in</span> <span class='ocrx_word' id='word_1_398' title='bbox 3091 2089 3176 2142; x_wconf 90' lang='lat' dir='ltr'>his</span> <span class='ocrx_word' id='word_1_399' title='bbox 3206 2089 3324 2143; x_wconf 90' lang='lat' dir='ltr'>vice</span> <span class='ocrx_word' id='word_1_400' title='bbox 3353 2097 3544 2143; x_wconf 86' lang='lat' dir='ltr'>nostra</span> 
     </span>
    </p>
   </div>
   <div class='ocr_carea' id='block_1_54' title="bbox 1943 2176 3544 2250">
    <p class='ocr_par' dir='ltr' id='par_1_54' title="bbox 1943 2176 3544 2250">
     <span class='ocr_line' id='line_1_54' title="bbox 1943 2176 3544 2250; baseline -0.002 -17"><span class='ocrx_word' id='word_1_401' title='bbox 1943 2187 2162 2244; x_wconf 85' lang='lat' dir='ltr'>utatur;</span> <span class='ocrx_word' id='word_1_402' title='bbox 2196 2178 2458 2250; x_wconf 87' lang='lat' dir='ltr'>quidquid</span> <span class='ocrx_word' id='word_1_403' title='bbox 2486 2178 2777 2248; x_wconf 78' lang='lat' dir='ltr'>agendum,</span> <span class='ocrx_word' id='word_1_404' title='bbox 2839 2176 3102 2247; x_wconf 90' lang='lat' dir='ltr'>quidquid</span> <span class='ocrx_word' id='word_1_405' title='bbox 3150 2176 3422 2232; x_wconf 90' lang='lat' dir='ltr'>communi</span> <span class='ocrx_word' id='word_1_406' title='bbox 3479 2191 3544 2231; x_wconf 83' lang='lat' dir='ltr'>ex</span> 
     </span>
    </p>
   </div>
   <div class='ocr_carea' id='block_1_55' title="bbox 1944 2263 3540 2337">
    <p class='ocr_par' dir='ltr' id='par_1_55' title="bbox 1944 2263 3540 2337">
     <span class='ocr_line' id='line_1_55' title="bbox 1944 2263 3540 2337; baseline -0.002 -16"><span class='ocrx_word' id='word_1_407' title='bbox 1944 2266 2144 2337; x_wconf 89' lang='lat' dir='ltr'>placito</span> <span class='ocrx_word' id='word_1_408' title='bbox 2175 2266 2333 2321; x_wconf 91' lang='lat' dir='ltr'>fuerit</span> <span class='ocrx_word' id='word_1_409' title='bbox 2361 2265 2806 2330; x_wconf 87' lang='lat' dir='ltr'>construendum,</span> <span class='ocrx_word' id='word_1_410' title='bbox 2853 2264 2971 2319; x_wconf 86' lang='lat' dir='ltr'>vice</span> <span class='ocrx_word' id='word_1_411' title='bbox 3017 2271 3204 2319; x_wconf 85' lang='lat' dir='ltr'>nostra</span> <span class='ocrx_word' id='word_1_412' title='bbox 3246 2263 3410 2320; x_wconf 86' lang='lat' dir='ltr'>faciat</span> <span class='ocrx_word' id='word_1_413' title='bbox 3455 2272 3540 2318; x_wconf 88' lang='lat' dir='ltr'>at-</span> 
     </span>
    </p>
   </div>
   <div class='ocr_carea' id='block_1_56' title="bbox 1947 2351 3545 2425">
    <p class='ocr_par' dir='ltr' id='par_1_56' title="bbox 1947 2351 3545 2425">
     <span class='ocr_line' id='line_1_56' title="bbox 1947 2351 3545 2425; baseline -0.001 -17"><span class='ocrx_word' id='word_1_414' title='bbox 1947 2371 2052 2425; x_wconf 92' lang='lat' dir='ltr'>que</span> <span class='ocrx_word' id='word_1_415' title='bbox 2085 2355 2390 2410; x_wconf 89' lang='lat' dir='ltr'>constituat.</span> <span class='ocrx_word' id='word_1_416' title='bbox 2451 2353 2717 2408; x_wconf 82' lang='lat' dir='ltr'>Alacriter</span> <span class='ocrx_word' id='word_1_417' title='bbox 2773 2352 2919 2407; x_wconf 91' lang='lat' dir='ltr'>enim</span> <span class='ocrx_word' id='word_1_418' title='bbox 2977 2353 3124 2422; x_wconf 91' lang='lat' dir='ltr'>quod</span> <span class='ocrx_word' id='word_1_419' title='bbox 3179 2360 3271 2406; x_wconf 90' lang='lat' dir='ltr'>tua</span> <span class='ocrx_word' id='word_1_420' title='bbox 3327 2351 3545 2407; x_wconf 90' lang='lat' dir='ltr'>dilectio</span> 
     </span>
    </p>
   </div>
   <div class='ocr_carea' id='block_1_57' title="bbox 1947 2439 3542 2510">
    <p class='ocr_par' dir='ltr' id='par_1_57' title="bbox 1947 2439 3542 2510">
     <span class='ocr_line' id='line_1_57' title="bbox 1947 2439 3542 2510; baseline -0.003 -11"><span class='ocrx_word' id='word_1_421' title='bbox 1947 2443 2300 2507; x_wconf 89' lang='lat' dir='ltr'>constituerit,</span> <span class='ocrx_word' id='word_1_422' title='bbox 2342 2450 2395 2496; x_wconf 92' lang='lat' dir='ltr'>et</span> <span class='ocrx_word' id='word_1_423' title='bbox 2441 2441 2706 2496; x_wconf 90' lang='lat' dir='ltr'>immobili</span> <span class='ocrx_word' id='word_1_424' title='bbox 2751 2440 2951 2510; x_wconf 91' lang='lat' dir='ltr'>placito</span> <span class='ocrx_word' id='word_1_425' title='bbox 2998 2439 3188 2506; x_wconf 89' lang='lat' dir='ltr'>ﬁxerit,</span> <span class='ocrx_word' id='word_1_426' title='bbox 3241 2439 3542 2510; x_wconf 90' lang='lat' dir='ltr'>adimplere</span> 
     </span>
    </p>
   </div>
   <div class='ocr_carea' id='block_1_58' title="bbox 1945 2526 3546 2602">
    <p class='ocr_par' dir='ltr' id='par_1_58' title="bbox 1945 2526 3546 2602">
     <span class='ocr_line' id='line_1_58' title="bbox 1945 2526 3546 2602; baseline -0.002 -17"><span class='ocrx_word' id='word_1_427' title='bbox 1945 2538 2107 2602; x_wconf 87' lang='lat' dir='ltr'>atque</span> <span class='ocrx_word' id='word_1_428' title='bbox 2136 2529 2401 2600; x_wconf 88' lang='lat' dir='ltr'>perﬁcere</span> <span class='ocrx_word' id='word_1_429' title='bbox 2448 2527 2882 2599; x_wconf 89' lang='lat' dir='ltr'>procurabimus,</span> <span class='ocrx_word' id='word_1_430' title='bbox 2917 2527 3047 2581; x_wconf 90' lang='lat' dir='ltr'>nihil</span> <span class='ocrx_word' id='word_1_431' title='bbox 3080 2535 3138 2581; x_wconf 89' lang='lat' dir='ltr'>ut</span> <span class='ocrx_word' id='word_1_432' title='bbox 3163 2527 3219 2581; x_wconf 93' lang='lat' dir='ltr'>in</span> <span class='ocrx_word' id='word_1_433' title='bbox 3247 2527 3350 2582; x_wconf 91' lang='lat' dir='ltr'>hoc</span> <span class='ocrx_word' id='word_1_434' title='bbox 3380 2526 3546 2583; x_wconf 77' lang='lat' dir='ltr'>hasi-</span> 
     </span>
    </p>
   </div>
   <div class='ocr_carea' id='block_1_59' title="bbox 1946 2614 3540 2687">
    <p class='ocr_par' dir='ltr' id='par_1_59' title="bbox 1946 2614 3540 2687">
     <span class='ocr_line' id='line_1_59' title="bbox 1946 2614 3540 2687; baseline -0.002 -16"><span class='ocrx_word' id='word_1_435' title='bbox 1946 2625 2018 2672; x_wconf 88' lang='lat' dir='ltr'>tet</span> <span class='ocrx_word' id='word_1_436' title='bbox 2051 2618 2269 2674; x_wconf 92' lang='lat' dir='ltr'>dilectio</span> <span class='ocrx_word' id='word_1_437' title='bbox 2299 2625 2392 2671; x_wconf 90' lang='lat' dir='ltr'>tua</span> <span class='ocrx_word' id='word_1_438' title='bbox 2420 2631 2752 2687; x_wconf 88' lang='lat' dir='ltr'>magnopere</span> <span class='ocrx_word' id='word_1_439' title='bbox 2779 2624 3209 2672; x_wconf 89' lang='lat' dir='ltr'>commonentes.</span> <span class='ocrx_word' id='word_1_440' title='bbox 3260 2614 3540 2673; x_wconf 85' lang='lat' dir='ltr'>Pradictis</span> 
     </span>
    </p>
   </div>
   <div class='ocr_carea' id='block_1_60' title="bbox 1947 2701 3548 2762">
    <p class='ocr_par' dir='ltr' id='par_1_60' title="bbox 1947 2701 3548 2762">
     <span class='ocr_line' id='line_1_60' title="bbox 1947 2701 3548 2762; baseline -0.002 -1"><span class='ocrx_word' id='word_1_441' title='bbox 1947 2714 2128 2762; x_wconf 86' lang='lat' dir='ltr'>autem</span> <span class='ocrx_word' id='word_1_442' title='bbox 2155 2705 2338 2760; x_wconf 89' lang='lat' dir='ltr'>missis</span> <span class='ocrx_word' id='word_1_443' title='bbox 2384 2704 2581 2760; x_wconf 90' lang='lat' dir='ltr'>nostris</span> <span class='ocrx_word' id='word_1_444' title='bbox 2638 2704 2837 2759; x_wconf 90' lang='lat' dir='ltr'>missos</span> <span class='ocrx_word' id='word_1_445' title='bbox 2895 2711 3016 2758; x_wconf 91' lang='lat' dir='ltr'>tuos</span> <span class='ocrx_word' id='word_1_446' title='bbox 3071 2701 3440 2758; x_wconf 79' lang='lat' dir='ltr'>indiﬂ&#39;erenter</span> <span class='ocrx_word' id='word_1_447' title='bbox 3493 2709 3548 2758; x_wconf 90' lang='lat' dir='ltr'>et</span> 
     </span>
    </p>
   </div>
   <div class='ocr_carea' id='block_1_61' title="bbox 1946 2789 3546 2866">
    <p class='ocr_par' dir='ltr' id='par_1_61' title="bbox 1946 2789 3546 2866">
     <span class='ocr_line' id='line_1_61' title="bbox 1946 2789 3546 2866; baseline -0.003 -18"><span class='ocrx_word' id='word_1_448' title='bbox 1946 2795 2151 2866; x_wconf 90' lang='lat' dir='ltr'>absque</span> <span class='ocrx_word' id='word_1_449' title='bbox 2183 2809 2334 2848; x_wconf 90' lang='lat' dir='ltr'>mora</span> <span class='ocrx_word' id='word_1_450' title='bbox 2363 2793 2603 2861; x_wconf 87' lang='lat' dir='ltr'>Cajetam</span> <span class='ocrx_word' id='word_1_451' title='bbox 2631 2792 2869 2863; x_wconf 83' lang='lat' dir='ltr'>dirigere</span> <span class='ocrx_word' id='word_1_452' title='bbox 2900 2799 3212 2862; x_wconf 87' lang='lat' dir='ltr'>procurato,</span> <span class='ocrx_word' id='word_1_453' title='bbox 3248 2789 3336 2862; x_wconf 88' lang='lat' dir='ltr'>qui</span> <span class='ocrx_word' id='word_1_454' title='bbox 3370 2789 3438 2845; x_wconf 91' lang='lat' dir='ltr'>de</span> <span class='ocrx_word' id='word_1_455' title='bbox 3459 2789 3546 2844; x_wconf 91' lang='lat' dir='ltr'>his</span> 
     </span>
    </p>
   </div>
   <div class='ocr_carea' id='block_1_62' title="bbox 1947 2879 3546 2949">
    <p class='ocr_par' dir='ltr' id='par_1_62' title="bbox 1947 2879 3546 2949">
     <span class='ocr_line' id='line_1_62' title="bbox 1947 2879 3546 2949; baseline -0.003 -11"><span class='ocrx_word' id='word_1_456' title='bbox 1947 2883 2200 2938; x_wconf 91' lang='lat' dir='ltr'>omnibus</span> <span class='ocrx_word' id='word_1_457' title='bbox 2229 2898 2353 2938; x_wconf 90' lang='lat' dir='ltr'>cum</span> <span class='ocrx_word' id='word_1_458' title='bbox 2382 2881 2463 2937; x_wconf 90' lang='lat' dir='ltr'>eis</span> <span class='ocrx_word' id='word_1_459' title='bbox 2495 2880 2783 2936; x_wconf 88' lang='lat' dir='ltr'>salubriter</span> <span class='ocrx_word' id='word_1_460' title='bbox 2811 2888 3041 2936; x_wconf 87' lang='lat' dir='ltr'>tractare</span> <span class='ocrx_word' id='word_1_461' title='bbox 3083 2879 3312 2943; x_wconf 86' lang='lat' dir='ltr'>valeant,</span> <span class='ocrx_word' id='word_1_462' title='bbox 3359 2885 3412 2933; x_wconf 89' lang='lat' dir='ltr'>et</span> <span class='ocrx_word' id='word_1_463' title='bbox 3424 2894 3546 2949; x_wconf 84' lang='lat' dir='ltr'>qua</span> 
     </span>
    </p>
   </div>
   <div class='ocr_carea' id='block_1_63' title="bbox 1948 2966 3550 3044">
    <p class='ocr_par' dir='ltr' id='par_1_63' title="bbox 1948 2966 3550 3044">
     <span class='ocr_line' id='line_1_63' title="bbox 1948 2966 3550 3044; baseline -0.003 -18"><span class='ocrx_word' id='word_1_464' title='bbox 1948 2980 2072 3026; x_wconf 90' lang='lat' dir='ltr'>sunt</span> <span class='ocrx_word' id='word_1_465' title='bbox 2110 2972 2325 3044; x_wconf 88' lang='lat' dir='ltr'>agenda</span> <span class='ocrx_word' id='word_1_466' title='bbox 2379 2968 2664 3041; x_wconf 86' lang='lat' dir='ltr'>perﬁcere,</span> <span class='ocrx_word' id='word_1_467' title='bbox 2725 2969 3006 3041; x_wconf 89' lang='lat' dir='ltr'>Optamus,</span> <span class='ocrx_word' id='word_1_468' title='bbox 3070 2976 3174 3024; x_wconf 90' lang='lat' dir='ltr'>etc.</span> <span class='ocrx_word' id='word_1_469' title='bbox 3232 2968 3368 3024; x_wconf 90' lang='lat' dir='ltr'>Data</span> <span class='ocrx_word' id='word_1_470' title='bbox 3421 2966 3550 3022; x_wconf 90' lang='lat' dir='ltr'>Idus</span> 
     </span>
    </p>
   </div>
   <div class='ocr_carea' id='block_1_64' title="bbox 248 3025 2551 3129">
    <p class='ocr_par' dir='ltr' id='par_1_64' title="bbox 248 3025 2551 3129">
     <span class='ocr_line' id='line_1_64' title="bbox 248 3025 2551 3129; baseline -0.006 -15"><span class='ocrx_word' id='word_1_471' title='bbox 248 3067 334 3114; x_wconf 90' lang='lat' dir='ltr'>est</span> <span class='ocrx_word' id='word_1_472' title='bbox 366 3076 380 3113; x_wconf 92' lang='lat'><strong>:</strong></span> <span class='ocrx_word' id='word_1_473' title='bbox 411 3073 512 3129; x_wconf 91' lang='lat' dir='ltr'>pro</span> <span class='ocrx_word' id='word_1_474' title='bbox 540 3057 831 3114; x_wconf 90' lang='lat' dir='ltr'>commisso</span> <span class='ocrx_word' id='word_1_475' title='bbox 863 3055 1071 3111; x_wconf 89' lang='lat' dir='ltr'>scilicet</span> <span class='ocrx_word' id='word_1_476' title='bbox 1115 3054 1218 3108; x_wconf 89' lang='lat' dir='ltr'>sibi</span> <span class='ocrx_word' id='word_1_477' title='bbox 1277 3051 1599 3108; x_wconf 87' lang='lat' dir='ltr'>srcerdotali</span> <span class='ocrx_word' id='word_1_478' title='bbox 1647 3049 1840 3116; x_wconf 83' lang='lat' dir='ltr'>oﬁicio,</span> <span class='ocrx_word' id='word_1_479' title='bbox 1877 3025 1926 3088; x_wconf 61' lang='grc' dir='ltr'>(ἶ</span> <span class='ocrx_word' id='word_1_480' title='bbox 1945 3025 2464 3126; x_wconf 58' lang='grc' dir='ltr'>Μειιοιὶί,ῠίῃάίοιί(;ηε</span> <span class='ocrx_word' id='word_1_481' title='bbox 2491 3073 2551 3113; x_wconf 70' lang='grc' dir='ltr'>χ,</span> 
     </span>
    </p>
   </div>
   <div class='ocr_carea' id='block_1_65' title="bbox 247 3137 1840 3218">
    <p class='ocr_par' dir='ltr' id='par_1_65' title="bbox 247 3137 1840 3218">
     <span class='ocr_line' id='line_1_65' title="bbox 247 3137 1840 3218; baseline -0.004 -20"><span class='ocrx_word' id='word_1_482' title='bbox 247 3155 303 3201; x_wconf 86' lang='lat' dir='ltr'>et</span> <span class='ocrx_word' id='word_1_483' title='bbox 333 3146 478 3218; x_wconf 90' lang='lat' dir='ltr'>quia,</span> <span class='ocrx_word' id='word_1_484' title='bbox 512 3153 569 3200; x_wconf 91' lang='lat' dir='ltr'>ut</span> <span class='ocrx_word' id='word_1_485' title='bbox 597 3161 721 3200; x_wconf 90' lang='lat' dir='ltr'>cum</span> <span class='ocrx_word' id='word_1_486' title='bbox 748 3144 1013 3215; x_wconf 87' lang='lat' dir='ltr'>propheta</span> <span class='ocrx_word' id='word_1_487' title='bbox 1039 3141 1266 3198; x_wconf 89' lang='lat' dir='ltr'>viridico</span> <span class='ocrx_word' id='word_1_488' title='bbox 1291 3140 1561 3196; x_wconf 85' lang='lat' dir='ltr'>fateamur</span> <span class='ocrx_word' id='word_1_489' title='bbox 1602 3139 1714 3210; x_wconf 79' lang='lat' dir='ltr'>(Isa</span> <span class='ocrx_word' id='word_1_490' title='bbox 1757 3137 1840 3208; x_wconf 84' lang='lat' dir='ltr'>x),</span> 
     </span>
    </p>
   </div>
   <div class='ocr_carea' id='block_1_66' title="bbox 252 3227 1840 3299">
    <p class='ocr_par' dir='ltr' id='par_1_66' title="bbox 252 3227 1840 3299">
     <span class='ocr_line' id='line_1_66' title="bbox 252 3227 1840 3299; baseline -0.007 -10"><span class='ocrx_word' id='word_1_491' title='bbox 252 3234 300 3288; x_wconf 91' lang='lat' dir='ltr'>si</span> <span class='ocrx_word' id='word_1_492' title='bbox 331 3235 449 3289; x_wconf 90' lang='lat' dir='ltr'>hac</span> <span class='ocrx_word' id='word_1_493' title='bbox 478 3233 810 3297; x_wconf 89' lang='lat' dir='ltr'>humiliatur,</span> <span class='ocrx_word' id='word_1_494' title='bbox 843 3232 915 3286; x_wconf 90' lang='lat' dir='ltr'>ad</span> <span class='ocrx_word' id='word_1_495' title='bbox 968 3231 1121 3299; x_wconf 90' lang='lat' dir='ltr'>cujus</span> <span class='ocrx_word' id='word_1_496' title='bbox 1179 3227 1504 3299; x_wconf 86' lang='lat' dir='ltr'>confugietis</span> <span class='ocrx_word' id='word_1_497' title='bbox 1561 3227 1840 3292; x_wconf 85' lang='lat' dir='ltr'>auxilium,</span> 
     </span>
    </p>
   </div>
   <div class='ocr_carea' id='block_1_67' title="bbox 249 3313 1842 3392">
    <p class='ocr_par' dir='ltr' id='par_1_67' title="bbox 249 3313 1842 3392">
     <span class='ocr_line' id='line_1_67' title="bbox 249 3313 1842 3392; baseline -0.008 -14"><span class='ocrx_word' id='word_1_498' title='bbox 249 3322 341 3378; x_wconf 90' lang='lat' dir='ltr'>vel</span> <span class='ocrx_word' id='word_1_499' title='bbox 361 3322 454 3376; x_wconf 93' lang='lat' dir='ltr'>ubi</span> <span class='ocrx_word' id='word_1_500' title='bbox 484 3319 802 3392; x_wconf 87' lang='lat' dir='ltr'>relinquetis</span> <span class='ocrx_word' id='word_1_501' title='bbox 830 3318 1058 3390; x_wconf 86' lang='lat' dir='ltr'>gloriam</span> <span class='ocrx_word' id='word_1_502' title='bbox 1084 3324 1323 3374; x_wconf 90' lang='lat' dir='ltr'>vestram</span> <span class='ocrx_word' id='word_1_503' title='bbox 1341 3317 1370 3371; x_wconf 83' lang='lat'><strong>?</strong></span> <span class='ocrx_word' id='word_1_504' title='bbox 1397 3317 1534 3371; x_wconf 87' lang='lat' dir='ltr'>Data</span> <span class='ocrx_word' id='word_1_505' title='bbox 1563 3330 1624 3369; x_wconf 91' lang='grc' dir='ltr'>ιιι</span> <span class='ocrx_word' id='word_1_506' title='bbox 1645 3313 1842 3368; x_wconf 86' lang='lat' dir='ltr'>Kalen-</span> 
     </span>
    </p>
   </div>
   <div class='ocr_carea' id='block_1_68' title="bbox 251 3408 892 3476">
    <p class='ocr_par' dir='ltr' id='par_1_68' title="bbox 251 3408 892 3476">
     <span class='ocr_line' id='line_1_68' title="bbox 251 3408 892 3476; baseline -0.005 -11"><span class='ocrx_word' id='word_1_507' title='bbox 251 3410 352 3465; x_wconf 91' lang='lat' dir='ltr'>das</span> <span class='ocrx_word' id='word_1_508' title='bbox 381 3409 578 3476; x_wconf 87' lang='lat' dir='ltr'>Martii,</span> <span class='ocrx_word' id='word_1_509' title='bbox 609 3408 796 3463; x_wconf 91' lang='lat' dir='ltr'>indict.</span> <span class='ocrx_word' id='word_1_510' title='bbox 832 3421 892 3462; x_wconf 79' lang='grc' dir='ltr'>ιι.</span> 
     </span>
    </p>
   </div>
   <div class='ocr_carea' id='block_1_69' title="bbox 945 3529 1137 3598">
    <p class='ocr_par' dir='ltr' id='par_1_69' title="bbox 945 3529 1137 3598">
     <span class='ocr_line' id='line_1_69' title="bbox 945 3529 1137 3598; baseline -0.01 -14"><span class='ocrx_word' id='word_1_511' title='bbox 945 3529 1137 3598; x_wconf 87' lang='lat' dir='ltr'>LXIII,</span> 
     </span>
    </p>
   </div>
   <div class='ocr_carea' id='block_1_70' title="bbox 575 3629 1310 3674">
    <p class='ocr_par' dir='ltr' id='par_1_70' title="bbox 575 3629 1310 3674">
     <span class='ocr_line' id='line_1_70' title="bbox 575 3629 1310 3674; baseline -0.007 0"><span class='ocrx_word' id='word_1_512' title='bbox 575 3633 950 3674; x_wconf 66' lang='lat' dir='ltr'>LANDULPHUI</span> <span class='ocrx_word' id='word_1_513' title='bbox 1001 3629 1310 3671; x_wconf 71' lang='lat' dir='ltr'>EPISCOPUM</span> 
     </span>
    </p>
   </div>
   <div class='ocr_carea' id='block_1_71' title="bbox 870 3704 1229 3776">
    <p class='ocr_par' dir='ltr' id='par_1_71' title="bbox 870 3704 1229 3776">
     <span class='ocr_line' id='line_1_71' title="bbox 870 3704 1229 3776; baseline -0.006 -17"><span class='ocrx_word' id='word_1_514' title='bbox 870 3705 1050 3776; x_wconf 81' lang='lat' dir='ltr'>(Anno</span> <span class='ocrx_word' id='word_1_515' title='bbox 1081 3704 1229 3774; x_wconf 90' lang='grc'><strong>877.)</strong></span> 
     </span>
    </p>
   </div>
   <div class='ocr_carea' id='block_1_72' title="bbox 446 3626 1660 3676">
    <p class='ocr_par' dir='ltr' id='par_1_72' title="bbox 446 3626 1660 3676">
     <span class='ocr_line' id='line_1_72' title="bbox 446 3626 1660 3676; baseline -0.007 0"><span class='ocrx_word' id='word_1_516' title='bbox 446 3635 520 3676; x_wconf 73' lang='lat' dir='ltr'>All</span> <span class='ocrx_word' id='word_1_517' title='bbox 575 3633 950 3674; x_wconf 66' lang='lat' dir='ltr'>LANDULPHUH</span> <span class='ocrx_word' id='word_1_518' title='bbox 1001 3629 1310 3671; x_wconf 72' lang='lat' dir='ltr'>EPISCOPUM</span> <span class='ocrx_word' id='word_1_519' title='bbox 1363 3626 1660 3669; x_wconf 69' lang='lat' dir='ltr'>CAPUANUH</span> 
     </span>
    </p>
   </div>
   <div class='ocr_carea' id='block_1_73' title="bbox 2634 3155 2829 3211">
    <p class='ocr_par' dir='ltr' id='par_1_73' title="bbox 2634 3155 2829 3211">
     <span class='ocr_line' id='line_1_73' title="bbox 2634 3155 2829 3211; baseline -0.005 -1"><span class='ocrx_word' id='word_1_520' title='bbox 2634 3155 2804 3211; x_wconf 85' lang='lat' dir='ltr'><strong>LXIV</strong></span> <span class='ocrx_word' id='word_1_521' title='bbox 2816 3195 2829 3209; x_wconf 95' lang='lat'>.</span> 
     </span>
    </p>
   </div>
   <div class='ocr_carea' id='block_1_74' title="bbox 2273 3256 3186 3300">
    <p class='ocr_par' dir='ltr' id='par_1_74' title="bbox 2273 3256 3186 3300">
     <span class='ocr_line' id='line_1_74' title="bbox 2273 3256 3186 3300; baseline 0 -3"><span class='ocrx_word' id='word_1_522' title='bbox 2273 3258 2346 3297; x_wconf 77' lang='lat' dir='ltr'>AD</span> <span class='ocrx_word' id='word_1_523' title='bbox 2385 3258 2702 3298; x_wconf 73' lang='lat' dir='ltr'>FROTARIUM</span> <span class='ocrx_word' id='word_1_524' title='bbox 2738 3256 3186 3300; x_wconf 69' lang='lat' dir='ltr'>ARCHIEPISOPUM</span> 
     </span>
    </p>
   </div>
   <div class='ocr_carea' id='block_1_75' title="bbox 2491 3330 2884 3402">
    <p class='ocr_par' dir='ltr' id='par_1_75' title="bbox 2491 3330 2884 3402">
     <span class='ocr_line' id='line_1_75' title="bbox 2491 3330 2884 3402; baseline -0.005 -16"><span class='ocrx_word' id='word_1_525' title='bbox 2491 3331 2673 3402; x_wconf 79' lang='lat' dir='ltr'>(Anno</span> <span class='ocrx_word' id='word_1_526' title='bbox 2733 3330 2884 3402; x_wconf 91' lang='grc'><strong>877.)</strong></span> 
     </span>
    </p>
   </div>
   <div class='ocr_carea' id='block_1_76' title="bbox 1980 3428 3494 3501">
    <p class='ocr_par' dir='ltr' id='par_1_76' title="bbox 1980 3428 3494 3501">
     <span class='ocr_line' id='line_1_76' title="bbox 1980 3428 3494 3501; baseline 0.002 -17"><span class='ocrx_word' id='word_1_527' title='bbox 1980 3430 2303 3501; x_wconf 82' lang='lat' dir='ltr'>Frotarium</span> <span class='ocrx_word' id='word_1_528' title='bbox 2341 3429 2406 3482; x_wconf 87' lang='lat' dir='ltr'>ab</span> <span class='ocrx_word' id='word_1_529' title='bbox 2453 3428 2704 3484; x_wconf 75' lang='lat' dir='ltr'>Ecclesia</span> <span class='ocrx_word' id='word_1_530' title='bbox 2749 3428 3142 3501; x_wconf 71' lang='lat' dir='ltr'>Burdigalensi</span> <span class='ocrx_word' id='word_1_531' title='bbox 3181 3445 3216 3482; x_wconf 91' lang='lat' dir='ltr'>a</span> <span class='ocrx_word' id='word_1_532' title='bbox 3251 3431 3494 3501; x_wconf 79' lang='lat' dir='ltr'>paganis</span> 
     </span>
    </p>
   </div>
   <div class='ocr_carea' id='block_1_77' title="bbox 2157 3499 3336 3569">
    <p class='ocr_par' dir='ltr' id='par_1_77' title="bbox 2157 3499 3336 3569">
     <span class='ocr_line' id='line_1_77' title="bbox 2157 3499 3336 3569; baseline 0 -15"><span class='ocrx_word' id='word_1_533' title='bbox 2157 3499 2449 3554; x_wconf 84' lang='lat' dir='ltr'>devastata</span> <span class='ocrx_word' id='word_1_534' title='bbox 2493 3501 2769 3569; x_wconf 75' lang='lat' dir='ltr'>transfert</span> <span class='ocrx_word' id='word_1_535' title='bbox 2803 3499 2875 3553; x_wconf 87' lang='lat' dir='ltr'>ad</span> <span class='ocrx_word' id='word_1_536' title='bbox 2905 3499 3336 3554; x_wconf 69' lang='lat' dir='ltr'>Bituricensem.</span> 
     </span>
    </p>
   </div>
   <div class='ocr_carea' id='block_1_78' title="bbox 2016 3603 3541 3664">
    <p class='ocr_par' dir='ltr' id='par_1_78' title="bbox 2016 3603 3541 3664">
     <span class='ocr_line' id='line_1_78' title="bbox 2016 3603 3541 3664; baseline 0.001 -2"><span class='ocrx_word' id='word_1_537' title='bbox 2016 3604 2476 3662; x_wconf 88' lang='lat' dir='ltr'>Reverentissimo</span> <span class='ocrx_word' id='word_1_538' title='bbox 2533 3611 2585 3658; x_wconf 89' lang='lat' dir='ltr'>et</span> <span class='ocrx_word' id='word_1_539' title='bbox 2641 3603 2980 3660; x_wconf 89' lang='lat' dir='ltr'>sanctissimo</span> <span class='ocrx_word' id='word_1_540' title='bbox 3034 3603 3290 3660; x_wconf 88' lang='lat' dir='ltr'>confratri</span> <span class='ocrx_word' id='word_1_541' title='bbox 3356 3615 3541 3664; x_wconf 90' lang='lat' dir='ltr'>nostro</span> 
     </span>
    </p>
   </div>
   <div class='ocr_carea' id='block_1_79' title="bbox 1945 3691 3540 3764">
    <p class='ocr_par' dir='ltr' id='par_1_79' title="bbox 1945 3691 3540 3764">
     <span class='ocr_line' id='line_1_79' title="bbox 1945 3691 3540 3764; baseline 0.003 -16"><span class='ocrx_word' id='word_1_542' title='bbox 1945 3694 2248 3758; x_wconf 74' lang='lat' dir='ltr'>Faonmo,</span> <span class='ocrx_word' id='word_1_543' title='bbox 2277 3692 2479 3747; x_wconf 91' lang='lat' dir='ltr'>dudum</span> <span class='ocrx_word' id='word_1_544' title='bbox 2522 3692 2742 3763; x_wconf 90' lang='lat' dir='ltr'>quidem</span> <span class='ocrx_word' id='word_1_545' title='bbox 2775 3691 3327 3764; x_wconf 88' lang='lat' dir='ltr'>Burdigalensi,nunc</span> <span class='ocrx_word' id='word_1_546' title='bbox 3358 3704 3540 3753; x_wconf 88' lang='lat' dir='ltr'>autem</span> 
     </span>
    </p>
   </div>
   <div class='ocr_carea' id='block_1_80' title="bbox 259 3780 1845 3884">
    <p class='ocr_par' dir='ltr' id='par_1_80' title="bbox 259 3805 1845 3884">
     <span class='ocr_line' id='line_1_80' title="bbox 259 3805 1845 3884; baseline -0.008 -13"><span class='ocrx_word' id='word_1_547' title='bbox 259 3816 437 3872; x_wconf 74' lang='lat' dir='ltr'>Mittit</span> <span class='ocrx_word' id='word_1_548' title='bbox 469 3816 696 3884; x_wconf 76' lang='lat' dir='ltr'>legatos,</span> <span class='ocrx_word' id='word_1_549' title='bbox 741 3816 807 3867; x_wconf 85' lang='lat' dir='ltr'>ut</span> <span class='ocrx_word' id='word_1_550' title='bbox 825 3811 1086 3868; x_wconf 71' lang='lat' dir='ltr'>Docibilis</span> <span class='ocrx_word' id='word_1_551' title='bbox 1104 3811 1340 3884; x_wconf 74' lang='lat' dir='ltr'>hypatas</span> <span class='ocrx_word' id='word_1_552' title='bbox 1358 3810 1634 3884; x_wconf 82' lang='lat' dir='ltr'>petierat:</span> <span class='ocrx_word' id='word_1_553' title='bbox 1666 3805 1845 3883; x_wconf 78' lang='lat' dir='ltr'>horta-</span> 
     </span>
    </p>
   </div>
   <div class='ocr_carea' id='block_1_81' title="bbox 1947 3780 2724 3884">
    <p class='ocr_par' dir='ltr' id='par_1_81' title="bbox 1947 3780 2724 3852">
     <span class='ocr_line' id='line_1_81' title="bbox 1947 3780 2724 3852; baseline 0 -16"><span class='ocrx_word' id='word_1_554' title='bbox 1947 3781 2265 3838; x_wconf 88' lang='lat' dir='ltr'>Bituricensi</span> <span class='ocrx_word' id='word_1_555' title='bbox 2291 3780 2724 3852; x_wconf 88' lang='lat' dir='ltr'>archiepiscopo.</span> 
     </span>
    </p>
   </div>
   <div class='ocr_carea' id='block_1_82' title="bbox 326 3879 1846 3967">
    <p class='ocr_par' dir='ltr' id='par_1_82' title="bbox 326 3879 1846 3967">
     <span class='ocr_line' id='line_1_82' title="bbox 326 3879 1846 3967; baseline -0.008 -26"><span class='ocrx_word' id='word_1_556' title='bbox 326 3890 422 3967; x_wconf 52' lang='lat' dir='ltr'>{ur</span> <span class='ocrx_word' id='word_1_557' title='bbox 434 3889 500 3940; x_wconf 85' lang='lat' dir='ltr'>ut</span> <span class='ocrx_word' id='word_1_558' title='bbox 517 3879 610 3967; x_wconf 71' lang='lat' dir='ltr'>Etet</span> <span class='ocrx_word' id='word_1_559' title='bbox 630 3899 854 3967; x_wconf 70' lang='lat' dir='ltr'>Operam</span> <span class='ocrx_word' id='word_1_560' title='bbox 874 3899 991 3967; x_wconf 73' lang='lat' dir='ltr'>una</span> <span class='ocrx_word' id='word_1_561' title='bbox 1007 3879 1368 3967; x_wconf 40' lang='lat' dir='ltr'>cu&#39;m&#39;l‘egatis,</span> <span class='ocrx_word' id='word_1_562' title='bbox 1389 3883 1455 3934; x_wconf 86' lang='lat' dir='ltr'>ut</span> <span class='ocrx_word' id='word_1_563' title='bbox 1473 3881 1703 3967; x_wconf 67' lang='lat' dir='ltr'>pacta-ni</span> <span class='ocrx_word' id='word_1_564' title='bbox 1715 3879 1846 3967; x_wconf 57' lang='grc' dir='ltr'>σξιίιι</span> 
     </span>
    </p>
   </div>
   <div class='ocr_carea' id='block_1_83' title="bbox 330 3947 1847 4021">
    <p class='ocr_par' dir='ltr' id='par_1_83' title="bbox 330 3947 1847 4021">
     <span class='ocr_line' id='line_1_83' title="bbox 330 3947 1847 4021; baseline -0.007 -9"><span class='ocrx_word' id='word_1_565' title='bbox 330 3955 629 4013; x_wconf 77' lang='lat' dir='ltr'>Saracenis</span> <span class='ocrx_word' id='word_1_566' title='bbox 650 3947 863 4009; x_wconf 82' lang='lat' dir='ltr'>initum</span> <span class='ocrx_word' id='word_1_567' title='bbox 913 3947 1252 4007; x_wconf 70' lang='lat' dir='ltr'>dissolvatur</span> <span class='ocrx_word' id='word_1_568' title='bbox 1283 3971 1301 4018; x_wconf 86' lang='lat'><strong><em>;</em></strong></span> <span class='ocrx_word' id='word_1_569' title='bbox 1330 3965 1388 4005; x_wconf 83' lang='lat' dir='ltr'>se</span> <span class='ocrx_word' id='word_1_570' title='bbox 1419 3947 1684 4021; x_wconf 76' lang='lat' dir='ltr'>quidquid</span> <span class='ocrx_word' id='word_1_571' title='bbox 1705 3947 1771 4002; x_wconf 91' lang='lat' dir='ltr'>ab</span> <span class='ocrx_word' id='word_1_572' title='bbox 1789 3962 1847 4002; x_wconf 86' lang='lat' dir='ltr'>eo</span> 
     </span>
    </p>
   </div>
   <div class='ocr_carea' id='block_1_84' title="bbox 324 4023 1346 4095">
    <p class='ocr_par' dir='ltr' id='par_1_84' title="bbox 324 4023 1346 4095">
     <span class='ocr_line' id='line_1_84' title="bbox 324 4023 1346 4095; baseline -0.008 -13"><span class='ocrx_word' id='word_1_573' title='bbox 324 4028 637 4082; x_wconf 80' lang='lat' dir='ltr'>constitum</span> <span class='ocrx_word' id='word_1_574' title='bbox 652 4024 850 4095; x_wconf 82' lang='lat' dir='ltr'>fuerit,</span> <span class='ocrx_word' id='word_1_575' title='bbox 885 4023 1346 4094; x_wconf 83' lang='lat' dir='ltr'>approbaturum.</span> 
     </span>
    </p>
   </div>
   <div class='ocr_carea' id='block_1_85' title="bbox 325 4128 1307 4200">
    <p class='ocr_par' dir='ltr' id='par_1_85' title="bbox 325 4128 1307 4200">
     <span class='ocr_line' id='line_1_85' title="bbox 325 4128 1307 4200; baseline -0.007 -13"><span class='ocrx_word' id='word_1_576' title='bbox 325 4133 667 4187; x_wconf 71' lang='lat' dir='ltr'>LANDULPHO</span> <span class='ocrx_word' id='word_1_577' title='bbox 720 4129 976 4200; x_wconf 91' lang='lat' dir='ltr'>episcopo</span> <span class='ocrx_word' id='word_1_578' title='bbox 1033 4128 1307 4197; x_wconf 90' lang='lat' dir='ltr'>Capuano.</span> 
     </span>
    </p>
   </div>
   <div class='ocr_carea' id='block_1_86' title="bbox 324 4219 1849 4292">
    <p class='ocr_par' dir='ltr' id='par_1_86' title="bbox 324 4219 1849 4292">
     <span class='ocr_line' id='line_1_86' title="bbox 324 4219 1849 4292; baseline -0.007 -7"><span class='ocrx_word' id='word_1_579' title='bbox 324 4229 552 4286; x_wconf 86' lang='lat' dir='ltr'>Noverit</span> <span class='ocrx_word' id='word_1_580' title='bbox 580 4226 842 4282; x_wconf 92' lang='lat' dir='ltr'>industria</span> <span class='ocrx_word' id='word_1_581' title='bbox 913 4232 1002 4279; x_wconf 87' lang='lat' dir='ltr'>tua</span> <span class='ocrx_word' id='word_1_582' title='bbox 1045 4240 1146 4278; x_wconf 93' lang='lat' dir='ltr'>nos</span> <span class='ocrx_word' id='word_1_583' title='bbox 1204 4231 1311 4277; x_wconf 88' lang='lat' dir='ltr'>tam</span> <span class='ocrx_word' id='word_1_584' title='bbox 1369 4220 1547 4292; x_wconf 86' lang='lat' dir='ltr'>Sergii</span> <span class='ocrx_word' id='word_1_585' title='bbox 1601 4219 1849 4292; x_wconf 87' lang='lat' dir='ltr'>magistri</span> 
     </span>
    </p>
   </div>
   <div class='ocr_carea' id='block_1_87' title="bbox 248 4308 1844 4388">
    <p class='ocr_par' dir='ltr' id='par_1_87' title="bbox 248 4308 1844 4388">
     <span class='ocr_line' id='line_1_87' title="bbox 248 4308 1844 4388; baseline -0.006 -14"><span class='ocrx_word' id='word_1_586' title='bbox 248 4319 486 4374; x_wconf 91' lang='lat' dir='ltr'>militum</span> <span class='ocrx_word' id='word_1_587' title='bbox 517 4332 676 4388; x_wconf 88' lang='lat' dir='ltr'>quam</span> <span class='ocrx_word' id='word_1_588' title='bbox 705 4313 963 4370; x_wconf 84' lang='lat' dir='ltr'>Docibilis</span> <span class='ocrx_word' id='word_1_589' title='bbox 993 4311 1178 4383; x_wconf 86' lang='lat' dir='ltr'>hypati</span> <span class='ocrx_word' id='word_1_590' title='bbox 1206 4309 1462 4380; x_wconf 87' lang='lat' dir='ltr'>epistolas</span> <span class='ocrx_word' id='word_1_591' title='bbox 1494 4308 1800 4379; x_wconf 87' lang='lat' dir='ltr'>suscepisse</span> <span class='ocrx_word' id='word_1_592' title='bbox 1831 4325 1844 4364; x_wconf 93' lang='lat'><strong>:</strong></span> 
     </span>
    </p>
   </div>
   <div class='ocr_carea' id='block_1_88' title="bbox 2016 3869 3530 3944">
    <p class='ocr_par' dir='ltr' id='par_1_88' title="bbox 2016 3869 3530 3944">
     <span class='ocr_line' id='line_1_88' title="bbox 2016 3869 3530 3944; baseline 0.005 -18"><span class='ocrx_word' id='word_1_593' title='bbox 2016 3871 2101 3926; x_wconf 79' lang='lat' dir='ltr'>Ad</span> <span class='ocrx_word' id='word_1_594' title='bbox 2122 3872 2227 3926; x_wconf 90' lang='lat' dir='ltr'>hoc</span> <span class='ocrx_word' id='word_1_595' title='bbox 2251 3885 2351 3924; x_wconf 92' lang='lat' dir='ltr'>nos</span> <span class='ocrx_word' id='word_1_596' title='bbox 2380 3869 2564 3925; x_wconf 88' lang='lat' dir='ltr'>divina</span> <span class='ocrx_word' id='word_1_597' title='bbox 2593 3870 2811 3941; x_wconf 91' lang='lat' dir='ltr'>proviso</span> <span class='ocrx_word' id='word_1_598' title='bbox 2842 3887 3186 3944; x_wconf 89' lang='lat' dir='ltr'>supernaque</span> <span class='ocrx_word' id='word_1_599' title='bbox 3224 3875 3530 3933; x_wconf 89' lang='lat' dir='ltr'>moderatio</span> 
     </span>
    </p>
   </div>
   <div class='ocr_carea' id='block_1_89' title="bbox 1946 3957 3542 4034">
    <p class='ocr_par' dir='ltr' id='par_1_89' title="bbox 1946 3957 3542 4034">
     <span class='ocr_line' id='line_1_89' title="bbox 1946 3957 3542 4034; baseline 0.004 -20"><span class='ocrx_word' id='word_1_600' title='bbox 1946 3959 2206 4016; x_wconf 87' lang='lat' dir='ltr'>Ecclesiis</span> <span class='ocrx_word' id='word_1_601' title='bbox 2237 3959 2349 4013; x_wconf 86' lang='lat' dir='ltr'>suis</span> <span class='ocrx_word' id='word_1_602' title='bbox 2379 3957 2548 4014; x_wconf 88' lang='lat' dir='ltr'>voluit</span> <span class='ocrx_word' id='word_1_603' title='bbox 2577 3975 2815 4028; x_wconf 86' lang='lat' dir='ltr'>praesse</span> <span class='ocrx_word' id='word_1_604' title='bbox 2855 3967 3116 4027; x_wconf 83' lang='lat' dir='ltr'>rectores,</span> <span class='ocrx_word' id='word_1_605' title='bbox 3175 3970 3234 4016; x_wconf 91' lang='lat' dir='ltr'>ut</span> <span class='ocrx_word' id='word_1_606' title='bbox 3288 3963 3542 4034; x_wconf 87' lang='lat' dir='ltr'>dispersa</span> 
     </span>
    </p>
   </div>
   <div class='ocr_carea' id='block_1_90' title="bbox 1947 4053 3538 4120">
    <p class='ocr_par' dir='ltr' id='par_1_90' title="bbox 1947 4053 3538 4120">
     <span class='ocr_line' id='line_1_90' title="bbox 1947 4053 3538 4120; baseline 0.004 -17"><span class='ocrx_word' id='word_1_607' title='bbox 1947 4063 2290 4120; x_wconf 87' lang='lat' dir='ltr'>congregare</span> <span class='ocrx_word' id='word_1_608' title='bbox 2329 4053 2380 4101; x_wconf 92' lang='lat' dir='ltr'>et</span> <span class='ocrx_word' id='word_1_609' title='bbox 2436 4062 2652 4101; x_wconf 90' lang='lat' dir='ltr'>servare</span> <span class='ocrx_word' id='word_1_610' title='bbox 2711 4058 3039 4120; x_wconf 87' lang='lat' dir='ltr'>congregata</span> <span class='ocrx_word' id='word_1_611' title='bbox 3093 4065 3303 4105; x_wconf 90' lang='lat' dir='ltr'>summo</span> <span class='ocrx_word' id='word_1_612' title='bbox 3359 4053 3538 4111; x_wconf 91' lang='lat' dir='ltr'>studio</span> 
     </span>
    </p>
   </div>
   <div class='ocr_carea' id='block_1_91' title="bbox 1948 4134 3535 4213">
    <p class='ocr_par' dir='ltr' id='par_1_91' title="bbox 1948 4134 3535 4213">
     <span class='ocr_line' id='line_1_91' title="bbox 1948 4134 3535 4213; baseline 0.004 -24"><span class='ocrx_word' id='word_1_613' title='bbox 1948 4152 2321 4208; x_wconf 89' lang='lat' dir='ltr'>procuremus,</span> <span class='ocrx_word' id='word_1_614' title='bbox 2344 4151 2451 4190; x_wconf 92' lang='lat' dir='ltr'>non</span> <span class='ocrx_word' id='word_1_615' title='bbox 2483 4135 2658 4189; x_wconf 91' lang='lat' dir='ltr'>solum</span> <span class='ocrx_word' id='word_1_616' title='bbox 2689 4134 2872 4206; x_wconf 72' lang='lat' dir='ltr'>[for-te,</span> <span class='ocrx_word' id='word_1_617' title='bbox 2906 4145 2960 4190; x_wconf 91' lang='lat' dir='ltr'>et</span> <span class='ocrx_word' id='word_1_618' title='bbox 2980 4151 3089 4191; x_wconf 90' lang='lat' dir='ltr'>non</span> <span class='ocrx_word' id='word_1_619' title='bbox 3107 4138 3303 4192; x_wconf 91' lang='lat' dir='ltr'>solum.</span> <span class='ocrx_word' id='word_1_620' title='bbox 3328 4139 3535 4213; x_wconf 64' lang='lat' dir='ltr'>Hum]</span> 
     </span>
    </p>
   </div>
   <div class='ocr_carea' id='block_1_92' title="bbox 1949 4222 3537 4298">
    <p class='ocr_par' dir='ltr' id='par_1_92' title="bbox 1949 4222 3537 4298">
     <span class='ocr_line' id='line_1_92' title="bbox 1949 4222 3537 4298; baseline 0.001 -18"><span class='ocrx_word' id='word_1_621' title='bbox 1949 4224 2256 4280; x_wconf 90' lang='lat' dir='ltr'>earumdem</span> <span class='ocrx_word' id='word_1_622' title='bbox 2305 4222 2676 4278; x_wconf 90' lang='lat' dir='ltr'>Ecclesiarum</span> <span class='ocrx_word' id='word_1_623' title='bbox 2733 4223 3168 4291; x_wconf 90' lang='lat' dir='ltr'>sollicitudinem,</span> <span class='ocrx_word' id='word_1_624' title='bbox 3229 4227 3327 4280; x_wconf 91' lang='lat' dir='ltr'>sed</span> <span class='ocrx_word' id='word_1_625' title='bbox 3384 4228 3537 4298; x_wconf 90' lang='lat' dir='ltr'>ipso-</span> 
     </span>
    </p>
   </div>
   <div class='ocr_carea' id='block_1_93' title="bbox 1951 4311 3541 4382">
    <p class='ocr_par' dir='ltr' id='par_1_93' title="bbox 1951 4311 3541 4382">
     <span class='ocr_line' id='line_1_93' title="bbox 1951 4311 3541 4382; baseline 0.002 -13"><span class='ocrx_word' id='word_1_626' title='bbox 1951 4330 2069 4369; x_wconf 89' lang='lat' dir='ltr'>rum</span> <span class='ocrx_word' id='word_1_627' title='bbox 2126 4327 2341 4382; x_wconf 91' lang='lat' dir='ltr'>quoque</span> <span class='ocrx_word' id='word_1_628' title='bbox 2397 4319 2672 4366; x_wconf 89' lang='lat' dir='ltr'>rectorum</span> <span class='ocrx_word' id='word_1_629' title='bbox 2736 4311 3030 4367; x_wconf 88' lang='lat' dir='ltr'>habeamus</span> <span class='ocrx_word' id='word_1_630' title='bbox 3103 4312 3423 4370; x_wconf 89' lang='lat' dir='ltr'>industriam</span> <span class='ocrx_word' id='word_1_631' title='bbox 3486 4324 3541 4373; x_wconf 85' lang='lat' dir='ltr'>et</span> 
     </span>
    </p>
   </div>
   <div class='ocr_carea' id='block_1_94' title="bbox 255 4373 3538 4479">
    <p class='ocr_par' dir='ltr' id='par_1_94' title="bbox 255 4373 3538 4479">
     <span class='ocr_line' id='line_1_94' title="bbox 255 4373 3538 4479; baseline -0 -18"><span class='ocrx_word' id='word_1_632' title='bbox 255 4407 456 4479; x_wconf 89' lang='lat' dir='ltr'>quibus</span> <span class='ocrx_word' id='word_1_633' title='bbox 488 4404 844 4476; x_wconf 88' lang='lat' dir='ltr'>cognovimus</span> <span class='ocrx_word' id='word_1_634' title='bbox 875 4417 969 4458; x_wconf 90' lang='lat' dir='ltr'>eos</span> <span class='ocrx_word' id='word_1_635' title='bbox 1000 4399 1337 4456; x_wconf 86' lang='lat' dir='ltr'>excusabiles</span> <span class='ocrx_word' id='word_1_636' title='bbox 1369 4414 1427 4452; x_wconf 91' lang='lat' dir='ltr'>se</span> <span class='ocrx_word' id='word_1_637' title='bbox 1465 4397 1605 4453; x_wconf 93' lang='lat' dir='ltr'>velle</span> <span class='ocrx_word' id='word_1_638' title='bbox 1659 4413 1847 4452; x_wconf 91' lang='lat' dir='ltr'>coram</span> <span class='ocrx_word' id='word_1_639' title='bbox 1874 4373 1929 4434; x_wconf 84' lang='lat' dir='ltr'>D</span> <span class='ocrx_word' id='word_1_640' title='bbox 1951 4416 2305 4456; x_wconf 89' lang='lat' dir='ltr'>exerceamus</span> <span class='ocrx_word' id='word_1_641' title='bbox 2342 4399 2618 4455; x_wconf 85' lang='lat' dir='ltr'>solertiam</span> <span class='ocrx_word' id='word_1_642' title='bbox 2654 4415 2666 4454; x_wconf 93' lang='lat'><strong>:</strong></span> <span class='ocrx_word' id='word_1_643' title='bbox 2726 4409 2990 4472; x_wconf 88' lang='lat' dir='ltr'>quatenus</span> <span class='ocrx_word' id='word_1_644' title='bbox 3044 4401 3180 4458; x_wconf 88' lang='lat' dir='ltr'>sicut</span> <span class='ocrx_word' id='word_1_645' title='bbox 3235 4404 3538 4460; x_wconf 87' lang='lat' dir='ltr'>rectoribus</span> 
     </span>
    </p>
   </div>
   <div class='ocr_carea' id='block_1_95' title="bbox 253 4485 1850 4558">
    <p class='ocr_par' dir='ltr' id='par_1_95' title="bbox 253 4485 1850 4558">
     <span class='ocr_line' id='line_1_95' title="bbox 253 4485 1850 4558; baseline -0.006 -8"><span class='ocrx_word' id='word_1_646' title='bbox 253 4495 416 4550; x_wconf 91' lang='lat' dir='ltr'>nobis</span> <span class='ocrx_word' id='word_1_647' title='bbox 445 4493 678 4549; x_wconf 89' lang='lat' dir='ltr'>reddere</span> <span class='ocrx_word' id='word_1_648' title='bbox 735 4490 1022 4546; x_wconf 90' lang='lat' dir='ltr'>tentavisse</span> <span class='ocrx_word' id='word_1_649' title='bbox 1079 4503 1243 4558; x_wconf 91' lang='lat' dir='ltr'>super</span> <span class='ocrx_word' id='word_1_650' title='bbox 1300 4494 1572 4542; x_wconf 88' lang='lat' dir='ltr'>contracto</span> <span class='ocrx_word' id='word_1_651' title='bbox 1630 4485 1850 4541; x_wconf 89' lang='lat' dir='ltr'>infando</span> 
     </span>
    </p>
   </div>
   <div class='ocr_carea' id='block_1_96' title="bbox 255 4575 1852 4653">
    <p class='ocr_par' dir='ltr' id='par_1_96' title="bbox 255 4575 1852 4653">
     <span class='ocr_line' id='line_1_96' title="bbox 255 4575 1852 4653; baseline -0.004 -15"><span class='ocrx_word' id='word_1_652' title='bbox 255 4583 463 4640; x_wconf 78' lang='lat' dir='ltr'>fadere</span> <span class='ocrx_word' id='word_1_653' title='bbox 491 4580 638 4653; x_wconf 93' lang='lat' dir='ltr'>quod</span> <span class='ocrx_word' id='word_1_654' title='bbox 667 4596 792 4636; x_wconf 92' lang='lat' dir='ltr'>cum</span> <span class='ocrx_word' id='word_1_655' title='bbox 824 4576 1110 4634; x_wconf 87' lang='lat' dir='ltr'>Saracenis</span> <span class='ocrx_word' id='word_1_656' title='bbox 1150 4576 1314 4646; x_wconf 88' lang='lat' dir='ltr'>impie</span> <span class='ocrx_word' id='word_1_657' title='bbox 1369 4575 1694 4648; x_wconf 88' lang='lat' dir='ltr'>pepigerunt</span> <span class='ocrx_word' id='word_1_658' title='bbox 1749 4590 1852 4631; x_wconf 87' lang='lat' dir='ltr'>nec</span> 
     </span>
    </p>
   </div>
   <div class='ocr_carea' id='block_1_97' title="bbox 259 4657 1852 4734">
    <p class='ocr_par' dir='ltr' id='par_1_97' title="bbox 259 4657 1852 4734">
     <span class='ocr_line' id='line_1_97' title="bbox 259 4657 1852 4734; baseline -0.006 -12"><span class='ocrx_word' id='word_1_659' title='bbox 259 4666 633 4730; x_wconf 87' lang='lat' dir='ltr'>absolverunt,</span> <span class='ocrx_word' id='word_1_660' title='bbox 664 4664 720 4717; x_wconf 92' lang='lat' dir='ltr'>in</span> <span class='ocrx_word' id='word_1_661' title='bbox 746 4670 971 4728; x_wconf 89' lang='lat' dir='ltr'>tantum,</span> <span class='ocrx_word' id='word_1_662' title='bbox 1002 4669 1059 4716; x_wconf 91' lang='lat' dir='ltr'>ut</span> <span class='ocrx_word' id='word_1_663' title='bbox 1103 4660 1322 4734; x_wconf 87' lang='lat' dir='ltr'>gerulus</span> <span class='ocrx_word' id='word_1_664' title='bbox 1378 4676 1566 4714; x_wconf 90' lang='lat' dir='ltr'>earum</span> <span class='ocrx_word' id='word_1_665' title='bbox 1623 4657 1852 4714; x_wconf 87' lang='lat' dir='ltr'>referret</span> 
     </span>
    </p>
   </div>
   <div class='ocr_carea' id='block_1_98' title="bbox 253 4746 1854 4825">
    <p class='ocr_par' dir='ltr' id='par_1_98' title="bbox 253 4746 1854 4825">
     <span class='ocr_line' id='line_1_98' title="bbox 253 4746 1854 4825; baseline -0.006 -15"><span class='ocrx_word' id='word_1_666' title='bbox 253 4756 372 4825; x_wconf 90' lang='lat' dir='ltr'>jam</span> <span class='ocrx_word' id='word_1_667' title='bbox 400 4754 569 4809; x_wconf 91' lang='lat' dir='ltr'>fuisse</span> <span class='ocrx_word' id='word_1_668' title='bbox 599 4752 896 4822; x_wconf 89' lang='lat' dir='ltr'>diruptum,</span> <span class='ocrx_word' id='word_1_669' title='bbox 925 4749 1030 4804; x_wconf 92' lang='lat' dir='ltr'>nisi</span> <span class='ocrx_word' id='word_1_670' title='bbox 1060 4749 1275 4805; x_wconf 89' lang='lat' dir='ltr'>dilectio</span> <span class='ocrx_word' id='word_1_671' title='bbox 1305 4757 1392 4802; x_wconf 90' lang='lat' dir='ltr'>tua</span> <span class='ocrx_word' id='word_1_672' title='bbox 1423 4764 1519 4820; x_wconf 91' lang='lat' dir='ltr'>pro</span> <span class='ocrx_word' id='word_1_673' title='bbox 1548 4746 1854 4803; x_wconf 90' lang='lat' dir='ltr'>reverentia</span> 
     </span>
    </p>
   </div>
   <div class='ocr_carea' id='block_1_99' title="bbox 256 4831 1854 4903">
    <p class='ocr_par' dir='ltr' id='par_1_99' title="bbox 256 4831 1854 4903">
     <span class='ocr_line' id='line_1_99' title="bbox 256 4831 1854 4903; baseline -0.004 -12"><span class='ocrx_word' id='word_1_674' title='bbox 256 4837 449 4903; x_wconf 88' lang='lat' dir='ltr'>nostri,</span> <span class='ocrx_word' id='word_1_675' title='bbox 510 4843 754 4890; x_wconf 89' lang='lat' dir='ltr'>nostrum</span> <span class='ocrx_word' id='word_1_676' title='bbox 810 4835 864 4888; x_wconf 93' lang='lat' dir='ltr'>in</span> <span class='ocrx_word' id='word_1_677' title='bbox 920 4834 1036 4889; x_wconf 78' lang='lat' dir='ltr'>hoc‘</span> <span class='ocrx_word' id='word_1_678' title='bbox 1081 4831 1502 4903; x_wconf 88' lang='lat' dir='ltr'>exspectandum</span> <span class='ocrx_word' id='word_1_679' title='bbox 1571 4831 1854 4885; x_wconf 88' lang='lat' dir='ltr'>arbitrium</span> 
     </span>
    </p>
   </div>
   <div class='ocr_carea' id='block_1_100' title="bbox 250 4919 1854 4994">
    <p class='ocr_par' dir='ltr' id='par_1_100' title="bbox 250 4919 1854 4994">
     <span class='ocr_line' id='line_1_100' title="bbox 250 4919 1854 4994; baseline -0.004 -13"><span class='ocrx_word' id='word_1_680' title='bbox 250 4925 573 4994; x_wconf 88' lang='lat' dir='ltr'>judicasset.</span> <span class='ocrx_word' id='word_1_681' title='bbox 608 4923 865 4992; x_wconf 89' lang='lat' dir='ltr'>Quamvis</span> <span class='ocrx_word' id='word_1_682' title='bbox 895 4937 998 4977; x_wconf 91' lang='lat' dir='ltr'>nec</span> <span class='ocrx_word' id='word_1_683' title='bbox 1028 4922 1144 4977; x_wconf 81' lang='lat' dir='ltr'>hac</span> <span class='ocrx_word' id='word_1_684' title='bbox 1174 4921 1290 4992; x_wconf 92' lang='lat' dir='ltr'>ipsa</span> <span class='ocrx_word' id='word_1_685' title='bbox 1336 4936 1402 4975; x_wconf 90' lang='lat' dir='ltr'>ex</span> <span class='ocrx_word' id='word_1_686' title='bbox 1444 4927 1554 4974; x_wconf 90' lang='lat' dir='ltr'>toto</span> <span class='ocrx_word' id='word_1_687' title='bbox 1601 4919 1854 4974; x_wconf 85' lang='lat' dir='ltr'>credide-</span> 
     </span>
    </p>
   </div>
   <div class='ocr_carea' id='block_1_101' title="bbox 258 5007 1852 5083">
    <p class='ocr_par' dir='ltr' id='par_1_101' title="bbox 258 5007 1852 5083">
     <span class='ocr_line' id='line_1_101' title="bbox 258 5007 1852 5083; baseline -0.006 -14"><span class='ocrx_word' id='word_1_688' title='bbox 258 5014 452 5079; x_wconf 90' lang='lat' dir='ltr'>rimus,</span> <span class='ocrx_word' id='word_1_689' title='bbox 485 5027 552 5068; x_wconf 91' lang='lat' dir='ltr'>eo</span> <span class='ocrx_word' id='word_1_690' title='bbox 581 5011 726 5083; x_wconf 90' lang='lat' dir='ltr'>quod</span> <span class='ocrx_word' id='word_1_691' title='bbox 751 5011 820 5066; x_wconf 92' lang='lat' dir='ltr'>de</span> <span class='ocrx_word' id='word_1_692' title='bbox 852 5011 935 5064; x_wconf 88' lang='lat' dir='ltr'>his</span> <span class='ocrx_word' id='word_1_693' title='bbox 973 5009 1176 5064; x_wconf 89' lang='lat' dir='ltr'>nullam</span> <span class='ocrx_word' id='word_1_694' title='bbox 1232 5017 1378 5063; x_wconf 89' lang='lat' dir='ltr'>tuam</span> <span class='ocrx_word' id='word_1_695' title='bbox 1435 5007 1852 5079; x_wconf 90' lang='lat' dir='ltr'>susceperimus.</span> 
     </span>
    </p>
   </div>
   <div class='ocr_carea' id='block_1_102' title="bbox 261 5095 1859 5172">
    <p class='ocr_par' dir='ltr' id='par_1_102' title="bbox 261 5095 1859 5172">
     <span class='ocr_line' id='line_1_102' title="bbox 261 5095 1859 5172; baseline -0.006 -15"><span class='ocrx_word' id='word_1_696' title='bbox 261 5103 462 5157; x_wconf 83' lang='lat' dir='ltr'>Verum</span> <span class='ocrx_word' id='word_1_697' title='bbox 493 5100 617 5172; x_wconf 88' lang='lat' dir='ltr'>quia</span> <span class='ocrx_word' id='word_1_698' title='bbox 672 5115 774 5155; x_wconf 92' lang='lat' dir='ltr'>nos</span> <span class='ocrx_word' id='word_1_699' title='bbox 825 5098 1116 5170; x_wconf 84' lang='lat' dir='ltr'>pradictus</span> <span class='ocrx_word' id='word_1_700' title='bbox 1171 5095 1432 5151; x_wconf 90' lang='lat' dir='ltr'>Docibilis</span> <span class='ocrx_word' id='word_1_701' title='bbox 1487 5096 1740 5166; x_wconf 88' lang='lat' dir='ltr'>hypatus,</span> <span class='ocrx_word' id='word_1_702' title='bbox 1800 5102 1859 5148; x_wconf 91' lang='lat' dir='ltr'>ut</span> 
     </span>
    </p>
   </div>
   <div class='ocr_carea' id='block_1_103' title="bbox 260 5181 1858 5258">
    <p class='ocr_par' dir='ltr' id='par_1_103' title="bbox 260 5181 1858 5258">
     <span class='ocr_line' id='line_1_103' title="bbox 260 5181 1858 5258; baseline -0.004 -14"><span class='ocrx_word' id='word_1_703' title='bbox 260 5191 460 5244; x_wconf 87' lang='lat' dir='ltr'>missos</span> <span class='ocrx_word' id='word_1_704' title='bbox 489 5196 707 5244; x_wconf 91' lang='lat' dir='ltr'>nostros</span> <span class='ocrx_word' id='word_1_705' title='bbox 735 5203 837 5258; x_wconf 91' lang='lat' dir='ltr'>pro</span> <span class='ocrx_word' id='word_1_706' title='bbox 894 5195 1040 5241; x_wconf 89' lang='lat' dir='ltr'>tanto</span> <span class='ocrx_word' id='word_1_707' title='bbox 1093 5186 1236 5239; x_wconf 93' lang='lat' dir='ltr'>bono</span> <span class='ocrx_word' id='word_1_708' title='bbox 1290 5191 1342 5239; x_wconf 92' lang='lat' dir='ltr'>et</span> <span class='ocrx_word' id='word_1_709' title='bbox 1400 5183 1546 5238; x_wconf 89' lang='lat' dir='ltr'>omni</span> <span class='ocrx_word' id='word_1_710' title='bbox 1590 5181 1858 5238; x_wconf 81' lang='lat' dir='ltr'>Ecclesia</span> 
     </span>
    </p>
   </div>
   <div class='ocr_carea' id='block_1_104' title="bbox 264 5271 1858 5350">
    <p class='ocr_par' dir='ltr' id='par_1_104' title="bbox 264 5271 1858 5350">
     <span class='ocr_line' id='line_1_104' title="bbox 264 5271 1858 5350; baseline -0.006 -16"><span class='ocrx_word' id='word_1_711' title='bbox 264 5277 546 5350; x_wconf 86' lang='lat' dir='ltr'>profuturo</span> <span class='ocrx_word' id='word_1_712' title='bbox 576 5275 932 5347; x_wconf 92' lang='lat' dir='ltr'>perﬁciendo,</span> <span class='ocrx_word' id='word_1_713' title='bbox 969 5275 1211 5344; x_wconf 89' lang='lat' dir='ltr'>Cajetam</span> <span class='ocrx_word' id='word_1_714' title='bbox 1250 5272 1608 5337; x_wconf 90' lang='lat' dir='ltr'>mitteremus,</span> <span class='ocrx_word' id='word_1_715' title='bbox 1661 5271 1858 5350; x_wconf 85' lang='lat' dir='ltr'>obnixe</span> 
     </span>
    </p>
   </div>
   <div class='ocr_carea' id='block_1_105' title="bbox 266 5346 1860 5439">
    <p class='ocr_par' dir='ltr' id='par_1_105' title="bbox 266 5346 1860 5439">
     <span class='ocr_line' id='line_1_105' title="bbox 266 5346 1860 5439; baseline -0.006 -17"><span class='ocrx_word' id='word_1_716' title='bbox 266 5346 502 5439; x_wconf 79' lang='lat' dir='ltr'>rogavit,</span> <span class='ocrx_word' id='word_1_717' title='bbox 555 5346 624 5419; x_wconf 85' lang='lat' dir='ltr'>ne</span> <span class='ocrx_word' id='word_1_718' title='bbox 663 5363 997 5436; x_wconf 86' lang='lat' dir='ltr'>negligentia</span> <span class='ocrx_word' id='word_1_719' title='bbox 1052 5370 1239 5418; x_wconf 89' lang='lat' dir='ltr'>nostra</span> <span class='ocrx_word' id='word_1_720' title='bbox 1297 5359 1598 5415; x_wconf 80' lang='lat' dir='ltr'>diﬁ&#39;amaret</span> <span class='ocrx_word' id='word_1_721' title='bbox 1661 5346 1860 5413; x_wconf 80' lang='lat' dir='ltr'>tantam</span> 
     </span>
    </p>
   </div>
   <div class='ocr_carea' id='block_1_106' title="bbox 266 5447 1862 5526">
    <p class='ocr_par' dir='ltr' id='par_1_106' title="bbox 266 5447 1862 5526">
     <span class='ocr_line' id='line_1_106' title="bbox 266 5447 1862 5526; baseline -0.005 -16"><span class='ocrx_word' id='word_1_722' title='bbox 266 5454 492 5510; x_wconf 87' lang='lat' dir='ltr'>humani</span> <span class='ocrx_word' id='word_1_723' title='bbox 524 5452 1004 5526; x_wconf 81' lang='lat' dir='ltr'>generissalutem</span> <span class='ocrx_word' id='word_1_724' title='bbox 1037 5448 1410 5522; x_wconf 88' lang='lat' dir='ltr'>postpositam,</span> <span class='ocrx_word' id='word_1_725' title='bbox 1441 5447 1688 5502; x_wconf 88' lang='lat' dir='ltr'>misimus</span> <span class='ocrx_word' id='word_1_726' title='bbox 1733 5447 1862 5502; x_wconf 91' lang='lat' dir='ltr'>illuc</span> 
     </span>
    </p>
   </div>
   <div class='ocr_carea' id='block_1_107' title="bbox 1950 4483 3534 4556">
    <p class='ocr_par' dir='ltr' id='par_1_107' title="bbox 1950 4483 3534 4556">
     <span class='ocr_line' id='line_1_107' title="bbox 1950 4483 3534 4556; baseline 0.003 -16"><span class='ocrx_word' id='word_1_727' title='bbox 1950 4483 2218 4540; x_wconf 87' lang='lat' dir='ltr'>destitutis</span> <span class='ocrx_word' id='word_1_728' title='bbox 2255 4484 2518 4540; x_wconf 88' lang='lat' dir='ltr'>Ecclesiis</span> <span class='ocrx_word' id='word_1_729' title='bbox 2574 4485 2708 4540; x_wconf 92' lang='lat' dir='ltr'>alios</span> <span class='ocrx_word' id='word_1_730' title='bbox 2765 4485 3127 4556; x_wconf 87' lang='lat' dir='ltr'>subrogantes</span> <span class='ocrx_word' id='word_1_731' title='bbox 3182 4488 3534 4555; x_wconf 90' lang='lat' dir='ltr'>consulimus,</span> 
     </span>
    </p>
   </div>
   <div class='ocr_carea' id='block_1_108' title="bbox 1949 4572 3538 4631">
    <p class='ocr_par' dir='ltr' id='par_1_108' title="bbox 1949 4572 3538 4631">
     <span class='ocr_line' id='line_1_108' title="bbox 1949 4572 3538 4631; baseline 0.003 -4"><span class='ocrx_word' id='word_1_732' title='bbox 1949 4573 2021 4628; x_wconf 88' lang='lat' dir='ltr'>ita</span> <span class='ocrx_word' id='word_1_733' title='bbox 2049 4572 2352 4628; x_wconf 89' lang='lat' dir='ltr'>rectoribus</span> <span class='ocrx_word' id='word_1_734' title='bbox 2379 4573 2698 4628; x_wconf 87' lang='lat' dir='ltr'>vacantibus</span> <span class='ocrx_word' id='word_1_735' title='bbox 2726 4573 2998 4629; x_wconf 90' lang='lat' dir='ltr'>Ecclesias</span> <span class='ocrx_word' id='word_1_736' title='bbox 3031 4575 3247 4630; x_wconf 90' lang='lat' dir='ltr'>Domini</span> <span class='ocrx_word' id='word_1_737' title='bbox 3285 4576 3538 4631; x_wconf 90' lang='lat' dir='ltr'>commit-</span> 
     </span>
    </p>
   </div>
   <div class='ocr_carea' id='block_1_109' title="bbox 1951 4661 3542 4732">
    <p class='ocr_par' dir='ltr' id='par_1_109' title="bbox 1951 4661 3542 4732">
     <span class='ocr_line' id='line_1_109' title="bbox 1951 4661 3542 4732; baseline 0.001 -16"><span class='ocrx_word' id='word_1_738' title='bbox 1951 4669 2144 4729; x_wconf 89' lang='lat' dir='ltr'>tentes,</span> <span class='ocrx_word' id='word_1_739' title='bbox 2177 4661 2458 4732; x_wconf 88' lang='lat' dir='ltr'>providam</span> <span class='ocrx_word' id='word_1_740' title='bbox 2489 4677 2676 4717; x_wconf 90' lang='lat' dir='ltr'>curam</span> <span class='ocrx_word' id='word_1_741' title='bbox 2706 4678 2807 4716; x_wconf 92' lang='lat' dir='ltr'>nos</span> <span class='ocrx_word' id='word_1_742' title='bbox 2836 4664 3150 4718; x_wconf 88' lang='lat' dir='ltr'>earumdem</span> <span class='ocrx_word' id='word_1_743' title='bbox 3170 4663 3542 4719; x_wconf 89' lang='lat' dir='ltr'>Ecclesiarum</span> 
     </span>
    </p>
   </div>
   <div class='ocr_carea' id='block_1_110' title="bbox 1953 4749 3543 4822">
    <p class='ocr_par' dir='ltr' id='par_1_110' title="bbox 1953 4749 3543 4822">
     <span class='ocr_line' id='line_1_110' title="bbox 1953 4749 3543 4822; baseline 0.002 -18"><span class='ocrx_word' id='word_1_744' title='bbox 1953 4765 2150 4822; x_wconf 87' lang='lat' dir='ltr'>gerere</span> <span class='ocrx_word' id='word_1_745' title='bbox 2179 4749 2615 4805; x_wconf 89' lang='lat' dir='ltr'>demonstremus</span> <span class='ocrx_word' id='word_1_746' title='bbox 2650 4768 2664 4804; x_wconf 92' lang='lat'>:</span> <span class='ocrx_word' id='word_1_747' title='bbox 2695 4751 2929 4806; x_wconf 89' lang='lat' dir='ltr'>maxime</span> <span class='ocrx_word' id='word_1_748' title='bbox 2957 4751 3042 4805; x_wconf 89' lang='lat' dir='ltr'>his</span> <span class='ocrx_word' id='word_1_749' title='bbox 3100 4751 3210 4822; x_wconf 89' lang='lat' dir='ltr'>qui,</span> <span class='ocrx_word' id='word_1_750' title='bbox 3267 4767 3393 4807; x_wconf 89' lang='lat' dir='ltr'>cum</span> <span class='ocrx_word' id='word_1_751' title='bbox 3448 4767 3543 4808; x_wconf 85' lang='lat' dir='ltr'>ro-</span> 
     </span>
    </p>
   </div>
   <div class='ocr_carea' id='block_1_111' title="bbox 1954 4837 3544 4908">
    <p class='ocr_par' dir='ltr' id='par_1_111' title="bbox 1954 4837 3544 4908">
     <span class='ocr_line' id='line_1_111' title="bbox 1954 4837 3544 4908; baseline 0.002 -15"><span class='ocrx_word' id='word_1_752' title='bbox 1954 4838 2096 4893; x_wconf 90' lang='lat' dir='ltr'>busti</span> <span class='ocrx_word' id='word_1_753' title='bbox 2115 4837 2456 4908; x_wconf 84' lang='lat' dir='ltr'>praliatores</span> <span class='ocrx_word' id='word_1_754' title='bbox 2485 4837 2700 4894; x_wconf 91' lang='lat' dir='ltr'>Domini</span> <span class='ocrx_word' id='word_1_755' title='bbox 2744 4839 2868 4906; x_wconf 90' lang='lat' dir='ltr'>sint,</span> <span class='ocrx_word' id='word_1_756' title='bbox 2919 4839 3062 4894; x_wconf 89' lang='lat' dir='ltr'>intra</span> <span class='ocrx_word' id='word_1_757' title='bbox 3107 4839 3391 4895; x_wconf 90' lang='lat' dir='ltr'>otiositatis</span> <span class='ocrx_word' id='word_1_758' title='bbox 3439 4856 3544 4896; x_wconf 87' lang='lat' dir='ltr'>an-</span> 
     </span>
    </p>
   </div>
   <div class='ocr_carea' id='block_1_112' title="bbox 1955 4927 3547 4999">
    <p class='ocr_par' dir='ltr' id='par_1_112' title="bbox 1955 4927 3547 4999">
     <span class='ocr_line' id='line_1_112' title="bbox 1955 4927 3547 4999; baseline 0.003 -19"><span class='ocrx_word' id='word_1_759' title='bbox 1955 4927 2192 4999; x_wconf 86' lang='lat' dir='ltr'>gustiam</span> <span class='ocrx_word' id='word_1_760' title='bbox 2222 4927 2400 4982; x_wconf 89' lang='lat' dir='ltr'>arceri</span> <span class='ocrx_word' id='word_1_761' title='bbox 2429 4934 2682 4996; x_wconf 89' lang='lat' dir='ltr'>renuunt,</span> <span class='ocrx_word' id='word_1_762' title='bbox 2706 4933 2759 4981; x_wconf 90' lang='lat' dir='ltr'>et</span> <span class='ocrx_word' id='word_1_763' title='bbox 2795 4942 2893 4997; x_wconf 88' lang='lat' dir='ltr'>per</span> <span class='ocrx_word' id='word_1_764' title='bbox 2910 4927 3016 4982; x_wconf 91' lang='lat' dir='ltr'>hoc</span> <span class='ocrx_word' id='word_1_765' title='bbox 3043 4927 3326 4996; x_wconf 89' lang='lat' dir='ltr'>expeditus</span> <span class='ocrx_word' id='word_1_766' title='bbox 3355 4937 3547 4986; x_wconf 89' lang='lat' dir='ltr'>contra</span> 
     </span>
    </p>
   </div>
   <div class='ocr_carea' id='block_1_113' title="bbox 1955 5013 3546 5090">
    <p class='ocr_par' dir='ltr' id='par_1_113' title="bbox 1955 5013 3546 5090">
     <span class='ocr_line' id='line_1_113' title="bbox 1955 5013 3546 5090; baseline 0.003 -22"><span class='ocrx_word' id='word_1_767' title='bbox 1955 5015 2087 5069; x_wconf 89' lang='lat' dir='ltr'>vitia</span> <span class='ocrx_word' id='word_1_768' title='bbox 2136 5014 2490 5069; x_wconf 89' lang='lat' dir='ltr'>certaminum</span> <span class='ocrx_word' id='word_1_769' title='bbox 2548 5013 2802 5069; x_wconf 87' lang='lat' dir='ltr'>exercitia</span> <span class='ocrx_word' id='word_1_770' title='bbox 2860 5023 3123 5085; x_wconf 90' lang='lat' dir='ltr'>quarunt.</span> <span class='ocrx_word' id='word_1_771' title='bbox 3186 5014 3326 5083; x_wconf 89' lang='lat' dir='ltr'>Quia</span> <span class='ocrx_word' id='word_1_772' title='bbox 3379 5017 3546 5090; x_wconf 87' lang='lat' dir='ltr'>igitur</span> 
     </span>
    </p>
   </div>
   <div class='ocr_carea' id='block_1_114' title="bbox 1957 5101 3552 5175">
    <p class='ocr_par' dir='ltr' id='par_1_114' title="bbox 1957 5101 3552 5175">
     <span class='ocr_line' id='line_1_114' title="bbox 1957 5101 3552 5175; baseline 0.003 -19"><span class='ocrx_word' id='word_1_773' title='bbox 1957 5101 2401 5172; x_wconf 88' lang='lat' dir='ltr'>Burdigalensem</span> <span class='ocrx_word' id='word_1_774' title='bbox 2428 5102 2746 5167; x_wconf 88' lang='lat' dir='ltr'>Ecclesiam,</span> <span class='ocrx_word' id='word_1_775' title='bbox 2781 5109 3053 5174; x_wconf 90' lang='lat' dir='ltr'>totamque</span> <span class='ocrx_word' id='word_1_776' title='bbox 3111 5119 3250 5173; x_wconf 87' lang='lat' dir='ltr'>pene</span> <span class='ocrx_word' id='word_1_777' title='bbox 3280 5104 3382 5160; x_wconf 89' lang='lat' dir='ltr'>sub</span> <span class='ocrx_word' id='word_1_778' title='bbox 3435 5107 3552 5175; x_wconf 88' lang='lat' dir='ltr'>ejus</span> 
     </span>
    </p>
   </div>
   <div class='ocr_carea' id='block_1_115' title="bbox 1961 5189 3552 5265">
    <p class='ocr_par' dir='ltr' id='par_1_115' title="bbox 1961 5189 3552 5265">
     <span class='ocr_line' id='line_1_115' title="bbox 1961 5189 3552 5265; baseline 0.004 -21"><span class='ocrx_word' id='word_1_779' title='bbox 1961 5191 2196 5245; x_wconf 88' lang='lat' dir='ltr'>habitam</span> <span class='ocrx_word' id='word_1_780' title='bbox 2227 5190 2488 5262; x_wconf 88' lang='lat' dir='ltr'>regimine</span> <span class='ocrx_word' id='word_1_781' title='bbox 2510 5189 2808 5256; x_wconf 85' lang='lat' dir='ltr'>dioecesim,</span> <span class='ocrx_word' id='word_1_782' title='bbox 2833 5189 2905 5244; x_wconf 89' lang='lat' dir='ltr'>ita</span> <span class='ocrx_word' id='word_1_783' title='bbox 2924 5207 3261 5263; x_wconf 88' lang='lat' dir='ltr'>paganorum</span> <span class='ocrx_word' id='word_1_784' title='bbox 3289 5193 3552 5265; x_wconf 85' lang='lat' dir='ltr'>frequen-</span> 
     </span>
    </p>
   </div>
   <div class='ocr_carea' id='block_1_116' title="bbox 1961 5277 3548 5354">
    <p class='ocr_par' dir='ltr' id='par_1_116' title="bbox 1961 5277 3548 5354">
     <span class='ocr_line' id='line_1_116' title="bbox 1961 5277 3548 5354; baseline 0.004 -21"><span class='ocrx_word' id='word_1_785' title='bbox 1961 5286 2044 5333; x_wconf 90' lang='lat' dir='ltr'>tes</span> <span class='ocrx_word' id='word_1_786' title='bbox 2074 5277 2245 5351; x_wconf 84' lang='lat' dir='ltr'>gladii</span> <span class='ocrx_word' id='word_1_787' title='bbox 2274 5279 2582 5349; x_wconf 88' lang='lat' dir='ltr'>pradaque</span> <span class='ocrx_word' id='word_1_788' title='bbox 2613 5278 2883 5334; x_wconf 86' lang='lat' dir='ltr'>continua</span> <span class='ocrx_word' id='word_1_789' title='bbox 2912 5282 3251 5352; x_wconf 90' lang='lat' dir='ltr'>consumpsit</span> <span class='ocrx_word' id='word_1_790' title='bbox 3305 5282 3548 5354; x_wconf 73' lang='lat' dir='ltr'>irruptio.</span> 
     </span>
    </p>
   </div>
   <div class='ocr_carea' id='block_1_117' title="bbox 1963 5366 3552 5439">
    <p class='ocr_par' dir='ltr' id='par_1_117' title="bbox 1963 5366 3552 5439">
     <span class='ocr_line' id='line_1_117' title="bbox 1963 5366 3552 5439; baseline 0.003 -18"><span class='ocrx_word' id='word_1_791' title='bbox 1963 5375 2021 5421; x_wconf 90' lang='lat' dir='ltr'>ut</span> <span class='ocrx_word' id='word_1_792' title='bbox 2051 5382 2192 5437; x_wconf 90' lang='lat' dir='ltr'>pene</span> <span class='ocrx_word' id='word_1_793' title='bbox 2223 5383 2382 5421; x_wconf 91' lang='lat' dir='ltr'>omne</span> <span class='ocrx_word' id='word_1_794' title='bbox 2411 5366 2521 5421; x_wconf 92' lang='lat' dir='ltr'>illic</span> <span class='ocrx_word' id='word_1_795' title='bbox 2567 5367 2875 5438; x_wconf 85' lang='lat' dir='ltr'>episcOpale</span> <span class='ocrx_word' id='word_1_796' title='bbox 2933 5377 3088 5425; x_wconf 87' lang='lat' dir='ltr'>vacet</span> <span class='ocrx_word' id='word_1_797' title='bbox 3137 5369 3390 5439; x_wconf 74' lang='lat' dir='ltr'>ofﬁcium,</span> <span class='ocrx_word' id='word_1_798' title='bbox 3451 5387 3552 5426; x_wconf 78' lang='lat' dir='ltr'>ne-</span> 
     </span>
    </p>
   </div>
   <div class='ocr_carea' id='block_1_118' title="bbox 1967 5446 3550 5529">
    <p class='ocr_par' dir='ltr' id='par_1_118' title="bbox 1967 5446 3550 5529">
     <span class='ocr_line' id='line_1_118' title="bbox 1967 5446 3550 5529; baseline 0.001 -18"><span class='ocrx_word' id='word_1_799' title='bbox 1967 5455 2211 5511; x_wconf 90' lang='lat' dir='ltr'>cessario</span> <span class='ocrx_word' id='word_1_800' title='bbox 2240 5455 2606 5525; x_wconf 83' lang='lat' dir='ltr'>pravidimus.</span> <span class='ocrx_word' id='word_1_801' title='bbox 2643 5455 2741 5510; x_wconf 91' lang='lat' dir='ltr'>Dei</span> <span class='ocrx_word' id='word_1_802' title='bbox 2771 5457 3156 5529; x_wconf 89' lang='lat' dir='ltr'>omnipotentis</span> <span class='ocrx_word' id='word_1_803' title='bbox 3211 5446 3550 5526; x_wconf 86' lang='lat' dir='ltr'>auctoritate,</span> 
     </span>
    </p>
   </div>
  </div>
