4160 6322
609 202 713 257 ’719

1827 202 2123 259 JOANNIS
2179 196 2376 257 PAPE
2432 204 2571 259 VIII.

3803 206 3915 261 720

610 327 1002 399 beatorumque
1020 326 1166 382 Petri
1182 342 1248 384 ac
1267 328 1422 384 Pauli
1459 327 1826 400 apostolorum
1879 327 2204 398 principum,
2237 327 2428 387 Ahaec
2488 327 2731 383 severius
2788 327 3084 383 secundum
3116 325 3476 381 ministerium
3515 333 3765 381 nostrum
3804 343 3915 396 pn-

607 414 998 471 fraternitatem
1026 424 1188 483 tuam,
1222 418 1376 487 cujus
1407 410 1620 473 voca'tio
1648 415 1892 471 defectus
1923 424 2007 470 est
2057 414 2204 484 ﬁdei,

606 510 659 558 et
696 502 813 559 fere
858 502 1119 559 virtutum
1167 504 1409 559 omnium
1447 504 1787 567 detrimenta,
1834 504 1890 557 in
1936 503 2204 572 Ecclesia,

608 587 947 654 Bituricensi,
979 604 1102 659 quae
1132 604 1331 644 vacare
1361 588 1624 659 pastorali
1688 602 1818 643 cura
1874 586 2209 658 dignoscitur

612 675 680 731 ab
711 676 814 731 hac
839 677 1100 746 praesenti
1130 677 1344 732 decima
1378 676 1672 731 indictione
1725 673 1988 745 praeferre
2046 673 2207 727 simul

608 770 662 818 et
691 762 1080 819 incardinatam
1109 763 1409 835 praeficere,
1441 764 1629 819 habito
1658 762 1716 816 in
1762 762 1957 817 eadem
2003 761 2207 815 Bituri-

605 852 756 907 censi
782 852 1030 907 Ecclesia
1059 852 1222 907 totius
1245 853 1367 921 jure
1409 850 1770 921 metropoleos
1803 865 1869 905 ac
1905 849 2208 904 dioeceseos

602 938 803 1011 priscis
834 940 1170 1010 temporibus
1200 956 1231 994 a
1260 938 1432 995 sacris
1459 938 1761 995 canonibus
1791 938 2112 1009 praestituto,
2157 944 2210 991 et

607 1026 666 1080 in
696 1026 789 1082 illa
819 1027 1067 1084 Ecclesia
1093 1035 1314 1082 eatenus
1356 1034 1679 1082 conservato
1713 1042 1725 1081 :
1786 1025 1856 1079 ita
1912 1034 1969 1079 ut
2023 1032 2211 1095 pastor

611 1114 859 1183 ejusdem
920 1122 1118 1170 sancta:
1174 1114 1527 1170 Bituricensis
1580 1113 1862 1180 Ecclesiae,
1923 1120 2100 1169 rector
2157 1120 2211 1167 et

606 1203 835 1258 antistes
869 1218 935 1257 ex
968 1203 1070 1257 hoc
1100 1218 1283 1259 revera
1315 1202 1534 1267 dicaris,
1569 1201 1841 1267 habearis,
1892 1208 1946 1255 et
1995 1200 2209 1257 Christo

607 1290 842 1361 propitio
875 1289 1198 1361 percolaris,
1230 1304 1297 1345 ea
1326 1306 1446 1361 quae
1483 1290 1584 1345 Dei
1634 1297 1757 1343 sunt
1779 1289 1984 1362 jugiter
2013 1305 2206 1360 agens,

610 1385 665 1431 et
698 1377 913 1432 utilitati
941 1378 1313 1448 proximorum
1342 1393 1561 1448 semper
1589 1377 1897 1432 intendens.
1932 1376 2037 1444 Qui
2077 1391 2210 1431 vero

612 1472 801 1519 contra
828 1465 990 1534 hujus
1032 1464 1317 1536 apostolici
1371 1464 1646 1536 privilegii
1703 1465 1875 1520 nostri
1930 1471 2208 1530 statutum,

611 1552 756 1623 quod
785 1552 1107 1608 necessitate
1138 1552 1440 1621 barbarica,
1467 1560 1520 1608 et
1551 1552 1956 1632 dispensatione
1986 1559 2214 1624 cogente

611 1638 719 1696 loci
751 1648 805 1695 et
832 1640 1112 1712 temporis,
1175 1640 1424 1712 exemplo
1481 1641 1645 1696 etiam
1696 1642 1960 1710 majorum
1988 1639 2215 1711 protuli-

611 1745 752 1795 mus,
785 1744 953 1802 agere
982 1728 1120 1785 forte
1160 1729 1463 1797 tentaverit,
1512 1728 1711 1786 divinis
1754 1727 2026 1801 mysteriis
2072 1736 2194 1783 tan-

614 1816 707 1872 diu
734 1817 979 1888 privetur
1024 1817 1266 1888 quandiu
1321 1817 1545 1872 minime
1600 1817 1955 1888 resipiscens,
1987 1824 2217 1887 aposto-

613 1904 722 1960 lico
751 1912 1030 1976 praecepto
1058 1921 1159 1976 per
1197 1904 1398 1960 frustra
1455 1904 1812 1977 permanserit
1870 1904 2214 1961 inohediens.

618 1993 779 2063 Data,
813 2000 948 2063 etc.,
972 1993 1269 2049 indictione
1301 2008 1361 2049 x.

1328 2135 1490 2191 LXV.

1115 2272 1188 2312 AD
1225 2272 1482 2313 CAROLUM
1531 2272 1722 2313 REGEM

1234 2381 1415 2453 (Anno
1446 2381 1594 2450 877.)

625 2500 803 2561 Monet
817 2507 885 2560 ut
904 2503 1044 2560 bona
1062 2504 1251 2559 ablata
1267 2520 1303 2558 α
1317 2503 1659 2558 monasterio
1683 2503 2214 2558 sanctimonialium

690 2575 1051 2630 restituenda
1066 2578 1226 2629 curet
1247 2595 1265 2640 ;
1284 2574 1570 2645 quodnisi
1587 2574 1747 2628 intra
1767 2573 2071 2645 sexaginta
2093 2573 2211 2628 dies

690 2647 911 2715 fecerit,
932 2648 989 2700 et
1007 2661 1112 2716 per
1132 2644 1378 2715 legatum
1393 2644 1451 2698 id
1467 2645 1573 2699 sibi
1584 2644 1958 2716 nuntiaverit,
1980 2644 2063 2698 vel
2085 2660 2213 2699 cau-

689 2713 812 2769 sam
832 2730 936 2770 cur
961 2713 1077 2770 non
1113 2713 1235 2769 sint
1270 2716 1558 2783 restituta,
1591 2730 1706 2769 non
1743 2713 2053 2769 reddiderit
2081 2730 2211 2769 eum

688 2785 1168 2840 excommunicat.

685 2889 939 2945 JOANNEs
970 2889 1258 2960 episcopus
1284 2889 1508 2944 Canono
1537 2897 1562 2925 ⁸
1592 2887 1831 2961 glorioso
1862 2888 2000 2961 regi.

688 2976 825 3032 Cum
851 2977 1270 3049 generositatem
1300 2986 1445 3032 tuam
1472 2985 1619 3032 tanta
1666 2976 1884 3033 claritas
1939 2976 2205 3048 prosapiae

619 3064 823 3138 regalis
851 3065 1084 3131 extollat,
1119 3066 1376 3120 miramur
1401 3073 1454 3121 et
1482 3066 1916 3137 obstupescimus
1941 3066 2211 3138 quomodo

618 3153 760 3209 hanc
787 3161 897 3208 tam
925 3153 1145 3209 sinister
1170 3153 1334 3225 longe
1386 3153 1605 3225 lateque
1659 3154 1975 3210 discurrens
2029 3170 2214 3210 rumor

622 3240 920 3310 obnubilet,
951 3257 1200 3297 asserens
1229 3249 1281 3295 et
1309 3240 1586 3296 aﬂirmans
1614 3250 1670 3297 te
1729 3241 1936 3297 Italiam
1995 3243 2212 3314 ingres-

623 3344 743 3383 sum
772 3329 840 3383 ad
868 3328 1258 3384 monasterium
1287 3329 1559 3385 accessise
1587 3329 1908 3385 ancillarum
1937 3330 2039 3386 Dei
2071 3330 2213 3401 apud

622 3415 862 3472 Brixiam
890 3415 1276 3485 constitutum;
1316 3416 1550 3488 indeque
1576 3432 1702 3472 cum
1729 3417 1840 3473 illic
1867 3417 1985 3489 ipse
2024 3434 2215 3474 mora-

625 3503 783 3572 reris,
813 3504 1090 3577 tyrannice
1119 3519 1315 3561 aurum
1349 3505 1606 3574 ablatum,
1640 3512 1753 3560 tam
1781 3505 1952 3578 ipsius
1980 3522 2216 3563 venera-

627 3591 751 3648 bilis
779 3592 1112 3660 monasterii,
1164 3610 1325 3666 quam
1362 3592 1572 3649 dilectae
1617 3590 1741 3649 ﬁliae
1778 3602 1978 3651 nostrae
2006 3595 2217 3667 Angel-

630 3681 800 3737 bertae
824 3681 925 3736 Dei
946 3681 1201 3748 cultricis,
1236 3682 1383 3753 quod
1437 3681 1541 3736 sibi
1594 3681 1663 3736 ad
1717 3682 1889 3753 ipsius
1942 3682 2219 3754 praecipue

627 3768 863 3826 coenobii
892 3768 1340 3825 sustentationem
1382 3768 1572 3840 procul
1617 3768 1780 3826 dubio
1822 3777 2214 3827 reservaverat.

632 3856 789 3914 Unde
816 3872 1053 3913 maerore
1081 3857 1431 3913 vehementer
1456 3857 1737 3927 afﬁcimur,
1794 3859 2038 3914 dolentes
2094 3859 2219 3932 glo-

629 3945 768 4000 riam
795 3951 945 4000 tuam
971 3944 1040 4001 ad
1067 3952 1177 4001 tam
1206 3946 1439 4002 immane
1459 3947 1733 4021 sacrilegii
1754 3963 1928 4020 genus
1954 3947 2221 4019 dilapsam

634 4042 690 4090 et
716 4034 888 4090 instar
913 4035 1193 4105 cujusdam
1221 4035 1441 4108 gentilis
1472 4037 1620 4110 regis
1634 4052 1765 4092 vasa
1805 4036 1999 4092 domus
2019 4036 2122 4091 Dei
2150 4036 2222 4092 ad

630 4141 765 4180 usus
790 4124 1041 4195 proprios
1069 4123 1344 4181 inﬂexisse
1399 4132 1645 4181 conatam
1700 4125 1867 4200 (Dan.
1928 4126 1989 4196 ι).
2045 4126 2221 4196 Atque

631 4212 755 4269 ideo
785 4212 1130 4268 dilectionem
1174 4219 1323 4268 tuam
1378 4213 1435 4267 in
1491 4214 1688 4270 Christi
1745 4212 2047 4269 visceribus
2099 4229 2222 4268 esse

629 4299 930 4372 cupientes,
961 4316 1244 4356 monemus
1272 4308 1326 4356 et
1371 4302 1542 4358 sacris
1599 4302 1952 4359 convenimus
1994 4300 2221 4372 eloquiis

2311 415 2511 470 nienda
2542 431 2909 472 commoveas.
2941 415 3188 487 Denique
3216 415 3320 469 nisi
3349 422 3472 485 post
3519 414 3719 470 lectam
3766 415 3917 469 hanc

2308 504 2482 559 nostri
2513 505 2844 575 apostolatus
2871 504 3178 575 epistolam,
3212 504 3350 558 intra
3372 502 3661 575 saxaginta
3688 502 3909 557 dierum

2309 592 2560 662 spatium,
2609 594 2919 647 thesaurum
2966 592 3116 647 illum
3161 591 3277 647 sine
3322 592 3505 663 aliqua
3547 589 3915 646 diminutione

2311 679 2546 735 reddere
2570 680 2943 751 proposueris,
2976 679 3049 734 ita
3076 688 3135 734 ut
3162 680 3362 734 missus
3403 688 3529 734 tuus
3577 680 3808 734 Romam
3855 678 3915 733 in

2309 768 2660 838 praesentiam
2688 776 2935 824 nostram
2964 768 3209 834 veniens,
3258 767 3373 824 sive
3412 766 3744 834 reddideris,
3799 766 3917 821 sive

2311 872 2413 911 nec
2440 857 2768 927 reddideris,
2801 857 2998 929 quidve
3027 856 3114 911 hic
3143 856 3417 929 agendum
3462 855 3761 928 delegeris,
3814 870 3917 911 ve-

2311 959 2431 999 ram
2460 953 2513 999 et
2553 945 2807 1000 idoneam
2854 945 3165 1016 exposuerit
3211 945 3496 1012 rationem,
3543 958 3790 1014 eousque
3839 942 3918 997 sis

2312 1040 2508 1088 extunc
2540 1032 3059 1099 excommunicatus,
3095 1048 3376 1105 quousque
3409 1032 3477 1086 ab
3527 1031 3678 1087 omni
3724 1040 3779 1085 te
3823 1047 3916 1085 ra-

2311 1120 2455 1191 pinae
2495 1122 2878 1177 communione
2913 1121 3219 1177 reddideris
3263 1121 3502 1176 alienum
3536 1138 3549 1174 :
3600 1118 3919 1175 durioribus

2313 1208 2570 1280 deinceps
2600 1218 2653 1265 te
2683 1210 2862 1266 sciens
2891 1209 3210 1266 verberibus
3239 1208 3620 1275 erudiendum,
3651 1207 3700 1261 si
3720 1207 3809 1261 his
3830 1208 3919 1262 in-

2315 1298 2473 1352 terim
2502 1298 2712 1353 levibus
2742 1306 2919 1354 tactus
2950 1298 3276 1370 resipiscere
3307 1297 3445 1353 forte
3496 1295 3917 1366 contempseris.

2314 1388 2570 1440 Amemus
2595 1387 2742 1442 enim
2769 1394 2821 1441 te
2849 1403 3002 1442 more
3032 1394 3282 1457 paterno,
3316 1392 3369 1441 et
3403 1385 3472 1440 ab
3524 1386 3627 1440 hac
3674 1384 3922 1440 secunda

2315 1472 2585 1528 idolorum
2617 1474 2872 1531 servitute
2902 1474 3154 1531 volumus
3182 1473 3323 1529 scire
3354 1473 3589 1528 liberum
3620 1479 3676 1527 et
3721 1472 3924 1526 immu-

2316 1576 2461 1617 nem.
2509 1562 2726 1618 Etenim
2777 1565 3043 1628 avaritia,
3098 1561 3398 1619 secundum
3440 1559 3786 1632 Apostolum,
3835 1564 3922 1615 est

2235 1673 2289 1733 Β
2317 1650 2561 1705 servitus
2590 1650 2874 1706 idolorum
2903 1651 3048 1720 (Gal.
3077 1651 3153 1720 v).
3188 1648 3470 1720 Optamus,
3516 1656 3623 1705 etc.
3676 1648 3819 1703 Data
3864 1662 3923 1701 γι

2323 1736 2596 1793 Kalendas
2626 1737 2846 1810 Aprilis,
2877 1738 3168 1795 indictione
3197 1737 3414 1794 dicima.

3028 1887 3196 1943 LXVI

2853 2008 2927 2048 AD
2965 2007 3379 2048 ENGILBERGAM.

2922 2100 3101 2169 (Anno
3157 2098 3306 2170 s77.)

2321 2212 2660 2270 Consolatur
2675 2228 2800 2269 eam
2815 2213 2877 2268 ob
2896 2217 3137 2284 mortem
3156 2212 3378 2277 mariti,
3410 2216 3576 2284 atque
3614 2214 3815 2284 monet
3857 2216 3925 2267 ut

2397 2284 2589 2340 Carolo
2609 2285 2941 2357 imperatori
2959 2283 3127 2357 ﬁdem
3154 2287 3356 2357 servet,
3389 2283 3553 2357 seque
3585 2284 3711 2354 ejus
3734 2283 3917 2357 inter-

2387 2370 2661 2480 cessorem
2682 2353 2833 2426 apud
2849 2354 3106 2409 eumdem
3126 2354 3439 2425 Augustum
3458 2353 3915 2424 futurumpolli-

2387 2440 2448 2480 ce
2478 2442 2567 2480 ur.

2387 2440 2448 2480 σε
2453 2440 2567 2480 tur.

2382 2557 2636 2611 JOANNES
2691 2556 2978 2629 episcopus
3031 2556 3244 2613 dilectae
3297 2554 3420 2612 filia:
3471 2554 3858 2611 ΕΝαιιιιιιιιωι
3886 2566 3915 2606 ι›

2314 2644 2530 2701 Christo
2559 2644 2778 2700 dicatae.

2386 2733 2468 2788 Eo
2502 2748 2624 2799 nos,
2658 2730 2771 2786 filia
2800 2731 3137 2799 charissima,
3170 2747 3273 2789 nec
3300 2731 3408 2787 alio
3462 2730 3608 2787 circa
3662 2728 3915 2786 dilectio-

2311 2836 2431 2878 nem
2458 2827 2606 2876 vestr
2636 2836 2691 2874 m
2725 2820 2969 2893 ﬂagrare
3001 2818 3201 2877 aﬂ‘ectu
3246 2819 3485 2886 noveris,
3534 2834 3646 2891 quo
3689 2818 3915 2885 fuimus,

2310 2925 2418 2981 quo
2447 2909 2608 2964 etiam
2637 2908 2769 2963 olim
2800 2909 3095 2979 persistere
3122 2908 3506 2979 proposuimus
3531 2924 3546 2962 :
3569 2907 3750 2963 nescit
3765 2905 3914 2962 enim

2241 3019 2291 3082 α
2312 2997 2528 3053 dilectio
2576 2996 3006 3052 vicissitudinum
3043 2996 3537 3063 obumbrationem,
3589 3011 3695 3052 nec
3758 2994 3917 3050 defe-

2313 3093 2459 3142 ctum
2484 3085 2698 3157 patitur,
2729 3101 2875 3153 cum,
2912 3085 3212 3141 secundum
3254 3084 3595 3157 Apostolum,
3629 3099 3915 3155 nunquam

2312 3173 2524 3229 excidat
2554 3175 2606 3244 (Ι
2632 3174 2751 3231 Cor.
2783 3173 2930 3245 xm).
2962 3173 3133 3243 Hujus
3161 3173 3243 3229 rei
3288 3174 3468 3246 gratia
3517 3171 3905 3228 consolatoriis

2313 3262 2399 3318 his
2427 3270 2482 3318 et
2501 3261 2882 3317 exhortatoriis
2902 3261 3246 3333 prudentiam
3266 3268 3501 3318 vestram
3531 3260 3727 3316 litteris
3757 3275 3916 3316 com-

2314 3365 2620 3419 monemus,
2650 3366 2721 3405 ne
2751 3348 3014 3406 deﬁciatis
3042 3351 3098 3404 in
3141 3348 3601 3415 tribulationibus,
3652 3347 3915 3415 scientes,

2316 3438 2545 3495 docente
2565 3437 2843 3508 Apostolo,
2867 3440 3000 3511 quia
3022 3439 3314 3495 tribulatio
3340 3438 3685 3510 patientiam
3713 3452 3915 3507 opera-

2319 3530 2433 3597 tur,
2480 3527 2766 3599 patientia
2797 3529 2990 3582 autem
3015 3527 3420 3599 probationem,
3473 3524 3730 3597 probatio
3788 3540 3918 3580 vero

2318 3631 2471 3687 spem
2513 3631 2526 3668 :
2550 3630 2673 3686 spes
2696 3618 2886 3670 autem
2905 3631 3021 3672 non
3040 3615 3341 3686 confundit
3360 3614 3538 3687 (Rom.
3562 3613 3622 3683 v)
3652 3630 3668 3680 ;
3719 3613 3914 3669 omnia

2321 3704 2475 3759 enim
2495 3719 2616 3775 qua:
2631 3703 2911 3769 videntur,
2940 3705 3276 3776 temporalia
3293 3706 3469 3770 sunt;
3496 3718 3618 3774 quo:
3638 3716 3767 3757 vero
3800 3716 3918 3757 non

2318 3791 2605 3857 videntur,
2640 3795 2857 3847 aeterna
2874 3791 2951 3860 (II
2967 3793 3086 3848 Cor.
3113 3790 3213 3863 IV).
3250 3792 3313 3845 In
3330 3790 3417 3845 his
3460 3804 3595 3861 ergo
3614 3786 3837 3860 conﬁgi,
3860 3788 3920 3844 in

2320 3878 2405 3933 his
2426 3879 2595 3934 debes
2625 3878 2751 3934 totis
2783 3879 3061 3935 radicibus
3076 3879 3362 3949 inhaerere,
3394 3877 3748 3934 charissima:
3770 3876 3916 3931 unde

2321 3967 2588 4039 sapientia
2617 3974 2802 4023 vestra
2823 3975 3060 4034 sanctos,
3085 3967 3178 4040 qui
3206 3967 3464 4039 patientia
3490 3966 3546 4021 in
3577 3966 3782 4021 mundo
3799 3963 3914 4020 cla-

2322 4056 2479 4111 ritate
2528 4056 2685 4127 quasi
2703 4055 2986 4110 luminaria
3004 4055 3354 4123 refulserunt,
3377 4072 3489 4127 prae
3507 4054 3682 4111 oculis
3701 4053 3914 4119 habeat,

2322 4152 2375 4200 et
2397 4145 2471 4199 ita
2490 4143 2771 4200 inoﬂ‘ensis
2791 4145 2860 4199 ad
2875 4145 3111 4216 palmam
3147 4161 3399 4216 superne
3432 4142 3735 4200 vocationis
3763 4158 3917 4215 gres-

2323 4233 2473 4289 sibus
2494 4234 2697 4303 tendat,
2718 4249 2882 4305 quam
2903 4233 3405 4289 videlicethabituri
3421 4240 3542 4288 sunt
3560 4232 3640 4286 illi
3660 4232 3774 4304 qui,
3799 4246 3920 4286 ora-

2323 4322 2446 4378 culo
2468 4322 2749 4377 Dominico
2770 4322 2979 4388 imbuti,
2997 4323 3053 4376 in
3070 4322 3327 4393 patientia
3362 4337 3459 4377 sua
3478 4328 3684 4393 ponunt
3703 4320 3916 4376 animas

631 4404 756 4445 cum
769 4388 1058 4443 Psalmista
1103 4389 1367 4444 fatentes:
1394 4390 1575 4445 Nolite
1610 4406 1838 4462 sperare
1873 4392 1935 4445 in
1999 4390 2216 4461 iniqui-
2246 4370 2299 4431 D
2321 4370 2449 4465 Quas
2469 4410 2620 4482 (Lua
2644 4410 2790 4483 xm).
2812 4370 3124 4466 Nihn’enifn
3155 4410 3372 4467 inimica
3408 4370 3558 4465 mgrs
3595 4409 3686 4465 vel
3721 4424 3920 4464 manus

635 4478 772 4545 tate,
793 4480 849 4531 et
863 4478 926 4531 in
942 4477 1165 4548 rapinis
1184 4477 1361 4532 nolite
1373 4480 1767 4549 concupiscere
1790 4477 1966 4549 (Psal.
1992 4478 2128 4549 Lxr).
2164 4476 2221 4533 Si

630 4579 739 4636 qua
757 4580 888 4635 ergo
909 4579 940 4618 a
968 4563 1230 4634 prmdicto
1261 4563 1353 4633 pio
1376 4563 1518 4632 loco,
1543 4567 1656 4619 sive
1702 4565 1873 4636 gloria
1896 4572 1985 4619 tua
2015 4564 2218 4623 sciente

628 4651 744 4708 sive
773 4652 1075 4719 nesciente,
1108 4651 1289 4707 ablata
1315 4660 1459 4718 sunt,
1481 4651 1752 4708 industria
1781 4661 1875 4708 tua
1908 4652 2217 4726 diligentis-

626 4740 763 4795 sime
784 4740 1144 4811 requirantur,
1164 4746 1217 4793 et
1236 4739 1457 4795 inventa
1476 4739 1530 4793 in
1548 4754 1612 4794 eo
1633 4739 1749 4796 sine
1768 4756 1924 4795 mora
1949 4741 2049 4796 sub
2070 4743 2216 4797 omni

623 4827 930 4898 integritate
952 4826 1339 4882 restituantur:
1381 4842 1469 4893 ne,
1533 4827 1679 4899 quod
1735 4827 1896 4895 absit,
1958 4829 2004 4883 si
2058 4830 2216 4886 aliter

627 4915 828 4986 egeris,
863 4922 915 4970 et
942 4916 1114 4970 Deum
1130 4922 1319 4970 contra
1335 4921 1387 4970 te
1408 4915 1478 4970 ad
1494 4915 1830 4972 iracundiam
1851 4932 2135 4989 provoces,
2162 4926 2214 4975 et

625 5002 794 5058 decus
823 5010 929 5059 tuae
954 5001 1120 5074 regiae
1150 5002 1450 5059 nobilitatis
1497 5002 1742 5073 oﬁ'ulces,
1792 5012 1954 5078 atque
1995 5022 2097 5063 nos
2141 5008 2213 5062 ad

689 5198 717 5234 α
742 5181 832 5233 Hic
857 5182 1074 5245 Carolus,
1101 5181 1182 5244 qui
1205 5182 1410 5234 Crassus
1428 5183 1704 5236 nominatus
1747 5188 1838 5236 est.
1904 5185 2210 5249 postmodum

625 5249 893 5316 imperator
915 5253 1128 5312 creatus,
1150 5249 1248 5300 fuit
1294 5250 1421 5301 ﬁlius
1462 5252 1692 5302 Ludovici
1731 5253 2008 5303 Germaniae
2057 5254 2207 5316 regis.

622 5315 855 5368 Ludovici
879 5316 950 5366 Pii
1002 5328 1171 5379 nepos,
1219 5318 1375 5367 Caroli
1422 5319 1582 5379 Magni
1629 5330 1885 5382 pronepos,
1935 5319 1994 5368 ad
2065 5331 2209 5380 quem

620 5382 869 5433 nonnulla:
895 5383 1022 5433 infra
1046 5383 1328 5434 scribuntur
1363 5385 1597 5447 epistolae.
1625 5387 1693 5435 De
1718 5398 1811 5446 quo
1838 5385 1940 5435 Ado
1960 5383 2209 5435 Viennen-

615 5450 685 5500 sis
708 5449 759 5499 in
797 5448 893 5500 ﬁne
916 5449 1266 5503 Chronicorum
1294 5463 1308 5513 ;
1333 5451 1535 5515 Regino,
1561 5452 1598 5502 ι.
1627 5465 1663 5501 ιι
1709 5452 1894 5503 Chron.
1920 5471 1933 5513 ;
1956 5451 2208 5503 Aimoinus

2318 4499 2555 4570 abstulit,
2578 4499 2725 4571 quod
2743 4501 2870 4567 vita,
2895 4516 3016 4571 qua:
3036 4499 3280 4555 Christus
3297 4507 3377 4554 est
3400 4506 3452 4554 et
3497 4497 3671 4569 ipsius
3692 4497 3923 4569 provida

2316 4588 2540 4643 dextera
2559 4588 2616 4642 in
2646 4587 2840 4643 melius
2859 4604 2967 4643 non
3003 4587 3278 4643 transtulit
3307 4595 3466 4660 atque
3489 4585 3748 4642 restituit.
3769 4586 3919 4641 Abs-

2315 4676 2433 4731 tulit
2447 4676 2732 4732 mortalem
2748 4676 2840 4732 illa
2868 4677 3144 4745 maritum,
3183 4677 3282 4733 sed
3319 4677 3422 4732 ista
3451 4676 3721 4746 se-ipsam
3751 4682 3919 4731 aeter-

2314 4780 2445 4819 num
2466 4764 2689 4821 contulit
2716 4781 2975 4836 sponsum
2999 4784 3014 4835 ;
3036 4766 3181 4821 unde
3200 4782 3319 4838 quae
3338 4764 3554 4821 terreni
3576 4761 3923 4820 vocabamini

2312 4868 2467 4918 uxor,
2500 4852 2676 4908 Patris
2723 4854 2962 4910 caelestis
2991 4854 3107 4924 jam
3147 4855 3297 4928 regis
3347 4853 3516 4909 multo
3562 4851 3921 4924 praestantius

2312 4941 2552 4997 dicimini
2610 4942 2834 5012 conjux.
2912 4944 3241 5015 Ademptum
3281 4951 3365 5000 est
3412 4941 3747 5013 corruptible
3798 4939 3924 4996 dia-

2310 5029 2488 5097 dema,
2521 5031 2620 5086 sed
2654 5039 2997 5103 praeparatur
3043 5032 3353 5105 incorrupta
3400 5045 3621 5089 corona.

2308 5190 2392 5242 11b.
2418 5204 2470 5255 v,
2498 5205 2608 5257 cap.
2636 5192 2702 5244 40
2729 5195 2780 5244 et
2821 5191 2923 5245 alii.

2377 5286 2408 5331 b
2428 5277 2718 5339 Engilberga
2742 5290 2865 5329 uxor
2887 5278 2978 5330 fuit
3000 5278 3229 5330 Ludovici
3252 5278 3452 5330 secundi
3478 5276 3822 5344 imperatoris,
3852 5282 3915 5333 ad

2308 5353 2452 5403 quam
2477 5345 2660 5406 aliquot
2681 5344 2811 5396 intra
2833 5346 3111 5396 scribuntur
3135 5346 3373 5409 epistolas.
3399 5345 3634 5407 Ejusdem
3683 5349 3914 5399 meminit

2306 5409 2602 5473 Aimoinus.,
2627 5410 2665 5474 ι,
2692 5424 2742 5475 v,
2770 5425 2814 5462 c.
2841 5413 2928 5477 28,
2955 5417 3005 5464 et
3026 5413 3127 5464 Leo
3149 5413 3480 5476 Marsicamus,
3506 5412 3593 5464 lib.
3623 5428 3660 5477 ι,
3688 5426 3796 5478 cap.
3831 5415 3918 5466 38.
