4160 6318
289 354 392 410 721
1430 350 1783 407 EPISTOLIE
1829 353 1920 408 ET
1973 353 2322 412 DECRETA.
3493 363 3600 422 722

294 476 526 531 Remota
558 481 682 528 sunt
711 473 1092 530 decoramenta
1121 492 1242 546 quae
1271 483 1636 541 veterascunt,
1672 477 1769 532 sed
1812 493 1896 531 re-
1924 477 2222 540 Astantius
2270 497 2392 551 quae
2448 488 2635 536 nostra
2693 489 2817 537 sunt
2873 485 3094 557 exsequi
3139 487 3597 557 contemplemur,

298 564 481 634 posita
511 571 633 617 sunt
661 563 816 618 vobis
846 571 1165 618 ornamenta
1208 581 1329 635 quae
1371 581 1479 619 non
1529 573 1894 620 marcescunt.

297 653 370 706 Et
399 650 527 722 quid
556 651 715 721 plura
735 653 762 705 ?
793 652 895 706 Pro
925 668 1230 706 mrumnoso
1261 659 1313 706 et
1341 653 1675 723 phantastico
1707 669 1896 726 regno,

297 739 614 810 percipietis
643 738 769 794 felix
800 747 851 793 et
881 756 1069 794 verum
1118 740 1405 810 imperium
1440 758 1453 795 :
1486 749 1538 794 et
1568 757 1756 796 revera
1784 743 1900 796 haec

297 836 383 883 est
409 827 711 882 immutatio
740 828 973 882 dexteris
1003 828 1220 883 Excelsi
1251 830 1422 898 (Psal.
1457 830 1674 900 Lxxw).
1701 830 1900 884 Verum

295 931 422 972 cum
454 915 679 986 sapienti
711 916 866 970 vobis
923 924 974 970 et
1029 933 1148 987 quae
1202 916 1374 972 nostis
1416 917 1484 971 de
1526 917 1715 988 paucis
1744 917 1901 988 plura

293 1018 532 1074 pensare
563 1019 739 1074 pauca
769 1002 1065 1069 suﬁiciant;
1098 1003 1182 1058 his
1212 1004 1286 1058 ita
1315 1004 1630 1075 praelibalis,
1657 1005 1899 1061 dilectio-

295 1109 424 1147 nem
452 1101 693 1147 vestram
724 1091 916 1147 merito
946 1107 1352 1147 commonemus
1397 1101 1454 1147 ut
1493 1093 1760 1164 spirituali
1791 1093 1899 1148 filio

294 1187 487 1235 nostro
517 1179 714 1234 Carolo
744 1179 989 1250 piissimo
1019 1180 1331 1255 imperatori
1360 1197 1510 1251 puras
1541 1181 1666 1236 fidei
1697 1195 1760 1236 ac
1783 1182 1899 1235 sin-

294 1283 440 1324 cerae
470 1267 772 1322 devotionis
805 1267 1066 1322 exhibens
1097 1284 1315 1338 semper
1359 1269 1744 1341 integritatem,
1778 1285 1900 1324 om-

293 1372 396 1410 nes
428 1356 495 1409 ad
529 1356 644 1424 ejus
692 1356 1158 1410 mansuetudinem
1208 1358 1455 1422 attrahat,
1492 1365 1545 1411 et
1592 1357 1900 1411 salubribus

294 1443 516 1498 monitis
561 1443 926 1498 inviolabilem
956 1444 1006 1498 ei
1062 1443 1225 1498 ﬁdem
1275 1461 1496 1500 servare
1547 1446 1896 1500 demonstret.

297 1534 422 1588 Non
453 1532 607 1586 enim
630 1536 714 1586 est
736 1536 1000 1603 potestas,
1035 1539 1092 1585 ut
1121 1533 1414 1602 Apostolus
1459 1533 1547 1599 ait,
1587 1535 1701 1588 nisi
1731 1551 1766 1588 a
1795 1536 1900 1590 Deo

299 1620 478 1690 (Rom.
495 1619 638 1690 xm).
663 1620 731 1673 Et
749 1637 761 1673 :
783 1620 885 1688 Qui
898 1620 1116 1674 resistit
1129 1623 1418 1691 potestati,
1435 1623 1534 1676 Dei
1555 1623 1902 1677 ordinationi

295 1708 518 1764 resistit
546 1707 765 1777 (ibid),-
797 1723 897 1762 nos
927 1715 1128 1773 autem,
1172 1708 1298 1779 quia
1344 1709 1493 1762 illum
1541 1709 1813 1775 divinitus,
1845 1718 1902 1764 ut

295 1795 592 1862 credimus,
639 1795 740 1849 acti
785 1795 954 1850 semel
998 1795 1282 1866 elegimus,
1333 1805 1596 1867 perpetuo
1643 1806 1903 1868 tanquam
1932 1828 1986 1886 B

296 1883 470 1938 ﬁlium
527 1883 908 1938 charissimam
965 1883 1111 1938 omni
1163 1891 1361 1938 conatu
1409 1885 1704 1958 diligimus,
1739 1886 1811 1940 ita
1845 1893 1903 1941 ut

293 1971 470 2042 ipsius
499 1971 704 2026 amicos
734 1980 787 2025 et
815 1971 1082 2040 inimicos,
1107 1980 1321 2028 nostros
1350 1973 1552 2028 amicos
1582 1981 1633 2028 et
1655 1973 1900 2029 inimicos

295 2059 530 2114 existere
565 2066 846 2114 teneamus
879 2078 892 2113 :
928 2059 1104 2130 siqua
1133 2075 1264 2114 vero
1305 2068 1426 2114 sunt
1477 2061 1630 2115 vobis
1675 2062 1742 2114 ab
1785 2062 1900 2130 ejus

292 2146 585 2203 clementia
613 2147 970 2218 impetranda,
1002 2164 1103 2218 per
1129 2163 1229 2202 nos
1271 2149 1564 2215 credimus,
1597 2165 1714 2204 cum
1748 2149 1900 2205 vobis

293 2235 534 2302 libuerit,
571 2235 911 2291 indiﬁiculter
939 2235 1186 2291 obtinere
1227 2237 1491 2291 valebitis.
1531 2237 1686 2305 Quod
1718 2245 1771 2291 et
1798 2253 1898 2292 nos

293 2323 655 2378 libentissime
687 2340 784 2394 pro
805 2324 1071 2379 memoria
1099 2325 1296 2395 prisca:
1321 2325 1671 2397 benignitatis
1701 2333 1898 2380 vestrae

291 2427 575 2482 geremus,
611 2420 662 2465 et
689 2412 832 2466 idem
861 2411 985 2482 pius
1016 2413 1294 2485 Augustus
1325 2430 1426 2485 pro
1444 2415 1542 2468 Dei
1565 2421 1902 2469 sanctorum-

294 2515 404 2570 que
436 2499 822 2569 apostolorum,
857 2499 954 2554 sed
986 2501 1221 2555 etnostri
1252 2501 1540 2556 dilectione
1571 2502 1750 2556 animo
1773 2517 1899 2574 gra-

293 2586 425 2642 tanti
457 2588 738 2643 concedet.
793 2587 1055 2658 Optamus
1103 2589 1452 2644 dilectionem
1496 2598 1729 2644 vestram
1761 2590 1899 2643 bene

290 2675 351 2728 in
381 2675 594 2730 Christo
624 2676 826 2742 valere,
860 2676 1206 2731 dilectissima
1240 2677 1366 2732 filia.
1402 2679 1540 2732 Data
1589 2693 1645 2731 v1
1695 2677 1898 2732 Kalen-

291 2762 397 2817 das
427 2763 648 2834 Aprilis,
683 2763 976 2819 indictione
1006 2763 1238 2819 decima.

994 2888 1208 2942 LXVII.

512 3005 584 3046 AD
623 3007 929 3048 “'IGBODUM
968 3008 1278 3048 EPISCOPUM
1315 3008 1674 3048 PARMENSEM.

919 3081 1099 3152 (Anno
1129 3084 1276 3150 877.)

289 3188 578 3260 Hortatur,
598 3191 663 3242 ut
679 3203 1047 3260 quoscunque
1073 3191 1257 3260 potest
1286 3188 1359 3242 ad
1395 3191 1610 3260 sanctae
1639 3191 1903 3243 Romana:

367 3259 631 3313 Ecclesia:
657 3257 1043 3328 defensionem
1073 3257 1307 3322 excitet,
1344 3262 1400 3312 et
1433 3257 1504 3312 ad
1534 3274 1592 3312 se
1622 3275 1754 3313 cum
1784 3260 1903 3313 suis

365 3330 576 3394 veniat,
609 3332 674 3382 ut
703 3331 990 3383 communi
1037 3330 1270 3383 consilio
1319 3329 1590 3383 Saraceni
1619 3331 1684 3384 ab
1735 3329 1905 3384 Italia

364 3399 734 3471 capellantur
767 3417 778 3451 :
811 3401 996 3471 mittit
1041 3400 1386 3471 desideratas
1425 3401 1712 3470 epistolas,
1766 3415 1904 3471 quas

364 3416 438 3453 ea:
480 3416 734 3454 euantur
767 3417 778 3451 :
811 3416 996 3454 mzmt
1041 3416 1386 3454 aeszaeratas
1425 3416 1581 3470 epst

363 3416 679 3538 aﬁle’rendas
709 3473 870 3524 curet
898 3470 970 3524 iis
1000 3470 1198 3541 quibus
1228 3470 1581 3525 scribuntur.

361 3573 616 3628 JOANNES
643 3575 928 3646 episcopus
966 3575 1248 3629 WIGBODO
1297 3574 1554 3645 episcopo
1586 3575 1901 3630 Parmensi-

364 3662 680 3718 Devotionis
724 3671 829 3718 tuae
872 3661 1098 3718 affectus
1141 3680 1248 3719 non
1298 3663 1452 3718 inscii
1493 3672 1672 3736 grates
1703 3664 1898 3718 condi-

288 3767 434 3825 gnas
463 3750 790 3817 referimus;
826 3751 954 3823 quia
984 3768 1112 3807 vero
1156 3752 1498 3808 sanctitatem
1545 3752 1727 3807 dolere
1760 3760 1904 3806 tuam

287 3839 673 3913 cognoscimus
703 3855 804 3910 pro
835 3855 900 3895 eo
931 3841 1073 3911 quod
1107 3855 1138 3894 a
1169 3841 1326 3896 nobis
1363 3840 1494 3894 nihil
1545 3840 1648 3894 sibi
1699 3839 1905 3894 laboris

287 3924 635 3996 injungatur;
666 3923 740 3977 nil
770 3939 892 3978 esse
924 3923 1141 3978 noveris
1173 3925 1319 3978 aliud
1356 3925 1464 3978 nisi
1501 3924 1623 3995 quia
1653 3925 1904 3979 novimus

289 4021 344 4067 te
375 4011 555 4066 multis
586 4012 744 4080 hujus
775 4012 1034 4082 temporis
1079 4013 1447 4083 procellarum
1478 4013 1729 4068 ﬂuctibus
1761 4013 1902 4068 irre-

290 4101 464 4155 titum.
489 4101 685 4154 Verum
717 4101 845 4172 quia
875 4101 1031 4155 nobis
1062 4101 1232 4156 multa
1280 4101 1542 4157 incumbit
1571 4101 1890 4166 necessitas,

281 4197 336 4245 et
395 4196 481 4242 tua
536 4189 942 4260 promptissima
989 4189 1156 4244 claret
1216 4189 1487 4257 alacritas,
1523 4191 1804 4242 hortamur
1847 4205 1908 4250 ut

279 4293 636 4350 quoscunque
666 4285 842 4348 potes,
878 4285 929 4332 et
963 4296 1033 4349 qu
1049 4278 1466 4349 omodocunque
1500 4285 1674 4347 potes,
1708 4278 1775 4330 ad
1804 4278 1905 4331 de-

281 4364 587 4420 fensionem
617 4366 774 4434 hujus
807 4374 1019 4421 sanctae
1052 4367 1368 4437 principalis
1390 4365 1651 4421 Ecclesiae
1674 4364 1905 4419 filiorum

284 4455 515 4519 excites,
544 4455 758 4521 incites,
793 4463 845 4510 et
886 4464 1046 4526 prout
1077 4455 1376 4511 necessitas
1407 4463 1586 4526 urget,
1620 4455 1902 4525 impellas:

1999 566 2257 637 Epistolas
2287 577 2468 624 autem
2497 570 2629 640 ipsae
2660 571 2855 642 quibus
2885 573 3067 628 missa:
3115 573 3240 639 sint,
3289 574 3598 645 superscri-

1999 655 2111 726 ptio
2140 671 2324 710 earum
2367 659 2706 725 monstrabit,
2741 675 2878 731 quas
2925 660 3041 730 ipse
3084 663 3274 732 procul
3323 663 3486 718 dubio
3531 663 3602 719 ad

2001 759 2097 797 eos
2128 744 2324 814 quibus
2354 746 2572 802 directa
2601 755 2726 801 sunt
2755 747 2925 803 facies
2955 749 3235 819 asportari.
3269 751 3400 805 Esto
3418 751 3601 822 itaque

2000 830 2140 886 fidus
2152 831 2206 886 in
2220 833 2398 897 nobis,
2416 842 2470 888 et
2487 836 2731 890 viriliter
2742 853 2842 907 age
2865 840 2920 891 et
2936 839 3290 907 confortetur
3305 855 3398 893 cor
3418 843 3599 907 tuum,

2001 923 2055 974 et
2087 921 2304 975 sustine
2333 923 2655 990 Dominum,
2683 930 2754 990 et,
2789 924 3030 996 Accinge
3071 926 3223 980 sicut
3257 925 3343 980 vir
3392 927 3601 982 lumbos

2005 1011 2126 1063 tuos
2184 1007 2321 1079 (Job.
2355 1011 2470 1080 xL),
2533 1018 2585 1064 et
2643 1011 2912 1077 accelera,
2963 1019 3018 1066 at
3075 1012 3415 1068 dilectionem
3457 1021 3604 1069 tuam

2003 1095 2250 1166 superius
2281 1099 2732 1154 commonuimus.
2768 1099 3034 1169 Optamus
3069 1102 3408 1156 sanctitatem
3435 1110 3599 1169 tuam,

2003 1191 2105 1239 etc.
2142 1186 2275 1240 Data
2305 1201 2361 1239 v1
2393 1186 2665 1241 Kalendas
2694 1187 2916 1258 Aprilis,
2950 1187 3245 1244 indictione
3273 1205 3333 1244 x.

2680 1346 2917 1400 LXVIII.

2389 1464 2460 1505 AD
2498 1466 2797 1506 DOCIBILEM
2834 1467 2903 1506 ΕΤ
2937 1465 3214 1507 JOANNEM.

2623 1558 2802 1627 (Anno
2833 1558 2982 1628 877.)

2001 1672 2276 1727 Hortatur
2314 1676 2380 1726 ut
2411 1672 2504 1727 det
2533 1689 2759 1744 operam
2797 1690 2868 1728 ne
2919 1675 3233 1730 Christiani
3261 1676 3441 1746 [cedas
3474 1692 3604 1732 eum

2515 1762 2812 1817 Saracenis
2845 1763 3086 1832 faciant.

2083 1900 2334 1956 JOANNES
2365 1901 2652 1972 episcopus
2676 1903 2928 1958 Docthr
2957 1915 2982 1943 ι
3007 1911 3059 1959 et
3087 1904 3296 1958 Jortin
3325 1905 3559 1976 hypatis.

2083 2017 2367 2071 Devotioni
2399 2025 2503 2072 tuae
2540 2033 2641 2088 pro
2690 2018 2878 2073 labore
2926 2017 3051 2074 fidei
3100 2019 3415 2076 Christianae
3445 2035 3608 2092 quam

2011 2103 2214 2159 excolis
2262 2104 2563 2176 gratiarum
2615 2105 2917 2161 actionibus
2972 2107 3284 2177 persolutis,
3318 2108 3510 2163 iterum
3558 2116 3614 2164 et

2010 2192 2203 2246 iterum
2233 2192 2586 2248 exhortamur
2613 2201 2670 2248 ut
2717 2195 2891 2266 magis
2937 2209 3001 2250 ac
3047 2195 3223 2268 magis
3274 2203 3528 2268 satagere
3554 2201 3613 2252 'et

2009 2280 2308 2346 decertare,
2344 2289 2396 2334 et
2426 2289 2664 2351 coeptum
2698 2281 2942 2337 laborem
2972 2283 3040 2336 ad
3088 2283 3382 2353 perfectam
3411 2285 3613 2340 ducere

2009 2368 2279 2423 actionem
2306 2384 2565 2438 procures
2597 2385 2609 2424 :
2642 2377 2698 2423 ut
2727 2369 3015 2424 Christiani
3045 2370 3280 2424 nominis
3305 2371 3408 2426 viri
3435 2387 3611 2443 paga-

2007 2471 2204 2510 norum
2234 2455 2444 2511 foedera
2486 2456 2711 2527 fugiant,
2745 2465 2797 2512 et
2835 2457 3011 2512 solum
3052 2458 3106 2512 in
3155 2460 3348 2525 Deum,
3382 2459 3475 2530 qui
3514 2475 3608 2515 eos

2008 2545 2231 2609 creavit,
2269 2553 2321 2599 et
2373 2561 2481 2599 non
2535 2544 2591 2598 in
2648 2545 2847 2600 diaboli
2904 2546 3168 2614 membra,
3199 2562 3320 2618 quae
3359 2555 3483 2602 sunt
3511 2547 3608 2603 ﬁlii

2007 2632 2378 2688 fornicationis
2411 2641 2463 2687 et
2484 2647 2616 2687 vasa
2645 2632 2757 2699 irae,
2793 2650 2943 2703 spem
2966 2649 3120 2688 suam
3150 2650 3351 2704 ponere
3372 2634 3607 2692 discant.

2007 2719 2163 2788 Quod
2193 2736 2318 2775 cum
2348 2721 2548 2792 egeris,
2581 2721 2814 2776 salvebis
2845 2722 3079 2776 animam
3112 2729 3276 2786 tuam,
3311 2730 3361 2777 et
3391 2723 3608 2793 operies

2004 2808 2398 2863 multitudinem
2430 2817 2797 2878 peccatorum.
2830 2809 2971 2864 Dicit
3000 2809 3144 2864 enim
3175 2811 3362 2864 beatus
3391 2811 3560 2866 Jacob
3592 2830 3606 2866 :

2011 2898 2115 2964 Qui
2145 2899 2398 2951 converti
2423 2898 2627 2967 fecerit
2651 2901 3002 2967 peceatorem
3033 2899 3099 2953 ab
3128 2914 3315 2954 errore
3336 2901 3439 2954 vice
3468 2915 3603 2966 sum,

2004 2985 2246 3040 salvabit
2277 2986 2533 3039 animam
2562 3001 2726 3039 suam
2755 3002 2789 3038 a
2816 2989 3014 3053 morte,
3040 2990 3096 3041 et
3111 2988 3324 3059 aperiet
3343 2989 3604 3043 multitu-

2004 3073 2198 3128 dinem
2241 3076 2609 3144 peccatorum
2653 3072 2793 3143 (Jac.
2846 3072 2924 3142 v).
2974 3074 3108 3128 Data
3146 3090 3184 3127 v
3223 3075 3348 3128 Idus
3378 3074 3600 3145 Aprilis,

1932 3178 1980 3240 α
2004 3158 2189 3215 indict.
2225 3177 2276 3212 x.

2706 3291 2898 3346 LXIX.

2113 3420 2186 3459 AD
2225 3419 2557 3461 PULCHAREM
2596 3421 3033 3464 PREFECTURIUM
3070 3421 3486 3465 AMALFITANUN.

2623 3513 2803 3583 (Anno
2834 3515 2983 3584 877.)

2008 3620 2184 3675 Monet
2203 3623 2269 3674 ut
2288 3619 2466 3690 foedus
2488 3635 2620 3675 cum
2637 3621 2933 3676 Saracenis
2954 3623 3169 3676 initum
3189 3622 3604 3679 dissolvendum

2709 3713 2889 3764 curet.

2075 3832 2331 3886 .IOANNES
2362 3830 2650 3902 episcopus
2681 3831 2960 3888 PULCHARI
2989 3832 3015 3868 δ
3045 3832 3388 3904 praefecturio
3427 3834 3608 3891 Amal-

2008 3918 2190 3974 ﬁtano.
2374 3917 2384 3924 ”

2081 4027 2446 4080 Admonemus
2485 4034 2538 4080 ut
2587 4025 2642 4080 in
2684 4026 2832 4080 omni
2879 4027 3076 4082 virtute
3107 4035 3197 4083 tua
3244 4037 3297 4084 et
3344 4028 3609 4100 sapientia

2009 4121 2099 4168 tua
2128 4114 2343 4168 labores
2371 4121 2533 4185 atque
2564 4114 2812 4169 decertes
2842 4122 2900 4167 ut
2947 4115 3024 4168 illi
3070 4115 3318 4171 homines
3361 4133 3610 4189 pagano-

2010 4218 2129 4255 rum
2158 4201 2497 4272 disrumpere
2526 4209 2684 4272 pacta
2713 4211 3025 4272 procurent.
3061 4202 3220 4270 Quod
3267 4204 3312 4258 si
3359 4204 3608 4276 fecerint,

2009 4289 2083 4343 nil
2113 4289 2268 4344 vobis
2297 4289 2382 4344 vel
2412 4289 2518 4344 illis
2539 4290 2929 4360 denegabimus
2951 4307 3139 4346 eorum
3161 4309 3280 4363 quae
3301 4293 3398 4348 rite
3426 4293 3609 4349 facere

2009 4394 2318 4448 possumus,
2359 4386 2413 4433 et
2467 4395 2565 4448 pro
2625 4378 2770 4434 nulla
2818 4395 2982 4434 causa
3025 4380 3114 4435 vel
3158 4380 3375 4436 homine
3424 4396 3523 4436 nos
3579 4399 3610 4437 a

2009 4466 2282 4522 communi
2313 4474 2487 4522 vestra
2517 4475 2568 4521 et
2601 4483 2786 4522 eorum
2816 4467 2985 4525 salute
3015 4485 3112 4524 seu
3159 4469 3355 4524 auxilio
3381 4485 3608 4541 separa-

283 4543 385 4600 sed
415 4551 466 4598 et
493 4543 618 4614 ipse
650 4559 774 4598 cum
806 4544 890 4598 his
919 4544 1007 4615 qui
1041 4545 1137 4598 tibi
1169 4545 1449 4598 adhmrent
1479 4543 1547 4598 ad
1578 4542 1904 4614 colloquium
1934 4532 1986 4591 D
2010 4554 2204 4621 bimus,
2237 4571 2338 4610 nec
2387 4554 2512 4610 illos
2560 4554 2851 4626 aliquando
2893 4556 3244 4614 dimittemus,
3293 4561 3361 4612 Αῑ
3402 4532 3534 4613 vero
3563 4559 3611 4614 si

291 4639 543 4687 nostrum
585 4632 896 4688 accelerare
921 4649 990 4688 ne
1020 4633 1318 4704 pigriteris,
1351 4641 1617 4704 quatenus
1638 4631 1911 4687 communi

288 4720 540 4790 consilio,
571 4720 868 4776 auxiliante
903 4721 1037 4787 Deo,
1075 4738 1212 4794 gens
1243 4721 1408 4791 impia
1434 4721 1633 4776 nostris
1656 4720 1906 4775 elimine-

286 4818 376 4864 tur
402 4825 432 4864 e
462 4808 660 4864 finibus
695 4827 708 4864 :
741 4810 845 4865 hoc
885 4817 966 4864 est
998 4810 1142 4880 quod
1174 4809 1462 4882 exigimus,
1507 4811 1612 4866 hoc
1649 4818 1732 4864 est
1762 4810 1907 4881 quod

283 4906 412 4953 ante
444 4898 666 4969 speciali
694 4906 819 4953 voto
851 4898 1225 4968 deposcimus.
1263 4898 1395 4968 Quae
1425 4915 1556 4953 vero
1593 4899 1660 4953 de
1692 4899 1905 4953 mitten-

287 4987 374 5042 dis
403 4987 709 5059 quibusque
739 4987 932 5042 litteris
963 4987 1166 5042 nostris
1199 5003 1501 5060 suggerere
1532 4987 1777 5052 voluisti,
1802 5002 1903 5042 vo-

285 5075 357 5129 tis
391 5076 514 5145 tuis,
548 5084 708 5146 prout
742 5076 999 5146 temporis
1029 5076 1277 5147 qualitas,
1301 5083 1352 5130 et
1371 5091 1655 5130 causarum
1679 5075 1902 5146 dispen-

286 5164 425 5219 satio
453 5165 740 5230 concessit,
799 5172 1073 5236 gratanter
1119 5164 1436 5230 annuimus;
1473 5171 1526 5218 et
1573 5180 1683 5218 non
1723 5164 1900 5218 solum

285 5253 414 5321 hoc,
447 5253 543 5309 sed
573 5261 625 5308 et
652 5271 773 5325 quae
803 5269 1114 5324 possumus,
1151 5260 1299 5307 tanto
1322 5255 1469 5307 circa
1489 5252 1898 5307 sanctimoniam

290 5350 436 5397 tuam
469 5341 725 5397 exhibere
747 5342 1002 5396 libentius
1033 5341 1300 5407 volumus,
1335 5347 1535 5412 quanto
1577 5341 1719 5396 hanc
1747 5358 1895 5412 prae-

289 5430 462 5486 teritis
509 5429 615 5484 illis
662 5430 716 5484 in
762 5431 1004 5502 partibus
1045 5429 1391 5486 constitutam
1437 5428 1668 5485 alacrius
1707 5437 1758 5484 et
1807 5429 1896 5485 in-

363 5606 386 5633 ⁸
421 5611 489 5662 De
513 5609 729 5662 Docibile
753 5611 871 5676 Leo,
911 5623 992 5674 ep.
1018 5609 1273 5675 Ostiensis,
1301 5609 1384 5660 lib.
1416 5622 1472 5674 ιι,
1501 5621 1546 5659 c.
1577 5609 1658 5660 14.

2011 4643 2087 4697 illi
2116 4644 2221 4698 hoc
2251 4642 2426 4698 facere
2455 4643 2846 4710 recusaverint,
2886 4653 2940 4700 et
2985 4646 3257 4716 conspicis
3306 4663 3401 4702 eos
3447 4646 3608 4701 nobis

2011 4732 2078 4786 de
2123 4731 2212 4786 die
2265 4731 2320 4786 in
2367 4732 2510 4787 diem
2543 4733 2914 4789 tantummodo
2961 4734 3100 4790 velle
3136 4734 3383 4800 illudere,
3419 4734 3609 4790 saltem

2007 4829 2065 4875 tu
2097 4819 2183 4876 fac
2213 4820 2514 4876 secundum
2548 4821 2832 4877 consilium
2877 4829 3045 4888 tuum,
3080 4821 3226 4893 quod
3275 4822 3498 4893 scilicet,
3527 4823 3612 4879 in-

2007 4909 2244 4979 spirante
2274 4910 2409 4976 Deo,
2444 4926 2509 4964 ex
2547 4910 2801 4981 prudenti
2830 4911 2998 4966 corde
3039 4910 3378 4966 salutiferum
3424 4920 3610 4984 protu-

2004 4997 2130 5051 listi.
2167 4997 2442 5070 Quidquid
2473 5006 2655 5053 autem
2684 4998 2752 5052 de
2781 4998 2864 5052 his
2892 4997 3106 5060 factum,
3142 5000 3227 5056 vel
3257 5016 3367 5055 non
3400 4999 3604 5058 factum

2004 5084 2183 5152 fuerit,
2218 5094 2307 5140 aut
2341 5085 2644 5141 faciendum
2675 5085 2958 5152 exstiterit,
2987 5087 3090 5141 tuis
3120 5087 3278 5143 nobis
3313 5089 3398 5144 vel
3429 5090 3611 5146 missis

2003 5174 2088 5229 vel
2117 5174 2310 5228 litteris
2340 5175 2496 5230 citius
2539 5173 2828 5239 iudicabis,
2873 5183 2930 5230 ut
2975 5192 3096 5248 quae
3144 5177 3406 5248 deinceps
3453 5178 3612 5234 nobis

2001 5263 2310 5317 necessario
2343 5270 2466 5316 sunt
2495 5262 2735 5334 agenda,“
2783 5262 2995 5319 facilius
3045 5273 3099 5320 et
3144 5267 3444 5337 expeditius
3475 5283 3612 5338 aga-

2001 5366 2140 5417 mus,
2175 5365 2550 5420 praaparemus
2587 5359 2639 5406 et
2669 5351 3011 5408 ordinemus.
3039 5355 3178 5410 Data
3198 5356 3376 5412 vldus
3391 5355 3611 5428 Aprilis,

1999 5438 2194 5494 indict.
2226 5453 2284 5493 x.

2071 5614 2096 5651 δ
2122 5618 2190 5670 De
2213 5615 2450 5670 Pulchare
2473 5617 2595 5684 Leo,
2620 5618 2704 5671 ubi
2725 5632 2892 5686 supra.
