4160 6322
600 410 704 465 723

1320 525 1491 582 LXX.

802 630 876 670 AD
913 630 1157 671 SERGIUH
1194 628 1514 671 MAGISTRUM
1549 622 2005 667 NEAPOLITANUI.

1227 703 1407 773 (Anno
1439 702 1587 770 877.)

609 792 772 865 Dolet
817 792 1179 865 ipsumscepe
1202 792 1494 865 monitum
1511 789 1701 865 flectus
1739 802 1869 865 cum
1907 780 2204 865 Saracenis

679 854 891 946 solvere
933 854 1230 946 noluisﬁser
1264 854 1532 946 praecipit"
1567 863 1636 946 ut
1680 860 1911 916 tandem
1951 854 2155 933 pareat
2168 871 2203 933 ⁸;

681 934 774 987 sin
800 934 1012 999 minus,
1043 921 1304 987 minatur
1332 947 1389 986 se
1418 921 1639 986 {terunt
1668 947 1795 987 eum
1817 921 2207 999 excommuni-

680 993 1337 1085 saturumapollicetur,
1384 1003 1435 1055 si
1476 1001 1666 1069 ﬁdeles
1716 1003 1924 1073 legatos
1957 993 2199 1060 miserit.

681 1073 918 1144 benigne
945 1089 1004 1128 se
1017 1073 1452 1143 suscepturum.

677 1179 932 1232 JOANNES
952 1177 1241 1248 episcopus
1262 1177 1468 1232 Sancto
1498 1185 1523 1214 ι
1539 1178 1801 1249 magistro
1819 1176 2198 1248 Neapolitano.

679 1264 820 1319 Dum
848 1265 1003 1320 verbi
1042 1264 1144 1320 Dei
1188 1281 1377 1320 semen
1419 1266 1475 1320 in
1521 1273 1740 1337 pectore
1783 1274 1874 1321 tuo
1911 1265 2074 1320 etiam
2104 1279 2204 1335 per

608 1353 986 1424 memetipsum
1032 1360 1157 1424 post
1196 1353 1422 1409 crebros
1465 1354 1665 1411 missos
1712 1362 1766 1410 et
1793 1355 2003 1409 litteras
2033 1351 2201 1408 semi-

607 1457 843 1509 nassem,
877 1442 1256 1513 exspectabam
1299 1458 1408 1497 non
1451 1443 1748 1498 verborum
1784 1442 1930 1509 folia,
1966 1441 2063 1498 sed
2093 1439 2202 1495 fru-

606 1538 724 1585 ctus
748 1545 979 1601 operum
1005 1530 1308 1601 promereri
1340 1548 1354 1585 :
1388 1532 1486 1586 sed
1523 1531 1652 1603 quia
1693 1547 1857 1602 super
1898 1531 2000 1585 hac
2047 1535 2202 1600 parte

606 1634 734 1690 spes
760 1626 947 1673 nostra
984 1617 1246 1673 frustrata
1291 1627 1393 1686 est,
1426 1635 1597 1693 cogor
1640 1620 1695 1674 in
1750 1607 1941 1676 vocem
1987 1616 2204 1673 Domini

605 1722 707 1779 per
735 1707 929 1760 Isaiam
956 1708 1276 1777 prophetam
1307 1707 1568 1764 adversus
1601 1707 1955 1764 lsraeliticam
1987 1706 2202 1776 plebem

607 1810 985 1866 prorumpere,
1026 1794 1269 1850 clamans
1301 1813 1314 1849 :
1350 1796 1490 1862 Quid
1533 1800 1619 1851 est
1666 1796 1806 1868 quod
1844 1795 2005 1851 debui
2044 1795 2202 1848 ultra

611 1885 800 1954 facere
826 1883 1004 1938 vinea:
1012 1899 1171 1949 mete,
1186 1888 1243 1939 et
1255 1900 1369 1940 non
1380 1886 1493 1955 feci
1508 1889 1529 1939 ἱ)
1544 1900 1621 1939 an
1640 1884 1782 1957 quod
1798 1883 2122 1955 exspectavi
2136 1885 2204 1936 ut
2226 1858 2280 1917 Β

611 1973 830 2043 faceret
845 1977 1003 2038 uvas,
1027 1971 1166 2042 fecit
1186 1975 1380 2028 autem
1401 1973 1687 2028 labruscas
1706 1972 1733 2026 εν
1754 1973 1883 2042 (Isa.
1905 1970 1988 2041 v.)
2007 1970 2209 2025 Verum

614 2058 758 2128 quia,
792 2066 851 2113 ut
879 2073 1000 2114 cum
1042 2058 1304 2129 Apostolo
1341 2059 1535 2126 dicam,
1572 2060 1767 2115 eadem
1788 2058 1937 2116 vobis
1972 2057 2210 2113 scribere

614 2146 759 2202 mihi
777 2146 999 2218 quidem
1016 2164 1131 2203 non
1166 2150 1411 2219 pigrum,
1434 2149 1582 2204 vobis
1606 2152 1802 2204 autem
1826 2148 2212 2203 necessarium

616 2238 705 2290 est
732 2234 961 2306 (Philip.
994 2234 1115 2305 Ill);
1147 2235 1318 2291 semel
1348 2243 1399 2291 te
1440 2242 1670 2307 tuosque
1711 2236 1886 2291 adhuc
1919 2234 2214 2289 admonere

617 2337 730 2377 non
758 2321 938 2378 abnuo
965 2330 1025 2376 ut
1051 2323 1118 2377 ab
1164 2321 1460 2379 inﬁdelium
1503 2324 1775 2380 consortio
1819 2322 2123 2388 declinetis,
2163 2329 2215 2377 et

615 2426 647 2465 a
675 2417 785 2464 tam
811 2409 1041 2481 profano
1088 2411 1308 2466 tandem
1352 2412 1638 2483 aliquando
1675 2411 1880 2467 foedere
1925 2409 2213 2466 recedatis.

619 2497 779 2567 Quod
809 2498 856 2552 si
884 2513 985 2553 nos
1014 2498 1309 2566 audieritis,
1345 2516 1456 2555 non
1484 2501 1662 2555 solum
1692 2500 1834 2555 bona
1877 2515 1997 2571 quae
2024 2498 2215 2569 cupitis

618 2585 924 2642 atiluentius
953 2603 1019 2641 ex
1048 2587 1207 2642 nobis
1234 2588 1526 2657 habebitis,
1558 2588 1656 2644 sed
1684 2596 1738 2643 et
1762 2603 1964 2658 magna
1994 2588 2216 2659 praemia

624 2675 841 2732 caelitus
884 2676 1286 2748 assequemini;
1334 2676 1417 2731 sin
1475 2684 1677 2744 autem,
1734 2693 1845 2731 non
1899 2676 2074 2731 solum
2117 2690 2219 2729 nos

621 2763 882 2833 spirituali
926 2779 1025 2819 vos
1071 2764 1262 2819 iterato
1310 2764 1495 2835 gladio
1544 2764 1925 2835 parcellemus,
1958 2763 2054 2818 sed
2084 2770 2136 2817 et
2164 2762 2220 2816 hi

624 2850 715 2922 qui
744 2866 854 2906 non
881 2851 1000 2907 sine
1028 2867 1193 2906 causa
1232 2852 1545 2911 materiales
1588 2852 1797 2924 gladios
1825 2858 2063 2923 portant,
2096 2866 2220 2906 cum

628 2940 733 2995 sint
786 2948 988 2995 sanctae
1034 2939 1298 2996 Ecclesiae
1344 2940 1509 2996 validi
1567 2940 1884 2996 defensores
1928 2948 1981 2994 et
2027 2938 2221 2994 fervidi

625 3029 906 3096 zelatores,
940 3029 1149 3085 cunctis
1175 3028 1421 3084 adversis
1449 3036 1501 3084 et
1543 3029 1824 3101 prosperis
1871 3027 2217 3092 conculcatis,

625 3119 889 3175 adversus
917 3133 1015 3173 vos
1043 3118 1291 3189 protinus
1340 3133 1497 3173 arma
1535 3118 1850 3189 corripient,
1884 3125 1938 3172 et
1981 3115 2222 3173 vindices

1875 392 2103 452 JOANN
2107 390 2169 446 IS
2223 385 2420 442 PAPE
2474 382 2617 440 VIII.

2235 510 2293 571 A
2383 508 2511 563 tani
2555 504 2712 561 ducis
2756 502 2981 573 legatos,
3026 497 3078 552 si
3130 494 3398 573 miserit,_
3420 491 3727 573 pacat:qu

3799 362 3905 418 724

3730 483 3904 540 uead

2382 556 2838 646 biiiiiié'ydr‘a
2862 556 3010 646 qua:
3038 583 3144 646 pro
3188 556 3449 621 Ecclesiae
3494 560 3598 615 Dei
3641 556 3901 613 utilitate

2372 641 2715 727 perﬁcienda
2744 641 3069 699 retulerim.

2373 759 2627 813 JOANNES
2657 750 2948 822 episcopus
2976 745 3045 800 ad
3083 740 3394 814 episcopum
3422 733 3865 822 Neapolitanum.

2373 842 2596 902 Relictis
2624 818 2819 895 litteris
2847 835 2973 904 tuis,
3007 848 3141 905 quas
3171 836 3349 899 coepto
3370 826 3484 896 jam
3508 821 3790 895 paschalis
3817 818 3904 875 fe-

2304 931 2552 992 stivitatis
2580 927 2756 999 oﬂicio
2784 925 2838 979 in
2868 923 2956 978 die
2992 934 3192 993 magno
3230 914 3589 986 suscepimus,
3626 908 3767 965 nihil
3795 923 3904 980 quo

2302 1021 2719 1085 laetiﬁcaremur,
2761 1011 3063 1084 reperimus
3095 1024 3108 1063 :
3141 1006 3285 1062 unde
3324 1005 3519 1077 ingens
3564 998 3801 1063 tristitia,
3849 1004 3906 1051 et

2302 1111 2588 1170 continuus
2626 1103 2783 1159 dolor
2815 1100 2964 1157 cordi
3008 1103 3191 1153 nostro
3230 1092 3415 1158 crevit,
3439 1098 3492 1146 et
3510 1086 3905 1158 multiplicatus

2300 1216 2403 1256 nos
2431 1197 2786 1254 vehementer
2814 1187 3037 1259 afﬂigit;
3066 1184 3194 1257 quia
3220 1180 3483 1254 populum
3528 1175 3768 1233 civitatis
3808 1187 3903 1228 ve-

2301 1296 2449 1352 strae,
2483 1298 2604 1356 quae
2632 1280 2762 1336 olim
2790 1276 2908 1342 Dei,
2941 1289 3084 1329 nunc
3110 1278 3291 1327 autem
3327 1265 3591 1340 principis
3636 1262 3902 1318 tenebra-

2302 1391 2426 1433 rum
2438 1351 2442 1352 ί
2454 1351 2646 1428 eﬁecta
2675 1374 2776 1433 est,
2799 1363 3059 1421 derelicto
3073 1361 3286 1432 penitus
3302 1354 3563 1413 creatoris
3580 1351 3667 1407 sui
3687 1364 3901 1416 amore,

2300 1464 2547 1520 videmus
2571 1459 2764 1529 jugum
2793 1469 2917 1511 cum
2959 1448 3265 1505 inﬁdelibus
3305 1446 3504 1501 ducere
3532 1459 3546 1496 :
3577 1449 3745 1529 teque
3775 1438 3903 1493 ideo

2300 1552 2420 1608 fore
2464 1525 2780 1610 obnoxium,
2835 1538 3091 1613 quoniam
3140 1536 3198 1590 in
3243 1532 3423 1589 medio
3456 1528 3645 1602 populi
3700 1525 3905 1598 polluta

2299 1639 2443 1695 labia
2470 1632 2735 1697 habentis,
2766 1629 3031 1701 pollutum
3060 1632 3114 1680 et
3155 1620 3473 1693 complicem
3504 1617 3768 1676 habitare.
3802 1628 3906 1668 nec

2300 1735 2415 1791 toto
2444 1723 2644 1780 annixu
2672 1729 2724 1776 te
2751 1718 2891 1775 velle
2920 1729 3136 1770 murum
3164 1726 3261 1784 pro
3291 1710 3454 1764 domo
3490 1703 3730 1767 Domini,
3765 1703 3905 1757 sicut

2299 1808 2555 1871 idoneum
2612 1806 2812 1864 Christi
2868 1803 3122 1858 athletam
3169 1804 3421 1870 oportet,
3470 1791 3908 1863 contemplemur

2308 1916 2605 1975 opponere.
2637 1897 2773 1953 Cum
2802 1909 2903 1949 nos
2930 1906 3032 1963 pro
3059 1885 3366 1957 hujusmodi
3396 1899 3560 1939 causa
3589 1889 3642 1936 te
3672 1879 3745 1935 ad
3775 1878 3908 1933 tanti

2308 1969 2533 2045 honoris
2561 1985 2774 2043 culmen
2801 1980 3103 2054 perducere
3133 1974 3323 2048 procul
3352 1971 3515 2027 dubio
3537 1969 3909 2033 studeremus,

2309 2085 2577 2150 quatenus
2605 2081 2659 2128 te
2688 2071 2992 2140 adjutorem
3021 2074 3074 2121 et
3103 2063 3319 2119 ﬁdelem
3366 2064 3774 2131 cooperatorem
3803 2056 3910 2109 ha-

2310 2144 2521 2233 bentes,
2554 2176 2685 2217 oves
2714 2155 2930 2214 Domini
2959 2156 3028 2210 de
3064 2161 3175 2208 tam
3221 2148 3441 2206 immani
3480 2144 3758 2219 profundo
3806 2156 3915 2214 quo

2312 2254 2381 2309 ab
2412 2249 2635 2308 humani
2680 2245 2901 2321 generis
2944 2242 3164 2298 inimico
3212 2239 3528 2294 submersas
3576 2241 3630 2289 et
3672 2239 3915 2287 retentas

2306 2343 2496 2412 jacere
2525 2334 3015 2409 conspiciebamus,
3048 2328 3367 2384 abstrahere
3394 2332 3556 2396 atque
3575 2321 3647 2377 ad
3675 2333 3915 2391 superna

2314 2409 2559 2485 relevare
2587 2439 2895 2498 possemus,
2927 2428 2985 2475 ut
3013 2420 3082 2474 de
3124 2417 3343 2472 illorum
3390 2410 3548 2468 simul
3595 2409 3770 2465 salute
3812 2422 3917 2479 par

2316 2518 2461 2590 apud
2491 2497 2871 2572 retributorem
2900 2508 3141 2565 omnium
3173 2507 3346 2561 Deum
3372 2518 3469 2574 pro
3498 2497 3776 2556 communi
3796 2510 3919 2552 cer-

2316 2587 2517 2662 tamine
2546 2603 2800 2659 meritum
2827 2599 3173 2654 haberemus.
3209 2592 3317 2650 Sed
3365 2605 3492 2646 ecce
3534 2587 3786 2660 neglecta
3812 2600 3919 2655 pa-

2319 2693 2539 2750 storalis
2567 2690 2729 2747 ofﬁcii
2760 2704 2912 2755 cura,
2943 2682 3246 2757 postposito
3276 2678 3443 2736 divini
3471 2677 3663 2731 timore
3704 2672 3915 2743 judicii,

2319 2798 2442 2839 cum
2489 2780 2596 2836 illis
2647 2794 2784 2851 quos
2834 2782 2927 2831 aut
2972 2772 3246 2843 corrigere
3293 2776 3347 2824 et
3373 2767 3444 2822 ad
3481 2766 3623 2821 viam
3673 2762 3919 2819 veritatis

2320 2884 2595 2935 revocare,
2629 2848 2721 2922 aut
2750 2880 2847 2919 eos
2866 2861 3033 2935 quasi
3061 2873 3291 2931 gregem
3318 2852 3626 2911 morbidum
3648 2859 3726 2906 tot
3746 2848 3920 2905 disci-

2319 2959 2481 3031 plinae
2508 2954 2738 3011 salubris
2767 2950 3087 3008 verberibus
3130 2945 3472 3019 castigatum,
3521 2940 3756 2996 salutem
3804 2953 3927 3009 pro-

2319 3028 2495 3118 priam
2523 3044 2797 3100 nolentem
2824 3040 3091 3110 recipere,
3123 3036 3318 3103 vitare,
3349 3040 3510 3104 atque
3530 3030 3598 3084 de
3625 3028 3810 3084 medio
3829 3042 3924 3082 eo-

2320 3117 2466 3198 rum.
2500 3134 2639 3190 sicut
2662 3133 2777 3201 jam
2806 3129 2936 3185 olim
2963 3126 3059 3181 tibi
3103 3141 3170 3181 ex
3211 3121 3397 3178 divina
3437 3117 3757 3175 auctoritate
3784 3130 3928 3187 prae-

628 3215 818 3296 (ξοηῑτδ
846 3222 944 3262 V05
973 3207 1384 3296 ίωρυεηθιρτεε
1414 3207 1529 3276 eius
1565 3207 1794 3296 βθῙθΓίιιε
1839 3204 2223 3296 ΡΓΟΡθτθδξιηί·
2256 3204 2305 3268 C
2327 3225 2575 3296 cipimus,
2607 3220 2757 3277 exire
2787 3218 3075 3281 debueras,
3106 3228 3209 3268 nec
3245 3209 3478 3280 amplius
3506 3222 3631 3263 cum
3656 3203 3923 3277 praevari-

629 3294 766 3365 Quas
793 3310 894 3351 nos
925 3295 1178 3365 scientes,
1199 3295 1325 3366 quia
1362 3311 1460 3350 vos
1490 3295 1671 3350 anima
1701 3303 1755 3349 et
1780 3309 2009 3365 corpore
2047 3293 2228 3349 salvos

639 3384 869 3439 reddere
899 3383 1167 3455 cupimus,
1198 3385 1315 3439 haec
1345 3383 1500 3439 vobis
1520 3383 1896 3438 denuntiamus
1917 3390 1969 3437 et
1997 3381 2235 3438 cavenda

637 3471 999 3544 praecipimus.
1059 3472 1325 3528 Caeterum
1379 3471 1641 3541 miramur
1698 3470 1969 3543 quomodo
2023 3485 2120 3525 vos
2173 3469 2230 3524 in

629 3560 833 3618 litteris
865 3560 1080 3628 vestris,
1109 3577 1246 3633 quas
1275 3561 1331 3616 in
1375 3560 1490 3633 ipsa
1516 3559 1759 3632 paschali
1804 3557 2089 3614 festivitate
2116 3573 2230 3613 sus-

639 3651 905 3722 cepimus,
956 3651 1317 3722 inculpabiles
1364 3650 1580 3706 tentetis
1625 3656 1901 3717 astruere,
1946 3662 2070 3703 cum
2110 3645 2233 3717 pia-

642 3739 824 3795 culum
858 3747 1103 3795 vestrum
1150 3747 1295 3794 totus
1338 3738 1430 3809 qui
1478 3738 1724 3792 desertus
1770 3744 1851 3790 est
1895 3734 2148 3800 mundus,
2181 3741 2235 3789 et

638 3826 861 3898 sanguis
891 3827 960 3882 de
1003 3834 1165 3893 terra,
1216 3825 1307 3898 qui
1361 3824 1565 3881 eﬁusus
1606 3833 1707 3891 est,
1750 3824 1989 3880 clamet:
2020 3838 2235 3893 praeve-

640 3916 823 3971 niente
869 3922 1051 3971 autem
1097 3914 1271 3988 gratia
1307 3914 1428 3981 Dei,
1462 3914 1569 3970 cito
1612 3913 1882 3970 credimus
1928 3911 2045 3967 fore
2089 3919 2147 3966 ut
2185 3918 2238 3966 et

640 4019 741 4061 vos
787 4004 1175 4076 resipiscentes
1216 4021 1246 4058 a
1303 4003 1519 4060 vinculo
1575 4018 1682 4075 quo
1724 4001 1920 4057 annexi
1959 3999 2235 4069 tenemini,

645 4094 1058 4151 convenientius
1111 4092 1466 4149 absolvamini
1491 4136 1504 4161 ,
1560 4100 1613 4147 et
1670 4092 1739 4148 de
1781 4099 1874 4146 tua
1922 4098 2239 4160 tuorumque

643 4185 813 4240 salute
841 4183 944 4256 ipsi
974 4199 1098 4241 cum
1146 4183 1460 4239 coelestibus
1505 4181 1687 4238 choris
1733 4180 1851 4253 pari
1898 4178 2098 4253 gaudio
2140 4192 2239 4248 per

638 4274 902 4331 fruamur.
939 4276 1107 4331 Porro
1153 4273 1199 4328 si
1226 4274 1424 4328 missos
1471 4270 1751 4326 destinatis
1798 4268 2006 4334 ﬁdeles,
2041 4266 2236 4338 quibus

645 4365 873 4421 credere
904 4361 1095 4435 procul
1126 4362 1289 4417 dubio
1339 4361 1635 4425 valeamus,
1686 4358 1874 4413 libenti
1919 4372 2015 4412 eos
2062 4362 2115 4410 et
2142 4354 2245 4408 be-

644 4453 813 4525 nigno
845 4451 1209 4522 suscipiemus
1238 4448 1466 4513 aﬂ‘ectu;
1498 4454 1550 4501 et
1577 4446 1844 4519 quidquid
1864 4442 2136 4501 desiderio
2155 4443 2242 4499 vel

2326 3293 2597 3370 catoribus
2615 3317 2669 3365 et
2685 3306 3019 3365 consortium
3030 3300 3323 3357 inﬁdelium
3336 3295 3662 3352 habentibus
3673 3293 3926 3349 habitare

2325 3415 2707 3475 prmsumeres,
2738 3404 2796 3451 ut
2816 3403 2921 3450 tuae
2937 3388 3240 3448 devotionis
3259 3385 3565 3442 sinceritate
3580 3379 3927 3438 manifestius

2326 3495 2635 3562 apparente,
2668 3482 3029 3541 reverentiam
3044 3488 3207 3544 tuam,
3233 3491 3395 3548 quam
3426 3471 3714 3529 sacerdotii
3729 3470 3929 3524 summi

2330 3556 2706 3635 decoravimus
2752 3571 2956 3638 infulis,
3016 3570 3071 3623 in
3126 3566 3382 3622 societate
3424 3561 3669 3632 corporis
3727 3556 3929 3614 Christi

2330 3666 2616 3723 nobiscum
2644 3664 2970 3718 haberemus
3000 3656 3363 3726 conjunctam.
3392 3652 3507 3707 Nos
3536 3648 3680 3704 enim
3709 3645 3926 3701 assidua

2333 3755 2578 3829 quamvis
2607 3750 2853 3823 corporis
2881 3744 3318 3803 incommoditate
3362 3749 3491 3795 tunc
3535 3736 3743 3792 detenti
3772 3749 3930 3790 esse-

2333 3823 2475 3910 mus,
2507 3842 2750 3898 volentes
2773 3836 3188 3909 Neapolitanam
3216 3829 3508 3894 civitatem,
3543 3842 3642 3883 ceu
3664 3823 3928 3896 papulum

2334 3931 2570 4000 Domini,
2604 3937 2657 3985 et
2683 3942 2814 3985 oves
2843 3940 3059 3998 pascuae
3089 3921 3204 3991 ejus
3233 3917 3391 3974 nobis
3416 3917 3473 3971 in
3500 3916 3619 3987 ipso
3648 3911 3929 3985 apostolo—

2336 4038 2457 4077 rum
2483 4018 2725 4092 principe
2772 4013 3093 4071 commissas
3139 4025 3264 4065 cum
3312 4005 3460 4062 omni
3503 4002 3794 4059 devotione
3825 3999 3931 4056 sal-

2337 4126 2486 4181 vare,
2520 4124 2629 4163 non
2657 4103 3033 4162 recusavimus
3066 4098 3330 4162 laborem,
3364 4094 3492 4167 quin
3532 4091 3712 4164 potius
3741 4089 3930 4161 posui-

2338 4216 2458 4255 mus
2472 4179 2697 4254 animas
2717 4200 2933 4249 nostras
2947 4190 3002 4244 in
3017 4187 3268 4244 manibus
3296 4183 3514 4249 nostris,
3536 4179 3933 4250 Dominicaque

2339 4303 2473 4345 voce
2505 4283 2764 4341 admoniti
2795 4280 3040 4337 venimus
3069 4274 3389 4332 confirmare
3417 4271 3541 4327 illos
3588 4270 3643 4323 in
3672 4267 3936 4338 benepla-

2341 4378 2447 4435 cito
2476 4374 2596 4442 Dei,
2629 4389 2730 4430 ceu
2760 4370 2972 4435 fratres,
3004 4375 3056 4422 et
3084 4373 3143 4421 ut
3182 4363 3323 4419 ﬁlios
3370 4358 3723 4417 charissimos
3750 4372 3938 4414 coram

2341 4465 2573 4524 Domino
2601 4463 2894 4533 adjuvare;
2927 4457 3024 4513 sed
3053 4454 3316 4511 obdurato
3346 4448 3449 4521 ipsi
3494 4447 3680 4515 corde,
3717 4453 3941 4501 nostras

648 4549 774 4597 ν⁰¹⁰
830 4546 1013 4596 vestro
1068 4538 1283 4629 9°99?“
1307 4581 1319 4602 ’
1396 4542 1680 4629 gfifamei
1742 4531 2240 4629 Edminisfmmléus
2272 4567 2555 4629 Dpresces
2581 4561 2634 4609 et
2658 4531 2862 4606 monita
2908 4546 3153 4616 recipere
3183 4549 3351 4613 atque
3401 4545 3459 4593 ut
3492 4535 3713 4607 aspides
3762 4533 3943 4589 surda:

649 4629 902 4696 ﬁdentes,
938 4628 1085 4699 quod
1114 4627 1191 4681 nil
1221 4624 1575 4696 impossibile,
1607 4622 1684 4676 nil
1712 4620 2001 4694 allegaturi
2030 4620 2136 4674 sint
2162 4619 2244 4672 in-

654 4720 986 4777 conveniens
1018 4733 1031 4772 :
1066 4733 1096 4772 e
1125 4722 1315 4772 contra
1346 4727 1475 4768 vero
1505 4711 1551 4766 si
1595 4710 1863 4765 ﬁnetenus
1892 4708 2033 4780 pacti
2054 4709 2247 4781 jugum

647 4826 772 4865 cum
800 4806 1110 4863 inﬁdelibus
1156 4805 1359 4860 ducere
1406 4800 1727 4873 proponitis,
1776 4799 1964 4854 scitote
1998 4795 2243 4869 profecto

654 4897 800 4969 quia,
834 4905 891 4951 ut
919 4910 1041 4951 cum
1071 4891 1334 4964 Apostolo
1351 4890 1539 4956 fatear,
1561 4891 1625 4945 in
1645 4891 1801 4960 virga
1821 4887 2045 4943 veniam
2062 4886 2133 4941 ad
2152 4901 2244 4942 vos

656 4986 707 5057 (Ι
736 4986 856 5042 Cor.
889 4984 986 5055 iv).
1017 4984 1154 5038 Data
1183 4998 1218 5035 v
1248 4980 1372 5036 ldus
1401 4977 1623 5050 Aprilis,
1654 4977 1946 5033 indictione
1976 4975 2207 5033 decima.

1348 5068 1541 5123 LXXI.

997 5174 1067 5214 ΑΙ)
1106 5173 1416 5215 EPISCOPUM
1453 5169 1907 5212 NEAPOLITANUM.

1271 5244 1451 5317 (Anno
1483 5246 1632 5318 877.)

646 5343 934 5424 Quaeritur
942 5338 1333 5412 Neapolitanos
1346 5353 1475 5424 cuni
1483 5335 1807 5424 inﬁdelibus
1819 5329 2213 5424 [adus‘iniisse
2222 5370 2235 5392 ,

711 5429 813 5469 nec
835 5414 901 5468 ab
916 5412 1032 5483 ipso
1051 5402 1244 5483 eorum
1267 5409 1529 5483 antistite
1549 5402 1790 5483 adoiam
1810 5402 2069 5483 ueritatis
2096 5415 2242 5455 revo-

710 5485 850 5540 cari.
872 5475 1051 5551 Quare
1065 5482 1326 5551 hortatur
1337 5480 1529 5551 utipse
1544 5481 1599 5532 et
1616 5478 1706 5531 illi
1718 5475 2055 5551 resipiseant
2073 5488 2085 5523 :
2103 5486 2244 5551 pra:-

714 5541 1194 5627 tereapollicetur
1218 5566 1276 5605 se
1302 5541 1536 5621 benigne
1566 5541 1961 5618 suscepturum
1975 5541 2240 5613 Neapoli-

710 5668 735 5695 ⁸
758 5666 827 5716 De
850 5662 1018 5726 Sergio
1037 5661 1154 5724 Leo,
1179 5658 1266 5710 lib.
1297 5670 1333 5722 ι,
1360 5668 1469 5721 cap.
1498 5655 1581 5705 42.

2341 4627 2531 4702 audire
2560 4644 2964 4711 despexerunt;
2995 4643 3156 4706 teque
3184 4627 3483 4687 secundum
3522 4641 3715 4682 eorum
3752 4631 3944 4679 votum

2340 4743 2393 4791 et
2422 4730 2754 4789 desiderium
2783 4724 3094 4792 antistitem,
3129 4720 3276 4793 quod
3302 4733 3411 4773 non
3444 4716 3816 4781 merebantur,
3849 4728 3944 4768 or-

2342 4823 2533 4878 dinare
2562 4835 2671 4874 non
2697 4813 3159 4888 praetermisimus,
3192 4808 3375 4863 multis
3413 4821 3574 4878 super
3603 4805 3707 4858 hoc
3736 4800 3859 4857 aliis
3890 4807 3945 4855 et

2344 4912 2505 4970 etiam
2535 4907 2694 4963 bonis
2721 4901 3024 4977 promissis,
3058 4900 3104 4955 si
3146 4906 3347 4955 nostrae
3390 4893 3683 4952 voluntatis
3730 4889 3946 4946 deside-

2343 5001 2479 5055 rium
2527 4998 2721 5052 devota
2763 4999 2944 5049 mente
2987 4988 3400 5060 complessent:
3432 4999 3576 5039 nunc
3618 4989 3799 5036 autem
3858 4977 3948 5033 vel

2344 5089 2450 5143 illis
2479 5083 2795 5142 incorrectis
2842 5079 3214 5143 existentibus,
3247 5084 3300 5132 et
3342 5074 3411 5129 ad
3452 5069 3848 5144 percutientem
3889 5083 3951 5122 se

2345 5176 2528 5231 redire
2575 5170 2906 5236 nolentibus,
2938 5168 3027 5224 vel
3073 5166 3167 5220 tibi
3215 5180 3340 5220 cum
3382 5161 3514 5234 ipsis
3560 5156 3847 5222 habitanti,
3897 5163 3952 5209 et

2346 5264 2552 5321 idcirco
2584 5278 2616 5318 a
2634 5259 2830 5316 divinis
2845 5256 3096 5314 omnibus
3113 5269 3237 5310 cum
3249 5252 3327 5308 eis
3342 5250 3544 5322 pariter
3561 5252 3909 5319 sequestrata
3933 5262 3949 5309 ς

2350 5368 2457 5426 quo
2486 5359 2645 5424 pacto
2684 5356 2976 5419 antequam
3012 5343 3395 5415 resipiscentes
3449 5338 3519 5394 ad
3564 5337 3711 5393 viam
3759 5332 3949 5389 salutis

2348 5450 2400 5498 et
2422 5439 2641 5511 justitiaa
2672 5454 2753 5493 rei
2768 5433 3039 5499 ertamini,
3073 5446 3319 5503 parcere,
3355 5436 3447 5483 aut
3476 5442 3507 5481 a
3528 5442 3669 5481 nexu
3691 5421 3955 5479 ecclesia-

2350 5530 2469 5587 stici
2498 5544 2596 5584 vos
2620 5525 2804 5596 judicii
2852 5523 3095 5580 valemus
3129 5515 3457 5576 absolvere?
3501 5512 3780 5569 Absolvite
3812 5524 3947 5584 ergo
