4160 6320
313 331 423 386 ’725
1492 328 1850 386 EPISTOLE
1905 328 1996 384 ET
2050 330 2394 386 DECRETA.
3502 340 3606 394 726

325 467 424 506 vos
454 450 608 521 prius
650 449 1028 523 colligationes
1075 451 1364 521 impietatis
1391 458 1443 506 et
1472 450 1650 506 foedus
1694 451 1920 522 impium
1949 453 2129 512 Anon
2175 453 2424 523 expedit;
2473 453 2746 524 pracipue
2794 455 2917 525 quia
2959 464 3050 511 tua
3101 456 3408 512 fraternitas
3455 457 3608 529 ipsos

328 539 474 610 quod
523 555 648 594 cum
695 538 926 594 inimicis
975 539 1173 594 Christi
1201 539 1408 594 habetis
1457 539 1834 609 compositum,
1868 547 1922 594 et

324 641 426 681 nos
456 626 599 681 illico
646 626 1096 695 misericordiam,
1130 642 1291 698 quam
1322 627 1470 681 Deus
1511 635 1697 681 noster
1721 626 1919 682 Eccle-

329 715 426 769 sia
453 730 565 769 sua
592 713 650 768 in
679 713 880 784 Spiritu
911 723 1095 770 sancto
1135 714 1283 768 dedit
1312 713 1491 770 facere
1519 730 1703 784 posse,
1737 715 1918 769 nulla-

327 809 488 857 tenus
516 802 672 857 vobis
695 802 809 870 jam
837 803 1118 858 conversis
1149 801 1384 856 tribuere
1421 802 1750 856 omittemus.
1782 805 1919 856 Nam

326 889 465 946 sicut
508 907 634 945 vere
683 890 1066 946 satisfactionis
1124 889 1528 946 confessoribus
1584 891 1920 960 parcendum

325 986 426 1043 est,
476 978 690 1034 dicente
738 979 971 1033 Domino
1004 995 1018 1033 :
1055 980 1192 1033 Cum
1233 995 1530 1034 conversus
1572 981 1918 1050 ingemueris

323 1067 650 1133 salvaberis,
668 1071 723 1121 et
741 1067 922 1122 adhuc
947 1070 998 1121 te
1018 1067 1295 1139 loquente,
1320 1067 1536 1122 dicam:
1562 1069 1700 1122 Ecce
1719 1067 1920 1121 adsum

325 1155 548 1225 (Επειδὴ.
579 1156 767 1223 χχχιι)
794 1172 808 1217 ;
844 1154 918 1208 ita
961 1169 1092 1209 vero
1123 1155 1179 1207 in
1202 1154 1409 1209 scelere
1440 1153 1606 1223 impio
1643 1154 1918 1208 manenti-

324 1242 426 1295 bus
472 1241 840 1296 miserendum
883 1257 992 1296 non
1031 1249 1129 1309 est,
1185 1242 1438 1312 quoniam
1484 1241 1919 1296 misericordiam

323 1329 565 1400 aliquam
594 1329 878 1384 vobiscum
924 1337 1049 1384 ante
1079 1329 1310 1385 fructum
1337 1330 1561 1400 dignum
1591 1329 1920 1399 paenitentia

325 1415 509 1472 facere
541 1417 760 1472 omnino
788 1417 1092 1487 nequimus,
1127 1432 1192 1471 eo
1222 1418 1366 1488 quod
1394 1417 1771 1472 misericordia
1801 1417 1918 1470 sine

323 1504 697 1560 controversia
758 1505 924 1576 quari
981 1505 1159 1570 debet,
1215 1512 1270 1558 ut
1319 1505 1460 1558 salus
1491 1505 1561 1558 sit
1591 1503 1913 1574 disciplina.

323 1593 465 1646 Nam
497 1593 710 1647 dicente
737 1601 924 1647 sancto
953 1592 1221 1663 Gregorio
1241 1592 1359 1663 (lib.
1384 1609 1423 1646 ιι
1443 1595 1506 1648 in
1541 1593 1734 1647 Exech.
1767 1594 1914 1648 hom.

328 1680 418 1750 19)
453 1698 466 1734 :
498 1681 654 1751 Sape
681 1681 853 1750 pietas
900 1696 997 1750 per
1041 1680 1454 1734 immoderatam
1491 1680 1916 1735 misericordiam

2019 536 2320 592 invisibiles
2366 553 2635 592 maerores
2682 545 2915 606 nostros,
2968 540 3105 594 sicut
3151 541 3207 595 in
3263 541 3455 596 litteris
3503 543 3608 598 tuis

2021 625 2403 694 conspicimus,
2438 641 2546 680 non
2573 625 2809 695 ignorat,
2845 642 2945 695 per
2973 626 3122 682 illum
3146 629 3237 699 qui
3266 636 3316 685 te
3347 631 3604 685 sacerdo-

2019 720 2128 766 tem
2173 727 2327 766 suum
2374 713 2668 778 constituit,
2709 721 2853 766 tuam
2883 715 3241 769 reverentiam
3271 717 3602 785 adjuramus,

2020 801 2419 871 suadentesque
2448 801 2626 854 modis
2655 800 2907 856 omnibus
2935 803 3311 872 deprecamur,
3345 813 3396 859 et
3423 812 3608 862 aucto-

1983 895 1986 898 ‘
2020 887 2178 942 ritate
2207 888 2512 958 principum
2555 889 2943 958 apostolumm,
2976 889 3218 945 fraterno
3249 890 3370 946 freti
3399 908 3602 963 amore,

2019 975 2364 1046 pracipimus
2395 984 2451 1031 ut
2479 976 2733 1032 omnibus
2780 977 2988 1032 viribus
3021 978 3132 1031 'tuis
3162 979 3416 1051 omnique
3445 996 3606 1052 posse

2020 1072 2110 1118 tuo
2138 1063 2373 1132 labores,
2403 1072 2514 1118 tam
2559 1064 2764 1120 scilicet
2812 1081 2934 1120 cum
2962 1083 3221 1138 germano
3251 1067 3416 1123 fratre
3447 1085 3607 1140 quam

2019 1168 2141 1206 cum
2169 1152 2290 1206 aliis
2317 1152 2652 1208 Christicolis
2682 1152 2736 1205 in
2772 1154 2875 1208 hoc
2904 1170 3064 1224 opem
3113 1153 3255 1210 ferre
3285 1156 3606 1224 valentibus,

2019 1247 2075 1292 ut
2104 1239 2270 1309 impia
2316 1242 2688 1310 Agarenorum
2735 1239 2961 1307 foedera,
2995 1258 3116 1312 qua
3145 1243 3484 1313 Neapolitani
3523 1245 3612 1300 vel

2022 1327 2104 1411 sgi
2149 1327 2391 1381 consocii
2439 1344 2559 1381 cum
2591 1328 2820 1383 inimicis
2869 1329 3062 1384 Christi
3093 1330 3326 1384 nominis
3354 1332 3607 1396 inierant,

2021 1414 2236 1468 Christo
2282 1415 2571 1470 miserante
2616 1417 2938 1487 quantocius
2976 1418 3350 1486 destruantur;
3397 1428 3450 1474 et
3504 1437 3612 1491 pax

2019 1509 2176 1572 atque
2207 1503 2498 1558 concordia
2528 1502 2766 1558 fidelium
2795 1521 2894 1574 per
2924 1506 3176 1560 eumdem
3205 1507 3474 1562 Christum
3503 1510 3614 1564 Do-

2018 1589 2226 1644 minum
2296 1590 2637 1656 reformetur,
2691 1600 2953 1663 quatenus
3019 1609 3216 1664 corpus
3265 1604 3466 1650 sancta
3511 1596 3614 1651 Dei

2017 1675 2299 1746 Ecclesia,
2332 1695 2429 1748 pro
2460 1694 2566 1750 qua
2594 1680 2818 1750 sanguis
2868 1679 3019 1735 fusus
3048 1689 3130 1737 est
3161 1682 3374 1749 Christi,
3413 1683 3467 1737 in
3498 1684 3611 1738 suis

325 1785 513 1822 errare
561 1767 718 1834 solet,
753 1768 798 1821 si
825 1767 1055 1822 fortasse
1087 1767 1330 1836 pepercit
1359 1785 1480 1839 qua
1507 1768 1780 1838 parcenda
1810 1783 1920 1822 non
1951 1798 2003 1856 B
2021 1766 2279 1819 membris
2306 1782 2416 1820 non
2443 1766 2732 1832 laceretur,
2767 1775 2820 1822 et
2850 1785 2968 1839 qua
2997 1769 3068 1823 sit
3087 1785 3218 1824 vera
3234 1770 3428 1842 religio
3449 1778 3613 1842 atque

327 1864 468 1910 sunt.
491 1857 719 1911 Peccata
750 1856 895 1910 enim
927 1872 1046 1925 qua
1076 1855 1219 1910 feriri
1252 1856 1517 1925 gehenna
1547 1855 1766 1926 ignibus
1791 1871 1920 1925 pos-

327 1952 471 2011 sunt,
505 1943 804 2013 disciplina
843 1950 967 1996 sunt
995 1943 1226 1998 verbere
1255 1943 1596 2015 corrigenda.
1630 1944 1737 1996 Sed
1768 1944 1919 1998 inor—

324 2031 509 2086 dinata
549 2031 724 2102 pietas
768 2047 893 2086 cum
923 2031 1292 2100 temporaliter
1335 2031 1529 2101 parcit,
1561 2031 1632 2084 ad
1657 2038 1919 2086 aternum

323 2119 649 2190 supplicium
679 2119 962 2190 pertrahit.
995 2119 1152 2174 Unde
1182 2119 1338 2174 vobis
1382 2119 1822 2189 resipiscentibus
1851 2136 1920 2174 ne

322 2207 379 2262 in
407 2206 588 2262 futuro
619 2207 873 2278 pereatis,
908 2223 1131 2276 parcere
1161 2214 1433 2276 optamus.
1462 2207 1731 2262 Praterea
1754 2207 1798 2262 si
1819 2205 1919 2261 fra-

319 2303 407 2350 ter
453 2304 596 2361 tuus,
647 2294 1122 2365 Neapolitanorum
1164 2294 1417 2349 videlicet
1465 2295 1592 2359 dux,
1639 2311 1740 2364 per
1790 2311 1918 2349 suos

321 2383 549 2438 idoneos
595 2383 804 2454 legatos
848 2381 1006 2436 nobis
1037 2389 1220 2452 optata
1249 2389 1302 2437 et
1323 2397 1397 2458 ea
1429 2398 1548 2452 qua
1579 2391 1794 2452 oportet
1825 2399 1918 2437 ve-

321 2471 436 2526 raci
465 2471 638 2525 relatu
667 2469 997 2540 perficienda
1017 2469 1290 2537 direxerit,
1325 2485 1418 2524 eos
1448 2469 1758 2541 gratissime
1788 2471 1921 2525 reci-

321 2559 554 2630 pientes,
579 2558 841 2630 quidquid
873 2557 1082 2612 ratione
1114 2557 1298 2629 sagaci
1319 2558 1622 2623 retulerint,
1648 2556 1917 2627 perficere

325 2663 427 2717 pro
455 2647 717 2702 Ecclesia
763 2647 863 2700 Dei
890 2647 1116 2700 utilitate
1147 2654 1304 2716 atque
1335 2647 1506 2700 salute
1533 2646 1722 2716 procul
1753 2646 1916 2700 dubio

321 2735 496 2806 parati
528 2736 748 2790 erimus.
774 2738 890 2806 Age
920 2735 1100 2806 igitur,
1127 2742 1177 2787 et
1204 2735 1476 2788 desudare
1514 2750 1615 2804 pro
1646 2734 1919 2788 communi

325 2823 707 2894 prosperitate,
752 2823 860 2877 imo
909 2839 1008 2892 pro
1049 2823 1220 2876 salute
1269 2830 1360 2876 tua
1389 2830 1440 2876 et
1471 2822 1670 2876 civium
1699 2830 1918 2876 tuorum

329 2927 439 2967 non
468 2912 720 2976 desistas,
748 2927 1005 2983 arguens,
1040 2912 1338 2965 obsecrans
1387 2919 1438 2964 et
1476 2910 1766 2980 increpans
1795 2927 1916 2965 cum

324 3000 473 3055 omni
519 3000 766 3070 imperio.
801 3008 857 3053 ut
885 3000 1040 3054 labor
1083 3007 1202 3052 tuus
1232 2997 1465 3052 fructum
1495 2998 1918 3052 desiderabilem

323 3088 379 3142 in
410 3089 571 3142 domo
603 3087 817 3142 Domini
845 3103 941 3157 pro
974 3103 1080 3157 quo
1111 3087 1276 3158 digne
1306 3087 1672 3140 remunereris
1703 3085 1913 3141 afferat.

325 3178 462 3232 Data
491 3181 555 3232 ut
584 3193 776 3249 supra.

1007 3246 1226 3299 LXXII.

529 3350 600 3389 Αι)
641 3350 857 3388 AJONEM
895 3349 1198 3388 EPISCOPUM
1239 3346 1708 3388 BENEVENTANUM.

937 3407 1115 3474 (Anno
1156 3404 1304 3474 877.)

323 3496 546 3551 Laudat
593 3497 713 3565 ejus
769 3497 1092 3566 promptum
1121 3492 1191 3546 ad
1222 3493 1484 3547 Ecclesiae
1530 3492 1914 3566 defensionem

394 3563 646 3621 studium
681 3582 692 3620 :
729 3563 851 3618 tum
922 3563 1185 3619 hortatur
1233 3566 1299 3617 ut
1361 3566 1561 3616 contra
1607 3563 1914 3616 Saracenos

394 3639 748 3763 ﬂans/‘53:,
781 3640 836 3690 et
867 3635 1045 3706 fwdus
1077 3651 1205 3689 cum
1237 3634 1357 3688 illis
1386 3633 1653 3689 ictumdis
1692 3633 1912 3686 solven-

395 3806 648 3860 JOANNES
679 3803 967 3874 episcopus
995 3805 1163 3857 AJONI
1209 3802 1466 3872 episcopo
1509 3802 1908 3856 Beneventano.

397 3893 705 3964 Perspectis
752 3892 999 3961 apicibus
1048 3891 1344 3946 sanctitatis
1393 3897 1514 3956 tua,
1567 3897 1828 3961 quantum
1857 3889 1912 3943 in

319 3993 374 4040 te
404 3982 570 4038 divini
599 3981 802 4036 amoris
819 3980 985 4035 ardor
1013 3978 1270 4035 efferveat
1291 3980 1410 4034 luce
1433 3979 1629 4034 clarius
1651 3993 1915 4051 recogno-

321 4074 521 4137 vimus,
553 4079 603 4126 et
635 4077 892 4142 quantum
939 4085 1068 4140 erga
1116 4075 1357 4123 sanctam
1387 4069 1686 4122 Romanam
1715 4067 1910 4122 Eccle-

321 4161 461 4216 siam
488 4161 716 4215 devotus
764 4158 959 4213 existas
1016 4156 1364 4210 nihilominus
1413 4156 1776 4219 advertentes,
1811 4170 1910 4224 pro

319 4257 470 4305 tanta
496 4247 594 4302 tibi
621 4246 955 4319 benignitate
1002 4244 1326 4314 multiplices
1353 4243 1558 4313 gratias
1589 4242 1820 4312 agimus,
1857 4250 1910 4296 et

323 4336 732 4394 sanctimoniam
761 4342 908 4388 tuam
936 4335 1004 4388 ad
1035 4332 1207 4387 nostri
1251 4330 1553 4400 profectum
1600 4329 1909 4384 certaminis

322 4426 506 4499 dignis
533 4424 738 4495 pollere
755 4421 1100 4479 successibus
1120 4421 1187 4475 ab
1206 4418 1602 4490 Omnipotentis
1622 4418 1910 4473 clementia

2021 1853 2256 1923 perfecta
2305 1854 2540 1908 charitas
2586 1864 2918 1926 agnoscatur
2956 1875 2968 1910 :
3012 1857 3139 1928 quia
3185 1858 3309 1913 licet
3356 1874 3474 1924 vos,
3524 1860 3613 1914 vel

2022 1939 2196 1993 omnis
2227 1938 2361 1993 forte
2390 1941 2623 1993 mundus
2652 1940 2797 1994 mala
2828 1958 2948 2011 qua
2977 1941 3258 1997 imminent
3277 1943 3478 2014 lugeat,
3511 1959 3612 1999 nos

2021 2035 2204 2081 tamen
2251 2034 2456 2081 tantum
2501 2044 2612 2098 pra
2641 2028 2892 2082 omnibus
2921 2028 3206 2101 afﬂigimur
3232 2047 3294 2084 ac
3342 2031 3610 2097 dolemus,

2023 2123 2281 2186 quantum
2329 2132 2444 2186 pra
2489 2117 2742 2170 omnibus
2789 2116 3204 2172 sollicitudinem
3233 2127 3394 2190 atque
3425 2135 3613 2176 curam

2021 2203 2391 2272 regendarum
2419 2203 2617 2258 Christi
2645 2203 2831 2258 ovium
2862 2219 2962 2258 nos
2993 2205 3300 2276 suscepisse
3330 2206 3614 2276 perpendi-

2021 2307 2161 2345 mus.
2195 2291 2432 2362 ldeoque
2465 2291 2592 2362 quia
2620 2291 2741 2362 plus
2767 2293 3020 2346 omnibus
3062 2293 3395 2359 laboramus,
3429 2301 3488 2348 ut
3514 2310 3614 2364 per

2020 2395 2119 2433 vos
2147 2379 2306 2434 labor
2352 2387 2534 2434 noster
2561 2396 2734 2450 usque
2779 2381 2847 2434 ad
2887 2379 3136 2435 effectum
3180 2380 3446 2451 proficiat,
3483 2398 3614 2452 spe-

2020 2467 2232 2522 cialiter
2265 2467 2639 2537 deprecamur.
2699 2469 2844 2523 Inter
2872 2469 2989 2523 hac
3020 2477 3200 2524 autem
3234 2470 3614 2524 charissimum

2018 2554 2246 2610 fratrem
2278 2572 2588 2626 quasumus
2618 2557 2922 2622 exhortare,
2957 2565 3014 2610 ut
3045 2556 3327 2627 epistolam
3366 2566 3610 2613 nostram

2020 2644 2090 2696 ad
2119 2643 2353 2712 primum
2384 2644 2699 2698 Gracorum
2730 2644 2856 2699 illuc
2896 2645 3227 2699 venientium
3275 2646 3382 2700 cito
3430 2653 3609 2700 trans-

2019 2731 2208 2797 mittat,
2262 2739 2314 2784 et
2362 2731 2473 2784 suis
2521 2747 2644 2785 cum
2707 2732 3181 2800 deprecationibus
3246 2741 3469 2788 moneat
3530 2741 3607 2799 ut,

2020 2819 2166 2872 omni
2196 2825 2374 2873 amota
2404 2819 2690 2874 occasione
2743 2819 2828 2874 vel
2849 2821 3039 2874 decem
3059 2821 3352 2874 dromones
3382 2821 3436 2873 in
3468 2822 3616 2890 adju-

2021 2906 2216 2961 torium
2267 2915 2512 2961 nostrum
2565 2907 2740 2960 statim
2783 2907 3022 2979 dirigere
3051 2924 3332 2982 nunquam,
3356 2908 3563 2964 omittat
3598 2927 3611 2963 :

2020 2995 2142 3065 quia
2174 3011 2294 3062 nos,
2346 3003 2674 3065 cooperante
2716 2996 2890 3067 gratia
2937 2997 3154 3064 Christi,
3188 3005 3298 3050 tam
3329 3013 3448 3050 cum
3479 2998 3611 3050 cha-

2021 3082 2233 3136 rissimo
2266 3083 2376 3137 filio
2407 3092 2590 3136 nostro
2623 3083 2906 3137 Lamberto
2937 3083 3178 3155 glorioso
3209 3084 3366 3147 duce,
3399 3084 3488 3153 qui
3519 3099 3612 3138 no-

2021 3170 2103 3224 bis
2136 3170 2190 3222 in
2239 3171 2489 3224 omnibus
2531 3171 2720 3235 haret,
2773 3187 2934 3240 quam
2984 3187 3106 3225 cum
3156 3171 3274 3224 aliis
3321 3170 3611 3226 Dominum

2020 3258 2330 3311 timentibus
2373 3258 2781 3323 desudabimus,
2835 3266 2890 3311 ut
2921 3266 2973 3312 et
3002 3259 3225 3328 impium
3274 3257 3449 3313 fmdus
3488 3275 3612 3314 cum

2017 3346 2288 3416 Agarenis
2335 3347 2579 3400 habitum
2618 3346 2960 3412 dissolvatur,
3013 3355 3066 3401 et
3112 3347 3333 3400 libertas
3381 3347 3468 3401 vel
3509 3346 3613 3400 ali-

2019 3443 2221 3504 quanta
2265 3435 2531 3490 securitas
2575 3434 2867 3489 Christiani
2895 3435 3080 3505 populi
3132 3442 3464 3489 renascatur.
3499 3436 3608 3489 Po-

2017 3530 2220 3577 stremo
2252 3523 2394 3594 quia,
2422 3524 2558 3578 sicut
2588 3523 2838 3592 diximus,
2864 3523 2986 3593 plus
3018 3523 3270 3577 omnibus
3300 3523 3610 3578 necessario

2015 3611 2344 3676 laboramus,
2377 3611 2580 3665 nullum
2628 3611 2868 3666 laborem
2913 3611 3225 3681 nullamque
3271 3610 3610 3664 tolerabilem

2014 3699 2315 3754 molestiam
2363 3699 2609 3770 corporis
2649 3699 3042 3764 recusabimus,
3093 3714 3200 3769 quo
3250 3698 3429 3751 minus
3460 3697 3609 3766 adju-

2013 3796 2175 3842 vante
2225 3789 2457 3843 Domino
2503 3805 2601 3858 pro
2647 3788 2807 3843 tantis
2855 3786 3268 3842 necessitatibus
3312 3802 3413 3857 pro
3456 3785 3612 3839 vobis

2013 3891 2139 3931 cum
2167 3877 2532 3947 praveniente
2581 3877 2796 3932 Christo
2842 3876 3083 3931 laborem
3114 3882 3359 3929 nostrum
3389 3873 3614 3928 viriliter

2012 3964 2325 4019 insistamus
2360 3983 2372 4018 :
2409 3965 2589 4019 forsan
2638 3965 2978 4034 omnipotens
3016 3965 3176 4027 Deus,
3219 3962 3475 4016 adhibitis
3504 3959 3611 4016 tuis

2011 4051 2306 4120 laboribus,
2341 4061 2612 4107 tantorum
2663 4052 3003 4122 pereuntium
3032 4050 3395 4114 miserebitur,
3431 4056 3484 4103 et
3513 4048 3610 4102 do-

2010 4140 2156 4196 lores
2183 4148 2399 4194 nostros
2428 4139 2702 4205 auferens,
2737 4138 2946 4193 fadera
2991 4154 3114 4192 cum
3144 4137 3341 4208 iniquis
3369 4139 3602 4207 paganis

2011 4245 2043 4282 a
2075 4229 2396 4284 vcstratibus
2440 4228 2576 4283 facta
2623 4227 2919 4291 dissolvet;
2953 4226 3044 4280 ubi
3093 4241 3352 4295 rogamus
3399 4222 3605 4278 cunctis

2012 4317 2292 4371 conatibus
2343 4317 2526 4384 sudes,
2571 4315 2660 4386 qui
2692 4323 2835 4368 tanto
2869 4315 2937 4368 de
2966 4313 3213 4383 profectu
3243 4312 3317 4366 tui
3346 4309 3604 4367 certami-

2010 4405 2094 4459 nis
2125 4405 2295 4459 latari
2345 4420 2646 4474 speramus,
2680 4411 2878 4475 quanto
2907 4410 2956 4457 te
2987 4402 3042 4456 in
3070 4402 3173 4470 hoc
3202 4416 3369 4470 opere
3397 4415 3602 4468 coope-

317 4489 675 4586 postulamus.
727 4513 868 4566 Vere
914 4510 1131 4574 etenim,
1166 4508 1335 4562 frater
1363 4489 1696 4572 charissime,
1730 4506 1910 4561 laudi-
1940 4495 1991 4554 D
2015 4503 2253 4548 Γθῑοΐθῖη
2282 4500 2526 4546 nostrum
2557 4492 2758 4586 habt???
2781 4489 3119 4586 ϐοῐξίξάίῐξὶιιδ·
3146 4489 3364 4586 ξΰῑθξίω
3384 4501 3607 4586 ωαξησ-

324 4603 429 4657 bus
459 4619 520 4656 es
567 4599 926 4668 extollendus,
978 4598 1069 4670 qui
1101 4596 1467 4651 tribulationes
1514 4602 1746 4660 nostras,
1777 4611 1910 4665 quas

320 4707 424 4762 pro
454 4690 654 4762 populo
683 4689 842 4743 nobis
872 4687 1166 4742 commisso
1196 4686 1450 4756 patimur,
1484 4682 1644 4755 quasi,
1666 4699 1908 4753 prasen-

322 4789 406 4835 tes
437 4779 676 4852 intuens,
709 4777 991 4833 nobiscum
1022 4791 1249 4848 gemens
1279 4782 1330 4829 et
1350 4773 1560 4840 dolens,
1595 4773 1664 4828 ad
1691 4773 1792 4826 has
1821 4788 1914 4826 au-

321 4868 576 4924 ferendas
623 4867 908 4938 providum
952 4864 1377 4920 commilitonem
1425 4871 1476 4917 et
1507 4868 1915 4932 cooperatorem

320 4965 568 5012 nostrum
599 4971 708 5011 non
740 4954 975 5009 indebite
1006 4961 1058 5008 te
1089 4953 1228 5010 velle
1259 4967 1380 5006 esse
1409 4951 1465 5004 in
1494 4950 1743 5005 omnibus
1764 4964 1913 5003 asse-

325 5062 507 5102 veras.
555 5045 670 5100 Nec
697 5043 840 5098 aliud
871 5043 1052 5114 itaque
1082 5042 1150 5096 de
1181 5049 1266 5095 tua
1306 5039 1588 5095 sanctitate
1619 5038 1910 5101 credimus,

318 5151 422 5191 nec
451 5133 599 5189 aliud
629 5133 992 5204 suspicamur,
1027 5130 1130 5185 nisi
1163 5138 1219 5184 ut
1250 5127 1495 5200 quamvis
1545 5141 1777 5197 corpore
1810 5125 1912 5179 ab-

322 5241 451 5280 sens
473 5222 568 5288 sis,
593 5221 784 5292 spiritu
800 5237 832 5276 a
851 5220 1048 5276 nostris
1070 5219 1393 5289 singultibus
1423 5229 1696 5287 nunquam
1725 5214 1872 5268 desis
1897 5233 1910 5279 ;

324 5321 378 5368 et
409 5327 573 5383 quam
619 5311 914 5365 dolendum
961 5308 1029 5362 sit
1057 5307 1203 5379 quod
1236 5305 1423 5360 fideles
1453 5321 1574 5359 cum
1605 5302 1914 5357 infidelibus

321 5409 436 5456 tam
463 5399 763 5470 perniciose
807 5399 1124 5468 junguntur,
1169 5393 1422 5466 liquidius
1451 5401 1502 5447 et
1531 5392 1645 5462 ipse
1673 5407 1913 5461 perpen-

322 5491 457 5557 das;
486 5488 644 5556 hujus
694 5487 773 5542 rei
803 5486 999 5557 gratia,
1032 5484 1156 5555 quia
1200 5483 1383 5538 multis
1414 5482 1631 5536 studere
1661 5479 1912 5549 loquelis,

321 5595 390 5633 ne
411 5577 587 5650 magis
606 5575 964 5647 multiplicare
986 5574 1153 5629 verba
1172 5588 1334 5644 quam
1357 5571 1591 5643 gemitus
1612 5569 1910 5636 videamur,

2011 4599 2139 4654 pere
2184 4581 2522 4652 postulamus
2547 4590 2606 4634 ut
2653 4579 2918 4650 quidquid
2974 4579 3086 4633 sive
3135 4577 3203 4631 de
3248 4574 3602 4630 dromonibus

2012 4671 2333 4743 dirigendis,
2369 4669 2481 4725 sive
2503 4670 2570 4724 de
2591 4669 2769 4739 impiis
2789 4667 3024 4739 peccatis
3046 4664 3321 4720 solvendis
3339 4679 3436 4734 per
3455 4670 3602 4716 tuam

2015 4760 2308 4825 solertiam,
2359 4758 2444 4814 vel
2491 4774 2592 4829 per
2642 4756 2819 4811 fratris
2866 4755 2936 4809 tui
2979 4752 3342 4809 obedientiam
3384 4749 3601 4806 effectui

2012 4847 2174 4903 fuerit
2214 4848 2414 4916 datum,
2455 4845 2713 4901 citissime
2761 4843 2920 4898 nobis
2951 4848 3136 4898 sancta
3163 4849 3256 4895 tua
3292 4838 3602 4894 fraternitas

2013 4936 2229 5007 scriptis
2260 4935 2573 5008 significare
2603 4940 2874 5005 procuret.
2898 4932 3034 4986 Data
3056 4945 3132 4984 xv
3155 4928 3431 4984 Kalendas
3451 4927 3599 4996 Maii,

2013 5025 2306 5081 indictione
2337 5024 2564 5079 decima.

2688 5151 2928 5206 LXXIII.

2192 5279 2262 5316 AD
2302 5274 2624 5316 GREGORIUM
2669 5272 3006 5312 IMPERIALEM
3045 5269 3418 5310 PEDAGOGUH.

2624 5366 2802 5434 (Anno
2843 5365 2992 5434 877.)

2019 5477 2353 5532 Gratulatur
2382 5475 2778 5545 imperatorem
2799 5475 2998 5527 contra
3025 5471 3332 5527 Saracenos
3359 5470 3598 5524 classem

2086 5565 2157 5622 ad
2187 5565 2449 5621 Ecclesiae
2466 5563 2850 5633 defensionem
2867 5562 3086 5617 misisse
3107 5580 3125 5627 ;
3149 5573 3382 5630 eumque
3403 5557 3602 5612 ducem
