4160 6328
609 318 717 375 727

1839 311 2136 369 JOANNIS
2176 311 2371 366 PAPE
2424 311 2561 368 VIII.

3791 314 3902 368 728

681 441 1044 497 constituisse
1074 459 1092 496 :
1123 444 1247 496 tum
1275 443 1467 496 monet
1503 442 1570 494 ut
1599 438 1789 494 decem
1817 437 2151 493 achelandia
2174 443 2200 471 ι
2229 436 2286 498 Α
2304 449 2431 490 nam
2457 449 2692 506 superna
2718 448 2818 491 vos
2845 435 3102 505 majestas
3131 441 3331 492 sanctae
3359 450 3472 492 suae
3502 433 3767 491 Ecclesiae
3794 450 3901 490 no-

678 512 752 567 ad
783 512 977 567 littora
997 529 1032 566 a
1047 512 1255 583 piratis
1276 511 1573 566 Saracenis
1592 508 1962 581 expurganda
1979 508 2196 562 mittat.

681 617 939 671 JOANNES
970 616 1261 686 episcOpus
1277 614 1572 670 Gnncomo
1588 611 1852 684 imperiali
1871 612 2197 684 paedagogo.

680 703 923 758 Gloriam
978 706 1126 759 tuam
1182 704 1285 757 hac
1339 700 1670 772 apostolatus
1737 699 1908 755 nostri
1970 699 2205 770 epistola

606 790 774 845 missa
810 791 1059 863 primitus
1110 792 1461 845 exhortamur
1486 796 1545 843 ut
1574 787 1830 843 divinitus
1867 787 2018 842 datas
2047 787 2199 843 sani-

604 886 745 934 tates
775 878 1153 935 desiderabilis
1199 877 1295 933 filii
1342 876 1514 932 nostri
1543 875 1726 931 Basilii
1768 874 2201 946 tranquillissimi

602 966 950 1038 imperatoris
992 967 1150 1022 nobis
1199 963 1493 1036 significes.
1545 964 1805 1035 Cupimus
1854 963 1998 1018 enim
2040 964 2200 1019 valde

604 1056 833 1111 salutem
851 1056 967 1125 ejus
995 1054 1188 1111 animae
1215 1053 1375 1108 simul
1404 1060 1457 1108 et
1478 1051 1723 1123 corporis
1742 1066 1961 1121 semper
1989 1051 2195 1119 audire,

603 1152 858 1215 tanquam
913 1142 1142 1214 piissimi
1196 1141 1617 1213 propugnatoris
1673 1139 1991 1196 orthodoxae
2048 1139 2195 1196 ﬁdei.

604 1231 867 1287 Gratulati
897 1238 1076 1286 autem
1096 1246 1282 1285 sumus
1310 1230 1593 1285 audientes
1622 1228 1851 1301 gloriam
1884 1236 2032 1282 tuam
2062 1228 2200 1284 dire-

600 1326 745 1375 ctam
775 1334 897 1375 cum
940 1318 1056 1374 Deo
1084 1317 1473 1373 conservandis
1520 1316 1848 1372 exercitibus
1877 1330 1911 1369 a
1939 1316 2198 1386 praedicto

602 1406 858 1463 divinitus
885 1406 1228 1480 protegendo
1257 1405 1603 1477 imperatore,
1627 1404 1683 1459 in
1711 1413 1897 1476 partes
1926 1406 2198 1459 Beneven-

600 1502 853 1549 tanorum
881 1494 1116 1563 venisse,
1140 1502 1253 1549 tam
1284 1493 1430 1565 quia,
1451 1493 1655 1567 gratias
1684 1494 1818 1560 Deo,
1851 1492 2023 1564 ipsius
2052 1491 2196 1548 divi-

602 1583 747 1637 nitus
776 1590 1093 1653 provectum
1120 1581 1411 1653 imperium
1438 1581 1494 1636 in
1523 1580 1898 1636 defensionem
1928 1579 2195 1635 Christia-

600 1670 783 1725 nitatis
845 1670 937 1741 pio
983 1670 1099 1726 zelo
1147 1685 1491 1737 succensum,
1557 1669 1764 1725 classes
1810 1677 1859 1725 et
1908 1668 2196 1723 militarem

2302 523 2388 577 bis
2433 523 2738 578 commissae
2785 530 3075 594 patronum
3102 524 3378 589 invictum,
3406 522 3756 579 defensorem
3785 538 3897 595 po-

2299 618 2524 679 tentem,
2584 619 2637 667 et
2689 619 2970 667 strenuum
3025 613 3327 681 adjutorem
3383 610 3677 679 concessit,
3735 618 3796 666 ut
3838 610 3903 666 in

2300 699 2552 755 omnibus
2597 699 2981 756 ecclesiasticis
3028 700 3365 766 utilitatibus,
3397 700 3545 756 unde
3571 707 3898 771 perpetuam

2298 788 2503 843 habere
2559 788 2787 861 gloriam
2858 788 3195 859 mereamini,
3257 788 3410 860 quasi
3465 788 3741 844 vindicem
3794 788 3901 845 Dei

2299 876 2599 932 habeamus
2643 876 2966 932 ministrum.
2999 877 3169 951 Igitur
3212 892 3338 933 cum
3365 876 3619 932 eumdem
3655 876 3898 932 Adelar-

2297 964 2426 1018 dum
2456 964 2771 1036 episcopum
2799 965 3115 1021 venerabile
3151 965 3544 1021 monasterium
3571 963 3899 1020 Nonantulm

2298 1052 2477 1121 situm,
2512 1053 2659 1125 quod
2685 1068 2784 1124 pro
2813 1054 2914 1109 Dei
2944 1054 3186 1126 tantique
3215 1054 3323 1110 loci
3347 1054 3676 1120 reverentia,
3708 1052 3896 1109 nullus

2296 1156 2536 1212 unquam
2602 1141 2987 1213 episcoporum
3028 1142 3116 1198 vel
3153 1142 3395 1212 judicum
3450 1142 3507 1196 in
3563 1140 3896 1197 beneﬁcium

2298 1229 2565 1300 quaesivit,
2614 1229 2864 1285 timorem
2908 1230 3148 1286 divinum
3193 1230 3658 1302 parvipendendo,
3705 1237 3894 1286 contra

2298 1329 2484 1372 sacras
2529 1333 2927 1388 prmcessorum
2962 1326 3277 1374 nostrorum
3304 1316 3585 1390 nostrique
3615 1317 3895 1391 privilegii

2296 1404 2680 1472 institutiones,
2714 1407 2911 1477 quibus
2954 1407 3023 1462 de
3048 1406 3269 1478 propria
3310 1422 3527 1477 semper
3572 1420 3893 1479 congrega-

2295 1492 2442 1548 tione
2490 1494 2741 1548 abbatem
2770 1492 2891 1550 ﬁeri
2932 1495 3172 1564 jubetur,
3205 1494 3399 1551 callide
3426 1494 3667 1565 petiisse,
3697 1510 3762 1549 ac
3789 1510 3893 1565 per

2295 1580 2399 1636 hoc
2423 1580 2607 1637 illicita
2636 1583 3074 1654 praesumpsisse,
3106 1582 3435 1638 omnimodis
3453 1582 3887 1654 reperissemus;

2294 1668 2613 1725 auctoritate
2660 1671 2959 1741 apostolica
3002 1687 3127 1726 eum
3156 1670 3625 1727 excommunicare
3672 1669 3891 1725 studui-

599 1758 835 1814 validam
881 1774 1104 1814 manum
1132 1766 1323 1815 contra
1351 1757 1599 1814 inimicos
1629 1757 1809 1813 crucis
1842 1756 2039 1812 Christi
2066 1756 2195 1809 mit-
2224 1791 2277 1851 B
2298 1772 2453 1823 mus;
2487 1751 2513 1788 δ
2543 1764 2601 1811 ut
2648 1773 2821 1829 eaque
2866 1758 2985 1829 ipse
3014 1766 3204 1814 tenere
3235 1758 3511 1814 canonicis
3540 1774 3665 1813 eum
3697 1773 3892 1814 corre-

601 1853 719 1902 tere
764 1846 1098 1918 procuravit,
1133 1862 1297 1919 quam
1336 1846 1480 1917 quod
1510 1854 1563 1901 te
1593 1862 1706 1917 prae
1734 1844 1945 1900 caeteris
1973 1844 2041 1899 ad
2069 1850 2194 1898 tan-
2224 1844 2273 1851 —
2295 1844 2590 1915 ptionibus,
2621 1853 2779 1917 prout
2820 1846 2977 1901 nobis
3024 1846 3317 1902 auctoritas
3358 1846 3658 1918 apostolica
3682 1845 3893 1902 suifra-

600 1942 717 1989 tum
744 1950 884 2007 opus
912 1951 1033 1990 cum
1054 1934 1155 1989 Dei
1181 1934 1379 1989 auxilio
1408 1933 1781 2007 peragendum
1811 1932 1995 2004 elegit,
2031 1948 2195 2003 quem

601 2022 909 2078 audivimus
946 2022 1001 2077 in
1054 2022 1303 2077 omnibus
1354 2029 1632 2077 strenuum
1680 2028 1736 2075 et
1781 2020 1883 2076 Dei
1933 2019 2193 2076 cultorem

600 2110 946 2166 industrium.
970 2110 1052 2166 De
1073 2118 1268 2167 caetero
1284 2110 1555 2167 credimus
1572 2110 1648 2165 sci
1656 2126 1713 2165 re
1722 2108 1834 2178 jam
1851 2107 2197 2183 magniﬁcen-

602 2199 730 2252 tiam
760 2205 909 2253 tuam
938 2198 1173 2270 qualiter
1192 2198 1442 2270 quaedam
1463 2197 1892 2253 latrunculorum
1911 2198 2196 2269 Agareno-

602 2302 725 2342 rum
752 2301 972 2357 sagenae
999 2286 1229 2342 occultis
1257 2285 1650 2357 irruptionibus
1678 2284 1859 2340 littora
1888 2293 2072 2340 nostra
2100 2284 2196 2340 de-

603 2381 849 2441 vastent;
883 2382 937 2429 et
964 2374 1087 2446 quia
1133 2374 1317 2446 palam
1362 2389 1552 2429 ausum
1578 2389 1690 2429 non
1727 2373 1949 2440 habent,
1982 2372 2195 2429 furtivis

601 2460 1093 2531 depraedationibus
1138 2462 1376 2533 plurima
1419 2462 1544 2518 huic
1574 2469 1776 2518 sanctae
1806 2461 1905 2516 Dei
1935 2461 2195 2517 Romanae

603 2549 862 2605 Ecclesiae
908 2550 1105 2606 damna
1146 2550 1517 2622 multipliciter
1560 2549 1815 2607 inferant.
1849 2548 2196 2622 Quapropter

604 2638 745 2693 bene
774 2638 951 2693 visum
997 2645 1083 2693 est
1129 2638 1286 2693 nobis
1316 2639 1523 2694 litteras
1552 2645 1763 2694 nostras
1792 2638 1891 2693 tibi
1917 2638 2194 2693 transmit-

602 2732 734 2794 tere,
766 2733 824 2780 ut
852 2725 940 2781 vel
985 2726 1177 2782 decem
1223 2727 1368 2782 bona
1396 2735 1450 2782 et
1477 2727 1726 2797 expedita
1775 2726 2097 2782 achelandia
2126 2726 2194 2780 ad

603 2820 817 2883 portum
845 2821 1090 2870 nostrum
1118 2814 1470 2881 transmittas,
1494 2815 1565 2869 ad
1585 2814 1768 2870 littora
1795 2822 1981 2869 nostra
2001 2815 2069 2870 de
2088 2814 2194 2869 illis

604 2899 814 2955 furibus
844 2908 897 2956 et
920 2902 1112 2971 piratis
1131 2902 1404 2957 Arabibus
1430 2903 1779 2975 expurganda
1813 2919 1825 2957 :
1861 2903 2007 2974 quod
2037 2902 2195 2959 citius

603 2995 656 3043 et
681 2987 799 3043 sine
846 2988 1027 3061 aliquo
1072 2989 1457 3061 impedimento
1506 3006 1671 3064 agere
1717 2997 1985 3062 poterunt,
2037 2991 2193 3060 adju-

602 3084 759 3132 vante
786 3076 1005 3133 dextera
1033 3078 1267 3145 Excelsi,
1301 3095 1422 3150 quae
1450 3078 1781 3150 principibus
1828 3078 2193 3150 apostolorum

601 3164 1063 3231 intercedentibus
1103 3166 1433 3222 concertabit
1479 3174 1532 3222 et
1577 3167 1923 3222 auxiliabitur
1960 3166 2105 3236 illis;
2137 3167 2193 3223 in

602 3269 729 3325 quo,
762 3253 895 3308 mihi
911 3255 1095 3319 crede,
1119 3262 1335 3326 gratum
1356 3255 1597 3310 animum
1612 3255 1856 3327 piissimo
1876 3255 2192 3327 imperatori

600 3340 790 3410 facies,
826 3342 873 3397 si
898 3342 953 3396 in
982 3343 1087 3398 hoc
1114 3343 1510 3398 admonitiones
1537 3351 1752 3399 nostras
1777 3344 2037 3412 audieris,
2069 3344 2191 3417 quia

598 3444 722 3485 cum
751 3429 821 3485 sit
848 3430 1340 3486 Christianissimus
1378 3431 1478 3487 Dei
1506 3439 1714 3487 amator
1743 3441 1796 3488 et
1823 3433 2190 3489 Ecclesiarum

598 3518 815 3574 Domini
841 3518 1083 3575 fervidus
1110 3527 1500 3593 propugnator,
1532 3536 1640 3576 non
1669 3521 1875 3591 poteris
1913 3521 2067 3576 illum
2094 3520 2191 3576 tibi

597 3607 895 3677 gratiorem
939 3608 1174 3664 reddere
1220 3624 1385 3681 quam
1425 3609 1473 3664 si
1514 3617 1722 3665 tantum
1766 3610 1906 3666 hanc
1951 3618 2191 3666 sanctam

596 3694 904 3750 Ecclesium
950 3711 1050 3766 per
1099 3703 1152 3751 te
1200 3697 1471 3753 studueris
1520 3698 1795 3767 adjuvare,
1850 3714 1971 3769 quae
2015 3698 2192 3770 prima

598 3781 969 3838 Ecclesiarum
1015 3783 1273 3856 magistra
1303 3792 1355 3840 et
1386 3792 1546 3855 caput
1576 3793 1678 3853 est,
1710 3786 1941 3843 maxime
1988 3801 2112 3842 cum
2135 3786 2190 3842 in

597 3869 703 3925 hoc
732 3868 877 3925 facto
920 3870 1096 3927 eidem
1125 3887 1157 3925 a
1186 3872 1301 3928 Deo
1329 3880 1576 3944 protecto
1616 3890 1835 3946 semper
1861 3876 2108 3947 Augusto
2138 3884 2191 3931 et

599 3957 657 4013 in
685 3959 791 4015 hoc
819 3959 1018 4015 seculo
1048 3959 1277 4032 gloriam
1308 3969 1361 4016 et
1390 3962 1445 4016 in
1475 3961 1655 4018 futuro
1675 3963 1925 4036 acquiras
1946 3963 2062 4019 sine
2082 3962 2190 4019 fine

596 4062 876 4103 coronam.
901 4048 1048 4104 Deus
1077 4049 1419 4121 omnipotens
1449 4059 1501 4106 te
1533 4058 1586 4107 et
1615 4051 1705 4123 qui
1731 4059 1907 4108 tecum
1928 4059 2049 4107 sunt
2067 4068 2191 4123 pro-

592 4143 761 4208 tegat,
803 4144 856 4192 et
902 4145 1089 4193 contra
1146 4136 1392 4195 inimicos
1452 4139 1651 4196 Christi
1704 4141 1907 4212 potenti
1963 4141 2189 4197 dextera

592 4231 825 4281 tueatur.
856 4226 996 4282 Data
1024 4241 1100 4284 xv
1129 4227 1404 4284 Kalendas
1453 4229 1596 4297 Maii,
1629 4229 1920 4287 indictione
1950 4230 2183 4287 decima.

1267 4387 1510 4443 LXXIV.

843 4503 916 4545 AD
955 4505 1210 4548 CAROLUM
1249 4506 1469 4548 CALVUM
1516 4507 1929 4551 IMPERATOREM.

1204 4580 1385 4651 (Anno
1421 4580 1571 4652 877.)

593 4667 835 4723 Nuntiat
860 4667 1639 4741 se_Adelardumepiscopum
1678 4671 2043 4728 Veronensem
2074 4689 2180 4730 ea;-

660 4738 1123 4807 communicasse,
1171 4740 1313 4810 quod
1347 4738 1847 4797 'Nonantutanum
1895 4748 2180 4801 monaste-

661 4809 815 4863 rium
842 4810 1162 4865 inuasisset.

654 4912 909 4969 Joamvns
939 4914 1228 4985 episcopus
1258 4915 1326 4969 ad
1352 4915 1757 4987 imperatorem.

654 4999 835 5057 Sacris
865 5011 1058 5058 vestrae
1087 5003 1388 5073 imperialis
1436 5005 1739 5062 clementia;
1768 5008 2013 5076 auribus,
2047 5010 2175 5083 glo-

584 5087 884 5145 riosissime
912 5090 1205 5162 imperator
1252 5094 1516 5166 Auguste,
1550 5095 1800 5152 Adelardi
1844 5099 2177 5155 Veronensis

584 5177 827 5250 episcopi
876 5178 1296 5235 inobedientiam
1330 5190 1382 5237 et
1413 5184 1754 5239 temerariam
1790 5188 2174 5258 praesumptio-

578 5282 723 5336 nem,
772 5284 935 5339 quam
971 5285 1079 5324 non
1122 5270 1298 5325 solum
1347 5271 1399 5326 in
1446 5281 1635 5328 nostro
1690 5283 2019 5346 contemptu,
2076 5278 2174 5333 sed

577 5355 739 5411 etiam
765 5355 819 5411 in
850 5364 1049 5413 vestrae
1093 5358 1428 5415 celsitudinis
1474 5363 1689 5436 peregit
1732 5363 2002 5433 injuriam,
2036 5382 2173 5437 pra:-

580 5444 825 5500 sentibus
854 5444 1059 5501 referre
1089 5447 1333 5518 apicibus
1355 5450 1478 5518 jure
1513 5450 1821 5506 curavimus
1850 5460 1900 5507 et
1926 5453 2122 5510 merito
2156 5473 2169 5510 :

645 5574 669 5601 ι
691 5564 769 5615 ΑΙ.
794 5563 1071 5630 chelandia,
1097 5577 1203 5629 quae
1228 5579 1255 5619 e
1280 5568 1477 5621 navium
1518 5568 1800 5622 militarium
1838 5581 2013 5635 genere
2036 5575 2168 5624 sunt.

2296 1939 2473 2003 gatur,
2505 1933 2691 2004 procul
2720 1933 2885 1990 dubio
2915 1950 3227 2006 arguamus,
3261 1942 3320 1990 ut
3339 1934 3505 2006 digno
3533 1934 3761 1990 verbere
3788 1950 3892 1991 ca-

2297 2019 2545 2093 stigatus,
2605 2029 2658 2076 et
2710 2021 2973 2078 canonico
3047 2038 3190 2078 nexu
3245 2022 3465 2095 ligatus,
3525 2022 3893 2079 obedientiam

2295 2107 2464 2164 discat
2495 2124 2735 2177 servare,
2770 2110 2864 2181 qui
2892 2110 3172 2166 absolutus
3200 2110 3584 2167 ecclesiasticis
3602 2119 3770 2183 atque
3796 2126 3891 2168 ca-

2294 2197 2506 2252 nonicis
2533 2197 2705 2254 noluit
2734 2198 2958 2254 obedire
2987 2199 3291 2271 praeceptis.
3320 2199 3461 2254 Data
3489 2203 3556 2255 ut
3584 2215 3777 2272 supra.

2976 2332 3195 2388 LXXV.

2462 2442 2536 2483 AD
2583 2442 2843 2485 JOANNEH
2882 2443 3215 2485 ANSPERTUI
3257 2444 3328 2485 ΕΤ
3374 2444 3713 2486 WAIPEBTUM

2847 2506 3329 2573 Αιιοιιωριέςοιιοε.

2906 2606 3086 2675 (Anno
3123 2606 3273 2676 877.)

2766 2693 3031 2765 Ejusdem
3057 2695 3402 2765 argumenti.

2364 2804 2619 2858 JOANNES
2657 2804 2948 2876 episcopus
2976 2806 3184 2860 JOANNI
3230 2805 3548 2873 Ravennati,
3581 2807 3884 2863 Ansrnnro

2293 2892 2705 2961 Mediolanensi,
2726 2901 2779 2948 et
2793 2893 3106 2949 Wupnnro
3122 2893 3186 2966 [Γ.
3212 2892 3529 2967 VALPna'ro]
3549 2894 3887 2969 Aquileiensi

2294 2981 2743 3053 archiepiscOpis.
3554 3002 3559 3011 ·

2366 3068 2550 3125 Sancti
2576 3069 2867 3142 magnique
2896 3070 3104 3127 Nicaani
3131 3070 3345 3128 concilii
3382 3078 3657 3143 precepta
3687 3072 3881 3139 secuti,

2224 3143 2273 3206 C
2291 3172 2412 3229 quae
2432 3158 2623 3227 jubent
2651 3158 2802 3229 (can.
2830 3161 2920 3225 12)
2940 3159 3250 3230 regularem
3272 3159 3553 3231 epistolam
3574 3176 3673 3232 per
3691 3175 3882 3216 unam-

2293 3261 2561 3319 quamque
2590 3247 2929 3318 provinciam
2976 3248 3223 3319 obtineri,
3254 3265 3324 3305 ne
3354 3249 3407 3304 hi
3437 3248 3527 3323 qui
3555 3249 3882 3319 abjiciuntur

2292 3334 2361 3388 ab
2391 3334 2512 3389 aliis
2553 3335 2899 3407 recipiantur,
2946 3335 3261 3392 fraternitati
3306 3345 3499 3393 vestrae
3543 3346 3732 3394 notum
3759 3355 3882 3398 esse

2292 3422 2538 3479 volumus
2585 3424 2912 3479 Adelardum
2943 3426 3314 3481 Veronensem
3343 3425 3657 3500 episcopum
3687 3435 3878 3487 aucto-

2291 3510 2449 3567 ritate
2479 3511 2627 3567 sedis
2658 3512 2971 3585 apostolica
2997 3514 3268 3587 privilegii
3296 3516 3672 3573 communione
3700 3517 3878 3588 priva-

2292 3606 2404 3656 tum
2437 3618 2450 3655 :
2484 3600 2740 3673 quoniam
2780 3602 3089 3659 cmnobium
3115 3604 3454 3671 Nonantulze,
3489 3605 3635 3676 quod
3661 3622 3877 3678 semper

2292 3690 2605 3760 apostolicae
2634 3690 2801 3758 sedis,
2835 3699 2889 3747 et
2916 3699 3118 3747 nostras
3146 3692 3317 3764 ipsius
3347 3693 3676 3749 auctoritatis
3706 3695 3876 3766 privi-

2290 3777 2435 3849 legio
2464 3779 2727 3835 munitum
2748 3779 2947 3835 nullius
2975 3780 3272 3837 invasionis
3296 3782 3645 3854 usurpatione
3673 3783 3877 3847 detine:

2291 3866 2467 3934 batur,
2492 3868 2588 3923 sed
2618 3867 2787 3924 solius
2816 3869 3099 3941 hucusque
3125 3870 3333 3926 abbatis
3361 3886 3392 3926 e
3421 3872 3630 3944 gremio
3659 3871 3878 3929 fratrum

2288 3954 2447 4011 electi
2475 3963 2636 4029 atque
2678 3957 2886 4028 praelati
2928 3958 3300 4015 moderamine
3339 3960 3651 4031 regebatur,
3697 3962 3879 4019 subri-

2288 4044 2423 4114 puit,
2470 4044 2692 4117 suisque
2738 4046 2947 4114 usibus,
3006 4048 3300 4104 coarctaris
3349 4056 3588 4106 extrema
3631 4059 3878 4124 egestate

2287 4133 2587 4201 monachis,
2636 4133 2958 4205 applicavit;
3009 4143 3063 4191 et
3107 4143 3329 4192 eatenus
3377 4138 3539 4193 etiam
3593 4148 3717 4210 post
3764 4139 3878 4197 fre-

2288 4237 2462 4294 quens
2491 4222 2831 4279 interdictum
2860 4233 3104 4280 nostrum
3131 4226 3461 4297 Opprimere,
3506 4228 3879 4284 saecularium-

2288 4326 2395 4381 que
2423 4311 2671 4366 manibus
2700 4312 3045 4384 dispartitum
3064 4315 3301 4386 prodere
3321 4331 3429 4370 non
3457 4314 3733 4383 formidat,
3757 4333 3883 4375 con-

2286 4406 2373 4454 tra
2401 4408 2711 4456 sanctorum
2742 4401 2955 4456 Patrum
2985 4403 3226 4476 regulas,
3259 4419 3363 4460 nec
3398 4420 3509 4460 non
3536 4413 3588 4460 et
3617 4406 3879 4463 adversus

2208 4499 2262 4560 D
2287 4488 2598 4559 apostolicae
2625 4489 2771 4545 sedis
2800 4498 2853 4545 et
2881 4490 3044 4546 totius
3073 4500 3274 4547 sanctae
3298 4494 3495 4564 synodi
3530 4495 3876 4564 sententiam,

2282 4592 2446 4648 quam
2485 4578 2668 4633 missis
2712 4595 2813 4650 per
2844 4579 3090 4653 singulas
3138 4582 3444 4652 provincias
3471 4583 3665 4639 litteris
3693 4592 3879 4641 notam

2280 4665 2437 4720 vobis
2480 4668 2731 4722 omnibus
2780 4667 3027 4736 fecimus,
3059 4669 3116 4724 in
3143 4672 3579 4728 communionem
3621 4680 3747 4744 post
3772 4689 3878 4730 no-

2279 4760 2447 4808 stram
2477 4771 2691 4827 quoque
2739 4758 3160 4828 prohibitionem
3188 4776 3288 4831 per
3327 4760 3529 4816 missos
3555 4770 3792 4831 nostros,
3825 4770 3879 4819 et

2278 4843 2460 4913 apices
2508 4844 2808 4914 saepissime
2857 4847 3201 4918 destinatam,
3248 4850 3453 4920 passim
3495 4850 3704 4922 recipit,
3744 4859 3798 4907 et
3824 4852 3877 4907 in

2277 4932 2488 4987 cunctis
2519 4933 2869 5003 pravitatibus
2900 4936 3017 5006 ejus
3046 4938 3302 4994 conscius
3323 4948 3376 4994 et
3406 4938 3586 4995 fautor
3607 4941 3873 5012 apparuit.

2276 5020 2881 5079 Excommunicavimus
2938 5025 3102 5098 igitur
3160 5028 3484 5097 prmdictum
3540 5029 3878 5086 Adelardum

2276 5108 2647 5166 Veronensem
2678 5113 3013 5184 episcOpum,
3047 5115 3225 5171 donec
3255 5116 3309 5170 in
3339 5118 3688 5188 praesentiam
3731 5119 3878 5175 sedis

2274 5198 2587 5267 apostolicae
2620 5201 2864 5270 veniens,
2884 5203 2953 5258 de
2973 5204 3361 5274 praedictorum
3390 5221 3712 5261 excessuum
3743 5224 3879 5280 qua-

2273 5284 2426 5341 litate
2469 5288 2725 5344 idoneam
2770 5291 3195 5348 satisfactionem
3239 5308 3426 5349 coram
3474 5294 3687 5365 positus
3716 5296 3874 5352 exhi-

2272 5374 2481 5444 buerit;
2515 5393 2637 5449 qum
2686 5381 3077 5451 contempserit
3126 5381 3365 5438 existens
3411 5383 3647 5453 interim,
3680 5386 3875 5441 existet

2268 5479 2369 5534 per
2397 5467 2580 5522 omnia
2629 5469 3011 5526 communione
3036 5471 3159 5541 jure
3188 5471 3452 5543 privatus,
3487 5473 3608 5547 pari
3654 5473 3873 5532 vinculo

2363 5553 2371 5560 ’
2388 5584 2533 5637 Deest
2559 5584 2760 5650 aliquid.
