  <div class='ocr_page' id='page_1' title='image "/cluster/home/n/w/nwhite01/storage/ocr_20150623/126/umn.31951002477419r/429.png"; bbox 0 0 4160 6316; ppageno 0'>
   <div class='ocr_carea' id='block_1_1' title="bbox 615 323 723 380">
    <p class='ocr_par' dir='ltr' id='par_1_1' title="bbox 615 323 723 380">
     <span class='ocr_line' id='line_1_1' title="bbox 615 323 723 380; baseline 0.009 -2"><span class='ocrx_word' id='word_1_1' title='bbox 615 323 723 380; x_wconf 70' lang='lat'><strong>727</strong></span> 
     </span>
    </p>
   </div>
   <div class='ocr_carea' id='block_1_2' title="bbox 1844 315 2567 373">
    <p class='ocr_par' dir='ltr' id='par_1_2' title="bbox 1844 315 2567 373">
     <span class='ocr_line' id='line_1_2' title="bbox 1844 315 2567 373; baseline 0.003 -3"><span class='ocrx_word' id='word_1_2' title='bbox 1844 315 2142 373; x_wconf 80' lang='lat' dir='ltr'><strong><em>JOANNIS</em></strong></span> <span class='ocrx_word' id='word_1_3' title='bbox 2181 315 2376 371; x_wconf 74' lang='lat' dir='ltr'><strong><em>PAPE</em></strong></span> <span class='ocrx_word' id='word_1_4' title='bbox 2428 316 2567 372; x_wconf 92' lang='lat' dir='ltr'><strong>VIII.</strong></span> 
     </span>
    </p>
   </div>
   <div class='ocr_carea' id='block_1_3' title="bbox 3800 317 3908 373">
    <p class='ocr_par' dir='ltr' id='par_1_3' title="bbox 3800 317 3908 373">
     <span class='ocr_line' id='line_1_3' title="bbox 3800 317 3908 373; baseline 0.019 -2"><span class='ocrx_word' id='word_1_5' title='bbox 3800 317 3908 373; x_wconf 74' lang='lat'><strong><em>728</em></strong></span> 
     </span>
    </p>
   </div>
   <div class='ocr_carea' id='block_1_4' title="bbox 686 438 3908 510">
    <p class='ocr_par' dir='ltr' id='par_1_4' title="bbox 686 438 3908 510">
     <span class='ocr_line' id='line_1_4' title="bbox 686 438 3908 510; baseline -0.002 -9"><span class='ocrx_word' id='word_1_6' title='bbox 686 445 1050 501; x_wconf 72' lang='lat' dir='ltr'><strong><em>constituisse</em></strong></span> <span class='ocrx_word' id='word_1_7' title='bbox 1079 463 1097 500; x_wconf 92' lang='lat'><strong><em>:</em></strong></span> <span class='ocrx_word' id='word_1_8' title='bbox 1128 448 1252 500; x_wconf 87' lang='lat' dir='ltr'><strong><em>tum</em></strong></span> <span class='ocrx_word' id='word_1_9' title='bbox 1280 448 1473 500; x_wconf 80' lang='lat' dir='ltr'><strong><em>monet</em></strong></span> <span class='ocrx_word' id='word_1_10' title='bbox 1508 446 1575 498; x_wconf 87' lang='lat' dir='ltr'><strong><em>ut</em></strong></span> <span class='ocrx_word' id='word_1_11' title='bbox 1604 442 1794 498; x_wconf 83' lang='lat' dir='ltr'><strong><em>decem</em></strong></span> <span class='ocrx_word' id='word_1_12' title='bbox 1823 441 2157 497; x_wconf 80' lang='lat' dir='ltr'><strong><em>achelandia</em></strong></span> <span class='ocrx_word' id='word_1_13' title='bbox 2180 448 2206 476; x_wconf 76' lang='grc'>⁸</span> <span class='ocrx_word' id='word_1_14' title='bbox 2235 440 2291 502; x_wconf 88' lang='grc' dir='ltr'><strong>Α</strong></span> <span class='ocrx_word' id='word_1_15' title='bbox 2310 453 2437 495; x_wconf 90' lang='lat' dir='ltr'><strong><em>nam</em></strong></span> <span class='ocrx_word' id='word_1_16' title='bbox 2463 454 2699 510; x_wconf 82' lang='lat' dir='ltr'><strong><em>superna</em></strong></span> <span class='ocrx_word' id='word_1_17' title='bbox 2724 453 2825 497; x_wconf 87' lang='lat' dir='ltr'><strong><em>vos</em></strong></span> <span class='ocrx_word' id='word_1_18' title='bbox 2851 440 3108 509; x_wconf 88' lang='lat' dir='ltr'><strong><em>majestas</em></strong></span> <span class='ocrx_word' id='word_1_19' title='bbox 3136 447 3337 497; x_wconf 62' lang='lat' dir='ltr'><strong><em>sanctae</em></strong></span> <span class='ocrx_word' id='word_1_20' title='bbox 3365 455 3477 497; x_wconf 63' lang='lat' dir='ltr'><strong><em>sum</em></strong></span> <span class='ocrx_word' id='word_1_21' title='bbox 3506 438 3775 496; x_wconf 75' lang='lat' dir='ltr'><strong><em>Ecclesiae</em></strong></span> <span class='ocrx_word' id='word_1_22' title='bbox 3802 455 3908 495; x_wconf 56' lang='lat' dir='ltr'><strong><em>no.</em></strong></span> 
     </span>
    </p>
   </div>
   <div class='ocr_carea' id='block_1_5' title="bbox 684 512 2202 588">
    <p class='ocr_par' dir='ltr' id='par_1_5' title="bbox 684 512 2202 588">
     <span class='ocr_line' id='line_1_5' title="bbox 684 512 2202 588; baseline -0.004 -17"><span class='ocrx_word' id='word_1_23' title='bbox 684 516 757 571; x_wconf 86' lang='lat' dir='ltr'><strong><em>ad</em></strong></span> <span class='ocrx_word' id='word_1_24' title='bbox 789 516 983 571; x_wconf 77' lang='lat' dir='ltr'><strong><em>littora</em></strong></span> <span class='ocrx_word' id='word_1_25' title='bbox 1003 533 1037 570; x_wconf 89' lang='lat' dir='ltr'><strong><em>a</em></strong></span> <span class='ocrx_word' id='word_1_26' title='bbox 1050 516 1261 588; x_wconf 79' lang='lat' dir='ltr'><strong><em>piratis</em></strong></span> <span class='ocrx_word' id='word_1_27' title='bbox 1281 515 1578 571; x_wconf 79' lang='lat' dir='ltr'><strong><em>Saracenis</em></strong></span> <span class='ocrx_word' id='word_1_28' title='bbox 1597 512 1968 585; x_wconf 76' lang='lat' dir='ltr'><strong><em>expurganda</em></strong></span> <span class='ocrx_word' id='word_1_29' title='bbox 1984 512 2202 566; x_wconf 83' lang='lat' dir='ltr'><strong><em>mittat.</em></strong></span> 
     </span>
    </p>
   </div>
   <div class='ocr_carea' id='block_1_6' title="bbox 686 615 2203 691">
    <p class='ocr_par' dir='ltr' id='par_1_6' title="bbox 686 615 2203 691">
     <span class='ocr_line' id='line_1_6' title="bbox 686 615 2203 691; baseline -0.001 -17"><span class='ocrx_word' id='word_1_30' title='bbox 686 621 944 675; x_wconf 75' lang='lat' dir='ltr'><strong><em>JOANNES</em></strong></span> <span class='ocrx_word' id='word_1_31' title='bbox 975 620 1266 691; x_wconf 90' lang='lat' dir='ltr'><strong><em>episcopus</em></strong></span> <span class='ocrx_word' id='word_1_32' title='bbox 1282 619 1577 675; x_wconf 78' lang='lat' dir='ltr'><strong><em>Gascoaio</em></strong></span> <span class='ocrx_word' id='word_1_33' title='bbox 1592 615 1857 689; x_wconf 75' lang='lat' dir='ltr'><strong><em>imperiali</em></strong></span> <span class='ocrx_word' id='word_1_34' title='bbox 1877 616 2203 688; x_wconf 69' lang='lat' dir='ltr'><strong><em>paedagogo.</em></strong></span> 
     </span>
    </p>
   </div>
   <div class='ocr_carea' id='block_1_7' title="bbox 686 704 2211 777">
    <p class='ocr_par' dir='ltr' id='par_1_7' title="bbox 686 704 2211 777">
     <span class='ocr_line' id='line_1_7' title="bbox 686 704 2211 777; baseline -0.002 -15"><span class='ocrx_word' id='word_1_35' title='bbox 686 707 929 763; x_wconf 83' lang='lat' dir='ltr'><strong><em>Gloriam</em></strong></span> <span class='ocrx_word' id='word_1_36' title='bbox 983 712 1131 763; x_wconf 87' lang='lat' dir='ltr'><strong><em>tuam</em></strong></span> <span class='ocrx_word' id='word_1_37' title='bbox 1187 708 1291 762; x_wconf 90' lang='lat' dir='ltr'><strong><em>hac</em></strong></span> <span class='ocrx_word' id='word_1_38' title='bbox 1344 705 1675 777; x_wconf 80' lang='lat' dir='ltr'><strong><em>apostolatus</em></strong></span> <span class='ocrx_word' id='word_1_39' title='bbox 1742 704 1913 759; x_wconf 82' lang='lat' dir='ltr'><strong><em>nostri</em></strong></span> <span class='ocrx_word' id='word_1_40' title='bbox 1975 704 2211 774; x_wconf 90' lang='lat' dir='ltr'><strong><em>epistola</em></strong></span> 
     </span>
    </p>
   </div>
   <div class='ocr_carea' id='block_1_8' title="bbox 611 792 2205 867">
    <p class='ocr_par' dir='ltr' id='par_1_8' title="bbox 611 792 2205 867">
     <span class='ocr_line' id='line_1_8' title="bbox 611 792 2205 867; baseline -0.002 -18"><span class='ocrx_word' id='word_1_41' title='bbox 611 794 779 850; x_wconf 89' lang='lat' dir='ltr'><strong><em>missa</em></strong></span> <span class='ocrx_word' id='word_1_42' title='bbox 816 796 1064 867; x_wconf 88' lang='lat' dir='ltr'><strong><em>primitus</em></strong></span> <span class='ocrx_word' id='word_1_43' title='bbox 1115 796 1465 850; x_wconf 83' lang='lat' dir='ltr'><strong><em>exhortamur</em></strong></span> <span class='ocrx_word' id='word_1_44' title='bbox 1492 801 1551 847; x_wconf 91' lang='lat' dir='ltr'><strong><em>ut</em></strong></span> <span class='ocrx_word' id='word_1_45' title='bbox 1579 792 1835 847; x_wconf 89' lang='lat' dir='ltr'><strong><em>divinitus</em></strong></span> <span class='ocrx_word' id='word_1_46' title='bbox 1872 792 2023 846; x_wconf 90' lang='lat' dir='ltr'><strong><em>datas</em></strong></span> <span class='ocrx_word' id='word_1_47' title='bbox 2052 792 2205 847; x_wconf 87' lang='lat' dir='ltr'><strong><em>sani-</em></strong></span> 
     </span>
    </p>
   </div>
   <div class='ocr_carea' id='block_1_9' title="bbox 609 879 2206 951">
    <p class='ocr_par' dir='ltr' id='par_1_9' title="bbox 609 879 2206 951">
     <span class='ocr_line' id='line_1_9' title="bbox 609 879 2206 951; baseline -0.001 -14"><span class='ocrx_word' id='word_1_48' title='bbox 609 891 751 939; x_wconf 87' lang='lat' dir='ltr'><strong><em>tates</em></strong></span> <span class='ocrx_word' id='word_1_49' title='bbox 780 883 1158 939; x_wconf 86' lang='lat' dir='ltr'><strong><em>desiderabilis</em></strong></span> <span class='ocrx_word' id='word_1_50' title='bbox 1204 882 1300 937; x_wconf 87' lang='lat' dir='ltr'><strong><em>filii</em></strong></span> <span class='ocrx_word' id='word_1_51' title='bbox 1347 881 1519 937; x_wconf 86' lang='lat' dir='ltr'><strong><em>nostri</em></strong></span> <span class='ocrx_word' id='word_1_52' title='bbox 1548 880 1731 935; x_wconf 89' lang='lat' dir='ltr'><strong><em>Basilii</em></strong></span> <span class='ocrx_word' id='word_1_53' title='bbox 1773 879 2206 951; x_wconf 88' lang='lat' dir='ltr'><strong><em>tranquillissimi</em></strong></span> 
     </span>
    </p>
   </div>
   <div class='ocr_carea' id='block_1_10' title="bbox 609 968 2205 1042">
    <p class='ocr_par' dir='ltr' id='par_1_10' title="bbox 609 968 2205 1042">
     <span class='ocr_line' id='line_1_10' title="bbox 609 968 2205 1042; baseline -0.001 -17"><span class='ocrx_word' id='word_1_54' title='bbox 609 970 955 1042; x_wconf 86' lang='lat' dir='ltr'><strong><em>imperatoris</em></strong></span> <span class='ocrx_word' id='word_1_55' title='bbox 998 971 1155 1026; x_wconf 91' lang='lat' dir='ltr'><strong><em>nobis</em></strong></span> <span class='ocrx_word' id='word_1_56' title='bbox 1204 968 1499 1040; x_wconf 79' lang='lat' dir='ltr'><strong><em>significes.</em></strong></span> <span class='ocrx_word' id='word_1_57' title='bbox 1549 968 1810 1039; x_wconf 89' lang='lat' dir='ltr'><strong><em>Cupimus</em></strong></span> <span class='ocrx_word' id='word_1_58' title='bbox 1858 968 2003 1022; x_wconf 91' lang='lat' dir='ltr'><strong><em>enim</em></strong></span> <span class='ocrx_word' id='word_1_59' title='bbox 2046 968 2205 1024; x_wconf 85' lang='lat' dir='ltr'><strong><em>valde</em></strong></span> 
     </span>
    </p>
   </div>
   <div class='ocr_carea' id='block_1_11' title="bbox 611 1056 2200 1129">
    <p class='ocr_par' dir='ltr' id='par_1_11' title="bbox 611 1056 2200 1129">
     <span class='ocr_line' id='line_1_11' title="bbox 611 1056 2200 1129; baseline -0.003 -14"><span class='ocrx_word' id='word_1_60' title='bbox 611 1059 839 1115; x_wconf 84' lang='lat' dir='ltr'><strong><em>salutem</em></strong></span> <span class='ocrx_word' id='word_1_61' title='bbox 856 1060 972 1129; x_wconf 91' lang='lat' dir='ltr'><strong><em>ejus</em></strong></span> <span class='ocrx_word' id='word_1_62' title='bbox 1000 1059 1193 1115; x_wconf 69' lang='lat' dir='ltr'><strong><em>animae</em></strong></span> <span class='ocrx_word' id='word_1_63' title='bbox 1220 1057 1380 1112; x_wconf 91' lang='lat' dir='ltr'><strong><em>simul</em></strong></span> <span class='ocrx_word' id='word_1_64' title='bbox 1409 1064 1462 1112; x_wconf 92' lang='lat' dir='ltr'><strong><em>et</em></strong></span> <span class='ocrx_word' id='word_1_65' title='bbox 1483 1056 1728 1128; x_wconf 91' lang='lat' dir='ltr'><strong><em>corporis</em></strong></span> <span class='ocrx_word' id='word_1_66' title='bbox 1746 1071 1966 1127; x_wconf 87' lang='lat' dir='ltr'><strong><em>semper</em></strong></span> <span class='ocrx_word' id='word_1_67' title='bbox 1994 1056 2200 1123; x_wconf 89' lang='lat' dir='ltr'><strong><em>audire,</em></strong></span> 
     </span>
    </p>
   </div>
   <div class='ocr_carea' id='block_1_12' title="bbox 609 1144 2200 1219">
    <p class='ocr_par' dir='ltr' id='par_1_12' title="bbox 609 1144 2200 1219">
     <span class='ocr_line' id='line_1_12' title="bbox 609 1144 2200 1219; baseline -0.002 -16"><span class='ocrx_word' id='word_1_68' title='bbox 609 1157 864 1219; x_wconf 88' lang='lat' dir='ltr'><strong><em>tanquam</em></strong></span> <span class='ocrx_word' id='word_1_69' title='bbox 920 1146 1147 1218; x_wconf 88' lang='lat' dir='ltr'><strong><em>piissimi</em></strong></span> <span class='ocrx_word' id='word_1_70' title='bbox 1201 1145 1622 1218; x_wconf 88' lang='lat' dir='ltr'><strong><em>propugnatoris</em></strong></span> <span class='ocrx_word' id='word_1_71' title='bbox 1677 1144 1995 1201; x_wconf 57' lang='lat' dir='ltr'><strong><em>orthodoxae</em></strong></span> <span class='ocrx_word' id='word_1_72' title='bbox 2053 1144 2200 1201; x_wconf 86' lang='lat' dir='ltr'><strong><em>ﬁdei.</em></strong></span> 
     </span>
    </p>
   </div>
   <div class='ocr_carea' id='block_1_13' title="bbox 610 1233 2205 1305">
    <p class='ocr_par' dir='ltr' id='par_1_13' title="bbox 610 1233 2205 1305">
     <span class='ocr_line' id='line_1_13' title="bbox 610 1233 2205 1305; baseline -0.001 -14"><span class='ocrx_word' id='word_1_73' title='bbox 610 1235 873 1291; x_wconf 90' lang='lat' dir='ltr'><strong><em>Gratulati</em></strong></span> <span class='ocrx_word' id='word_1_74' title='bbox 902 1243 1081 1290; x_wconf 90' lang='lat' dir='ltr'><strong><em>autem</em></strong></span> <span class='ocrx_word' id='word_1_75' title='bbox 1101 1250 1287 1289; x_wconf 91' lang='lat' dir='ltr'><strong><em>sumus</em></strong></span> <span class='ocrx_word' id='word_1_76' title='bbox 1315 1234 1597 1290; x_wconf 88' lang='lat' dir='ltr'><strong><em>audientes</em></strong></span> <span class='ocrx_word' id='word_1_77' title='bbox 1626 1233 1855 1305; x_wconf 85' lang='lat' dir='ltr'><strong><em>gloriam</em></strong></span> <span class='ocrx_word' id='word_1_78' title='bbox 1888 1240 2037 1287; x_wconf 90' lang='lat' dir='ltr'><strong><em>tuam</em></strong></span> <span class='ocrx_word' id='word_1_79' title='bbox 2067 1233 2205 1289; x_wconf 89' lang='lat' dir='ltr'><strong><em>dire-</em></strong></span> 
     </span>
    </p>
   </div>
   <div class='ocr_carea' id='block_1_14' title="bbox 606 1320 2202 1391">
    <p class='ocr_par' dir='ltr' id='par_1_14' title="bbox 606 1320 2202 1391">
     <span class='ocr_line' id='line_1_14' title="bbox 606 1320 2202 1391; baseline -0.002 -12"><span class='ocrx_word' id='word_1_80' title='bbox 606 1330 751 1379; x_wconf 85' lang='lat' dir='ltr'><strong><em>ctam</em></strong></span> <span class='ocrx_word' id='word_1_81' title='bbox 780 1339 903 1379; x_wconf 90' lang='lat' dir='ltr'><strong><em>cum</em></strong></span> <span class='ocrx_word' id='word_1_82' title='bbox 946 1322 1062 1378; x_wconf 88' lang='lat' dir='ltr'><strong><em>Deo</em></strong></span> <span class='ocrx_word' id='word_1_83' title='bbox 1090 1321 1478 1377; x_wconf 87' lang='lat' dir='ltr'><strong><em>conservandis</em></strong></span> <span class='ocrx_word' id='word_1_84' title='bbox 1524 1321 1853 1377; x_wconf 83' lang='lat' dir='ltr'><strong><em>exercitibus</em></strong></span> <span class='ocrx_word' id='word_1_85' title='bbox 1882 1335 1915 1374; x_wconf 92' lang='lat' dir='ltr'><strong><em>a</em></strong></span> <span class='ocrx_word' id='word_1_86' title='bbox 1943 1320 2202 1391; x_wconf 66' lang='lat' dir='ltr'><strong><em>praedicto</em></strong></span> 
     </span>
    </p>
   </div>
   <div class='ocr_carea' id='block_1_15' title="bbox 608 1409 2203 1484">
    <p class='ocr_par' dir='ltr' id='par_1_15' title="bbox 608 1409 2203 1484">
     <span class='ocr_line' id='line_1_15' title="bbox 608 1409 2203 1484; baseline -0.002 -18"><span class='ocrx_word' id='word_1_87' title='bbox 608 1410 864 1467; x_wconf 90' lang='lat' dir='ltr'><strong><em>divinitus</em></strong></span> <span class='ocrx_word' id='word_1_88' title='bbox 891 1410 1233 1484; x_wconf 89' lang='lat' dir='ltr'><strong><em>protegendo</em></strong></span> <span class='ocrx_word' id='word_1_89' title='bbox 1263 1411 1608 1481; x_wconf 88' lang='lat' dir='ltr'><strong><em>imperatore,</em></strong></span> <span class='ocrx_word' id='word_1_90' title='bbox 1632 1409 1689 1464; x_wconf 90' lang='lat' dir='ltr'><strong><em>in</em></strong></span> <span class='ocrx_word' id='word_1_91' title='bbox 1715 1417 1902 1480; x_wconf 90' lang='lat' dir='ltr'><strong><em>partes</em></strong></span> <span class='ocrx_word' id='word_1_92' title='bbox 1931 1410 2203 1465; x_wconf 81' lang='lat' dir='ltr'><strong><em>Beneven-</em></strong></span> 
     </span>
    </p>
   </div>
   <div class='ocr_carea' id='block_1_16' title="bbox 604 1496 2201 1571">
    <p class='ocr_par' dir='ltr' id='par_1_16' title="bbox 604 1496 2201 1571">
     <span class='ocr_line' id='line_1_16' title="bbox 604 1496 2201 1571; baseline -0.001 -18"><span class='ocrx_word' id='word_1_93' title='bbox 604 1506 857 1553; x_wconf 89' lang='lat' dir='ltr'><strong><em>tanorum</em></strong></span> <span class='ocrx_word' id='word_1_94' title='bbox 886 1498 1121 1568; x_wconf 85' lang='lat' dir='ltr'><strong><em>venisse,</em></strong></span> <span class='ocrx_word' id='word_1_95' title='bbox 1145 1506 1259 1553; x_wconf 90' lang='lat' dir='ltr'><strong><em>tam</em></strong></span> <span class='ocrx_word' id='word_1_96' title='bbox 1289 1497 1435 1569; x_wconf 89' lang='lat' dir='ltr'><strong><em>quia,</em></strong></span> <span class='ocrx_word' id='word_1_97' title='bbox 1455 1497 1660 1571; x_wconf 87' lang='lat' dir='ltr'><strong><em>gratias</em></strong></span> <span class='ocrx_word' id='word_1_98' title='bbox 1688 1499 1823 1565; x_wconf 90' lang='lat' dir='ltr'><strong><em>Deo,</em></strong></span> <span class='ocrx_word' id='word_1_99' title='bbox 1856 1497 2027 1569; x_wconf 91' lang='lat' dir='ltr'><strong><em>ipsius</em></strong></span> <span class='ocrx_word' id='word_1_100' title='bbox 2057 1496 2201 1553; x_wconf 89' lang='lat' dir='ltr'><strong><em>divi-</em></strong></span> 
     </span>
    </p>
   </div>
   <div class='ocr_carea' id='block_1_17' title="bbox 607 1584 2199 1658">
    <p class='ocr_par' dir='ltr' id='par_1_17' title="bbox 607 1584 2199 1658">
     <span class='ocr_line' id='line_1_17' title="bbox 607 1584 2199 1658; baseline -0.002 -17"><span class='ocrx_word' id='word_1_101' title='bbox 607 1587 752 1641; x_wconf 90' lang='lat' dir='ltr'><strong><em>nitus</em></strong></span> <span class='ocrx_word' id='word_1_102' title='bbox 781 1594 1097 1658; x_wconf 88' lang='lat' dir='ltr'><strong><em>provectum</em></strong></span> <span class='ocrx_word' id='word_1_103' title='bbox 1126 1585 1416 1658; x_wconf 89' lang='lat' dir='ltr'><strong><em>imperium</em></strong></span> <span class='ocrx_word' id='word_1_104' title='bbox 1443 1585 1499 1640; x_wconf 90' lang='lat' dir='ltr'><strong><em>in</em></strong></span> <span class='ocrx_word' id='word_1_105' title='bbox 1527 1585 1903 1641; x_wconf 88' lang='lat' dir='ltr'><strong><em>defensionem</em></strong></span> <span class='ocrx_word' id='word_1_106' title='bbox 1933 1584 2199 1640; x_wconf 88' lang='lat' dir='ltr'><strong><em>Christia-</em></strong></span> 
     </span>
    </p>
   </div>
   <div class='ocr_carea' id='block_1_18' title="bbox 605 1673 2201 1745">
    <p class='ocr_par' dir='ltr' id='par_1_18' title="bbox 605 1673 2201 1745">
     <span class='ocr_line' id='line_1_18' title="bbox 605 1673 2201 1745; baseline -0.001 -16"><span class='ocrx_word' id='word_1_107' title='bbox 605 1675 788 1729; x_wconf 90' lang='lat' dir='ltr'><strong><em>nitatis</em></strong></span> <span class='ocrx_word' id='word_1_108' title='bbox 851 1674 942 1745; x_wconf 93' lang='lat' dir='ltr'><strong><em>pio</em></strong></span> <span class='ocrx_word' id='word_1_109' title='bbox 988 1674 1104 1731; x_wconf 91' lang='lat' dir='ltr'><strong><em>zelo</em></strong></span> <span class='ocrx_word' id='word_1_110' title='bbox 1152 1689 1495 1742; x_wconf 90' lang='lat' dir='ltr'><strong><em>succensum,</em></strong></span> <span class='ocrx_word' id='word_1_111' title='bbox 1561 1674 1768 1729; x_wconf 89' lang='lat' dir='ltr'><strong><em>classes</em></strong></span> <span class='ocrx_word' id='word_1_112' title='bbox 1814 1681 1864 1729; x_wconf 92' lang='lat' dir='ltr'><strong><em>et</em></strong></span> <span class='ocrx_word' id='word_1_113' title='bbox 1913 1673 2201 1728; x_wconf 86' lang='lat' dir='ltr'><strong><em>militarem</em></strong></span> 
     </span>
    </p>
   </div>
   <div class='ocr_carea' id='block_1_19' title="bbox 2308 527 3903 600">
    <p class='ocr_par' dir='ltr' id='par_1_19' title="bbox 2308 527 3903 600">
     <span class='ocr_line' id='line_1_19' title="bbox 2308 527 3903 600; baseline 0.001 -18"><span class='ocrx_word' id='word_1_114' title='bbox 2308 527 2393 582; x_wconf 91' lang='lat' dir='ltr'><strong><em>bis</em></strong></span> <span class='ocrx_word' id='word_1_115' title='bbox 2439 528 2744 583; x_wconf 72' lang='lat' dir='ltr'><strong><em>commissae</em></strong></span> <span class='ocrx_word' id='word_1_116' title='bbox 2790 536 3081 598; x_wconf 90' lang='lat' dir='ltr'><strong><em>patronum</em></strong></span> <span class='ocrx_word' id='word_1_117' title='bbox 3107 529 3383 595; x_wconf 89' lang='lat' dir='ltr'><strong><em>invictum,</em></strong></span> <span class='ocrx_word' id='word_1_118' title='bbox 3411 527 3763 583; x_wconf 81' lang='lat' dir='ltr'><strong><em>defensorem</em></strong></span> <span class='ocrx_word' id='word_1_119' title='bbox 3793 543 3903 600; x_wconf 85' lang='lat' dir='ltr'><strong><em>po-</em></strong></span> 
     </span>
    </p>
   </div>
   <div class='ocr_carea' id='block_1_20' title="bbox 2306 616 3908 686">
    <p class='ocr_par' dir='ltr' id='par_1_20' title="bbox 2306 616 3908 686">
     <span class='ocr_line' id='line_1_20' title="bbox 2306 616 3908 686; baseline 0.001 -16"><span class='ocrx_word' id='word_1_120' title='bbox 2306 622 2530 683; x_wconf 88' lang='lat' dir='ltr'><strong><em>tentem,</em></strong></span> <span class='ocrx_word' id='word_1_121' title='bbox 2590 623 2643 671; x_wconf 91' lang='lat' dir='ltr'><strong><em>et</em></strong></span> <span class='ocrx_word' id='word_1_122' title='bbox 2695 624 2976 672; x_wconf 88' lang='lat' dir='ltr'><strong><em>strenuum</em></strong></span> <span class='ocrx_word' id='word_1_123' title='bbox 3030 617 3332 686; x_wconf 90' lang='lat' dir='ltr'><strong><em>adjutorem</em></strong></span> <span class='ocrx_word' id='word_1_124' title='bbox 3388 616 3683 684; x_wconf 87' lang='lat' dir='ltr'><strong><em>concessit,</em></strong></span> <span class='ocrx_word' id='word_1_125' title='bbox 3742 623 3803 671; x_wconf 90' lang='lat' dir='ltr'><strong><em>ut</em></strong></span> <span class='ocrx_word' id='word_1_126' title='bbox 3847 616 3908 671; x_wconf 91' lang='lat' dir='ltr'><strong><em>in</em></strong></span> 
     </span>
    </p>
   </div>
   <div class='ocr_carea' id='block_1_21' title="bbox 2306 704 3905 775">
    <p class='ocr_par' dir='ltr' id='par_1_21' title="bbox 2306 704 3905 775">
     <span class='ocr_line' id='line_1_21' title="bbox 2306 704 3905 775; baseline 0 -16"><span class='ocrx_word' id='word_1_127' title='bbox 2306 704 2558 759; x_wconf 91' lang='lat' dir='ltr'><strong><em>omnibus</em></strong></span> <span class='ocrx_word' id='word_1_128' title='bbox 2603 704 2987 760; x_wconf 89' lang='lat' dir='ltr'><strong><em>ecclesiasticis</em></strong></span> <span class='ocrx_word' id='word_1_129' title='bbox 3034 705 3370 771; x_wconf 86' lang='lat' dir='ltr'><strong><em>utilitatibus,</em></strong></span> <span class='ocrx_word' id='word_1_130' title='bbox 3402 705 3550 761; x_wconf 90' lang='lat' dir='ltr'><strong><em>unde</em></strong></span> <span class='ocrx_word' id='word_1_131' title='bbox 3576 712 3905 775; x_wconf 87' lang='lat' dir='ltr'><strong><em>perpetuam</em></strong></span> 
     </span>
    </p>
   </div>
   <div class='ocr_carea' id='block_1_22' title="bbox 2304 792 3907 866">
    <p class='ocr_par' dir='ltr' id='par_1_22' title="bbox 2304 792 3907 866">
     <span class='ocr_line' id='line_1_22' title="bbox 2304 792 3907 866; baseline 0.002 -20"><span class='ocrx_word' id='word_1_132' title='bbox 2304 793 2509 848; x_wconf 88' lang='lat' dir='ltr'><strong><em>habere</em></strong></span> <span class='ocrx_word' id='word_1_133' title='bbox 2564 792 2793 866; x_wconf 90' lang='lat' dir='ltr'><strong><em>gloriam</em></strong></span> <span class='ocrx_word' id='word_1_134' title='bbox 2864 793 3201 864; x_wconf 88' lang='lat' dir='ltr'><strong><em>mereamini,</em></strong></span> <span class='ocrx_word' id='word_1_135' title='bbox 3263 793 3415 865; x_wconf 88' lang='lat' dir='ltr'><strong><em>quasi</em></strong></span> <span class='ocrx_word' id='word_1_136' title='bbox 3471 793 3747 849; x_wconf 88' lang='lat' dir='ltr'><strong><em>vindicem</em></strong></span> <span class='ocrx_word' id='word_1_137' title='bbox 3800 792 3907 849; x_wconf 89' lang='lat' dir='ltr'><strong><em>Dei</em></strong></span> 
     </span>
    </p>
   </div>
   <div class='ocr_carea' id='block_1_23' title="bbox 2304 880 3903 955">
    <p class='ocr_par' dir='ltr' id='par_1_23' title="bbox 2304 880 3903 955">
     <span class='ocr_line' id='line_1_23' title="bbox 2304 880 3903 955; baseline 0.001 -21"><span class='ocrx_word' id='word_1_138' title='bbox 2304 880 2605 937; x_wconf 87' lang='lat' dir='ltr'><strong><em>habeamus</em></strong></span> <span class='ocrx_word' id='word_1_139' title='bbox 2648 881 2972 937; x_wconf 89' lang='lat' dir='ltr'><strong><em>ministrum.</em></strong></span> <span class='ocrx_word' id='word_1_140' title='bbox 3005 882 3175 955; x_wconf 84' lang='lat' dir='ltr'><strong><em>Igitur</em></strong></span> <span class='ocrx_word' id='word_1_141' title='bbox 3218 897 3343 938; x_wconf 91' lang='lat' dir='ltr'><strong><em>cum</em></strong></span> <span class='ocrx_word' id='word_1_142' title='bbox 3371 881 3625 937; x_wconf 91' lang='lat' dir='ltr'><strong><em>eumdem</em></strong></span> <span class='ocrx_word' id='word_1_143' title='bbox 3661 881 3903 937; x_wconf 80' lang='lat' dir='ltr'><strong><em>Adelar-</em></strong></span> 
     </span>
    </p>
   </div>
   <div class='ocr_carea' id='block_1_24' title="bbox 2303 968 3905 1041">
    <p class='ocr_par' dir='ltr' id='par_1_24' title="bbox 2303 968 3905 1041">
     <span class='ocr_line' id='line_1_24' title="bbox 2303 968 3905 1041; baseline 0.002 -19"><span class='ocrx_word' id='word_1_144' title='bbox 2303 968 2433 1023; x_wconf 89' lang='lat' dir='ltr'><strong><em>dum</em></strong></span> <span class='ocrx_word' id='word_1_145' title='bbox 2462 969 2777 1041; x_wconf 89' lang='lat' dir='ltr'><strong><em>episcopum</em></strong></span> <span class='ocrx_word' id='word_1_146' title='bbox 2805 970 3119 1025; x_wconf 88' lang='lat' dir='ltr'><strong><em>venerabile</em></strong></span> <span class='ocrx_word' id='word_1_147' title='bbox 3157 969 3549 1026; x_wconf 89' lang='lat' dir='ltr'><strong><em>monasterium</em></strong></span> <span class='ocrx_word' id='word_1_148' title='bbox 3576 968 3905 1025; x_wconf 65' lang='lat' dir='ltr'><strong><em>Nonantulm</em></strong></span> 
     </span>
    </p>
   </div>
   <div class='ocr_carea' id='block_1_25' title="bbox 2304 1056 3903 1131">
    <p class='ocr_par' dir='ltr' id='par_1_25' title="bbox 2304 1056 3903 1131">
     <span class='ocr_line' id='line_1_25' title="bbox 2304 1056 3903 1131; baseline 0.001 -20"><span class='ocrx_word' id='word_1_149' title='bbox 2304 1056 2483 1126; x_wconf 90' lang='lat' dir='ltr'><strong><em>situm,</em></strong></span> <span class='ocrx_word' id='word_1_150' title='bbox 2518 1058 2665 1129; x_wconf 91' lang='lat' dir='ltr'><strong><em>quod</em></strong></span> <span class='ocrx_word' id='word_1_151' title='bbox 2691 1074 2790 1129; x_wconf 89' lang='lat' dir='ltr'><strong><em>pro</em></strong></span> <span class='ocrx_word' id='word_1_152' title='bbox 2820 1058 2920 1114; x_wconf 92' lang='lat' dir='ltr'><strong><em>Dei</em></strong></span> <span class='ocrx_word' id='word_1_153' title='bbox 2949 1058 3191 1131; x_wconf 91' lang='lat' dir='ltr'><strong><em>tantique</em></strong></span> <span class='ocrx_word' id='word_1_154' title='bbox 3220 1058 3328 1114; x_wconf 92' lang='lat' dir='ltr'><strong><em>loci</em></strong></span> <span class='ocrx_word' id='word_1_155' title='bbox 3352 1058 3682 1125; x_wconf 89' lang='lat' dir='ltr'><strong><em>reverentia,</em></strong></span> <span class='ocrx_word' id='word_1_156' title='bbox 3714 1057 3903 1113; x_wconf 88' lang='lat' dir='ltr'><strong><em>nullus</em></strong></span> 
     </span>
    </p>
   </div>
   <div class='ocr_carea' id='block_1_26' title="bbox 2302 1145 3902 1217">
    <p class='ocr_par' dir='ltr' id='par_1_26' title="bbox 2302 1145 3902 1217">
     <span class='ocr_line' id='line_1_26' title="bbox 2302 1145 3902 1217; baseline 0.001 -18"><span class='ocrx_word' id='word_1_157' title='bbox 2302 1160 2541 1217; x_wconf 89' lang='lat' dir='ltr'><strong><em>unquam</em></strong></span> <span class='ocrx_word' id='word_1_158' title='bbox 2609 1146 2992 1217; x_wconf 89' lang='lat' dir='ltr'><strong><em>episcoporum</em></strong></span> <span class='ocrx_word' id='word_1_159' title='bbox 3033 1147 3121 1203; x_wconf 91' lang='lat' dir='ltr'><strong><em>vel</em></strong></span> <span class='ocrx_word' id='word_1_160' title='bbox 3158 1147 3400 1216; x_wconf 90' lang='lat' dir='ltr'><strong><em>judicum</em></strong></span> <span class='ocrx_word' id='word_1_161' title='bbox 3456 1146 3512 1201; x_wconf 92' lang='lat' dir='ltr'><strong><em>in</em></strong></span> <span class='ocrx_word' id='word_1_162' title='bbox 3567 1145 3902 1202; x_wconf 87' lang='lat' dir='ltr'><strong><em>beneﬁcium</em></strong></span> 
     </span>
    </p>
   </div>
   <div class='ocr_carea' id='block_1_27' title="bbox 2303 1233 3901 1306">
    <p class='ocr_par' dir='ltr' id='par_1_27' title="bbox 2303 1233 3901 1306">
     <span class='ocr_line' id='line_1_27' title="bbox 2303 1233 3901 1306; baseline 0.002 -19"><span class='ocrx_word' id='word_1_163' title='bbox 2303 1233 2570 1305; x_wconf 68' lang='lat' dir='ltr'><strong><em>quaesivit,</em></strong></span> <span class='ocrx_word' id='word_1_164' title='bbox 2619 1234 2871 1290; x_wconf 90' lang='lat' dir='ltr'><strong><em>timorem</em></strong></span> <span class='ocrx_word' id='word_1_165' title='bbox 2914 1234 3154 1290; x_wconf 88' lang='lat' dir='ltr'><strong><em>divinum</em></strong></span> <span class='ocrx_word' id='word_1_166' title='bbox 3198 1234 3664 1306; x_wconf 88' lang='lat' dir='ltr'><strong><em>parvipendendo,</em></strong></span> <span class='ocrx_word' id='word_1_167' title='bbox 3710 1242 3901 1290; x_wconf 85' lang='lat' dir='ltr'><strong><em>contra</em></strong></span> 
     </span>
    </p>
   </div>
   <div class='ocr_carea' id='block_1_28' title="bbox 2303 1322 3902 1396">
    <p class='ocr_par' dir='ltr' id='par_1_28' title="bbox 2303 1322 3902 1396">
     <span class='ocr_line' id='line_1_28' title="bbox 2303 1322 3902 1396; baseline 0.001 -21"><span class='ocrx_word' id='word_1_168' title='bbox 2303 1334 2489 1377; x_wconf 89' lang='lat' dir='ltr'><strong><em>sacras</em></strong></span> <span class='ocrx_word' id='word_1_169' title='bbox 2534 1337 2933 1393; x_wconf 72' lang='lat' dir='ltr'><strong><em>pmcessomm</em></strong></span> <span class='ocrx_word' id='word_1_170' title='bbox 2967 1330 3283 1378; x_wconf 91' lang='lat' dir='ltr'><strong><em>nostrorum</em></strong></span> <span class='ocrx_word' id='word_1_171' title='bbox 3310 1322 3591 1395; x_wconf 88' lang='lat' dir='ltr'><strong><em>nostrique</em></strong></span> <span class='ocrx_word' id='word_1_172' title='bbox 3619 1322 3902 1396; x_wconf 81' lang='lat' dir='ltr'><strong><em>privilegii</em></strong></span> 
     </span>
    </p>
   </div>
   <div class='ocr_carea' id='block_1_29' title="bbox 2301 1409 3900 1483">
    <p class='ocr_par' dir='ltr' id='par_1_29' title="bbox 2301 1409 3900 1483">
     <span class='ocr_line' id='line_1_29' title="bbox 2301 1409 3900 1483; baseline 0.001 -20"><span class='ocrx_word' id='word_1_173' title='bbox 2301 1409 2686 1477; x_wconf 88' lang='lat' dir='ltr'><strong><em>institutiones,</em></strong></span> <span class='ocrx_word' id='word_1_174' title='bbox 2720 1411 2917 1482; x_wconf 90' lang='lat' dir='ltr'><strong><em>quibus</em></strong></span> <span class='ocrx_word' id='word_1_175' title='bbox 2959 1411 3028 1467; x_wconf 90' lang='lat' dir='ltr'><strong><em>de</em></strong></span> <span class='ocrx_word' id='word_1_176' title='bbox 3054 1411 3274 1483; x_wconf 89' lang='lat' dir='ltr'><strong><em>propria</em></strong></span> <span class='ocrx_word' id='word_1_177' title='bbox 3315 1426 3532 1483; x_wconf 84' lang='lat' dir='ltr'><strong><em>semper</em></strong></span> <span class='ocrx_word' id='word_1_178' title='bbox 3577 1425 3900 1483; x_wconf 89' lang='lat' dir='ltr'><strong><em>congrega-</em></strong></span> 
     </span>
    </p>
   </div>
   <div class='ocr_carea' id='block_1_30' title="bbox 2300 1496 3900 1570">
    <p class='ocr_par' dir='ltr' id='par_1_30' title="bbox 2300 1496 3900 1570">
     <span class='ocr_line' id='line_1_30' title="bbox 2300 1496 3900 1570; baseline 0.003 -19"><span class='ocrx_word' id='word_1_179' title='bbox 2300 1496 2448 1552; x_wconf 89' lang='lat' dir='ltr'><strong><em>tione</em></strong></span> <span class='ocrx_word' id='word_1_180' title='bbox 2495 1498 2745 1553; x_wconf 87' lang='lat' dir='ltr'><strong><em>abbatem</em></strong></span> <span class='ocrx_word' id='word_1_181' title='bbox 2776 1497 2896 1554; x_wconf 89' lang='lat' dir='ltr'><strong><em>fieri</em></strong></span> <span class='ocrx_word' id='word_1_182' title='bbox 2937 1499 3178 1568; x_wconf 91' lang='lat' dir='ltr'><strong><em>jubetur,</em></strong></span> <span class='ocrx_word' id='word_1_183' title='bbox 3210 1499 3405 1555; x_wconf 90' lang='lat' dir='ltr'><strong><em>callide</em></strong></span> <span class='ocrx_word' id='word_1_184' title='bbox 3432 1498 3673 1570; x_wconf 89' lang='lat' dir='ltr'><strong><em>petiisse,</em></strong></span> <span class='ocrx_word' id='word_1_185' title='bbox 3703 1515 3768 1554; x_wconf 90' lang='lat' dir='ltr'><strong><em>ac</em></strong></span> <span class='ocrx_word' id='word_1_186' title='bbox 3795 1515 3900 1570; x_wconf 88' lang='lat' dir='ltr'><strong><em>per</em></strong></span> 
     </span>
    </p>
   </div>
   <div class='ocr_carea' id='block_1_31' title="bbox 2299 1585 3893 1659">
    <p class='ocr_par' dir='ltr' id='par_1_31' title="bbox 2299 1585 3893 1659">
     <span class='ocr_line' id='line_1_31' title="bbox 2299 1585 3893 1659; baseline 0.002 -20"><span class='ocrx_word' id='word_1_187' title='bbox 2299 1586 2404 1641; x_wconf 90' lang='lat' dir='ltr'><strong><em>hoc</em></strong></span> <span class='ocrx_word' id='word_1_188' title='bbox 2429 1585 2613 1642; x_wconf 89' lang='lat' dir='ltr'><strong><em>illicita</em></strong></span> <span class='ocrx_word' id='word_1_189' title='bbox 2642 1587 3079 1659; x_wconf 71' lang='lat' dir='ltr'><strong><em>praesumpsisse,</em></strong></span> <span class='ocrx_word' id='word_1_190' title='bbox 3112 1587 3440 1643; x_wconf 90' lang='lat' dir='ltr'><strong><em>omnimodis</em></strong></span> <span class='ocrx_word' id='word_1_191' title='bbox 3458 1587 3893 1659; x_wconf 88' lang='lat' dir='ltr'><strong><em>reperissemus;</em></strong></span> 
     </span>
    </p>
   </div>
   <div class='ocr_carea' id='block_1_32' title="bbox 2298 1673 3896 1746">
    <p class='ocr_par' dir='ltr' id='par_1_32' title="bbox 2298 1673 3896 1746">
     <span class='ocr_line' id='line_1_32' title="bbox 2298 1673 3896 1746; baseline 0.001 -19"><span class='ocrx_word' id='word_1_192' title='bbox 2298 1673 2619 1730; x_wconf 80' lang='lat' dir='ltr'><strong><em>auctoritate</em></strong></span> <span class='ocrx_word' id='word_1_193' title='bbox 2666 1676 2964 1746; x_wconf 90' lang='lat' dir='ltr'><strong><em>apostolica</em></strong></span> <span class='ocrx_word' id='word_1_194' title='bbox 3007 1691 3133 1731; x_wconf 91' lang='lat' dir='ltr'><strong><em>eum</em></strong></span> <span class='ocrx_word' id='word_1_195' title='bbox 3161 1675 3630 1731; x_wconf 88' lang='lat' dir='ltr'><strong><em>excommunicare</em></strong></span> <span class='ocrx_word' id='word_1_196' title='bbox 3678 1674 3896 1731; x_wconf 86' lang='lat' dir='ltr'><strong><em>studui-</em></strong></span> 
     </span>
    </p>
   </div>
   <div class='ocr_carea' id='block_1_33' title="bbox 605 1756 3896 1856">
    <p class='ocr_par' dir='ltr' id='par_1_33' title="bbox 605 1756 3896 1856">
     <span class='ocr_line' id='line_1_33' title="bbox 605 1756 3896 1856; baseline 0 -38"><span class='ocrx_word' id='word_1_197' title='bbox 605 1762 840 1818; x_wconf 89' lang='lat' dir='ltr'><strong><em>validam</em></strong></span> <span class='ocrx_word' id='word_1_198' title='bbox 886 1778 1109 1818; x_wconf 91' lang='lat' dir='ltr'><strong><em>manum</em></strong></span> <span class='ocrx_word' id='word_1_199' title='bbox 1137 1770 1328 1819; x_wconf 91' lang='lat' dir='ltr'><strong><em>contra</em></strong></span> <span class='ocrx_word' id='word_1_200' title='bbox 1356 1761 1604 1819; x_wconf 91' lang='lat' dir='ltr'><strong><em>inimicos</em></strong></span> <span class='ocrx_word' id='word_1_201' title='bbox 1634 1762 1813 1817; x_wconf 89' lang='lat' dir='ltr'><strong><em>crucis</em></strong></span> <span class='ocrx_word' id='word_1_202' title='bbox 1846 1761 2044 1817; x_wconf 89' lang='lat' dir='ltr'><strong><em>Christi</em></strong></span> <span class='ocrx_word' id='word_1_203' title='bbox 2071 1761 2199 1815; x_wconf 82' lang='lat' dir='ltr'><strong><em>mit-</em></strong></span> <span class='ocrx_word' id='word_1_204' title='bbox 2229 1796 2282 1856; x_wconf 86' lang='lat' dir='ltr'>B</span> <span class='ocrx_word' id='word_1_205' title='bbox 2303 1777 2458 1828; x_wconf 88' lang='lat' dir='ltr'><strong><em>mus;</em></strong></span> <span class='ocrx_word' id='word_1_206' title='bbox 2493 1756 2519 1793; x_wconf 70' lang='grc' dir='ltr'>δ</span> <span class='ocrx_word' id='word_1_207' title='bbox 2548 1769 2606 1816; x_wconf 91' lang='lat' dir='ltr'><strong><em>ut</em></strong></span> <span class='ocrx_word' id='word_1_208' title='bbox 2653 1778 2826 1834; x_wconf 89' lang='lat' dir='ltr'><strong><em>eaque</em></strong></span> <span class='ocrx_word' id='word_1_209' title='bbox 2871 1763 2990 1834; x_wconf 91' lang='lat' dir='ltr'><strong><em>ipse</em></strong></span> <span class='ocrx_word' id='word_1_210' title='bbox 3020 1771 3209 1819; x_wconf 90' lang='lat' dir='ltr'><strong><em>tenere</em></strong></span> <span class='ocrx_word' id='word_1_211' title='bbox 3239 1763 3517 1819; x_wconf 89' lang='lat' dir='ltr'><strong><em>canonicis</em></strong></span> <span class='ocrx_word' id='word_1_212' title='bbox 3545 1779 3670 1818; x_wconf 91' lang='lat' dir='ltr'><strong><em>eum</em></strong></span> <span class='ocrx_word' id='word_1_213' title='bbox 3702 1778 3896 1819; x_wconf 88' lang='lat' dir='ltr'><strong><em>corre-</em></strong></span> 
     </span>
    </p>
   </div>
   <div class='ocr_carea' id='block_1_34' title="bbox 606 1849 2199 1923">
    <p class='ocr_par' dir='ltr' id='par_1_34' title="bbox 606 1849 2199 1923">
     <span class='ocr_line' id='line_1_34' title="bbox 606 1849 2199 1923; baseline -0.001 -18"><span class='ocrx_word' id='word_1_214' title='bbox 606 1858 724 1906; x_wconf 91' lang='lat' dir='ltr'><strong><em>tere</em></strong></span> <span class='ocrx_word' id='word_1_215' title='bbox 769 1851 1103 1922; x_wconf 90' lang='lat' dir='ltr'><strong><em>procuravit,</em></strong></span> <span class='ocrx_word' id='word_1_216' title='bbox 1138 1866 1302 1923; x_wconf 90' lang='lat' dir='ltr'><strong><em>quam</em></strong></span> <span class='ocrx_word' id='word_1_217' title='bbox 1341 1851 1485 1922; x_wconf 93' lang='lat' dir='ltr'><strong><em>quod</em></strong></span> <span class='ocrx_word' id='word_1_218' title='bbox 1516 1858 1568 1905; x_wconf 88' lang='lat' dir='ltr'><strong><em>te</em></strong></span> <span class='ocrx_word' id='word_1_219' title='bbox 1598 1866 1711 1921; x_wconf 71' lang='lat' dir='ltr'><strong><em>prae</em></strong></span> <span class='ocrx_word' id='word_1_220' title='bbox 1739 1849 1949 1905; x_wconf 75' lang='lat' dir='ltr'><strong><em>caeteris</em></strong></span> <span class='ocrx_word' id='word_1_221' title='bbox 1978 1849 2046 1904; x_wconf 92' lang='lat' dir='ltr'><strong><em>ad</em></strong></span> <span class='ocrx_word' id='word_1_222' title='bbox 2074 1856 2199 1903; x_wconf 88' lang='lat' dir='ltr'><strong><em>tan-</em></strong></span> 
     </span>
    </p>
   </div>
   <div class='ocr_carea' id='block_1_35' title="bbox 605 1937 2199 2011">
    <p class='ocr_par' dir='ltr' id='par_1_35' title="bbox 605 1937 2199 2011">
     <span class='ocr_line' id='line_1_35' title="bbox 605 1937 2199 2011; baseline 0 -19"><span class='ocrx_word' id='word_1_223' title='bbox 605 1947 721 1994; x_wconf 89' lang='lat' dir='ltr'><strong><em>tum</em></strong></span> <span class='ocrx_word' id='word_1_224' title='bbox 750 1955 889 2011; x_wconf 89' lang='lat' dir='ltr'><strong><em>opus</em></strong></span> <span class='ocrx_word' id='word_1_225' title='bbox 917 1955 1038 1994; x_wconf 91' lang='lat' dir='ltr'><strong><em>cum</em></strong></span> <span class='ocrx_word' id='word_1_226' title='bbox 1060 1939 1160 1993; x_wconf 90' lang='lat' dir='ltr'><strong><em>Dei</em></strong></span> <span class='ocrx_word' id='word_1_227' title='bbox 1186 1938 1384 1993; x_wconf 84' lang='lat' dir='ltr'><strong><em>auxilio</em></strong></span> <span class='ocrx_word' id='word_1_228' title='bbox 1414 1938 1786 2011; x_wconf 86' lang='lat' dir='ltr'><strong><em>peragendum</em></strong></span> <span class='ocrx_word' id='word_1_229' title='bbox 1816 1937 1999 2009; x_wconf 88' lang='lat' dir='ltr'><strong><em>elegit,</em></strong></span> <span class='ocrx_word' id='word_1_230' title='bbox 2036 1952 2199 2009; x_wconf 89' lang='lat' dir='ltr'><strong><em>quem</em></strong></span> 
     </span>
    </p>
   </div>
   <div class='ocr_carea' id='block_1_36' title="bbox 607 2024 2199 2082">
    <p class='ocr_par' dir='ltr' id='par_1_36' title="bbox 607 2024 2199 2082">
     <span class='ocr_line' id='line_1_36' title="bbox 607 2024 2199 2082; baseline -0.001 0"><span class='ocrx_word' id='word_1_231' title='bbox 607 2026 914 2082; x_wconf 88' lang='lat' dir='ltr'><strong><em>audivimus</em></strong></span> <span class='ocrx_word' id='word_1_232' title='bbox 951 2026 1007 2081; x_wconf 91' lang='lat' dir='ltr'><strong><em>in</em></strong></span> <span class='ocrx_word' id='word_1_233' title='bbox 1059 2026 1309 2082; x_wconf 89' lang='lat' dir='ltr'><strong><em>omnibus</em></strong></span> <span class='ocrx_word' id='word_1_234' title='bbox 1359 2033 1637 2081; x_wconf 90' lang='lat' dir='ltr'><strong><em>strenuum</em></strong></span> <span class='ocrx_word' id='word_1_235' title='bbox 1685 2033 1741 2080; x_wconf 92' lang='lat' dir='ltr'><strong><em>et</em></strong></span> <span class='ocrx_word' id='word_1_236' title='bbox 1786 2025 1887 2081; x_wconf 90' lang='lat' dir='ltr'><strong><em>Dei</em></strong></span> <span class='ocrx_word' id='word_1_237' title='bbox 1938 2024 2199 2081; x_wconf 86' lang='lat' dir='ltr'><strong><em>cultorem</em></strong></span> 
     </span>
    </p>
   </div>
   <div class='ocr_carea' id='block_1_37' title="bbox 605 2112 2203 2188">
    <p class='ocr_par' dir='ltr' id='par_1_37' title="bbox 605 2112 2203 2188">
     <span class='ocr_line' id='line_1_37' title="bbox 605 2112 2203 2188; baseline -0.001 -18"><span class='ocrx_word' id='word_1_238' title='bbox 605 2114 951 2170; x_wconf 90' lang='lat' dir='ltr'><strong><em>industrium.</em></strong></span> <span class='ocrx_word' id='word_1_239' title='bbox 976 2114 1057 2170; x_wconf 89' lang='lat' dir='ltr'><strong><em>De</em></strong></span> <span class='ocrx_word' id='word_1_240' title='bbox 1078 2122 1273 2171; x_wconf 72' lang='lat' dir='ltr'><strong><em>caetero</em></strong></span> <span class='ocrx_word' id='word_1_241' title='bbox 1290 2114 1560 2171; x_wconf 89' lang='lat' dir='ltr'><strong><em>credimus</em></strong></span> <span class='ocrx_word' id='word_1_242' title='bbox 1577 2114 1718 2169; x_wconf 90' lang='lat' dir='ltr'><strong><em>scire</em></strong></span> <span class='ocrx_word' id='word_1_243' title='bbox 1727 2113 1839 2183; x_wconf 91' lang='lat' dir='ltr'><strong><em>jam</em></strong></span> <span class='ocrx_word' id='word_1_244' title='bbox 1856 2112 2203 2188; x_wconf 86' lang='lat' dir='ltr'><strong><em>magniﬁcen-</em></strong></span> 
     </span>
    </p>
   </div>
   <div class='ocr_carea' id='block_1_38' title="bbox 608 2202 2201 2275">
    <p class='ocr_par' dir='ltr' id='par_1_38' title="bbox 608 2202 2201 2275">
     <span class='ocr_line' id='line_1_38' title="bbox 608 2202 2201 2275; baseline 0.001 -20"><span class='ocrx_word' id='word_1_245' title='bbox 608 2203 735 2257; x_wconf 88' lang='lat' dir='ltr'><strong><em>tiam</em></strong></span> <span class='ocrx_word' id='word_1_246' title='bbox 766 2210 915 2257; x_wconf 92' lang='lat' dir='ltr'><strong><em>tuam</em></strong></span> <span class='ocrx_word' id='word_1_247' title='bbox 943 2203 1178 2274; x_wconf 87' lang='lat' dir='ltr'><strong><em>qualiter</em></strong></span> <span class='ocrx_word' id='word_1_248' title='bbox 1197 2202 1447 2275; x_wconf 77' lang='lat' dir='ltr'><strong><em>quaedam</em></strong></span> <span class='ocrx_word' id='word_1_249' title='bbox 1469 2202 1897 2258; x_wconf 89' lang='lat' dir='ltr'><strong><em>latrunculorum</em></strong></span> <span class='ocrx_word' id='word_1_250' title='bbox 1916 2204 2201 2274; x_wconf 84' lang='lat' dir='ltr'><strong><em>Agareno-</em></strong></span> 
     </span>
    </p>
   </div>
   <div class='ocr_carea' id='block_1_39' title="bbox 607 2288 2201 2362">
    <p class='ocr_par' dir='ltr' id='par_1_39' title="bbox 607 2288 2201 2362">
     <span class='ocr_line' id='line_1_39' title="bbox 607 2288 2201 2362; baseline -0.001 -16"><span class='ocrx_word' id='word_1_251' title='bbox 607 2306 730 2346; x_wconf 89' lang='lat' dir='ltr'><strong><em>rum</em></strong></span> <span class='ocrx_word' id='word_1_252' title='bbox 757 2305 977 2362; x_wconf 71' lang='lat' dir='ltr'><strong><em>sagenae</em></strong></span> <span class='ocrx_word' id='word_1_253' title='bbox 1005 2290 1234 2347; x_wconf 88' lang='lat' dir='ltr'><strong><em>occultis</em></strong></span> <span class='ocrx_word' id='word_1_254' title='bbox 1263 2289 1655 2361; x_wconf 89' lang='lat' dir='ltr'><strong><em>irruptionibus</em></strong></span> <span class='ocrx_word' id='word_1_255' title='bbox 1683 2288 1864 2345; x_wconf 88' lang='lat' dir='ltr'><strong><em>littora</em></strong></span> <span class='ocrx_word' id='word_1_256' title='bbox 1893 2297 2077 2355; x_wconf 88' lang='lat' dir='ltr'><strong><em>nostra</em></strong></span> <span class='ocrx_word' id='word_1_257' title='bbox 2106 2289 2201 2345; x_wconf 89' lang='lat' dir='ltr'><strong><em>de-</em></strong></span> 
     </span>
    </p>
   </div>
   <div class='ocr_carea' id='block_1_40' title="bbox 608 2377 2200 2451">
    <p class='ocr_par' dir='ltr' id='par_1_40' title="bbox 608 2377 2200 2451">
     <span class='ocr_line' id='line_1_40' title="bbox 608 2377 2200 2451; baseline -0.001 -18"><span class='ocrx_word' id='word_1_258' title='bbox 608 2385 854 2445; x_wconf 84' lang='lat' dir='ltr'><strong><em>vastent;</em></strong></span> <span class='ocrx_word' id='word_1_259' title='bbox 888 2386 942 2433; x_wconf 92' lang='lat' dir='ltr'><strong><em>et</em></strong></span> <span class='ocrx_word' id='word_1_260' title='bbox 969 2378 1092 2451; x_wconf 89' lang='lat' dir='ltr'><strong><em>quia</em></strong></span> <span class='ocrx_word' id='word_1_261' title='bbox 1138 2378 1322 2450; x_wconf 88' lang='lat' dir='ltr'><strong><em>palam</em></strong></span> <span class='ocrx_word' id='word_1_262' title='bbox 1367 2393 1557 2434; x_wconf 89' lang='lat' dir='ltr'><strong><em>ausum</em></strong></span> <span class='ocrx_word' id='word_1_263' title='bbox 1584 2394 1695 2433; x_wconf 90' lang='lat' dir='ltr'><strong><em>non</em></strong></span> <span class='ocrx_word' id='word_1_264' title='bbox 1733 2377 1954 2445; x_wconf 89' lang='lat' dir='ltr'><strong><em>habent,</em></strong></span> <span class='ocrx_word' id='word_1_265' title='bbox 1987 2377 2200 2434; x_wconf 77' lang='lat' dir='ltr'><strong><em>furtivis</em></strong></span> 
     </span>
    </p>
   </div>
   <div class='ocr_carea' id='block_1_41' title="bbox 606 2464 2200 2537">
    <p class='ocr_par' dir='ltr' id='par_1_41' title="bbox 606 2464 2200 2537">
     <span class='ocr_line' id='line_1_41' title="bbox 606 2464 2200 2537; baseline 0.001 -17"><span class='ocrx_word' id='word_1_266' title='bbox 606 2464 1098 2536; x_wconf 67' lang='lat' dir='ltr'><strong><em>depmdaﬁonibus</em></strong></span> <span class='ocrx_word' id='word_1_267' title='bbox 1143 2466 1382 2537; x_wconf 88' lang='lat' dir='ltr'><strong><em>plurima</em></strong></span> <span class='ocrx_word' id='word_1_268' title='bbox 1424 2466 1549 2522; x_wconf 90' lang='lat' dir='ltr'><strong><em>huic</em></strong></span> <span class='ocrx_word' id='word_1_269' title='bbox 1579 2473 1780 2522; x_wconf 69' lang='lat' dir='ltr'><strong><em>sanctae</em></strong></span> <span class='ocrx_word' id='word_1_270' title='bbox 1811 2466 1911 2521; x_wconf 90' lang='lat' dir='ltr'><strong><em>Dei</em></strong></span> <span class='ocrx_word' id='word_1_271' title='bbox 1940 2466 2200 2522; x_wconf 67' lang='lat' dir='ltr'><strong><em>Romanae</em></strong></span> 
     </span>
    </p>
   </div>
   <div class='ocr_carea' id='block_1_42' title="bbox 608 2553 2201 2626">
    <p class='ocr_par' dir='ltr' id='par_1_42' title="bbox 608 2553 2201 2626">
     <span class='ocr_line' id='line_1_42' title="bbox 608 2553 2201 2626; baseline 0.001 -18"><span class='ocrx_word' id='word_1_272' title='bbox 608 2553 867 2609; x_wconf 71' lang='lat' dir='ltr'><strong><em>Ecclesiae</em></strong></span> <span class='ocrx_word' id='word_1_273' title='bbox 913 2554 1110 2610; x_wconf 90' lang='lat' dir='ltr'><strong><em>damna</em></strong></span> <span class='ocrx_word' id='word_1_274' title='bbox 1151 2554 1521 2626; x_wconf 90' lang='lat' dir='ltr'><strong><em>multipliciter</em></strong></span> <span class='ocrx_word' id='word_1_275' title='bbox 1565 2554 1820 2611; x_wconf 85' lang='lat' dir='ltr'><strong><em>inferant.</em></strong></span> <span class='ocrx_word' id='word_1_276' title='bbox 1854 2553 2201 2626; x_wconf 86' lang='lat' dir='ltr'><strong><em>Quapropter</em></strong></span> 
     </span>
    </p>
   </div>
   <div class='ocr_carea' id='block_1_43' title="bbox 609 2641 2199 2698">
    <p class='ocr_par' dir='ltr' id='par_1_43' title="bbox 609 2641 2199 2698">
     <span class='ocr_line' id='line_1_43' title="bbox 609 2641 2199 2698; baseline 0.002 -3"><span class='ocrx_word' id='word_1_277' title='bbox 609 2641 750 2698; x_wconf 88' lang='lat' dir='ltr'><strong><em>bene</em></strong></span> <span class='ocrx_word' id='word_1_278' title='bbox 778 2641 956 2697; x_wconf 89' lang='lat' dir='ltr'><strong><em>visum</em></strong></span> <span class='ocrx_word' id='word_1_279' title='bbox 1002 2649 1087 2697; x_wconf 89' lang='lat' dir='ltr'><strong><em>est</em></strong></span> <span class='ocrx_word' id='word_1_280' title='bbox 1134 2642 1291 2697; x_wconf 91' lang='lat' dir='ltr'><strong><em>nobis</em></strong></span> <span class='ocrx_word' id='word_1_281' title='bbox 1321 2643 1528 2698; x_wconf 89' lang='lat' dir='ltr'><strong><em>litteras</em></strong></span> <span class='ocrx_word' id='word_1_282' title='bbox 1557 2650 1767 2698; x_wconf 90' lang='lat' dir='ltr'><strong><em>nostras</em></strong></span> <span class='ocrx_word' id='word_1_283' title='bbox 1796 2642 1895 2698; x_wconf 91' lang='lat' dir='ltr'><strong><em>tibi</em></strong></span> <span class='ocrx_word' id='word_1_284' title='bbox 1922 2643 2199 2698; x_wconf 88' lang='lat' dir='ltr'><strong><em>transmit-</em></strong></span> 
     </span>
    </p>
   </div>
   <div class='ocr_carea' id='block_1_44' title="bbox 607 2729 2199 2802">
    <p class='ocr_par' dir='ltr' id='par_1_44' title="bbox 607 2729 2199 2802">
     <span class='ocr_line' id='line_1_44' title="bbox 607 2729 2199 2802; baseline 0.001 -19"><span class='ocrx_word' id='word_1_285' title='bbox 607 2736 739 2798; x_wconf 90' lang='lat' dir='ltr'><strong><em>tere,</em></strong></span> <span class='ocrx_word' id='word_1_286' title='bbox 770 2737 829 2784; x_wconf 92' lang='lat' dir='ltr'><strong><em>ut</em></strong></span> <span class='ocrx_word' id='word_1_287' title='bbox 857 2729 944 2786; x_wconf 89' lang='lat' dir='ltr'><strong><em>vel</em></strong></span> <span class='ocrx_word' id='word_1_288' title='bbox 990 2730 1182 2786; x_wconf 88' lang='lat' dir='ltr'><strong><em>decem</em></strong></span> <span class='ocrx_word' id='word_1_289' title='bbox 1228 2731 1372 2786; x_wconf 90' lang='lat' dir='ltr'><strong><em>bona</em></strong></span> <span class='ocrx_word' id='word_1_290' title='bbox 1401 2739 1454 2786; x_wconf 91' lang='lat' dir='ltr'><strong><em>et</em></strong></span> <span class='ocrx_word' id='word_1_291' title='bbox 1481 2731 1731 2802; x_wconf 89' lang='lat' dir='ltr'><strong><em>expedita</em></strong></span> <span class='ocrx_word' id='word_1_292' title='bbox 1780 2731 2102 2787; x_wconf 89' lang='lat' dir='ltr'><strong><em>achelandia</em></strong></span> <span class='ocrx_word' id='word_1_293' title='bbox 2131 2731 2199 2785; x_wconf 90' lang='lat' dir='ltr'><strong><em>ad</em></strong></span> 
     </span>
    </p>
   </div>
   <div class='ocr_carea' id='block_1_45' title="bbox 607 2818 2199 2888">
    <p class='ocr_par' dir='ltr' id='par_1_45' title="bbox 607 2818 2199 2888">
     <span class='ocr_line' id='line_1_45' title="bbox 607 2818 2199 2888; baseline 0.001 -17"><span class='ocrx_word' id='word_1_294' title='bbox 607 2824 822 2888; x_wconf 90' lang='lat' dir='ltr'><strong><em>portum</em></strong></span> <span class='ocrx_word' id='word_1_295' title='bbox 850 2824 1094 2874; x_wconf 90' lang='lat' dir='ltr'><strong><em>nostrum</em></strong></span> <span class='ocrx_word' id='word_1_296' title='bbox 1123 2819 1475 2885; x_wconf 88' lang='lat' dir='ltr'><strong><em>transmittas,</em></strong></span> <span class='ocrx_word' id='word_1_297' title='bbox 1500 2820 1571 2873; x_wconf 90' lang='lat' dir='ltr'><strong><em>ad</em></strong></span> <span class='ocrx_word' id='word_1_298' title='bbox 1590 2819 1772 2875; x_wconf 89' lang='lat' dir='ltr'><strong><em>littora</em></strong></span> <span class='ocrx_word' id='word_1_299' title='bbox 1800 2827 1986 2873; x_wconf 89' lang='lat' dir='ltr'><strong><em>nostra</em></strong></span> <span class='ocrx_word' id='word_1_300' title='bbox 2006 2820 2074 2874; x_wconf 92' lang='lat' dir='ltr'><strong><em>de</em></strong></span> <span class='ocrx_word' id='word_1_301' title='bbox 2093 2818 2199 2873; x_wconf 89' lang='lat' dir='ltr'><strong><em>illis</em></strong></span> 
     </span>
    </p>
   </div>
   <div class='ocr_carea' id='block_1_46' title="bbox 610 2903 2200 2979">
    <p class='ocr_par' dir='ltr' id='par_1_46' title="bbox 610 2903 2200 2979">
     <span class='ocr_line' id='line_1_46' title="bbox 610 2903 2200 2979; baseline 0.001 -20"><span class='ocrx_word' id='word_1_302' title='bbox 610 2903 819 2959; x_wconf 87' lang='lat' dir='ltr'><strong><em>furibus</em></strong></span> <span class='ocrx_word' id='word_1_303' title='bbox 849 2913 902 2961; x_wconf 93' lang='lat' dir='ltr'><strong><em>et</em></strong></span> <span class='ocrx_word' id='word_1_304' title='bbox 925 2905 1117 2976; x_wconf 90' lang='lat' dir='ltr'><strong><em>piratis</em></strong></span> <span class='ocrx_word' id='word_1_305' title='bbox 1136 2906 1409 2962; x_wconf 79' lang='lat' dir='ltr'><strong><em>Arabibus</em></strong></span> <span class='ocrx_word' id='word_1_306' title='bbox 1435 2908 1784 2979; x_wconf 85' lang='lat' dir='ltr'><strong><em>expurganda</em></strong></span> <span class='ocrx_word' id='word_1_307' title='bbox 1818 2923 1831 2962; x_wconf 91' lang='lat'><strong>:</strong></span> <span class='ocrx_word' id='word_1_308' title='bbox 1866 2908 2012 2978; x_wconf 90' lang='lat' dir='ltr'><strong><em>quod</em></strong></span> <span class='ocrx_word' id='word_1_309' title='bbox 2042 2907 2200 2963; x_wconf 88' lang='lat' dir='ltr'><strong><em>citius</em></strong></span> 
     </span>
    </p>
   </div>
   <div class='ocr_carea' id='block_1_47' title="bbox 609 2992 2199 3068">
    <p class='ocr_par' dir='ltr' id='par_1_47' title="bbox 609 2992 2199 3068">
     <span class='ocr_line' id='line_1_47' title="bbox 609 2992 2199 3068; baseline 0.002 -21"><span class='ocrx_word' id='word_1_310' title='bbox 609 2999 661 3047; x_wconf 91' lang='lat' dir='ltr'><strong><em>et</em></strong></span> <span class='ocrx_word' id='word_1_311' title='bbox 686 2992 803 3047; x_wconf 90' lang='lat' dir='ltr'><strong><em>sine</em></strong></span> <span class='ocrx_word' id='word_1_312' title='bbox 850 2993 1032 3065; x_wconf 89' lang='lat' dir='ltr'><strong><em>aliquo</em></strong></span> <span class='ocrx_word' id='word_1_313' title='bbox 1076 2994 1462 3065; x_wconf 91' lang='lat' dir='ltr'><strong><em>impedimento</em></strong></span> <span class='ocrx_word' id='word_1_314' title='bbox 1511 3010 1677 3068; x_wconf 89' lang='lat' dir='ltr'><strong><em>agere</em></strong></span> <span class='ocrx_word' id='word_1_315' title='bbox 1722 3002 1991 3066; x_wconf 89' lang='lat' dir='ltr'><strong><em>poterunt,</em></strong></span> <span class='ocrx_word' id='word_1_316' title='bbox 2042 2996 2199 3065; x_wconf 84' lang='lat' dir='ltr'><strong><em>adju-</em></strong></span> 
     </span>
    </p>
   </div>
   <div class='ocr_carea' id='block_1_48' title="bbox 607 3080 2198 3154">
    <p class='ocr_par' dir='ltr' id='par_1_48' title="bbox 607 3080 2198 3154">
     <span class='ocr_line' id='line_1_48' title="bbox 607 3080 2198 3154; baseline 0.001 -17"><span class='ocrx_word' id='word_1_317' title='bbox 607 3088 763 3137; x_wconf 88' lang='lat' dir='ltr'><strong><em>vante</em></strong></span> <span class='ocrx_word' id='word_1_318' title='bbox 791 3080 1010 3137; x_wconf 86' lang='lat' dir='ltr'><strong><em>dextera</em></strong></span> <span class='ocrx_word' id='word_1_319' title='bbox 1037 3082 1273 3149; x_wconf 87' lang='lat' dir='ltr'><strong><em>Excelsi,</em></strong></span> <span class='ocrx_word' id='word_1_320' title='bbox 1306 3099 1427 3154; x_wconf 86' lang='lat' dir='ltr'><strong><em>quae</em></strong></span> <span class='ocrx_word' id='word_1_321' title='bbox 1455 3083 1787 3154; x_wconf 87' lang='lat' dir='ltr'><strong><em>principibus</em></strong></span> <span class='ocrx_word' id='word_1_322' title='bbox 1832 3083 2198 3154; x_wconf 88' lang='lat' dir='ltr'><strong><em>apostolorum</em></strong></span> 
     </span>
    </p>
   </div>
   <div class='ocr_carea' id='block_1_49' title="bbox 607 3168 2197 3239">
    <p class='ocr_par' dir='ltr' id='par_1_49' title="bbox 607 3168 2197 3239">
     <span class='ocr_line' id='line_1_49' title="bbox 607 3168 2197 3239; baseline 0.002 -15"><span class='ocrx_word' id='word_1_323' title='bbox 607 3168 1067 3235; x_wconf 83' lang='lat' dir='ltr'><strong><em>intercedentibus</em></strong></span> <span class='ocrx_word' id='word_1_324' title='bbox 1108 3171 1438 3226; x_wconf 89' lang='lat' dir='ltr'><strong><em>concertabit</em></strong></span> <span class='ocrx_word' id='word_1_325' title='bbox 1483 3178 1537 3227; x_wconf 92' lang='lat' dir='ltr'><strong><em>et</em></strong></span> <span class='ocrx_word' id='word_1_326' title='bbox 1582 3171 1928 3227; x_wconf 84' lang='lat' dir='ltr'><strong><em>auxiliabitur</em></strong></span> <span class='ocrx_word' id='word_1_327' title='bbox 1965 3171 2110 3239; x_wconf 88' lang='lat' dir='ltr'><strong><em>illis;</em></strong></span> <span class='ocrx_word' id='word_1_328' title='bbox 2142 3172 2197 3227; x_wconf 92' lang='lat' dir='ltr'><strong><em>in</em></strong></span> 
     </span>
    </p>
   </div>
   <div class='ocr_carea' id='block_1_50' title="bbox 606 3257 2196 3332">
    <p class='ocr_par' dir='ltr' id='par_1_50' title="bbox 606 3257 2196 3332">
     <span class='ocr_line' id='line_1_50' title="bbox 606 3257 2196 3332; baseline 0.003 -20"><span class='ocrx_word' id='word_1_329' title='bbox 606 3274 734 3329; x_wconf 93' lang='lat' dir='ltr'><strong><em>quo,</em></strong></span> <span class='ocrx_word' id='word_1_330' title='bbox 768 3257 900 3312; x_wconf 89' lang='lat' dir='ltr'><strong><em>mihi</em></strong></span> <span class='ocrx_word' id='word_1_331' title='bbox 916 3258 1099 3323; x_wconf 90' lang='lat' dir='ltr'><strong><em>crede,</em></strong></span> <span class='ocrx_word' id='word_1_332' title='bbox 1124 3266 1340 3330; x_wconf 90' lang='lat' dir='ltr'><strong><em>gratum</em></strong></span> <span class='ocrx_word' id='word_1_333' title='bbox 1361 3259 1601 3315; x_wconf 90' lang='lat' dir='ltr'><strong><em>animum</em></strong></span> <span class='ocrx_word' id='word_1_334' title='bbox 1617 3260 1860 3331; x_wconf 89' lang='lat' dir='ltr'><strong><em>piissimo</em></strong></span> <span class='ocrx_word' id='word_1_335' title='bbox 1880 3260 2196 3332; x_wconf 87' lang='lat' dir='ltr'><strong><em>imperatori</em></strong></span> 
     </span>
    </p>
   </div>
   <div class='ocr_carea' id='block_1_51' title="bbox 604 3344 2196 3420">
    <p class='ocr_par' dir='ltr' id='par_1_51' title="bbox 604 3344 2196 3420">
     <span class='ocr_line' id='line_1_51' title="bbox 604 3344 2196 3420; baseline 0.003 -20"><span class='ocrx_word' id='word_1_336' title='bbox 604 3344 795 3413; x_wconf 88' lang='lat' dir='ltr'><strong><em>facies,</em></strong></span> <span class='ocrx_word' id='word_1_337' title='bbox 830 3346 878 3401; x_wconf 91' lang='lat' dir='ltr'><strong><em>si</em></strong></span> <span class='ocrx_word' id='word_1_338' title='bbox 903 3346 958 3400; x_wconf 92' lang='lat' dir='ltr'><strong><em>in</em></strong></span> <span class='ocrx_word' id='word_1_339' title='bbox 986 3347 1092 3402; x_wconf 91' lang='lat' dir='ltr'><strong><em>hoc</em></strong></span> <span class='ocrx_word' id='word_1_340' title='bbox 1119 3347 1515 3403; x_wconf 85' lang='lat' dir='ltr'><strong><em>admonitiones</em></strong></span> <span class='ocrx_word' id='word_1_341' title='bbox 1542 3356 1757 3403; x_wconf 89' lang='lat' dir='ltr'><strong><em>nostras</em></strong></span> <span class='ocrx_word' id='word_1_342' title='bbox 1783 3348 2042 3417; x_wconf 90' lang='lat' dir='ltr'><strong><em>audieris,</em></strong></span> <span class='ocrx_word' id='word_1_343' title='bbox 2073 3348 2196 3420; x_wconf 88' lang='lat' dir='ltr'><strong><em>quia</em></strong></span> 
     </span>
    </p>
   </div>
   <div class='ocr_carea' id='block_1_52' title="bbox 602 3433 2195 3493">
    <p class='ocr_par' dir='ltr' id='par_1_52' title="bbox 602 3433 2195 3493">
     <span class='ocr_line' id='line_1_52' title="bbox 602 3433 2195 3493; baseline 0.003 -5"><span class='ocrx_word' id='word_1_344' title='bbox 602 3448 726 3489; x_wconf 90' lang='lat' dir='ltr'><strong><em>cum</em></strong></span> <span class='ocrx_word' id='word_1_345' title='bbox 756 3433 825 3489; x_wconf 92' lang='lat' dir='ltr'><strong><em>sit</em></strong></span> <span class='ocrx_word' id='word_1_346' title='bbox 853 3433 1345 3490; x_wconf 89' lang='lat' dir='ltr'><strong><em>Christianissimus</em></strong></span> <span class='ocrx_word' id='word_1_347' title='bbox 1382 3435 1483 3491; x_wconf 92' lang='lat' dir='ltr'><strong><em>Dei</em></strong></span> <span class='ocrx_word' id='word_1_348' title='bbox 1510 3443 1719 3492; x_wconf 90' lang='lat' dir='ltr'><strong><em>amator</em></strong></span> <span class='ocrx_word' id='word_1_349' title='bbox 1748 3444 1801 3493; x_wconf 91' lang='lat' dir='ltr'><strong><em>et</em></strong></span> <span class='ocrx_word' id='word_1_350' title='bbox 1828 3437 2195 3493; x_wconf 88' lang='lat' dir='ltr'><strong><em>Ecclesiarum</em></strong></span> 
     </span>
    </p>
   </div>
   <div class='ocr_carea' id='block_1_53' title="bbox 602 3521 2196 3597">
    <p class='ocr_par' dir='ltr' id='par_1_53' title="bbox 602 3521 2196 3597">
     <span class='ocr_line' id='line_1_53' title="bbox 602 3521 2196 3597; baseline 0.003 -20"><span class='ocrx_word' id='word_1_351' title='bbox 602 3522 819 3578; x_wconf 90' lang='lat' dir='ltr'><strong><em>Domini</em></strong></span> <span class='ocrx_word' id='word_1_352' title='bbox 846 3521 1088 3579; x_wconf 90' lang='lat' dir='ltr'><strong><em>fervidus</em></strong></span> <span class='ocrx_word' id='word_1_353' title='bbox 1114 3532 1504 3597; x_wconf 84' lang='lat' dir='ltr'><strong><em>propugnator,</em></strong></span> <span class='ocrx_word' id='word_1_354' title='bbox 1537 3541 1646 3580; x_wconf 91' lang='lat' dir='ltr'><strong><em>non</em></strong></span> <span class='ocrx_word' id='word_1_355' title='bbox 1674 3525 1880 3596; x_wconf 89' lang='lat' dir='ltr'><strong><em>poteris</em></strong></span> <span class='ocrx_word' id='word_1_356' title='bbox 1918 3525 2071 3580; x_wconf 91' lang='lat' dir='ltr'><strong><em>illum</em></strong></span> <span class='ocrx_word' id='word_1_357' title='bbox 2098 3525 2196 3581; x_wconf 90' lang='lat' dir='ltr'><strong><em>tibi</em></strong></span> 
     </span>
    </p>
   </div>
   <div class='ocr_carea' id='block_1_54' title="bbox 602 3610 2196 3685">
    <p class='ocr_par' dir='ltr' id='par_1_54' title="bbox 602 3610 2196 3685">
     <span class='ocr_line' id='line_1_54' title="bbox 602 3610 2196 3685; baseline 0.003 -20"><span class='ocrx_word' id='word_1_358' title='bbox 602 3610 899 3681; x_wconf 89' lang='lat' dir='ltr'><strong><em>gratiorem</em></strong></span> <span class='ocrx_word' id='word_1_359' title='bbox 943 3612 1179 3668; x_wconf 90' lang='lat' dir='ltr'><strong><em>reddere</em></strong></span> <span class='ocrx_word' id='word_1_360' title='bbox 1225 3628 1389 3685; x_wconf 88' lang='lat' dir='ltr'><strong><em>quam</em></strong></span> <span class='ocrx_word' id='word_1_361' title='bbox 1430 3613 1477 3668; x_wconf 92' lang='lat' dir='ltr'><strong><em>si</em></strong></span> <span class='ocrx_word' id='word_1_362' title='bbox 1519 3621 1726 3669; x_wconf 89' lang='lat' dir='ltr'><strong><em>tantum</em></strong></span> <span class='ocrx_word' id='word_1_363' title='bbox 1771 3615 1911 3670; x_wconf 92' lang='lat' dir='ltr'><strong><em>hanc</em></strong></span> <span class='ocrx_word' id='word_1_364' title='bbox 1956 3622 2196 3670; x_wconf 88' lang='lat' dir='ltr'><strong><em>sanctam</em></strong></span> 
     </span>
    </p>
   </div>
   <div class='ocr_carea' id='block_1_55' title="bbox 600 3698 2197 3774">
    <p class='ocr_par' dir='ltr' id='par_1_55' title="bbox 600 3698 2197 3774">
     <span class='ocr_line' id='line_1_55' title="bbox 600 3698 2197 3774; baseline 0.004 -23"><span class='ocrx_word' id='word_1_365' title='bbox 600 3698 908 3753; x_wconf 75' lang='lat' dir='ltr'><strong><em>Ecclesium</em></strong></span> <span class='ocrx_word' id='word_1_366' title='bbox 954 3715 1056 3770; x_wconf 90' lang='lat' dir='ltr'><strong><em>per</em></strong></span> <span class='ocrx_word' id='word_1_367' title='bbox 1104 3707 1157 3755; x_wconf 91' lang='lat' dir='ltr'><strong><em>te</em></strong></span> <span class='ocrx_word' id='word_1_368' title='bbox 1204 3701 1476 3757; x_wconf 91' lang='lat' dir='ltr'><strong><em>studueris</em></strong></span> <span class='ocrx_word' id='word_1_369' title='bbox 1524 3702 1800 3771; x_wconf 86' lang='lat' dir='ltr'><strong><em>adjuvare,</em></strong></span> <span class='ocrx_word' id='word_1_370' title='bbox 1855 3718 1975 3774; x_wconf 66' lang='lat' dir='ltr'><strong><em>qua:</em></strong></span> <span class='ocrx_word' id='word_1_371' title='bbox 2019 3703 2197 3774; x_wconf 90' lang='lat' dir='ltr'><strong><em>prima</em></strong></span> 
     </span>
    </p>
   </div>
   <div class='ocr_carea' id='block_1_56' title="bbox 602 3785 2196 3860">
    <p class='ocr_par' dir='ltr' id='par_1_56' title="bbox 602 3785 2196 3860">
     <span class='ocr_line' id='line_1_56' title="bbox 602 3785 2196 3860; baseline 0.004 -20"><span class='ocrx_word' id='word_1_372' title='bbox 602 3785 974 3841; x_wconf 82' lang='lat' dir='ltr'><strong><em>Ecclesiarum</em></strong></span> <span class='ocrx_word' id='word_1_373' title='bbox 1020 3788 1277 3860; x_wconf 88' lang='lat' dir='ltr'><strong><em>magistra</em></strong></span> <span class='ocrx_word' id='word_1_374' title='bbox 1308 3796 1360 3844; x_wconf 92' lang='lat' dir='ltr'><strong><em>et</em></strong></span> <span class='ocrx_word' id='word_1_375' title='bbox 1390 3797 1551 3860; x_wconf 90' lang='lat' dir='ltr'><strong><em>caput</em></strong></span> <span class='ocrx_word' id='word_1_376' title='bbox 1581 3798 1683 3857; x_wconf 87' lang='lat' dir='ltr'><strong><em>est,</em></strong></span> <span class='ocrx_word' id='word_1_377' title='bbox 1714 3790 1945 3847; x_wconf 87' lang='lat' dir='ltr'><strong><em>maxime</em></strong></span> <span class='ocrx_word' id='word_1_378' title='bbox 1993 3805 2116 3847; x_wconf 91' lang='lat' dir='ltr'><strong><em>cum</em></strong></span> <span class='ocrx_word' id='word_1_379' title='bbox 2141 3792 2196 3846; x_wconf 89' lang='lat' dir='ltr'><strong><em>in</em></strong></span> 
     </span>
    </p>
   </div>
   <div class='ocr_carea' id='block_1_57' title="bbox 602 3872 2196 3951">
    <p class='ocr_par' dir='ltr' id='par_1_57' title="bbox 602 3872 2196 3951">
     <span class='ocr_line' id='line_1_57' title="bbox 602 3872 2196 3951; baseline 0.004 -23"><span class='ocrx_word' id='word_1_380' title='bbox 602 3874 708 3930; x_wconf 93' lang='lat' dir='ltr'><strong><em>hoc</em></strong></span> <span class='ocrx_word' id='word_1_381' title='bbox 737 3872 882 3930; x_wconf 87' lang='lat' dir='ltr'><strong><em>facto</em></strong></span> <span class='ocrx_word' id='word_1_382' title='bbox 925 3874 1101 3930; x_wconf 90' lang='lat' dir='ltr'><strong><em>eidem</em></strong></span> <span class='ocrx_word' id='word_1_383' title='bbox 1130 3891 1161 3930; x_wconf 92' lang='lat' dir='ltr'><strong><em>a</em></strong></span> <span class='ocrx_word' id='word_1_384' title='bbox 1190 3877 1306 3932; x_wconf 91' lang='lat' dir='ltr'><strong><em>Deo</em></strong></span> <span class='ocrx_word' id='word_1_385' title='bbox 1333 3884 1581 3948; x_wconf 91' lang='lat' dir='ltr'><strong><em>protecto</em></strong></span> <span class='ocrx_word' id='word_1_386' title='bbox 1621 3894 1839 3950; x_wconf 90' lang='lat' dir='ltr'><strong><em>semper</em></strong></span> <span class='ocrx_word' id='word_1_387' title='bbox 1865 3880 2114 3951; x_wconf 84' lang='lat' dir='ltr'><strong><em>Augusto</em></strong></span> <span class='ocrx_word' id='word_1_388' title='bbox 2143 3887 2196 3935; x_wconf 91' lang='lat' dir='ltr'><strong><em>et</em></strong></span> 
     </span>
    </p>
   </div>
   <div class='ocr_carea' id='block_1_58' title="bbox 603 3961 2195 4040">
    <p class='ocr_par' dir='ltr' id='par_1_58' title="bbox 603 3961 2195 4040">
     <span class='ocr_line' id='line_1_58' title="bbox 603 3961 2195 4040; baseline 0.005 -24"><span class='ocrx_word' id='word_1_389' title='bbox 603 3961 662 4017; x_wconf 90' lang='lat' dir='ltr'><strong><em>in</em></strong></span> <span class='ocrx_word' id='word_1_390' title='bbox 690 3963 796 4018; x_wconf 88' lang='lat' dir='ltr'><strong><em>hoc</em></strong></span> <span class='ocrx_word' id='word_1_391' title='bbox 824 3963 1023 4019; x_wconf 63' lang='lat' dir='ltr'><strong><em>seculo</em></strong></span> <span class='ocrx_word' id='word_1_392' title='bbox 1052 3964 1282 4037; x_wconf 87' lang='lat' dir='ltr'><strong><em>gloriam</em></strong></span> <span class='ocrx_word' id='word_1_393' title='bbox 1313 3973 1366 4020; x_wconf 89' lang='lat' dir='ltr'><strong><em>et</em></strong></span> <span class='ocrx_word' id='word_1_394' title='bbox 1395 3966 1450 4020; x_wconf 90' lang='lat' dir='ltr'><strong><em>in</em></strong></span> <span class='ocrx_word' id='word_1_395' title='bbox 1480 3965 1660 4022; x_wconf 89' lang='lat' dir='ltr'><strong><em>futuro</em></strong></span> <span class='ocrx_word' id='word_1_396' title='bbox 1681 3967 1930 4040; x_wconf 90' lang='lat' dir='ltr'><strong><em>acquiras</em></strong></span> <span class='ocrx_word' id='word_1_397' title='bbox 1951 3967 2067 4023; x_wconf 88' lang='lat' dir='ltr'><strong><em>sine</em></strong></span> <span class='ocrx_word' id='word_1_398' title='bbox 2087 3966 2195 4024; x_wconf 87' lang='lat' dir='ltr'><strong><em>fine</em></strong></span> 
     </span>
    </p>
   </div>
   <div class='ocr_carea' id='block_1_59' title="bbox 600 4052 2197 4129">
    <p class='ocr_par' dir='ltr' id='par_1_59' title="bbox 600 4052 2197 4129">
     <span class='ocr_line' id='line_1_59' title="bbox 600 4052 2197 4129; baseline 0.003 -22"><span class='ocrx_word' id='word_1_399' title='bbox 600 4066 881 4107; x_wconf 88' lang='lat' dir='ltr'><strong><em>coronam.</em></strong></span> <span class='ocrx_word' id='word_1_400' title='bbox 906 4052 1052 4108; x_wconf 86' lang='lat' dir='ltr'><strong><em>Deus</em></strong></span> <span class='ocrx_word' id='word_1_401' title='bbox 1082 4054 1423 4125; x_wconf 90' lang='lat' dir='ltr'><strong><em>omnipotens</em></strong></span> <span class='ocrx_word' id='word_1_402' title='bbox 1454 4063 1505 4110; x_wconf 91' lang='lat' dir='ltr'><strong><em>te</em></strong></span> <span class='ocrx_word' id='word_1_403' title='bbox 1537 4062 1591 4111; x_wconf 88' lang='lat' dir='ltr'><strong><em>et</em></strong></span> <span class='ocrx_word' id='word_1_404' title='bbox 1619 4055 1710 4127; x_wconf 90' lang='lat' dir='ltr'><strong><em>qui</em></strong></span> <span class='ocrx_word' id='word_1_405' title='bbox 1736 4063 1913 4112; x_wconf 87' lang='lat' dir='ltr'><strong><em>tecum</em></strong></span> <span class='ocrx_word' id='word_1_406' title='bbox 1932 4064 2055 4111; x_wconf 90' lang='lat' dir='ltr'><strong><em>sunt</em></strong></span> <span class='ocrx_word' id='word_1_407' title='bbox 2072 4073 2197 4129; x_wconf 90' lang='lat' dir='ltr'><strong><em>pro-</em></strong></span> 
     </span>
    </p>
   </div>
   <div class='ocr_carea' id='block_1_60' title="bbox 598 4141 2195 4216">
    <p class='ocr_par' dir='ltr' id='par_1_60' title="bbox 598 4141 2195 4216">
     <span class='ocr_line' id='line_1_60' title="bbox 598 4141 2195 4216; baseline 0.004 -22"><span class='ocrx_word' id='word_1_408' title='bbox 598 4147 765 4213; x_wconf 89' lang='lat' dir='ltr'><strong><em>tegat,</em></strong></span> <span class='ocrx_word' id='word_1_409' title='bbox 807 4147 861 4196; x_wconf 91' lang='lat' dir='ltr'><strong><em>et</em></strong></span> <span class='ocrx_word' id='word_1_410' title='bbox 906 4149 1094 4197; x_wconf 91' lang='lat' dir='ltr'><strong><em>contra</em></strong></span> <span class='ocrx_word' id='word_1_411' title='bbox 1150 4141 1396 4199; x_wconf 89' lang='lat' dir='ltr'><strong><em>inimicos</em></strong></span> <span class='ocrx_word' id='word_1_412' title='bbox 1456 4144 1655 4200; x_wconf 90' lang='lat' dir='ltr'><strong><em>Christi</em></strong></span> <span class='ocrx_word' id='word_1_413' title='bbox 1709 4146 1913 4216; x_wconf 90' lang='lat' dir='ltr'><strong><em>potenti</em></strong></span> <span class='ocrx_word' id='word_1_414' title='bbox 1968 4146 2195 4201; x_wconf 87' lang='lat' dir='ltr'><strong><em>dextera</em></strong></span> 
     </span>
    </p>
   </div>
   <div class='ocr_carea' id='block_1_61' title="bbox 596 4230 2187 4302">
    <p class='ocr_par' dir='ltr' id='par_1_61' title="bbox 596 4230 2187 4302">
     <span class='ocr_line' id='line_1_61' title="bbox 596 4230 2187 4302; baseline 0.005 -18"><span class='ocrx_word' id='word_1_415' title='bbox 596 4235 830 4285; x_wconf 90' lang='lat' dir='ltr'><strong><em>tueatur.</em></strong></span> <span class='ocrx_word' id='word_1_416' title='bbox 861 4230 1000 4287; x_wconf 90' lang='lat' dir='ltr'><strong><em>Data</em></strong></span> <span class='ocrx_word' id='word_1_417' title='bbox 1028 4245 1104 4288; x_wconf 89' lang='lat' dir='ltr'><strong><em>xv</em></strong></span> <span class='ocrx_word' id='word_1_418' title='bbox 1133 4232 1409 4289; x_wconf 81' lang='lat' dir='ltr'><strong><em>Kalendas</em></strong></span> <span class='ocrx_word' id='word_1_419' title='bbox 1458 4233 1601 4302; x_wconf 88' lang='lat' dir='ltr'><strong><em>Maii,</em></strong></span> <span class='ocrx_word' id='word_1_420' title='bbox 1634 4234 1925 4291; x_wconf 88' lang='lat' dir='ltr'><strong><em>indictione</em></strong></span> <span class='ocrx_word' id='word_1_421' title='bbox 1955 4234 2187 4292; x_wconf 89' lang='lat' dir='ltr'><strong><em>decima.</em></strong></span> 
     </span>
    </p>
   </div>
   <div class='ocr_carea' id='block_1_62' title="bbox 1271 4392 1514 4447">
    <p class='ocr_par' dir='ltr' id='par_1_62' title="bbox 1271 4392 1514 4447">
     <span class='ocr_line' id='line_1_62' title="bbox 1271 4392 1514 4447; baseline 0.004 -1"><span class='ocrx_word' id='word_1_422' title='bbox 1271 4392 1514 4447; x_wconf 85' lang='lat' dir='ltr'><strong>LXXIV.</strong></span> 
     </span>
    </p>
   </div>
   <div class='ocr_carea' id='block_1_63' title="bbox 848 4507 1934 4556">
    <p class='ocr_par' dir='ltr' id='par_1_63' title="bbox 848 4507 1934 4556">
     <span class='ocr_line' id='line_1_63' title="bbox 848 4507 1934 4556; baseline 0.006 -8"><span class='ocrx_word' id='word_1_423' title='bbox 848 4507 921 4548; x_wconf 70' lang='lat' dir='ltr'><strong><em>AD</em></strong></span> <span class='ocrx_word' id='word_1_424' title='bbox 960 4509 1215 4551; x_wconf 69' lang='lat' dir='ltr'><strong><em>CAROLUM</em></strong></span> <span class='ocrx_word' id='word_1_425' title='bbox 1254 4511 1474 4553; x_wconf 77' lang='lat' dir='ltr'><strong><em>CALVUM</em></strong></span> <span class='ocrx_word' id='word_1_426' title='bbox 1521 4512 1934 4556; x_wconf 69' lang='lat' dir='ltr'><strong><em>IMPERATOREM.</em></strong></span> 
     </span>
    </p>
   </div>
   <div class='ocr_carea' id='block_1_64' title="bbox 1209 4584 1575 4657">
    <p class='ocr_par' dir='ltr' id='par_1_64' title="bbox 1209 4584 1575 4657">
     <span class='ocr_line' id='line_1_64' title="bbox 1209 4584 1575 4657; baseline 0.003 -19"><span class='ocrx_word' id='word_1_427' title='bbox 1209 4584 1389 4654; x_wconf 84' lang='lat' dir='ltr'><strong><em>(Anno</em></strong></span> <span class='ocrx_word' id='word_1_428' title='bbox 1426 4584 1575 4657; x_wconf 84' lang='lat' dir='ltr'><strong><em>s77.)</em></strong></span> 
     </span>
    </p>
   </div>
   <div class='ocr_carea' id='block_1_65' title="bbox 597 4671 2185 4746">
    <p class='ocr_par' dir='ltr' id='par_1_65' title="bbox 597 4671 2185 4746">
     <span class='ocr_line' id='line_1_65' title="bbox 597 4671 2185 4746; baseline 0.004 -20"><span class='ocrx_word' id='word_1_429' title='bbox 597 4671 840 4728; x_wconf 84' lang='lat' dir='ltr'><strong><em>Nuntiat</em></strong></span> <span class='ocrx_word' id='word_1_430' title='bbox 865 4671 1643 4746; x_wconf 11' lang='lat' dir='ltr'><strong><em>se‘Adelardumgepiscopum</em></strong></span> <span class='ocrx_word' id='word_1_431' title='bbox 1683 4676 2047 4732; x_wconf 80' lang='lat' dir='ltr'><strong><em>Veronensem</em></strong></span> <span class='ocrx_word' id='word_1_432' title='bbox 2079 4694 2185 4734; x_wconf 75' lang='lat' dir='ltr'><strong><em>ea:-</em></strong></span> 
     </span>
    </p>
   </div>
   <div class='ocr_carea' id='block_1_66' title="bbox 664 4741 2185 4814">
    <p class='ocr_par' dir='ltr' id='par_1_66' title="bbox 664 4741 2185 4814">
     <span class='ocr_line' id='line_1_66' title="bbox 664 4741 2185 4814; baseline 0.007 -18"><span class='ocrx_word' id='word_1_433' title='bbox 664 4741 1128 4810; x_wconf 75' lang='lat' dir='ltr'><strong><em>communicasse,</em></strong></span> <span class='ocrx_word' id='word_1_434' title='bbox 1176 4744 1317 4814; x_wconf 83' lang='lat' dir='ltr'><strong><em>quod</em></strong></span> <span class='ocrx_word' id='word_1_435' title='bbox 1351 4741 1852 4802; x_wconf 60' lang='lat' dir='ltr'><strong><em>&#39;Nonimtutanum</em></strong></span> <span class='ocrx_word' id='word_1_436' title='bbox 1900 4753 2185 4806; x_wconf 80' lang='lat' dir='ltr'><strong><em>monaste-</em></strong></span> 
     </span>
    </p>
   </div>
   <div class='ocr_carea' id='block_1_67' title="bbox 665 4814 1167 4868">
    <p class='ocr_par' dir='ltr' id='par_1_67' title="bbox 665 4814 1167 4868">
     <span class='ocr_line' id='line_1_67' title="bbox 665 4814 1167 4868; baseline 0.002 -1"><span class='ocrx_word' id='word_1_437' title='bbox 665 4814 820 4867; x_wconf 85' lang='lat' dir='ltr'><strong><em>rium</em></strong></span> <span class='ocrx_word' id='word_1_438' title='bbox 847 4815 1167 4868; x_wconf 71' lang='lat' dir='ltr'><strong><em>inuasisset.</em></strong></span> 
     </span>
    </p>
   </div>
   <div class='ocr_carea' id='block_1_68' title="bbox 659 4917 1762 4991">
    <p class='ocr_par' dir='ltr' id='par_1_68' title="bbox 659 4917 1762 4991">
     <span class='ocr_line' id='line_1_68' title="bbox 659 4917 1762 4991; baseline 0.006 -21"><span class='ocrx_word' id='word_1_439' title='bbox 659 4917 914 4972; x_wconf 74' lang='lat' dir='ltr'><strong><em>JOANNES</em></strong></span> <span class='ocrx_word' id='word_1_440' title='bbox 944 4918 1232 4989; x_wconf 91' lang='lat' dir='ltr'><strong><em>episcopus</em></strong></span> <span class='ocrx_word' id='word_1_441' title='bbox 1262 4919 1330 4974; x_wconf 90' lang='lat' dir='ltr'><strong><em>ad</em></strong></span> <span class='ocrx_word' id='word_1_442' title='bbox 1357 4919 1762 4991; x_wconf 91' lang='lat' dir='ltr'><strong><em>imperatorem.</em></strong></span> 
     </span>
    </p>
   </div>
   <div class='ocr_carea' id='block_1_69' title="bbox 658 5003 2180 5088">
    <p class='ocr_par' dir='ltr' id='par_1_69' title="bbox 658 5003 2180 5088">
     <span class='ocr_line' id='line_1_69' title="bbox 658 5003 2180 5088; baseline 0.008 -29"><span class='ocrx_word' id='word_1_443' title='bbox 658 5003 839 5061; x_wconf 90' lang='lat' dir='ltr'><strong><em>Sacris</em></strong></span> <span class='ocrx_word' id='word_1_444' title='bbox 870 5014 1063 5062; x_wconf 74' lang='lat' dir='ltr'><strong><em>vestrae</em></strong></span> <span class='ocrx_word' id='word_1_445' title='bbox 1092 5007 1393 5078; x_wconf 90' lang='lat' dir='ltr'><strong><em>imperialis</em></strong></span> <span class='ocrx_word' id='word_1_446' title='bbox 1441 5009 1743 5067; x_wconf 66' lang='lat' dir='ltr'><strong><em>clementiae</em></strong></span> <span class='ocrx_word' id='word_1_447' title='bbox 1773 5013 2018 5081; x_wconf 92' lang='lat' dir='ltr'><strong><em>auribus,</em></strong></span> <span class='ocrx_word' id='word_1_448' title='bbox 2052 5014 2180 5088; x_wconf 86' lang='lat' dir='ltr'><strong><em>glo-</em></strong></span> 
     </span>
    </p>
   </div>
   <div class='ocr_carea' id='block_1_70' title="bbox 588 5091 2182 5170">
    <p class='ocr_par' dir='ltr' id='par_1_70' title="bbox 588 5091 2182 5170">
     <span class='ocr_line' id='line_1_70' title="bbox 588 5091 2182 5170; baseline 0.008 -24"><span class='ocrx_word' id='word_1_449' title='bbox 588 5091 889 5149; x_wconf 90' lang='lat' dir='ltr'><strong><em>riosissime</em></strong></span> <span class='ocrx_word' id='word_1_450' title='bbox 916 5093 1209 5165; x_wconf 89' lang='lat' dir='ltr'><strong><em>imperator</em></strong></span> <span class='ocrx_word' id='word_1_451' title='bbox 1256 5099 1521 5170; x_wconf 86' lang='lat' dir='ltr'><strong><em>Auguste,</em></strong></span> <span class='ocrx_word' id='word_1_452' title='bbox 1554 5100 1804 5157; x_wconf 81' lang='lat' dir='ltr'><strong><em>Adelardi</em></strong></span> <span class='ocrx_word' id='word_1_453' title='bbox 1849 5104 2182 5160; x_wconf 87' lang='lat' dir='ltr'><strong><em>Veronensis</em></strong></span> 
     </span>
    </p>
   </div>
   <div class='ocr_carea' id='block_1_71' title="bbox 588 5181 2179 5263">
    <p class='ocr_par' dir='ltr' id='par_1_71' title="bbox 588 5181 2179 5263">
     <span class='ocr_line' id='line_1_71' title="bbox 588 5181 2179 5263; baseline 0.007 -26"><span class='ocrx_word' id='word_1_454' title='bbox 588 5181 831 5254; x_wconf 88' lang='lat' dir='ltr'><strong><em>episcopi</em></strong></span> <span class='ocrx_word' id='word_1_455' title='bbox 880 5182 1301 5240; x_wconf 88' lang='lat' dir='ltr'><strong><em>inobedientiam</em></strong></span> <span class='ocrx_word' id='word_1_456' title='bbox 1335 5194 1387 5241; x_wconf 90' lang='lat' dir='ltr'><strong><em>et</em></strong></span> <span class='ocrx_word' id='word_1_457' title='bbox 1417 5189 1758 5244; x_wconf 86' lang='lat' dir='ltr'><strong><em>temerariam</em></strong></span> <span class='ocrx_word' id='word_1_458' title='bbox 1796 5192 2179 5263; x_wconf 72' lang='lat' dir='ltr'><strong><em>praesumptio-</em></strong></span> 
     </span>
    </p>
   </div>
   <div class='ocr_carea' id='block_1_72' title="bbox 583 5274 2179 5351">
    <p class='ocr_par' dir='ltr' id='par_1_72' title="bbox 583 5274 2179 5351">
     <span class='ocr_line' id='line_1_72' title="bbox 583 5274 2179 5351; baseline 0.009 -27"><span class='ocrx_word' id='word_1_459' title='bbox 583 5286 727 5340; x_wconf 90' lang='lat' dir='ltr'><strong><em>nem,</em></strong></span> <span class='ocrx_word' id='word_1_460' title='bbox 777 5287 940 5343; x_wconf 89' lang='lat' dir='ltr'><strong><em>quam</em></strong></span> <span class='ocrx_word' id='word_1_461' title='bbox 976 5289 1083 5328; x_wconf 90' lang='lat' dir='ltr'><strong><em>non</em></strong></span> <span class='ocrx_word' id='word_1_462' title='bbox 1127 5274 1303 5329; x_wconf 91' lang='lat' dir='ltr'><strong><em>solum</em></strong></span> <span class='ocrx_word' id='word_1_463' title='bbox 1352 5276 1403 5330; x_wconf 88' lang='lat' dir='ltr'><strong><em>in</em></strong></span> <span class='ocrx_word' id='word_1_464' title='bbox 1451 5285 1639 5333; x_wconf 90' lang='lat' dir='ltr'><strong><em>nostro</em></strong></span> <span class='ocrx_word' id='word_1_465' title='bbox 1694 5288 2024 5351; x_wconf 90' lang='lat' dir='ltr'><strong><em>contemptu,</em></strong></span> <span class='ocrx_word' id='word_1_466' title='bbox 2080 5283 2179 5338; x_wconf 90' lang='lat' dir='ltr'><strong><em>sed</em></strong></span> 
     </span>
    </p>
   </div>
   <div class='ocr_carea' id='block_1_73' title="bbox 581 5359 2178 5441">
    <p class='ocr_par' dir='ltr' id='par_1_73' title="bbox 581 5359 2178 5441">
     <span class='ocr_line' id='line_1_73' title="bbox 581 5359 2178 5441; baseline 0.006 -26"><span class='ocrx_word' id='word_1_467' title='bbox 581 5360 744 5415; x_wconf 90' lang='lat' dir='ltr'><strong><em>etiam</em></strong></span> <span class='ocrx_word' id='word_1_468' title='bbox 769 5359 823 5414; x_wconf 91' lang='lat' dir='ltr'><strong><em>in</em></strong></span> <span class='ocrx_word' id='word_1_469' title='bbox 855 5368 1053 5417; x_wconf 69' lang='lat' dir='ltr'><strong><em>vestra:</em></strong></span> <span class='ocrx_word' id='word_1_470' title='bbox 1098 5362 1433 5419; x_wconf 90' lang='lat' dir='ltr'><strong><em>celsitudinis</em></strong></span> <span class='ocrx_word' id='word_1_471' title='bbox 1479 5367 1693 5440; x_wconf 90' lang='lat' dir='ltr'><strong><em>peregit</em></strong></span> <span class='ocrx_word' id='word_1_472' title='bbox 1736 5368 2007 5438; x_wconf 88' lang='lat' dir='ltr'><strong><em>injuriam,</em></strong></span> <span class='ocrx_word' id='word_1_473' title='bbox 2040 5386 2178 5441; x_wconf 66' lang='lat' dir='ltr'><strong><em>prae-</em></strong></span> 
     </span>
    </p>
   </div>
   <div class='ocr_carea' id='block_1_74' title="bbox 584 5448 2174 5522">
    <p class='ocr_par' dir='ltr' id='par_1_74' title="bbox 584 5448 2174 5522">
     <span class='ocr_line' id='line_1_74' title="bbox 584 5448 2174 5522; baseline 0.008 -20"><span class='ocrx_word' id='word_1_474' title='bbox 584 5448 829 5504; x_wconf 88' lang='lat' dir='ltr'><strong><em>sentibus</em></strong></span> <span class='ocrx_word' id='word_1_475' title='bbox 859 5448 1064 5505; x_wconf 91' lang='lat' dir='ltr'><strong><em>referre</em></strong></span> <span class='ocrx_word' id='word_1_476' title='bbox 1093 5451 1337 5522; x_wconf 90' lang='lat' dir='ltr'><strong><em>apicibus</em></strong></span> <span class='ocrx_word' id='word_1_477' title='bbox 1360 5454 1483 5522; x_wconf 88' lang='lat' dir='ltr'><strong><em>jure</em></strong></span> <span class='ocrx_word' id='word_1_478' title='bbox 1518 5455 1825 5511; x_wconf 87' lang='lat' dir='ltr'><strong><em>curavimus</em></strong></span> <span class='ocrx_word' id='word_1_479' title='bbox 1854 5464 1904 5512; x_wconf 90' lang='lat' dir='ltr'><strong><em>et</em></strong></span> <span class='ocrx_word' id='word_1_480' title='bbox 1932 5457 2126 5514; x_wconf 91' lang='lat' dir='ltr'><strong><em>merito</em></strong></span> <span class='ocrx_word' id='word_1_481' title='bbox 2160 5478 2174 5515; x_wconf 91' lang='lat'><strong>:</strong></span> 
     </span>
    </p>
   </div>
   <div class='ocr_carea' id='block_1_75' title="bbox 649 5567 2172 5640">
    <p class='ocr_par' dir='ltr' id='par_1_75' title="bbox 649 5567 2172 5640">
     <span class='ocr_line' id='line_1_75' title="bbox 649 5567 2172 5640; baseline 0.007 -22"><span class='ocrx_word' id='word_1_482' title='bbox 649 5577 673 5604; x_wconf 76' lang='grc' dir='ltr'>ι</span> <span class='ocrx_word' id='word_1_483' title='bbox 696 5567 773 5619; x_wconf 85' lang='grc' dir='ltr'><strong><em>Αι.</em></strong></span> <span class='ocrx_word' id='word_1_484' title='bbox 798 5567 1075 5634; x_wconf 77' lang='lat' dir='ltr'><strong><em>chelandia,</em></strong></span> <span class='ocrx_word' id='word_1_485' title='bbox 1102 5581 1208 5634; x_wconf 82' lang='lat' dir='ltr'><strong><em>quae</em></strong></span> <span class='ocrx_word' id='word_1_486' title='bbox 1233 5582 1260 5622; x_wconf 87' lang='lat' dir='ltr'><strong><em>e</em></strong></span> <span class='ocrx_word' id='word_1_487' title='bbox 1284 5571 1481 5625; x_wconf 84' lang='lat' dir='ltr'><strong><em>navium</em></strong></span> <span class='ocrx_word' id='word_1_488' title='bbox 1522 5572 1804 5627; x_wconf 86' lang='lat' dir='ltr'><strong><em>militarium</em></strong></span> <span class='ocrx_word' id='word_1_489' title='bbox 1841 5586 2017 5640; x_wconf 74' lang='lat' dir='ltr'><strong><em>genere</em></strong></span> <span class='ocrx_word' id='word_1_490' title='bbox 2040 5579 2172 5629; x_wconf 89' lang='lat' dir='ltr'><strong><em>sunt.</em></strong></span> 
     </span>
    </p>
   </div>
   <div class='ocr_carea' id='block_1_76' title="bbox 2301 1849 3896 1923">
    <p class='ocr_par' dir='ltr' id='par_1_76' title="bbox 2301 1849 3896 1923">
     <span class='ocr_line' id='line_1_76' title="bbox 2301 1849 3896 1923; baseline 0.003 -20"><span class='ocrx_word' id='word_1_491' title='bbox 2301 1849 2596 1920; x_wconf 89' lang='lat' dir='ltr'><strong><em>ptionibus,</em></strong></span> <span class='ocrx_word' id='word_1_492' title='bbox 2626 1858 2785 1922; x_wconf 89' lang='lat' dir='ltr'><strong><em>prout</em></strong></span> <span class='ocrx_word' id='word_1_493' title='bbox 2825 1852 2983 1906; x_wconf 91' lang='lat' dir='ltr'><strong><em>nobis</em></strong></span> <span class='ocrx_word' id='word_1_494' title='bbox 3030 1851 3323 1907; x_wconf 89' lang='lat' dir='ltr'><strong><em>auctoritas</em></strong></span> <span class='ocrx_word' id='word_1_495' title='bbox 3364 1851 3662 1923; x_wconf 91' lang='lat' dir='ltr'><strong><em>apostolica</em></strong></span> <span class='ocrx_word' id='word_1_496' title='bbox 3689 1850 3896 1907; x_wconf 70' lang='lat' dir='ltr'><strong><em>suifra-</em></strong></span> 
     </span>
    </p>
   </div>
   <div class='ocr_carea' id='block_1_77' title="bbox 2301 1938 3897 2011">
    <p class='ocr_par' dir='ltr' id='par_1_77' title="bbox 2301 1938 3897 2011">
     <span class='ocr_line' id='line_1_77' title="bbox 2301 1938 3897 2011; baseline 0.004 -21"><span class='ocrx_word' id='word_1_497' title='bbox 2301 1945 2478 2008; x_wconf 86' lang='lat' dir='ltr'><strong><em>gatur,</em></strong></span> <span class='ocrx_word' id='word_1_498' title='bbox 2510 1938 2696 2009; x_wconf 92' lang='lat' dir='ltr'><strong><em>procul</em></strong></span> <span class='ocrx_word' id='word_1_499' title='bbox 2724 1938 2890 1995; x_wconf 91' lang='lat' dir='ltr'><strong><em>dubio</em></strong></span> <span class='ocrx_word' id='word_1_500' title='bbox 2920 1955 3233 2011; x_wconf 87' lang='lat' dir='ltr'><strong><em>arguemus,</em></strong></span> <span class='ocrx_word' id='word_1_501' title='bbox 3266 1947 3325 1995; x_wconf 91' lang='lat' dir='ltr'><strong><em>ut</em></strong></span> <span class='ocrx_word' id='word_1_502' title='bbox 3345 1940 3510 2011; x_wconf 88' lang='lat' dir='ltr'><strong><em>digno</em></strong></span> <span class='ocrx_word' id='word_1_503' title='bbox 3539 1940 3765 1996; x_wconf 87' lang='lat' dir='ltr'><strong><em>verbere</em></strong></span> <span class='ocrx_word' id='word_1_504' title='bbox 3794 1954 3897 1996; x_wconf 86' lang='lat' dir='ltr'><strong><em>ca-</em></strong></span> 
     </span>
    </p>
   </div>
   <div class='ocr_carea' id='block_1_78' title="bbox 2302 2024 3898 2100">
    <p class='ocr_par' dir='ltr' id='par_1_78' title="bbox 2302 2024 3898 2100">
     <span class='ocr_line' id='line_1_78' title="bbox 2302 2024 3898 2100; baseline 0.003 -21"><span class='ocrx_word' id='word_1_505' title='bbox 2302 2024 2550 2098; x_wconf 87' lang='lat' dir='ltr'><strong><em>stigatus,</em></strong></span> <span class='ocrx_word' id='word_1_506' title='bbox 2611 2034 2664 2082; x_wconf 91' lang='lat' dir='ltr'><strong><em>et</em></strong></span> <span class='ocrx_word' id='word_1_507' title='bbox 2715 2027 2978 2083; x_wconf 91' lang='lat' dir='ltr'><strong><em>canonico</em></strong></span> <span class='ocrx_word' id='word_1_508' title='bbox 3052 2044 3196 2083; x_wconf 90' lang='lat' dir='ltr'><strong><em>nexu</em></strong></span> <span class='ocrx_word' id='word_1_509' title='bbox 3251 2027 3470 2100; x_wconf 88' lang='lat' dir='ltr'><strong><em>ligatus,</em></strong></span> <span class='ocrx_word' id='word_1_510' title='bbox 3530 2027 3898 2084; x_wconf 90' lang='lat' dir='ltr'><strong><em>obedientiam</em></strong></span> 
     </span>
    </p>
   </div>
   <div class='ocr_carea' id='block_1_79' title="bbox 2300 2113 3896 2188">
    <p class='ocr_par' dir='ltr' id='par_1_79' title="bbox 2300 2113 3896 2188">
     <span class='ocr_line' id='line_1_79' title="bbox 2300 2113 3896 2188; baseline 0.003 -20"><span class='ocrx_word' id='word_1_511' title='bbox 2300 2113 2470 2169; x_wconf 90' lang='lat' dir='ltr'><strong><em>discat</em></strong></span> <span class='ocrx_word' id='word_1_512' title='bbox 2499 2129 2740 2181; x_wconf 89' lang='lat' dir='ltr'><strong><em>servare,</em></strong></span> <span class='ocrx_word' id='word_1_513' title='bbox 2775 2115 2869 2186; x_wconf 93' lang='lat' dir='ltr'><strong><em>qui</em></strong></span> <span class='ocrx_word' id='word_1_514' title='bbox 2897 2115 3176 2171; x_wconf 91' lang='lat' dir='ltr'><strong><em>absolutus</em></strong></span> <span class='ocrx_word' id='word_1_515' title='bbox 3205 2115 3589 2172; x_wconf 89' lang='lat' dir='ltr'><strong><em>ecclesiasticis</em></strong></span> <span class='ocrx_word' id='word_1_516' title='bbox 3607 2123 3775 2188; x_wconf 86' lang='lat' dir='ltr'><strong><em>atque</em></strong></span> <span class='ocrx_word' id='word_1_517' title='bbox 3802 2131 3896 2173; x_wconf 82' lang='lat' dir='ltr'><strong><em>ca-</em></strong></span> 
     </span>
    </p>
   </div>
   <div class='ocr_carea' id='block_1_80' title="bbox 2300 2201 3782 2277">
    <p class='ocr_par' dir='ltr' id='par_1_80' title="bbox 2300 2201 3782 2277">
     <span class='ocr_line' id='line_1_80' title="bbox 2300 2201 3782 2277; baseline 0.003 -22"><span class='ocrx_word' id='word_1_518' title='bbox 2300 2201 2511 2257; x_wconf 89' lang='lat' dir='ltr'><strong><em>nonicis</em></strong></span> <span class='ocrx_word' id='word_1_519' title='bbox 2539 2202 2711 2258; x_wconf 89' lang='lat' dir='ltr'><strong><em>noluit</em></strong></span> <span class='ocrx_word' id='word_1_520' title='bbox 2739 2203 2964 2259; x_wconf 90' lang='lat' dir='ltr'><strong><em>obedire</em></strong></span> <span class='ocrx_word' id='word_1_521' title='bbox 2992 2204 3296 2276; x_wconf 68' lang='lat' dir='ltr'><strong><em>praeceptis.</em></strong></span> <span class='ocrx_word' id='word_1_522' title='bbox 3325 2205 3466 2260; x_wconf 88' lang='lat' dir='ltr'><strong><em>Data</em></strong></span> <span class='ocrx_word' id='word_1_523' title='bbox 3494 2208 3561 2261; x_wconf 87' lang='lat' dir='ltr'><strong><em>ut</em></strong></span> <span class='ocrx_word' id='word_1_524' title='bbox 3588 2220 3782 2277; x_wconf 74' lang='lat' dir='ltr'><strong><em>supra.</em></strong></span> 
     </span>
    </p>
   </div>
   <div class='ocr_carea' id='block_1_81' title="bbox 2982 2337 3199 2393">
    <p class='ocr_par' dir='ltr' id='par_1_81' title="bbox 2982 2337 3199 2393">
     <span class='ocr_line' id='line_1_81' title="bbox 2982 2337 3199 2393; baseline 0.005 -1"><span class='ocrx_word' id='word_1_525' title='bbox 2982 2337 3199 2393; x_wconf 85' lang='lat' dir='ltr'><strong>LXXV.</strong></span> 
     </span>
    </p>
   </div>
   <div class='ocr_carea' id='block_1_82' title="bbox 2468 2448 3719 2491">
    <p class='ocr_par' dir='ltr' id='par_1_82' title="bbox 2468 2448 3719 2491">
     <span class='ocr_line' id='line_1_82' title="bbox 2468 2448 3719 2491; baseline 0.002 -3"><span class='ocrx_word' id='word_1_526' title='bbox 2468 2448 2541 2488; x_wconf 77' lang='lat' dir='ltr'><strong><em>AD</em></strong></span> <span class='ocrx_word' id='word_1_527' title='bbox 2587 2448 2848 2491; x_wconf 63' lang='lat' dir='ltr'><strong><em>JOANNEI</em></strong></span> <span class='ocrx_word' id='word_1_528' title='bbox 2886 2448 3220 2490; x_wconf 70' lang='grc' dir='ltr'><strong><em>ΑΝεΡεισι-ωι</em></strong></span> <span class='ocrx_word' id='word_1_529' title='bbox 3262 2450 3333 2490; x_wconf 78' lang='grc' dir='ltr'><strong><em>ΕΤ</em></strong></span> <span class='ocrx_word' id='word_1_530' title='bbox 3379 2448 3719 2491; x_wconf 67' lang='lat' dir='ltr'><strong>WAIPERTUI</strong></span> 
     </span>
    </p>
   </div>
   <div class='ocr_carea' id='block_1_83' title="bbox 2852 2512 3334 2578">
    <p class='ocr_par' dir='ltr' id='par_1_83' title="bbox 2852 2512 3334 2578">
     <span class='ocr_line' id='line_1_83' title="bbox 2852 2512 3334 2578; baseline 0.004 -2"><span class='ocrx_word' id='word_1_531' title='bbox 2852 2512 3334 2578; x_wconf 55' lang='lat' dir='ltr'><strong><em>“cumplacoros.</em></strong></span> 
     </span>
    </p>
   </div>
   <div class='ocr_carea' id='block_1_84' title="bbox 2910 2611 3279 2681">
    <p class='ocr_par' dir='ltr' id='par_1_84' title="bbox 2910 2611 3279 2681">
     <span class='ocr_line' id='line_1_84' title="bbox 2910 2611 3279 2681; baseline 0.003 -16"><span class='ocrx_word' id='word_1_532' title='bbox 2910 2611 3090 2680; x_wconf 80' lang='lat' dir='ltr'><strong><em>(Anno</em></strong></span> <span class='ocrx_word' id='word_1_533' title='bbox 3128 2611 3279 2681; x_wconf 84' lang='lat'><strong>877.)</strong></span> 
     </span>
    </p>
   </div>
   <div class='ocr_carea' id='block_1_85' title="bbox 2771 2698 3406 2770">
    <p class='ocr_par' dir='ltr' id='par_1_85' title="bbox 2771 2698 3406 2770">
     <span class='ocr_line' id='line_1_85' title="bbox 2771 2698 3406 2770; baseline 0.002 -16"><span class='ocrx_word' id='word_1_534' title='bbox 2771 2698 3036 2770; x_wconf 73' lang='lat' dir='ltr'><strong><em>Ejusdem</em></strong></span> <span class='ocrx_word' id='word_1_535' title='bbox 3062 2700 3406 2770; x_wconf 81' lang='lat' dir='ltr'><strong><em>argumenti.</em></strong></span> 
     </span>
    </p>
   </div>
   <div class='ocr_carea' id='block_1_86' title="bbox 2369 2809 3891 2881">
    <p class='ocr_par' dir='ltr' id='par_1_86' title="bbox 2369 2809 3891 2881">
     <span class='ocr_line' id='line_1_86' title="bbox 2369 2809 3891 2881; baseline 0.005 -19"><span class='ocrx_word' id='word_1_536' title='bbox 2369 2809 2624 2863; x_wconf 66' lang='lat' dir='ltr'><strong><em>Joams</em></strong></span> <span class='ocrx_word' id='word_1_537' title='bbox 2662 2809 2953 2881; x_wconf 88' lang='lat' dir='ltr'><strong><em>episcopus</em></strong></span> <span class='ocrx_word' id='word_1_538' title='bbox 2980 2811 3189 2865; x_wconf 75' lang='lat' dir='ltr'><strong>JOANNI</strong></span> <span class='ocrx_word' id='word_1_539' title='bbox 3234 2810 3553 2879; x_wconf 85' lang='lat' dir='ltr'><strong><em>Ravennati,</em></strong></span> <span class='ocrx_word' id='word_1_540' title='bbox 3585 2813 3891 2869; x_wconf 68' lang='lat' dir='ltr'><strong><em>Auspaaro</em></strong></span> 
     </span>
    </p>
   </div>
   <div class='ocr_carea' id='block_1_87' title="bbox 2298 2897 3893 2975">
    <p class='ocr_par' dir='ltr' id='par_1_87' title="bbox 2298 2897 3893 2975">
     <span class='ocr_line' id='line_1_87' title="bbox 2298 2897 3893 2975; baseline 0.004 -25"><span class='ocrx_word' id='word_1_541' title='bbox 2298 2897 2711 2965; x_wconf 85' lang='lat' dir='ltr'><strong><em>Mediolanensi,</em></strong></span> <span class='ocrx_word' id='word_1_542' title='bbox 2731 2906 2783 2952; x_wconf 89' lang='lat' dir='ltr'><strong><em>et</em></strong></span> <span class='ocrx_word' id='word_1_543' title='bbox 2799 2898 3110 2954; x_wconf 73' lang='lat' dir='ltr'><strong><em>Wupaaro</em></strong></span> <span class='ocrx_word' id='word_1_544' title='bbox 3127 2898 3191 2971; x_wconf 68' lang='grc' dir='ltr'><strong><em>[Γ.</em></strong></span> <span class='ocrx_word' id='word_1_545' title='bbox 3216 2898 3533 2973; x_wconf 72' lang='lat' dir='ltr'><strong><em>anaro]</em></strong></span> <span class='ocrx_word' id='word_1_546' title='bbox 3553 2900 3893 2975; x_wconf 79' lang='lat' dir='ltr'><strong><em>Aquileiensi</em></strong></span> 
     </span>
    </p>
   </div>
   <div class='ocr_carea' id='block_1_88' title="bbox 2299 2985 3563 3057">
    <p class='ocr_par' dir='ltr' id='par_1_88' title="bbox 2299 2985 3563 3057">
     <span class='ocr_line' id='line_1_88' title="bbox 2299 2985 3563 3057; baseline 0.005 -18"><span class='ocrx_word' id='word_1_547' title='bbox 2299 2985 2748 3057; x_wconf 87' lang='lat' dir='ltr'><strong><em>archiepiscopis.</em></strong></span> <span class='ocrx_word' id='word_1_548' title='bbox 3560 3008 3563 3015; x_wconf 92' lang='grc'>·</span> 
     </span>
    </p>
   </div>
   <div class='ocr_carea' id='block_1_89' title="bbox 2370 3073 3889 3149">
    <p class='ocr_par' dir='ltr' id='par_1_89' title="bbox 2370 3073 3889 3149">
     <span class='ocr_line' id='line_1_89' title="bbox 2370 3073 3889 3149; baseline 0.003 -20"><span class='ocrx_word' id='word_1_549' title='bbox 2370 3073 2555 3130; x_wconf 88' lang='lat' dir='ltr'><strong><em>Sancti</em></strong></span> <span class='ocrx_word' id='word_1_550' title='bbox 2582 3074 2872 3148; x_wconf 88' lang='lat' dir='ltr'><strong><em>magnique</em></strong></span> <span class='ocrx_word' id='word_1_551' title='bbox 2900 3075 3108 3132; x_wconf 73' lang='lat' dir='ltr'><strong><em>Nicaani</em></strong></span> <span class='ocrx_word' id='word_1_552' title='bbox 3135 3076 3349 3133; x_wconf 87' lang='lat' dir='ltr'><strong><em>concilii</em></strong></span> <span class='ocrx_word' id='word_1_553' title='bbox 3386 3084 3662 3149; x_wconf 65' lang='lat' dir='ltr'><strong><em>precepta</em></strong></span> <span class='ocrx_word' id='word_1_554' title='bbox 3692 3078 3889 3146; x_wconf 87' lang='lat' dir='ltr'><strong><em>secuti,</em></strong></span> 
     </span>
    </p>
   </div>
   <div class='ocr_carea' id='block_1_90' title="bbox 2229 3148 3889 3238">
    <p class='ocr_par' dir='ltr' id='par_1_90' title="bbox 2229 3148 3889 3238">
     <span class='ocr_line' id='line_1_90' title="bbox 2229 3148 3889 3238; baseline 0.007 -27"><span class='ocrx_word' id='word_1_555' title='bbox 2229 3148 2278 3211; x_wconf 90' lang='lat' dir='ltr'><strong><em>C</em></strong></span> <span class='ocrx_word' id='word_1_556' title='bbox 2295 3177 2416 3233; x_wconf 86' lang='lat' dir='ltr'><strong><em>quae</em></strong></span> <span class='ocrx_word' id='word_1_557' title='bbox 2436 3163 2629 3231; x_wconf 90' lang='lat' dir='ltr'><strong><em>jubent</em></strong></span> <span class='ocrx_word' id='word_1_558' title='bbox 2657 3163 2807 3233; x_wconf 81' lang='lat' dir='ltr'><strong><em>(can.</em></strong></span> <span class='ocrx_word' id='word_1_559' title='bbox 2834 3166 2925 3230; x_wconf 77' lang='lat' dir='ltr'><strong><em>t2)</em></strong></span> <span class='ocrx_word' id='word_1_560' title='bbox 2945 3165 3255 3236; x_wconf 89' lang='lat' dir='ltr'><strong><em>regularem</em></strong></span> <span class='ocrx_word' id='word_1_561' title='bbox 3277 3148 3559 3237; x_wconf 85' lang='lat' dir='ltr'><strong><em>epistolam</em></strong></span> <span class='ocrx_word' id='word_1_562' title='bbox 3572 3148 3678 3238; x_wconf 89' lang='lat' dir='ltr'><strong><em>per</em></strong></span> <span class='ocrx_word' id='word_1_563' title='bbox 3696 3182 3889 3223; x_wconf 86' lang='lat' dir='ltr'><strong><em>unam-</em></strong></span> 
     </span>
    </p>
   </div>
   <div class='ocr_carea' id='block_1_91' title="bbox 2297 3252 3891 3330">
    <p class='ocr_par' dir='ltr' id='par_1_91' title="bbox 2297 3252 3891 3330">
     <span class='ocr_line' id='line_1_91' title="bbox 2297 3252 3891 3330; baseline 0.004 -25"><span class='ocrx_word' id='word_1_564' title='bbox 2297 3266 2565 3324; x_wconf 90' lang='lat' dir='ltr'><strong><em>quamque</em></strong></span> <span class='ocrx_word' id='word_1_565' title='bbox 2595 3252 2934 3323; x_wconf 88' lang='lat' dir='ltr'><strong><em>provinciam</em></strong></span> <span class='ocrx_word' id='word_1_566' title='bbox 2981 3253 3227 3324; x_wconf 92' lang='lat' dir='ltr'><strong><em>obtineri,</em></strong></span> <span class='ocrx_word' id='word_1_567' title='bbox 3259 3270 3329 3311; x_wconf 92' lang='lat' dir='ltr'><strong><em>ne</em></strong></span> <span class='ocrx_word' id='word_1_568' title='bbox 3358 3255 3412 3310; x_wconf 91' lang='lat' dir='ltr'><strong><em>hi</em></strong></span> <span class='ocrx_word' id='word_1_569' title='bbox 3441 3254 3532 3330; x_wconf 88' lang='lat' dir='ltr'><strong><em>qui</em></strong></span> <span class='ocrx_word' id='word_1_570' title='bbox 3560 3255 3891 3324; x_wconf 88' lang='lat' dir='ltr'><strong><em>abjiciuntur</em></strong></span> 
     </span>
    </p>
   </div>
   <div class='ocr_carea' id='block_1_92' title="bbox 2296 3339 3891 3413">
    <p class='ocr_par' dir='ltr' id='par_1_92' title="bbox 2296 3339 3891 3413">
     <span class='ocr_line' id='line_1_92' title="bbox 2296 3339 3891 3413; baseline 0.007 -20"><span class='ocrx_word' id='word_1_571' title='bbox 2296 3339 2366 3393; x_wconf 92' lang='lat' dir='ltr'><strong><em>ab</em></strong></span> <span class='ocrx_word' id='word_1_572' title='bbox 2396 3339 2516 3394; x_wconf 91' lang='lat' dir='ltr'><strong><em>aliis</em></strong></span> <span class='ocrx_word' id='word_1_573' title='bbox 2557 3340 2904 3413; x_wconf 89' lang='lat' dir='ltr'><strong><em>recipiantur,</em></strong></span> <span class='ocrx_word' id='word_1_574' title='bbox 2951 3340 3266 3398; x_wconf 89' lang='lat' dir='ltr'><strong><em>fraternitati</em></strong></span> <span class='ocrx_word' id='word_1_575' title='bbox 3310 3351 3503 3399; x_wconf 65' lang='lat' dir='ltr'><strong><em>vestrae</em></strong></span> <span class='ocrx_word' id='word_1_576' title='bbox 3548 3352 3737 3400; x_wconf 91' lang='lat' dir='ltr'><strong><em>notum</em></strong></span> <span class='ocrx_word' id='word_1_577' title='bbox 3765 3361 3891 3405; x_wconf 84' lang='lat' dir='ltr'><strong><em>esse</em></strong></span> 
     </span>
    </p>
   </div>
   <div class='ocr_carea' id='block_1_93' title="bbox 2296 3427 3887 3504">
    <p class='ocr_par' dir='ltr' id='par_1_93' title="bbox 2296 3427 3887 3504">
     <span class='ocr_line' id='line_1_93' title="bbox 2296 3427 3887 3504; baseline 0.006 -22"><span class='ocrx_word' id='word_1_578' title='bbox 2296 3427 2543 3483; x_wconf 89' lang='lat' dir='ltr'><strong><em>volumus</em></strong></span> <span class='ocrx_word' id='word_1_579' title='bbox 2590 3429 2917 3485; x_wconf 82' lang='lat' dir='ltr'><strong><em>Adelardum</em></strong></span> <span class='ocrx_word' id='word_1_580' title='bbox 2948 3431 3319 3487; x_wconf 87' lang='lat' dir='ltr'><strong><em>Veronensem</em></strong></span> <span class='ocrx_word' id='word_1_581' title='bbox 3348 3431 3662 3504; x_wconf 89' lang='lat' dir='ltr'><strong><em>episcopum</em></strong></span> <span class='ocrx_word' id='word_1_582' title='bbox 3693 3441 3887 3493; x_wconf 87' lang='lat' dir='ltr'><strong><em>aucto-</em></strong></span> 
     </span>
    </p>
   </div>
   <div class='ocr_carea' id='block_1_94' title="bbox 2296 3515 3887 3594">
    <p class='ocr_par' dir='ltr' id='par_1_94' title="bbox 2296 3515 3887 3594">
     <span class='ocr_line' id='line_1_94' title="bbox 2296 3515 3887 3594; baseline 0.006 -25"><span class='ocrx_word' id='word_1_583' title='bbox 2296 3515 2454 3572; x_wconf 88' lang='lat' dir='ltr'><strong><em>ritate</em></strong></span> <span class='ocrx_word' id='word_1_584' title='bbox 2484 3516 2632 3572; x_wconf 90' lang='lat' dir='ltr'><strong><em>sedis</em></strong></span> <span class='ocrx_word' id='word_1_585' title='bbox 2663 3518 2976 3591; x_wconf 73' lang='lat' dir='ltr'><strong><em>apostolicae</em></strong></span> <span class='ocrx_word' id='word_1_586' title='bbox 3002 3519 3274 3592; x_wconf 88' lang='lat' dir='ltr'><strong><em>privilegii</em></strong></span> <span class='ocrx_word' id='word_1_587' title='bbox 3300 3521 3677 3578; x_wconf 89' lang='lat' dir='ltr'><strong><em>communione</em></strong></span> <span class='ocrx_word' id='word_1_588' title='bbox 3706 3523 3887 3594; x_wconf 88' lang='lat' dir='ltr'><strong><em>priva-</em></strong></span> 
     </span>
    </p>
   </div>
   <div class='ocr_carea' id='block_1_95' title="bbox 2297 3605 3886 3684">
    <p class='ocr_par' dir='ltr' id='par_1_95' title="bbox 2297 3605 3886 3684">
     <span class='ocr_line' id='line_1_95' title="bbox 2297 3605 3886 3684; baseline 0.006 -25"><span class='ocrx_word' id='word_1_589' title='bbox 2297 3611 2409 3660; x_wconf 89' lang='lat' dir='ltr'><strong><em>tum</em></strong></span> <span class='ocrx_word' id='word_1_590' title='bbox 2442 3623 2454 3661; x_wconf 91' lang='lat'><strong>:</strong></span> <span class='ocrx_word' id='word_1_591' title='bbox 2488 3605 2744 3677; x_wconf 90' lang='lat' dir='ltr'><strong><em>quoniam</em></strong></span> <span class='ocrx_word' id='word_1_592' title='bbox 2784 3608 3094 3665; x_wconf 72' lang='lat' dir='ltr'><strong><em>coenobium</em></strong></span> <span class='ocrx_word' id='word_1_593' title='bbox 3120 3609 3459 3676; x_wconf 74' lang='lat' dir='ltr'><strong><em>Nonantulze,</em></strong></span> <span class='ocrx_word' id='word_1_594' title='bbox 3493 3610 3641 3681; x_wconf 90' lang='lat' dir='ltr'><strong><em>quod</em></strong></span> <span class='ocrx_word' id='word_1_595' title='bbox 3667 3627 3886 3684; x_wconf 87' lang='lat' dir='ltr'><strong><em>semper</em></strong></span> 
     </span>
    </p>
   </div>
   <div class='ocr_carea' id='block_1_96' title="bbox 2296 3694 3883 3771">
    <p class='ocr_par' dir='ltr' id='par_1_96' title="bbox 2296 3694 3883 3771">
     <span class='ocr_line' id='line_1_96' title="bbox 2296 3694 3883 3771; baseline 0.005 -23"><span class='ocrx_word' id='word_1_596' title='bbox 2296 3694 2610 3765; x_wconf 67' lang='lat' dir='ltr'><strong><em>apostolica:</em></strong></span> <span class='ocrx_word' id='word_1_597' title='bbox 2638 3696 2806 3764; x_wconf 89' lang='lat' dir='ltr'><strong><em>sedis,</em></strong></span> <span class='ocrx_word' id='word_1_598' title='bbox 2839 3704 2894 3752; x_wconf 92' lang='lat' dir='ltr'><strong><em>et</em></strong></span> <span class='ocrx_word' id='word_1_599' title='bbox 2920 3705 3123 3753; x_wconf 67' lang='lat' dir='ltr'><strong><em>nostrae</em></strong></span> <span class='ocrx_word' id='word_1_600' title='bbox 3151 3698 3321 3769; x_wconf 89' lang='lat' dir='ltr'><strong><em>ipsius</em></strong></span> <span class='ocrx_word' id='word_1_601' title='bbox 3352 3698 3682 3755; x_wconf 87' lang='lat' dir='ltr'><strong><em>auctoritatis</em></strong></span> <span class='ocrx_word' id='word_1_602' title='bbox 3711 3700 3883 3771; x_wconf 88' lang='lat' dir='ltr'><strong><em>privi-</em></strong></span> 
     </span>
    </p>
   </div>
   <div class='ocr_carea' id='block_1_97' title="bbox 2295 3782 3883 3860">
    <p class='ocr_par' dir='ltr' id='par_1_97' title="bbox 2295 3782 3883 3860">
     <span class='ocr_line' id='line_1_97' title="bbox 2295 3782 3883 3860; baseline 0.006 -23"><span class='ocrx_word' id='word_1_603' title='bbox 2295 3782 2440 3854; x_wconf 89' lang='lat' dir='ltr'><strong><em>legio</em></strong></span> <span class='ocrx_word' id='word_1_604' title='bbox 2468 3784 2733 3840; x_wconf 87' lang='lat' dir='ltr'><strong><em>munitum</em></strong></span> <span class='ocrx_word' id='word_1_605' title='bbox 2753 3785 2952 3840; x_wconf 89' lang='lat' dir='ltr'><strong><em>nullius</em></strong></span> <span class='ocrx_word' id='word_1_606' title='bbox 2980 3786 3277 3842; x_wconf 90' lang='lat' dir='ltr'><strong><em>invasionis</em></strong></span> <span class='ocrx_word' id='word_1_607' title='bbox 3300 3788 3650 3860; x_wconf 89' lang='lat' dir='ltr'><strong><em>usurpatione</em></strong></span> <span class='ocrx_word' id='word_1_608' title='bbox 3679 3789 3883 3852; x_wconf 63' lang='lat' dir='ltr'><strong><em>detine-g</em></strong></span> 
     </span>
    </p>
   </div>
   <div class='ocr_carea' id='block_1_98' title="bbox 2296 3871 3882 3950">
    <p class='ocr_par' dir='ltr' id='par_1_98' title="bbox 2296 3871 3882 3950">
     <span class='ocr_line' id='line_1_98' title="bbox 2296 3871 3882 3950; baseline 0.006 -25"><span class='ocrx_word' id='word_1_609' title='bbox 2296 3871 2472 3939; x_wconf 89' lang='lat' dir='ltr'><strong><em>batur,</em></strong></span> <span class='ocrx_word' id='word_1_610' title='bbox 2497 3872 2593 3928; x_wconf 90' lang='lat' dir='ltr'><strong><em>sed</em></strong></span> <span class='ocrx_word' id='word_1_611' title='bbox 2623 3873 2792 3929; x_wconf 88' lang='lat' dir='ltr'><strong><em>solius</em></strong></span> <span class='ocrx_word' id='word_1_612' title='bbox 2822 3874 3104 3947; x_wconf 84' lang='lat' dir='ltr'><strong><em>hucusque</em></strong></span> <span class='ocrx_word' id='word_1_613' title='bbox 3131 3876 3337 3931; x_wconf 90' lang='lat' dir='ltr'><strong><em>abbatis</em></strong></span> <span class='ocrx_word' id='word_1_614' title='bbox 3366 3892 3396 3931; x_wconf 89' lang='lat' dir='ltr'><strong><em>e</em></strong></span> <span class='ocrx_word' id='word_1_615' title='bbox 3426 3877 3636 3950; x_wconf 89' lang='lat' dir='ltr'><strong><em>gremio</em></strong></span> <span class='ocrx_word' id='word_1_616' title='bbox 3664 3877 3882 3934; x_wconf 88' lang='lat' dir='ltr'><strong><em>fratrum</em></strong></span> 
     </span>
    </p>
   </div>
   <div class='ocr_carea' id='block_1_99' title="bbox 2293 3959 3883 4037">
    <p class='ocr_par' dir='ltr' id='par_1_99' title="bbox 2293 3959 3883 4037">
     <span class='ocr_line' id='line_1_99' title="bbox 2293 3959 3883 4037; baseline 0.007 -23"><span class='ocrx_word' id='word_1_617' title='bbox 2293 3959 2452 4016; x_wconf 90' lang='lat' dir='ltr'><strong><em>electi</em></strong></span> <span class='ocrx_word' id='word_1_618' title='bbox 2480 3968 2640 4034; x_wconf 88' lang='lat' dir='ltr'><strong><em>atque</em></strong></span> <span class='ocrx_word' id='word_1_619' title='bbox 2684 3962 2892 4034; x_wconf 67' lang='lat' dir='ltr'><strong><em>praelati</em></strong></span> <span class='ocrx_word' id='word_1_620' title='bbox 2933 3964 3303 4021; x_wconf 89' lang='lat' dir='ltr'><strong><em>moderamine</em></strong></span> <span class='ocrx_word' id='word_1_621' title='bbox 3344 3966 3656 4037; x_wconf 88' lang='lat' dir='ltr'><strong><em>regebatur,</em></strong></span> <span class='ocrx_word' id='word_1_622' title='bbox 3702 3968 3883 4025; x_wconf 89' lang='lat' dir='ltr'><strong><em>subri-</em></strong></span> 
     </span>
    </p>
   </div>
   <div class='ocr_carea' id='block_1_100' title="bbox 2293 4048 3882 4130">
    <p class='ocr_par' dir='ltr' id='par_1_100' title="bbox 2293 4048 3882 4130">
     <span class='ocr_line' id='line_1_100' title="bbox 2293 4048 3882 4130; baseline 0.008 -28"><span class='ocrx_word' id='word_1_623' title='bbox 2293 4048 2428 4119; x_wconf 90' lang='lat' dir='ltr'><strong><em>puit,</em></strong></span> <span class='ocrx_word' id='word_1_624' title='bbox 2476 4050 2697 4122; x_wconf 90' lang='lat' dir='ltr'><strong><em>suisque</em></strong></span> <span class='ocrx_word' id='word_1_625' title='bbox 2744 4051 2952 4119; x_wconf 90' lang='lat' dir='ltr'><strong><em>usibus,</em></strong></span> <span class='ocrx_word' id='word_1_626' title='bbox 3011 4053 3305 4110; x_wconf 88' lang='lat' dir='ltr'><strong><em>coarctaris</em></strong></span> <span class='ocrx_word' id='word_1_627' title='bbox 3353 4062 3592 4111; x_wconf 86' lang='lat' dir='ltr'><strong><em>extrema</em></strong></span> <span class='ocrx_word' id='word_1_628' title='bbox 3637 4064 3882 4130; x_wconf 87' lang='lat' dir='ltr'><strong><em>egestate</em></strong></span> 
     </span>
    </p>
   </div>
   <div class='ocr_carea' id='block_1_101' title="bbox 2293 4138 3882 4215">
    <p class='ocr_par' dir='ltr' id='par_1_101' title="bbox 2293 4138 3882 4215">
     <span class='ocr_line' id='line_1_101' title="bbox 2293 4138 3882 4215; baseline 0.007 -24"><span class='ocrx_word' id='word_1_629' title='bbox 2293 4138 2593 4206; x_wconf 89' lang='lat' dir='ltr'><strong><em>monachis,</em></strong></span> <span class='ocrx_word' id='word_1_630' title='bbox 2641 4139 2963 4211; x_wconf 88' lang='lat' dir='ltr'><strong><em>applicavit;</em></strong></span> <span class='ocrx_word' id='word_1_631' title='bbox 3014 4148 3069 4196; x_wconf 92' lang='lat' dir='ltr'><strong><em>et</em></strong></span> <span class='ocrx_word' id='word_1_632' title='bbox 3112 4149 3334 4197; x_wconf 89' lang='lat' dir='ltr'><strong><em>eatenus</em></strong></span> <span class='ocrx_word' id='word_1_633' title='bbox 3382 4143 3544 4198; x_wconf 91' lang='lat' dir='ltr'><strong><em>etiam</em></strong></span> <span class='ocrx_word' id='word_1_634' title='bbox 3597 4154 3722 4215; x_wconf 90' lang='lat' dir='ltr'><strong><em>post</em></strong></span> <span class='ocrx_word' id='word_1_635' title='bbox 3769 4145 3882 4202; x_wconf 86' lang='lat' dir='ltr'><strong><em>fre-</em></strong></span> 
     </span>
    </p>
   </div>
   <div class='ocr_carea' id='block_1_102' title="bbox 2294 4227 3881 4302">
    <p class='ocr_par' dir='ltr' id='par_1_102' title="bbox 2294 4227 3881 4302">
     <span class='ocr_line' id='line_1_102' title="bbox 2294 4227 3881 4302; baseline 0.006 -21"><span class='ocrx_word' id='word_1_636' title='bbox 2294 4242 2468 4299; x_wconf 88' lang='lat' dir='ltr'><strong><em>quens</em></strong></span> <span class='ocrx_word' id='word_1_637' title='bbox 2496 4227 2835 4285; x_wconf 89' lang='lat' dir='ltr'><strong><em>interdictum</em></strong></span> <span class='ocrx_word' id='word_1_638' title='bbox 2865 4238 3109 4285; x_wconf 91' lang='lat' dir='ltr'><strong><em>nostrum</em></strong></span> <span class='ocrx_word' id='word_1_639' title='bbox 3136 4231 3466 4302; x_wconf 84' lang='lat' dir='ltr'><strong><em>Opprimere,</em></strong></span> <span class='ocrx_word' id='word_1_640' title='bbox 3510 4234 3881 4290; x_wconf 70' lang='lat' dir='ltr'><strong><em>saecularium-</em></strong></span> 
     </span>
    </p>
   </div>
   <div class='ocr_carea' id='block_1_103' title="bbox 2294 4316 3886 4391">
    <p class='ocr_par' dir='ltr' id='par_1_103' title="bbox 2294 4316 3886 4391">
     <span class='ocr_line' id='line_1_103' title="bbox 2294 4316 3886 4391; baseline 0.007 -22"><span class='ocrx_word' id='word_1_641' title='bbox 2294 4332 2400 4387; x_wconf 81' lang='lat' dir='ltr'><strong><em>que</em></strong></span> <span class='ocrx_word' id='word_1_642' title='bbox 2428 4316 2676 4371; x_wconf 90' lang='lat' dir='ltr'><strong><em>manibus</em></strong></span> <span class='ocrx_word' id='word_1_643' title='bbox 2705 4316 3050 4389; x_wconf 79' lang='lat' dir='ltr'><strong><em>dispertitum</em></strong></span> <span class='ocrx_word' id='word_1_644' title='bbox 3069 4320 3306 4391; x_wconf 91' lang='lat' dir='ltr'><strong><em>prodere</em></strong></span> <span class='ocrx_word' id='word_1_645' title='bbox 3325 4337 3433 4376; x_wconf 91' lang='lat' dir='ltr'><strong><em>non</em></strong></span> <span class='ocrx_word' id='word_1_646' title='bbox 3462 4320 3738 4389; x_wconf 89' lang='lat' dir='ltr'><strong><em>formidat,</em></strong></span> <span class='ocrx_word' id='word_1_647' title='bbox 3762 4338 3886 4380; x_wconf 87' lang='lat' dir='ltr'><strong><em>con-</em></strong></span> 
     </span>
    </p>
   </div>
   <div class='ocr_carea' id='block_1_104' title="bbox 2291 4406 3881 4481">
    <p class='ocr_par' dir='ltr' id='par_1_104' title="bbox 2291 4406 3881 4481">
     <span class='ocr_line' id='line_1_104' title="bbox 2291 4406 3881 4481; baseline 0.007 -24"><span class='ocrx_word' id='word_1_648' title='bbox 2291 4411 2378 4459; x_wconf 90' lang='lat' dir='ltr'><strong><em>tra</em></strong></span> <span class='ocrx_word' id='word_1_649' title='bbox 2406 4413 2717 4461; x_wconf 90' lang='lat' dir='ltr'><strong><em>sanctorum</em></strong></span> <span class='ocrx_word' id='word_1_650' title='bbox 2748 4406 2960 4461; x_wconf 88' lang='lat' dir='ltr'><strong><em>Patrum</em></strong></span> <span class='ocrx_word' id='word_1_651' title='bbox 2989 4408 3230 4481; x_wconf 88' lang='lat' dir='ltr'><strong><em>regulas,</em></strong></span> <span class='ocrx_word' id='word_1_652' title='bbox 3263 4424 3367 4465; x_wconf 92' lang='lat' dir='ltr'><strong><em>nec</em></strong></span> <span class='ocrx_word' id='word_1_653' title='bbox 3403 4424 3513 4465; x_wconf 92' lang='lat' dir='ltr'><strong><em>non</em></strong></span> <span class='ocrx_word' id='word_1_654' title='bbox 3541 4418 3592 4465; x_wconf 91' lang='lat' dir='ltr'><strong><em>et</em></strong></span> <span class='ocrx_word' id='word_1_655' title='bbox 3621 4411 3881 4468; x_wconf 87' lang='lat' dir='ltr'><strong><em>adversus</em></strong></span> 
     </span>
    </p>
   </div>
   <div class='ocr_carea' id='block_1_105' title="bbox 2214 4494 3879 4569">
    <p class='ocr_par' dir='ltr' id='par_1_105' title="bbox 2214 4494 3879 4569">
     <span class='ocr_line' id='line_1_105' title="bbox 2214 4494 3879 4569; baseline 0.006 -23"><span class='ocrx_word' id='word_1_656' title='bbox 2214 4504 2268 4565; x_wconf 83' lang='lat' dir='ltr'><strong>D</strong></span> <span class='ocrx_word' id='word_1_657' title='bbox 2293 4494 2603 4563; x_wconf 62' lang='lat' dir='ltr'><strong><em>apostolica</em></strong></span> <span class='ocrx_word' id='word_1_658' title='bbox 2630 4494 2776 4550; x_wconf 87' lang='lat' dir='ltr'><strong><em>sedis</em></strong></span> <span class='ocrx_word' id='word_1_659' title='bbox 2805 4503 2858 4550; x_wconf 89' lang='lat' dir='ltr'><strong><em>et</em></strong></span> <span class='ocrx_word' id='word_1_660' title='bbox 2886 4496 3049 4551; x_wconf 90' lang='lat' dir='ltr'><strong><em>totius</em></strong></span> <span class='ocrx_word' id='word_1_661' title='bbox 3078 4505 3278 4553; x_wconf 64' lang='lat' dir='ltr'><strong><em>sanctae</em></strong></span> <span class='ocrx_word' id='word_1_662' title='bbox 3302 4498 3500 4569; x_wconf 88' lang='lat' dir='ltr'><strong><em>synodi</em></strong></span> <span class='ocrx_word' id='word_1_663' title='bbox 3534 4500 3879 4568; x_wconf 89' lang='lat' dir='ltr'><strong><em>sententiam,</em></strong></span> 
     </span>
    </p>
   </div>
   <div class='ocr_carea' id='block_1_106' title="bbox 2288 4583 3882 4658">
    <p class='ocr_par' dir='ltr' id='par_1_106' title="bbox 2288 4583 3882 4658">
     <span class='ocr_line' id='line_1_106' title="bbox 2288 4583 3882 4658; baseline 0.006 -22"><span class='ocrx_word' id='word_1_664' title='bbox 2288 4597 2450 4653; x_wconf 91' lang='lat' dir='ltr'><strong><em>quam</em></strong></span> <span class='ocrx_word' id='word_1_665' title='bbox 2489 4583 2673 4638; x_wconf 90' lang='lat' dir='ltr'><strong><em>missis</em></strong></span> <span class='ocrx_word' id='word_1_666' title='bbox 2717 4600 2819 4655; x_wconf 90' lang='lat' dir='ltr'><strong><em>per</em></strong></span> <span class='ocrx_word' id='word_1_667' title='bbox 2849 4585 3095 4658; x_wconf 90' lang='lat' dir='ltr'><strong><em>singulas</em></strong></span> <span class='ocrx_word' id='word_1_668' title='bbox 3144 4587 3448 4657; x_wconf 89' lang='lat' dir='ltr'><strong><em>provincias</em></strong></span> <span class='ocrx_word' id='word_1_669' title='bbox 3474 4587 3670 4644; x_wconf 89' lang='lat' dir='ltr'><strong><em>litteris</em></strong></span> <span class='ocrx_word' id='word_1_670' title='bbox 3698 4597 3882 4645; x_wconf 85' lang='lat' dir='ltr'><strong><em>notam</em></strong></span> 
     </span>
    </p>
   </div>
   <div class='ocr_carea' id='block_1_107' title="bbox 2285 4670 3880 4748">
    <p class='ocr_par' dir='ltr' id='par_1_107' title="bbox 2285 4670 3880 4748">
     <span class='ocr_line' id='line_1_107' title="bbox 2285 4670 3880 4748; baseline 0.006 -24"><span class='ocrx_word' id='word_1_671' title='bbox 2285 4670 2442 4725; x_wconf 91' lang='lat' dir='ltr'><strong><em>vobis</em></strong></span> <span class='ocrx_word' id='word_1_672' title='bbox 2485 4672 2736 4727; x_wconf 92' lang='lat' dir='ltr'><strong><em>omnibus</em></strong></span> <span class='ocrx_word' id='word_1_673' title='bbox 2784 4672 3031 4741; x_wconf 90' lang='lat' dir='ltr'><strong><em>fecimus,</em></strong></span> <span class='ocrx_word' id='word_1_674' title='bbox 3064 4674 3121 4729; x_wconf 90' lang='lat' dir='ltr'><strong><em>in</em></strong></span> <span class='ocrx_word' id='word_1_675' title='bbox 3148 4677 3584 4732; x_wconf 90' lang='lat' dir='ltr'><strong><em>communionem</em></strong></span> <span class='ocrx_word' id='word_1_676' title='bbox 3624 4685 3752 4748; x_wconf 85' lang='lat' dir='ltr'><strong><em>post</em></strong></span> <span class='ocrx_word' id='word_1_677' title='bbox 3779 4693 3880 4735; x_wconf 89' lang='lat' dir='ltr'><strong><em>no-</em></strong></span> 
     </span>
    </p>
   </div>
   <div class='ocr_carea' id='block_1_108' title="bbox 2284 4763 3882 4836">
    <p class='ocr_par' dir='ltr' id='par_1_108' title="bbox 2284 4763 3882 4836">
     <span class='ocr_line' id='line_1_108' title="bbox 2284 4763 3882 4836; baseline 0.007 -25"><span class='ocrx_word' id='word_1_678' title='bbox 2284 4765 2452 4813; x_wconf 88' lang='lat' dir='ltr'><strong><em>stram</em></strong></span> <span class='ocrx_word' id='word_1_679' title='bbox 2482 4775 2696 4832; x_wconf 90' lang='lat' dir='ltr'><strong><em>quoque</em></strong></span> <span class='ocrx_word' id='word_1_680' title='bbox 2744 4763 3165 4832; x_wconf 90' lang='lat' dir='ltr'><strong><em>prohibitionem</em></strong></span> <span class='ocrx_word' id='word_1_681' title='bbox 3193 4780 3292 4836; x_wconf 93' lang='lat' dir='ltr'><strong><em>per</em></strong></span> <span class='ocrx_word' id='word_1_682' title='bbox 3331 4766 3532 4821; x_wconf 90' lang='lat' dir='ltr'><strong><em>missos</em></strong></span> <span class='ocrx_word' id='word_1_683' title='bbox 3559 4775 3797 4835; x_wconf 89' lang='lat' dir='ltr'><strong><em>nostros,</em></strong></span> <span class='ocrx_word' id='word_1_684' title='bbox 3829 4776 3882 4824; x_wconf 89' lang='lat' dir='ltr'><strong><em>et</em></strong></span> 
     </span>
    </p>
   </div>
   <div class='ocr_carea' id='block_1_109' title="bbox 2283 4846 3881 4927">
    <p class='ocr_par' dir='ltr' id='par_1_109' title="bbox 2283 4846 3881 4927">
     <span class='ocr_line' id='line_1_109' title="bbox 2283 4846 3881 4927; baseline 0.008 -27"><span class='ocrx_word' id='word_1_685' title='bbox 2283 4846 2465 4917; x_wconf 91' lang='lat' dir='ltr'><strong><em>apices</em></strong></span> <span class='ocrx_word' id='word_1_686' title='bbox 2514 4849 2813 4918; x_wconf 61' lang='lat' dir='ltr'><strong><em>sapissime</em></strong></span> <span class='ocrx_word' id='word_1_687' title='bbox 2861 4852 3206 4923; x_wconf 89' lang='lat' dir='ltr'><strong><em>destinatam,</em></strong></span> <span class='ocrx_word' id='word_1_688' title='bbox 3252 4856 3457 4925; x_wconf 88' lang='lat' dir='ltr'><strong><em>passim</em></strong></span> <span class='ocrx_word' id='word_1_689' title='bbox 3499 4855 3709 4927; x_wconf 86' lang='lat' dir='ltr'><strong><em>recipit,</em></strong></span> <span class='ocrx_word' id='word_1_690' title='bbox 3750 4864 3803 4912; x_wconf 90' lang='lat' dir='ltr'><strong><em>et</em></strong></span> <span class='ocrx_word' id='word_1_691' title='bbox 3828 4857 3881 4912; x_wconf 90' lang='lat' dir='ltr'><strong><em>in</em></strong></span> 
     </span>
    </p>
   </div>
   <div class='ocr_carea' id='block_1_110' title="bbox 2282 4936 3877 5017">
    <p class='ocr_par' dir='ltr' id='par_1_110' title="bbox 2282 4936 3877 5017">
     <span class='ocr_line' id='line_1_110' title="bbox 2282 4936 3877 5017; baseline 0.006 -26"><span class='ocrx_word' id='word_1_692' title='bbox 2282 4936 2493 4991; x_wconf 88' lang='lat' dir='ltr'><strong><em>cunctis</em></strong></span> <span class='ocrx_word' id='word_1_693' title='bbox 2524 4938 2874 5007; x_wconf 87' lang='lat' dir='ltr'><strong><em>pravitatibus</em></strong></span> <span class='ocrx_word' id='word_1_694' title='bbox 2905 4941 3021 5010; x_wconf 90' lang='lat' dir='ltr'><strong><em>ejus</em></strong></span> <span class='ocrx_word' id='word_1_695' title='bbox 3051 4942 3306 4998; x_wconf 84' lang='lat' dir='ltr'><strong><em>conscius</em></strong></span> <span class='ocrx_word' id='word_1_696' title='bbox 3327 4952 3381 4999; x_wconf 90' lang='lat' dir='ltr'><strong><em>et</em></strong></span> <span class='ocrx_word' id='word_1_697' title='bbox 3410 4942 3590 4999; x_wconf 88' lang='lat' dir='ltr'><strong><em>fautor</em></strong></span> <span class='ocrx_word' id='word_1_698' title='bbox 3611 4946 3877 5017; x_wconf 86' lang='lat' dir='ltr'><strong><em>apparuit.</em></strong></span> 
     </span>
    </p>
   </div>
   <div class='ocr_carea' id='block_1_111' title="bbox 2280 5024 3881 5103">
    <p class='ocr_par' dir='ltr' id='par_1_111' title="bbox 2280 5024 3881 5103">
     <span class='ocr_line' id='line_1_111' title="bbox 2280 5024 3881 5103; baseline 0.009 -25"><span class='ocrx_word' id='word_1_699' title='bbox 2280 5024 2886 5084; x_wconf 86' lang='lat' dir='ltr'><strong><em>Excommunicavimus</em></strong></span> <span class='ocrx_word' id='word_1_700' title='bbox 2942 5030 3107 5103; x_wconf 87' lang='lat' dir='ltr'><strong><em>igitur</em></strong></span> <span class='ocrx_word' id='word_1_701' title='bbox 3164 5032 3486 5102; x_wconf 64' lang='lat' dir='ltr'><strong><em>pradictum</em></strong></span> <span class='ocrx_word' id='word_1_702' title='bbox 3543 5034 3881 5091; x_wconf 81' lang='lat' dir='ltr'><strong><em>Adelardum</em></strong></span> 
     </span>
    </p>
   </div>
   <div class='ocr_carea' id='block_1_112' title="bbox 2281 5113 3883 5193">
    <p class='ocr_par' dir='ltr' id='par_1_112' title="bbox 2281 5113 3883 5193">
     <span class='ocr_line' id='line_1_112' title="bbox 2281 5113 3883 5193; baseline 0.007 -26"><span class='ocrx_word' id='word_1_703' title='bbox 2281 5113 2652 5170; x_wconf 84' lang='lat' dir='ltr'><strong><em>Veronensem</em></strong></span> <span class='ocrx_word' id='word_1_704' title='bbox 2682 5118 3018 5189; x_wconf 88' lang='lat' dir='ltr'><strong><em>episcopum,</em></strong></span> <span class='ocrx_word' id='word_1_705' title='bbox 3052 5120 3229 5176; x_wconf 90' lang='lat' dir='ltr'><strong><em>donec</em></strong></span> <span class='ocrx_word' id='word_1_706' title='bbox 3259 5120 3314 5175; x_wconf 87' lang='lat' dir='ltr'><strong><em>in</em></strong></span> <span class='ocrx_word' id='word_1_707' title='bbox 3343 5123 3693 5193; x_wconf 73' lang='lat' dir='ltr'><strong><em>praesentiam</em></strong></span> <span class='ocrx_word' id='word_1_708' title='bbox 3736 5124 3883 5180; x_wconf 90' lang='lat' dir='ltr'><strong><em>sedis</em></strong></span> 
     </span>
    </p>
   </div>
   <div class='ocr_carea' id='block_1_113' title="bbox 2279 5203 3882 5286">
    <p class='ocr_par' dir='ltr' id='par_1_113' title="bbox 2279 5203 3882 5286">
     <span class='ocr_line' id='line_1_113' title="bbox 2279 5203 3882 5286; baseline 0.008 -31"><span class='ocrx_word' id='word_1_709' title='bbox 2279 5203 2591 5272; x_wconf 58' lang='lat' dir='ltr'><strong><em>apostolicae</em></strong></span> <span class='ocrx_word' id='word_1_710' title='bbox 2625 5205 2869 5275; x_wconf 88' lang='lat' dir='ltr'><strong><em>veniens,</em></strong></span> <span class='ocrx_word' id='word_1_711' title='bbox 2889 5208 2957 5263; x_wconf 91' lang='lat' dir='ltr'><strong><em>de</em></strong></span> <span class='ocrx_word' id='word_1_712' title='bbox 2978 5209 3366 5279; x_wconf 68' lang='lat' dir='ltr'><strong><em>praedictorum</em></strong></span> <span class='ocrx_word' id='word_1_713' title='bbox 3395 5226 3717 5266; x_wconf 90' lang='lat' dir='ltr'><strong><em>excessuum</em></strong></span> <span class='ocrx_word' id='word_1_714' title='bbox 3747 5229 3882 5286; x_wconf 88' lang='lat' dir='ltr'><strong><em>qua-</em></strong></span> 
     </span>
    </p>
   </div>
   <div class='ocr_carea' id='block_1_114' title="bbox 2278 5289 3879 5371">
    <p class='ocr_par' dir='ltr' id='par_1_114' title="bbox 2278 5289 3879 5371">
     <span class='ocr_line' id='line_1_114' title="bbox 2278 5289 3879 5371; baseline 0.009 -28"><span class='ocrx_word' id='word_1_715' title='bbox 2278 5289 2430 5346; x_wconf 88' lang='lat' dir='ltr'><strong><em>litate</em></strong></span> <span class='ocrx_word' id='word_1_716' title='bbox 2474 5292 2729 5348; x_wconf 90' lang='lat' dir='ltr'><strong><em>idoneam</em></strong></span> <span class='ocrx_word' id='word_1_717' title='bbox 2774 5295 3199 5353; x_wconf 83' lang='lat' dir='ltr'><strong><em>satisfactionem</em></strong></span> <span class='ocrx_word' id='word_1_718' title='bbox 3243 5314 3431 5354; x_wconf 91' lang='lat' dir='ltr'><strong><em>coram</em></strong></span> <span class='ocrx_word' id='word_1_719' title='bbox 3478 5300 3692 5371; x_wconf 89' lang='lat' dir='ltr'><strong><em>positus</em></strong></span> <span class='ocrx_word' id='word_1_720' title='bbox 3721 5302 3879 5357; x_wconf 85' lang='lat' dir='ltr'><strong><em>exhi-</em></strong></span> 
     </span>
    </p>
   </div>
   <div class='ocr_carea' id='block_1_115' title="bbox 2277 5378 3880 5460">
    <p class='ocr_par' dir='ltr' id='par_1_115' title="bbox 2277 5378 3880 5460">
     <span class='ocr_line' id='line_1_115' title="bbox 2277 5378 3880 5460; baseline 0.008 -28"><span class='ocrx_word' id='word_1_721' title='bbox 2277 5378 2485 5447; x_wconf 89' lang='lat' dir='ltr'><strong><em>buerit;</em></strong></span> <span class='ocrx_word' id='word_1_722' title='bbox 2519 5398 2642 5453; x_wconf 60' lang='lat' dir='ltr'><strong><em>quae</em></strong></span> <span class='ocrx_word' id='word_1_723' title='bbox 2691 5386 3082 5457; x_wconf 86' lang='lat' dir='ltr'><strong><em>contempserit</em></strong></span> <span class='ocrx_word' id='word_1_724' title='bbox 3131 5387 3370 5443; x_wconf 87' lang='lat' dir='ltr'><strong><em>existens</em></strong></span> <span class='ocrx_word' id='word_1_725' title='bbox 3416 5388 3650 5460; x_wconf 87' lang='lat' dir='ltr'><strong><em>interim,</em></strong></span> <span class='ocrx_word' id='word_1_726' title='bbox 3684 5390 3880 5447; x_wconf 86' lang='lat' dir='ltr'><strong><em>existet</em></strong></span> 
     </span>
    </p>
   </div>
   <div class='ocr_carea' id='block_1_116' title="bbox 2273 5471 3877 5553">
    <p class='ocr_par' dir='ltr' id='par_1_116' title="bbox 2273 5471 3877 5553">
     <span class='ocr_line' id='line_1_116' title="bbox 2273 5471 3877 5553; baseline 0.009 -31"><span class='ocrx_word' id='word_1_727' title='bbox 2273 5484 2374 5539; x_wconf 90' lang='lat' dir='ltr'><strong><em>per</em></strong></span> <span class='ocrx_word' id='word_1_728' title='bbox 2402 5471 2585 5526; x_wconf 91' lang='lat' dir='ltr'><strong><em>omnia</em></strong></span> <span class='ocrx_word' id='word_1_729' title='bbox 2633 5474 3016 5531; x_wconf 90' lang='lat' dir='ltr'><strong><em>communione</em></strong></span> <span class='ocrx_word' id='word_1_730' title='bbox 3041 5476 3163 5545; x_wconf 88' lang='lat' dir='ltr'><strong><em>jure</em></strong></span> <span class='ocrx_word' id='word_1_731' title='bbox 3192 5477 3456 5548; x_wconf 89' lang='lat' dir='ltr'><strong><em>privatus,</em></strong></span> <span class='ocrx_word' id='word_1_732' title='bbox 3492 5478 3612 5553; x_wconf 90' lang='lat' dir='ltr'><strong><em>pari</em></strong></span> <span class='ocrx_word' id='word_1_733' title='bbox 3657 5479 3877 5537; x_wconf 91' lang='lat' dir='ltr'><strong><em>vinculo</em></strong></span> 
     </span>
    </p>
   </div>
   <div class='ocr_carea' id='block_1_117' title="bbox 2368 5558 2764 5654">
    <p class='ocr_par' dir='ltr' id='par_1_117' title="bbox 2368 5558 2764 5654">
     <span class='ocr_line' id='line_1_117' title="bbox 2368 5558 2764 5654; baseline 0.003 -14"><span class='ocrx_word' id='word_1_734' title='bbox 2368 5558 2538 5641; x_wconf 64' lang='lat' dir='ltr'><strong><em>Deest</em></strong></span> <span class='ocrx_word' id='word_1_735' title='bbox 2564 5588 2764 5654; x_wconf 85' lang='lat' dir='ltr'><strong><em>aliquid.</em></strong></span> 
     </span>
    </p>
   </div>
  </div>
