4160 6318
374 324 479 380 729

1539 321 1894 379 ΕΡῙδΤΟῘΛΕ
1938 322 2029 377 ET
2082 322 2429 379 DECRETA.

3560 327 3667 381 730

379 445 628 501 irretiens
652 461 844 500 omnes
874 445 966 517 qui
987 445 1644 512 sibicommunicaverint,
1667 446 1754 502 vel
1782 454 1973 502 contra
2000 450 2056 509 A
2078 446 2224 503 enim
2253 464 2440 502 sumus
2487 463 2596 504 non
2641 449 2816 504 solum
2846 467 2966 523 quae
2993 451 3135 507 dicta
3164 459 3308 516 sunt,
3343 451 3442 506 sed
3471 458 3524 506 et
3551 465 3671 506 ma-

379 534 727 589 interdiotum
757 542 1002 588 nostrum
1031 551 1164 589 ausu
1193 537 1475 591 temerario
1514 535 1744 589 faverint
1777 552 1790 588 :
1824 535 1968 589 unde

381 637 481 677 vos
511 629 701 678 cautos
723 623 953 678 reddere
974 623 1239 693 volumus,
1260 625 1306 678 si
1334 639 1443 678 non
1471 623 1631 679 vultis
1660 622 1764 694 ipsi
1794 623 1970 677 eidem

380 711 678 766 secundum
708 712 930 783 regulas
956 727 1138 767 sacras
1161 712 1443 781 subjacere
1458 711 1683 780 judicio.
1709 710 1970 782 Optamus

378 797 788 869 fraternitatem,
822 807 926 866 etc,

1040 905 1306 970 LXXYI..

791 1007 865 1048 AD
903 1008 1119 1048 CLERUM
1158 1008 1553 1048 VERONENSEM.

983 1083 1163 1152 (Anno
1211 1083 1364 1152 877.)

848 1169 1114 1240 Ejusdem
1142 1171 1486 1241 argumenti.

446 1256 700 1312 Joams
730 1257 1018 1328 episcopus
1049 1257 1305 1313 universo
1336 1257 1485 1314 clero
1513 1257 1774 1312 Ecclesiae
1803 1255 1976 1310 Vero-

376 1345 584 1401 nensis.

447 1433 811 1504 Experientiae
858 1441 1054 1488 vestrm
1101 1440 1288 1488 notum
1337 1449 1460 1488 esse
1507 1431 1776 1500 volumus,
1827 1431 1978 1486 Ade-

377 1521 590 1576 lardum
635 1521 951 1592 episcopum
999 1529 1241 1577 vestrum
1288 1521 1600 1576 auctoritate
1648 1520 1793 1575 sedis
1840 1535 1979 1590 apo-

381 1609 586 1665 stolicae
660 1609 1041 1666 communione
1115 1608 1398 1679 privatum,
1477 1608 1734 1680 quoniam
1788 1623 1980 1662 cumo-

379 1698 529 1752 bium
575 1697 922 1765 Nonantulae,
975 1697 1119 1768 quod
1163 1713 1380 1768 semper
1409 1696 1722 1766 apostolica
1752 1695 1899 1749 sedis
1929 1703 1983 1750 et

2067 537 2186 604 jora
2220 537 2539 600 concedere,
2573 545 2774 592 tantum
2805 547 2863 592 ut
2891 540 3132 608 ejusdem
3162 540 3413 613 magistri
3444 539 3675 593 militum

2074 640 2255 679 sermo
2284 625 2360 678 ita
2404 625 2470 679 sit
2514 625 2690 680 fidelis
2735 635 2786 680 et
2815 627 3041 695 stabilis,
3076 636 3127 682 et
3159 629 3305 682 omni
3349 627 3674 683 certitudine

2073 713 2445 782 praemunitus,
2471 721 2526 766 ut
2554 714 2817 768 securitas
2846 731 2911 769 ex
2943 723 3167 788 utraque
3198 724 3351 786 parte
3383 714 3541 770 ﬁrma
3561 730 3678 770 ma-

2075 808 2218 868 neat,
2272 808 2324 854 et
2367 800 2483 855 sine
2528 801 2862 858 dubitatione
2903 812 3052 858 certa
3098 804 3364 874 persistat.
3419 802 3576 871 Quod
3627 803 3674 858 si

2074 905 2195 958 quae
2223 889 2606 958 repromittunt
2625 898 2717 943 aut
2738 891 3038 961 adimplere
3059 891 3204 946 nolle
3233 899 3324 944 aut
3342 891 3674 962 prolongare

2077 975 2216 1030 velle
2247 975 2369 1032 illos
2399 978 2742 1048 cognoveris,
2778 994 2887 1034 non
2918 979 3012 1032 tibi
3040 979 3106 1034 sit
3132 978 3348 1034 licentia
3387 979 3490 1034 hoc
3519 994 3550 1031 a
3577 993 3675 1032 no-

2077 1071 2183 1118 stra
2205 1064 2426 1119 scientia
2457 1066 2781 1132 occultandi,
2819 1068 2917 1122 sed
2949 1067 3213 1138 quidquid
3258 1066 3528 1122 veraciter
3559 1065 3676 1120 sine

2077 1151 2204 1206 dolo
2231 1169 2332 1222 per
2379 1153 2555 1208 omnia
2607 1154 2900 1210 indicandi.
2933 1156 3014 1210 De
3046 1156 3130 1209 his
3173 1171 3308 1227 ergo
3357 1155 3512 1209 stude
3539 1170 3679 1225 pras-

2079 1239 2375 1294 sentialiter
2422 1257 2522 1295 nos
2571 1241 2802 1312 pleniter
2837 1259 2899 1298 ac
2951 1243 3210 1298 citissime
3239 1242 3430 1296 litteris
3463 1242 3568 1296 tuis
3595 1241 3678 1294 in-

2079 1334 2307 1394 struere,
2333 1335 2390 1382 ut
2411 1329 2557 1400 quod
2578 1329 2835 1400 deinceps
2856 1332 3002 1386 Deus
3024 1330 3327 1398 dictaverit,
3353 1344 3476 1385 cum
3504 1328 3677 1399 ipsius

2079 1415 2276 1469 auxilio
2308 1416 2424 1470 sine
2465 1433 2615 1472 mora
2641 1417 2880 1488 incipere
2911 1427 2964 1472 et
2993 1417 3256 1490 perﬁcere
3296 1432 3674 1489 procuremus.

2080 1504 2159 1557 De
2185 1503 2379 1574 quibus
2426 1505 2543 1576 ipse
2589 1522 2704 1576 prae
2750 1506 2960 1561 caeteris
3013 1521 3199 1562 curam
3242 1505 3436 1576 arripe,
3469 1504 3560 1576 qui
3590 1504 3674 1559 ni-

2081 1590 2273 1646 mirum
2305 1593 2527 1662 speciali
2555 1594 2914 1666 prazrogativa
2942 1603 3250 1650 nostrorum
3271 1594 3543 1649 viscerum
3563 1607 3676 1664 pra;

2082 1679 2291 1734 caeteris
2330 1680 2530 1736 foveris
2559 1681 2615 1735 in
2644 1690 2820 1738 antro.
2855 1684 2994 1738 Data
3024 1699 3080 1738 iv
3112 1683 3389 1738 Kalendas
3418 1681 3561 1748 Maii,
3591 1680 3678 1734 in-

377 1794 576 1840 nostrae
618 1785 789 1856 ipsius
831 1767 1163 1840 auctoritatis
1210 1767 1497 1856 privilegio
1545 1783 1805 1838 munitum
1845 1783 1965 1836 nul-
1994 1799 2048 1858 Β
2082 1767 2315 1823 dictione
2340 1785 2398 1824 Χ-

376 1874 481 1928 lius
530 1873 822 1929 invasionis
869 1873 1216 1944 usurpatione
1262 1872 1623 1940 detinebatur,
1669 1872 1765 1926 sed
1795 1871 1964 1926 solius

377 1964 658 2034 hucusque
688 1961 901 2018 abbatis
921 1978 950 2017 e
971 1962 1182 2035 gremio
1209 1960 1432 2016 fratrum
1466 1960 1622 2017 electi
1653 1968 1814 2032 atque
1834 1977 1974 2030 pra:-

377 2051 470 2106 lati
500 2050 873 2106 moderamine
920 2051 1229 2123 regebatur,
1286 2049 1570 2120 subripuit,
1614 2048 1834 2120 suisque
1863 2047 1977 2102 usi-

378 2139 502 2209 bus,
535 2138 825 2195 coarctatis
855 2146 1096 2193 extrema
1128 2146 1372 2212 egestate
1403 2137 1705 2205 monachis,
1738 2136 1982 2207 applica-

378 2228 476 2294 vit,
537 2235 590 2282 et
646 2235 870 2282 eatenus
928 2227 1090 2282 etiam
1146 2235 1269 2297 post
1325 2225 1579 2297 frequens
1633 2225 1979 2280 interdictum

379 2323 625 2372 nostrum
656 2316 984 2386 opprimere,
1018 2314 1467 2385 saeculariumque
1497 2313 1746 2368 manibus
1775 2313 1982 2384 disper-

380 2405 535 2459 titum
581 2405 816 2474 prodere
866 2419 973 2458 non
1023 2402 1295 2472 formidat,
1330 2410 1517 2458 contra
1545 2410 1849 2456 sanctorum
1879 2402 1978 2456 Pa-

380 2501 523 2547 trum
552 2493 793 2564 regulas,
827 2507 928 2548 nec
957 2507 1068 2546 non
1099 2499 1149 2546 et
1181 2492 1445 2546 adversus
1489 2490 1804 2560 apostolicae
1831 2490 1978 2544 sedis

381 2589 434 2636 et
463 2580 626 2635 totius
655 2587 858 2635 sancta:
886 2579 1078 2651 synodi
1100 2579 1440 2645 sententiam,
1465 2579 1518 2632 in
1541 2577 1977 2634 communionem

381 2676 507 2741 post
534 2677 780 2724 nostram
809 2684 1025 2741 quoque
1072 2668 1494 2739 prohibitionem
1525 2683 1618 2738 per
1645 2667 1842 2720 missos
1873 2682 1976 2722 no-

383 2767 526 2814 stros
555 2765 608 2813 et
635 2757 817 2829 apices
847 2756 1148 2827 sznpissime
1177 2756 1502 2810 destinatam
1523 2755 1726 2826 passim
1749 2755 1974 2825 recepit,

384 2854 438 2902 et
476 2847 530 2901 in
578 2846 788 2902 cunctis
833 2844 1194 2916 pravitatibus
1243 2845 1359 2913 ejus
1402 2845 1651 2900 conscius
1701 2851 1752 2898 et
1799 2842 1977 2898 fautor

382 2935 653 3007 apparuit.
674 2934 1211 2990 Excommunicatum
1232 2933 1396 3004 igitur
1415 2949 1536 2988 eum
1561 2932 1769 2998 scitote,
1803 2933 1978 2987 donec

380 3025 437 3080 in
467 3023 814 3096 praesentiam
834 3023 980 3077 sedis
1001 3021 1314 3093 apostolicae
1334 3022 1577 3087 veniens,
1602 3021 1669 3076 de
1689 3020 1974 3092 praedicto-

380 3129 498 3168 rum
557 3127 877 3168 excessuum
938 3110 1189 3182 qualitate
1247 3111 1500 3166 idoneam
1548 3108 1971 3165 satisfactionem

383 3217 570 3257 coram
601 3200 808 3272 positus
853 3199 1174 3254 exhibuerit.
1211 3197 1344 3268 Quae
1375 3199 1420 3254 si
1449 3199 1835 3269 contempserit
1865 3197 1976 3252 exi-

383 3298 533 3346 stens
581 3288 816 3356 interim,
849 3288 1041 3343 existet
1088 3305 1190 3359 per
1233 3287 1413 3342 omnia
1453 3287 1832 3342 communione
1857 3287 1981 3355 jure

382 3378 645 3448 privatus,
676 3377 792 3448 pari
835 3376 1051 3432 vinculo
1082 3376 1330 3430 irretiens
1359 3391 1551 3430 omnes
1581 3375 1671 3445 qui
1700 3375 1802 3428 sibi
1834 3390 1988 3429 com-

380 3465 796 3530 municaverint,
831 3465 918 3520 vel
960 3473 1144 3520 contra
1195 3464 1541 3519 interdictum
1571 3470 1815 3518 nostrum
1845 3479 1980 3518 ausu

390 3554 682 3610 temerario
730 3553 966 3609 laverint
991 3572 1006 3620 ;
1036 3553 1178 3608 unde
1209 3568 1306 3608 vos
1353 3560 1541 3608 cautos
1571 3552 1806 3607 reddere
1837 3552 1988 3607 volu-

381 3660 522 3710 mus,
557 3643 604 3699 si
632 3658 741 3698 non
770 3642 932 3699 vultis
951 3641 1054 3713 ipsi
1084 3642 1260 3697 eidem
1289 3641 1585 3697 secundum
1616 3641 1834 3712 regulas
1856 3641 1982 3695 sub-

375 3733 559 3802 jacere
602 3731 824 3801 judicio.
861 3731 1127 3802 Optamus
1158 3746 1275 3798 vos,
1318 3737 1420 3786 etc.
1454 3731 1592 3785 Data
1621 3744 1677 3784 1v
1711 3729 1982 3785 Kalendas

382 3820 523 3887 Maii,
557 3820 851 3877 indictione
880 3834 940 3874 Χ.

1042 3926 1308 3982 LXXVII.

605 4032 677 4072 AD
715 4031 1047 4071 LANDULFUM
1086 4031 1394 4070 EPlSCOPUM
1433 4029 1746 4069 CAPUANW.

997 4104 1177 4175 (Anno
1217 4103 1367 4172 877.)
1517 4112 1520 4115 ·

314 4241 316 4243 .
384 4197 565 4252 Monet
614 4197 682 4250 ut
712 4194 818 4248 sibi
861 4193 1140 4264 signiﬁcet
1185 4209 1261 4247 an
1312 4191 1980 4264 Neapolitanorumﬂdux

455 4265 634 4337 foedus
683 4281 812 4320 cum
841 4262 1136 4337 Saracenis
1184 4264 1402 4337 initum
1425 4262 1706 4337 frangere
1733 4262 1896 4337 uelit,
1926 4265 1981 4316 et

457 4332 550 4392 det
579 4352 806 4408 operam
853 4339 918 4389 ut
950 4335 1111 4408 idem
1160 4334 1280 4389 dua:
1325 4334 1623 4408 Gauferius
1651 4336 1706 4387 et
1733 4332 1982 4408 Pulchar

457 4424 576 4462 una
605 4404 795 4462 secum
831 4407 1145 4476 Trajectum
1175 4421 1232 4459 se
1260 4406 1578 4474 con/erant,
1625 4419 1728 4476 quo
1749 4404 1866 4473 ipse
1896 4406 1980 4458 est

457 4478 688 4543 iturus;
727 4475 997 4548 paratum
1041 4493 1098 4531 se
1139 4476 1212 4548 ad
1246 4492 1310 4548 ea
1355 4491 1474 4548 quae
1516 4475 1878 4548 promiserat,
1912 4477 1981 4548 et

455 4549 661 4620 majori
707 4545 1122 4612 concessurum,
1167 4547 1217 4602 si
1267 4545 1386 4618 ipse
1433 4545 1552 4600 dua:
1600 4547 1663 4600 in
1694 4545 1980 4600 sententia

451 4620 741 4692 persistat.

449 4709 702 4762 Jonan
733 4706 1021 4777 episcopus
1052 4707 1347 4760 LANDULFO
1376 4704 1632 4776 episcopo
1663 4705 1940 4775 Capuano.

457 4797 682 4852 Studeat
727 4795 987 4851 sanctitas
1019 4804 1106 4850 tua
1137 4795 1436 4851 certissime
1476 4795 1618 4850 scire
1646 4794 1692 4849 si
1720 4792 1980 4865 Neapoli-

387 4893 636 4940 tanorum
688 4884 796 4939 dux
826 4884 1246 4955 praesentialiter
1294 4883 1406 4939 vult
1435 4891 1654 4954 pactum
1685 4884 1981 4939 Saraceno-

384 4990 502 5028 rum
533 4974 857 5044 irrumpere,
891 4980 944 5027 et
971 4972 1178 5027 foedere
1208 4972 1425 5037 Christi,
1453 4972 1598 5043 quod
1619 4972 1673 5025 in
1693 4986 1978 5042 regenera-

382 5063 543 5118 tionis
583 5062 729 5117 unda
773 5061 999 5134 pepigit,
1043 5062 1190 5117 vela
1216 5078 1377 5127 nunc,
1412 5061 1547 5115 sicut
1597 5061 1839 5116 debitum
1875 5067 1979 5128 est,

385 5151 650 5207 veraciter
696 5150 959 5205 inhaerere
995 5169 1009 5205 :
1041 5158 1094 5205 et
1125 5151 1170 5204 si
1216 5150 1430 5222 quidem
1477 5149 1637 5204 talem
1686 5165 1827 5204 nunc
1868 5149 1983 5203 ani-

386 5256 535 5294 mum
583 5239 785 5294 habere
825 5238 1171 5310 cognoveris,
1223 5239 1325 5293 hoc
1369 5237 1528 5292 nobis
1571 5237 1984 5308 praesentialiter

384 5328 643 5384 indicato.
669 5330 785 5401 Age
804 5336 858 5382 ut
875 5328 1020 5383 idem
1041 5328 1147 5381 dux
1169 5326 1579 5397 Neapolitanus,
1605 5333 1656 5381 et
1673 5325 1983 5382 Guaiferius

385 5417 657 5490 gloriosus
687 5417 963 5488 princeps,
996 5433 1058 5471 ac
1089 5416 1312 5471 Pulchar
1349 5415 1721 5483 praefecturius
1753 5415 1822 5469 ad
1853 5416 1984 5469 Tra-

380 5507 586 5575 jectum
630 5522 740 5560 una
782 5513 963 5560 tecum
1001 5505 1336 5570 accelerent;
1362 5504 1455 5558 ubi
1498 5504 1655 5559 etiam
1687 5519 1787 5558 nos
1829 5518 1985 5559 acce-

387 5594 601 5663 dentes,
636 5610 756 5666 quse
805 5595 920 5650 Deo
969 5601 1091 5649 sunt
1123 5593 1430 5665 placabilia,
1462 5600 1777 5650 statuemus.
1811 5592 1985 5648 Parati

2729 1876 3022 1930 LXXVIII.

2419 1977 2492 2016 AD
2531 1978 2847 2018 PULCHARIM
2884 1979 3342 2020 PREFECTURIUM.

2694 2052 2873 2121 (Anno
2913 2052 3062 2122 877.)

2560 2141 2825 2211 Ejusdem
2856 2143 3196 2212 argumenti.

2149 2227 2403 2280 JOANNas
2433 2227 2722 2299 episcopus
2753 2230 3032 2284 Puerum
3062 2227 3424 2300 praefecturio.

2153 2314 2210 2368 Si
2240 2330 2368 2369 vere
2418 2314 2602 2386 utique
2648 2317 2910 2388 magister
2940 2317 3169 2371 militum
3198 2324 3414 2388 pactum
3445 2315 3674 2370 Sarace-

2079 2417 2274 2456 norum
2307 2403 2600 2474 proposuit
2640 2421 2910 2476 rumpere,
2965 2406 3245 2460 hortamur
3285 2411 3342 2458 ut
3371 2403 3676 2471 Trajectum

2079 2506 2201 2545 cum
2232 2490 2433 2562 inclyto
2465 2507 2658 2548 socero
2704 2501 2794 2548 tuo
2823 2493 3011 2560 adeas,
3045 2493 3136 2548 ubi
3169 2507 3385 2564 quoque
3414 2498 3467 2546 et
3492 2497 3677 2545 nostra

2078 2586 2291 2648 reperta
2316 2579 2626 2649 praesentia,
2660 2581 2922 2652 quidquid
2964 2580 3356 2636 rationabiliter
3388 2578 3669 2650 quaeritur,

2078 2667 2340 2738 quidquid
2369 2668 2737 2724 necessarium
2768 2685 2863 2724 seu
2891 2669 3151 2740 possibile
3193 2667 3510 2739 postulatur,
3545 2679 3674 2737 gra-

2077 2755 2377 2810 tantissime
2423 2757 2707 2812 confestim
2752 2757 2996 2813 admittet
3030 2776 3044 2812 :
3077 2758 3176 2814 sed
3205 2766 3257 2812 et
3305 2755 3570 2826 ampliora
3598 2753 3676 2808 fa-

2077 2859 2202 2898 cere
2228 2843 2375 2899 nullo
2403 2846 2567 2900 modo
2613 2846 3012 2913 recusabimus,
3043 2854 3101 2901 ut
3130 2861 3339 2911 omnes,
3373 2843 3674 2899 secundum

2077 2933 2414 3003 Apostolum,
2471 2934 2792 2991 lucrifacere
2849 2935 3124 2990 veleamus
3173 2936 3247 3003 (II
3294 2936 3416 2990 Cor.
3466 2933 3568 3002 ix).
3613 2933 3674 2985 In

2078 3037 2184 3092 quo
2213 3022 2478 3076 industria
2515 3031 2605 3077 tua
2646 3031 2797 3078 tanto
2847 3023 3128 3079 sollicitius
3177 3022 3437 3090 elaboret,
3472 3027 3674 3091 quanto

2078 3109 2334 3180 liquidius
2364 3110 2466 3164 sibi
2505 3127 2603 3181 per
2647 3113 2754 3167 hoc
2802 3112 3026 3167 caeleste
3070 3111 3353 3181 praemium
3380 3125 3412 3164 a
3439 3107 3672 3162 Domino

2085 3199 2200 3252 Deo
2232 3198 2392 3252 tribui
2412 3215 2521 3252 non
2549 3199 2783 3269 ignorat.
2805 3199 3058 3269 Alioquin
3080 3199 3344 3253 adversus
3374 3212 3518 3261 eum,
3551 3211 3673 3266 quae

2083 3285 2249 3358 digne
2275 3301 2566 3356 possumus
2605 3303 2793 3359 agere,
2827 3285 3249 3340 indubitabiliter
3279 3292 3332 3338 et
3360 3281 3675 3338 indiﬂ'eren-

2084 3380 2163 3428 ter
2191 3390 2470 3440 exercere,
2505 3374 2720 3430 Christo
2749 3375 3002 3446 pr0pitio,
3037 3373 3338 3429 nullatenus
3368 3372 3674 3429 omittemus

2083 3462 2218 3516 Data
2249 3478 2305 3516 IV
2336 3463 2452 3517 Kal.
2487 3463 2627 3532 Maii,
2659 3463 2953 3520 indictione
2981 3478 3040 3518 χ.

2755 3579 3006 3634 LXXIX.

2329 3681 2400 3720 AD
2441 3681 2696 3723 CAROLUM
2735 3683 2950 3723 CALVUM
3005 3679 3420 3722 IMPERATOREM.

2693 3757 2872 3828 (Anno
2913 3756 3062 3826 877.)

2082 3843 2381 3902 Auxilium
2427 3850 2626 3901 contra
2672 3846 2977 3902 Saracenos
3024 3845 3313 3916 implorat,
3364 3845 3458 3916 qui
3489 3843 3679 3916 devas-

2154 3917 2277 3974 tata
2310 3918 2638 3989 Campania,
2671 3918 2865 3973 omnia
2911 3914 3459 3973 Roma—suburbana
3506 3914 3674 3986 depo-

2155 3990 2524 4063 palabantur.

2150 4080 2405 4133 JOANNES
2429 4076 2719 4146 episcOpus
2746 4075 2816 4130 ad
2845 4075 3245 4146 imperatorem.

2151 4166 2346 4222 Divina
2389 4165 2512 4220 ideo
2557 4164 2810 4232 majestas
2839 4163 3218 4219 excellentiam
3266 4169 3505 4218 vestram
3562 4177 3678 4232 pm

2080 4254 2292 4313 caneris
2320 4252 2487 4325 elegit
2534 4252 2762 4308 Romani
2791 4250 3004 4322 imperii
3046 4250 3328 4306 altitudine
3358 4249 3673 4320 sublimare,

2081 4342 2459 4417 augustalique
2517 4339 2682 4397 voluit
2736 4340 3040 4395 diademate
3099 4354 3384 4405 coronare,
3445 4345 3502 4392 ut
3560 4339 3676 4394 Deo

2080 4441 2268 4488 nostro
2299 4431 2595 4486 clementer
2623 4429 2912 4484 auxiliante
2943 4427 3196 4500 potentiae
3225 4434 3423 4483 vestrae
3455 4426 3677 4482 brachio

1996 4516 2049 4577 D
2080 4519 2394 4592 triumphali
2446 4517 2753 4575 Ecclesiam
2809 4517 3007 4572 Christi
3065 4532 3198 4574 voce
3246 4531 3411 4588 supra
3465 4523 3676 4586 petram

2081 4627 2223 4668 verae
2273 4609 2400 4665 fidei
2447 4607 2722 4664 fundatam
2772 4607 3056 4664 tueremini
3104 4622 3340 4677 semper,
3391 4612 3444 4659 et
3480 4604 3548 4659 ad
3576 4603 3677 4659 im-

2081 4700 2227 4755 mani
2267 4698 2587 4770 crudelique
2635 4712 2975 4768 paganorum
3020 4695 3388 4760 infestatione,
3439 4693 3532 4765 qui
3576 4708 3676 4749 nos

2075 4791 2190 4860 jam
2245 4804 2396 4844 more
2442 4787 2710 4842 latronum
2754 4785 2992 4856 undique
3039 4783 3442 4841 circumdantes
3489 4781 3676 4838 omnia

2080 4886 2269 4934 nostra
2318 4877 2444 4948 igne
2473 4876 2763 4949 gladioque
2800 4874 3099 4939 devastant,
3133 4872 3221 4943 pio
3251 4870 3448 4927 mentis
3480 4870 3676 4927 defen-

2081 4966 2279 5022 deretis
2327 4965 2541 5020 intuitu.
2575 4963 2683 5018 Sed
2733 4961 2857 5034 quia
2895 4961 3051 5016 nobis
3078 4961 3270 5032 procul
3300 4959 3675 5031 existentibus,

2081 5064 2158 5111 tot
2187 5056 2327 5110 dura
2373 5061 2424 5109 et
2468 5051 2851 5124 importabilia,
2909 5066 3010 5122 pro
3061 5050 3257 5121 quibus
3297 5050 3410 5119 jam
3440 5058 3677 5105 vestram

2081 5144 2420 5216 augustalem
2477 5139 2885 5212 imploravimus
2939 5140 3296 5209 majestatem,
3353 5155 3515 5210 supra
3559 5153 3677 5194 mo-

2081 5235 2210 5288 dum
2242 5231 2479 5304 quotidie
2507 5230 2763 5302 patimur,
2787 5228 2987 5301 quippe
3016 5245 3141 5284 cum
3169 5236 3281 5284 tota
3302 5228 3416 5297 jam
3432 5228 3678 5298 depopu-

2081 5322 2189 5377 lata
2215 5319 2514 5391 Campania
2547 5319 2622 5372 nil
2649 5319 2964 5384 habeamus,
2989 5317 3173 5389 nilque
3191 5317 3367 5382 nobis,
3393 5324 3484 5370 aut
3515 5330 3676 5370 vene-

2083 5410 2344 5465 rabilibus
2390 5407 2756 5473 monasteriis,
2803 5407 3122 5479 ceterisque
3170 5407 3272 5477 piis
3310 5404 3464 5470 locis,
3498 5418 3676 5474 neque

2084 5498 2294 5555 senatui
2342 5499 2604 5563 Romano,
2650 5497 2794 5552 unde
2827 5495 3183 5568 corporaliter
3221 5491 3510 5548 sustentari
3538 5506 3672 5562 pos-

2085 5588 2272 5654 simus,
2334 5586 2654 5644 remanserit
2687 5604 2700 5640 :
2733 5585 2983 5643 omnibus
3033 5583 3193 5642 etiam
3238 5583 3424 5642 Roma
3472 5579 3670 5638 subur-
