4160 6334
517 306 618 362 ’731

1793 301 2088 359 JOANNIS
2135 303 2330 360 PAPE
2372 304 2511 362 VIII.

3701 311 3812 368 732

527 429 686 486 banis
721 429 860 486 adeo
887 429 1236 501 depradatis,
1265 436 1323 484 ut
1359 428 1540 484 nullus
1568 430 1622 483 in
1653 427 1786 500 ipsis
1805 428 1924 502 jam
1979 427 2142 482 habi-
2163 426 2220 488 A
2245 428 2680 485 Christianorum
2709 428 2996 486 aﬂicimur.
3017 429 3221 487 Verum
3251 439 3448 503 quanto
3479 431 3844 490 crebrescunt

531 525 679 574 tator
709 517 797 574 vel
827 517 1116 588 cujuslibet
1135 517 1305 574 atatis
1323 517 1504 573 incola
1531 516 1781 573 videatur
1809 515 2130 572 consistere.

541 606 650 662 Pro
707 605 904 678 quibus
959 622 1089 662 sane
1119 605 1276 660 malis
1316 605 1613 678 innumeris
1658 605 1867 676 ingenti
1895 618 2134 659 maerore

533 692 738 762 aﬁlicti,
768 693 1070 766 doloreque
1114 694 1342 760 turbati,
1373 709 1476 748 nec
1531 709 1782 748 somnum
1811 691 2002 760 oculis,
2032 707 2134 746 nec

525 781 710 838 cibum
747 797 917 853 opere
953 797 1150 853 capere
1180 798 1471 853 possumus
1503 797 1516 836 :
1551 781 1648 836 sed
1677 796 1778 850 pro
1836 779 2026 850 requie
2053 779 2134 834 la-

527 870 720 925 borem
753 869 1065 937 assiduum,
1096 878 1149 924 et
1177 885 1278 940 pro
1307 869 1583 940 corporali
1611 867 1832 938 dapium
1844 867 2135 922 dulcedine

530 957 734 1014 mentis
767 958 1192 1012 amaritudinem
1240 957 1494 1028 patimur.
1539 956 1745 1012 Idcirco
1773 963 2008 1010 vestram
2033 955 2135 1009 im-

539 1045 813 1117 perialem
829 1046 1188 1115 majestatem,
1212 1045 1374 1100 totius
1399 1044 1682 1115 sapientia
1709 1043 1828 1098 luce
1849 1041 2134 1113 splendide

541 1133 886 1199 irradiatam,
920 1139 1108 1187 Sancta
1148 1133 1393 1188 Romana
1419 1131 1689 1197 Ecclesia,
1721 1147 1842 1204 qua
1873 1129 2135 1202 religioso

537 1237 638 1276 vos
667 1229 824 1276 utero
853 1220 1060 1292 genuit,
1092 1236 1214 1276 meo
1245 1219 1464 1292 quidem
1495 1235 1766 1284 sermone,
1801 1219 1900 1274 sed
1930 1235 2029 1274 suo
2049 1235 2132 1274 ve-

523 1308 756 1364 nerabili
813 1309 1129 1380 suppliciter
1159 1308 1320 1362 nimis
1347 1315 1602 1378 precatur
1641 1306 1858 1377 affectu,
1892 1314 1952 1361 ut
1988 1306 2136 1362 omni

526 1397 784 1452 dilatione
816 1405 1044 1462 remota,
1077 1397 1331 1468 omnique
1377 1396 1493 1466 ejus
1521 1411 1654 1452 cura
1682 1403 2136 1466 assumpta,nunc

529 1486 600 1540 ad
633 1501 788 1540 suam
819 1483 1192 1542 defensionem
1221 1493 1274 1539 et
1303 1484 1466 1539 totius
1510 1483 1700 1556 patria
1755 1483 2133 1538 liberationem

525 1572 737 1640 adjutor
765 1573 1026 1640 clemens,
1059 1571 1319 1628 defensor
1345 1580 1538 1644 potens
1565 1579 1617 1628 et
1640 1572 1878 1628 salvator
1897 1570 2136 1627 invictus

522 1661 710 1716 venire
740 1660 1058 1732 dignemini,
1095 1661 1224 1732 quia
1251 1661 1358 1716 nisi
1417 1667 1598 1716 vestra
1657 1659 2133 1715 desideratissima

518 1749 677 1804 nobis
707 1748 938 1804 adfuerit
982 1750 1291 1820 prasentia,
1360 1749 1571 1803 nullum
1603 1747 1937 1803 defensionis
1985 1747 2203 1836 auxi-B

519 1837 650 1892 lium
679 1837 996 1909 nullumque
1025 1837 1352 1893 necessaria
1410 1837 1599 1892 salutis
1646 1837 1950 1892 remedium
1976 1843 2130 1907 pote-

523 1926 694 1980 rimus
721 1926 947 1980 habere.
981 1926 1095 1980 Nos
1123 1925 1290 1992 enim,
1350 1941 1476 1981 cum
1532 1925 1712 1980 omnis
1742 1925 1889 1979 sedis
1918 1932 2138 1994 aposto-

523 2013 646 2070 lica
675 2013 868 2068 ordine
897 2029 1079 2080 sacro,
1113 2029 1237 2068 cum
1267 2013 1542 2086 religiosis
1581 2021 1633 2069 et
1663 2014 1839 2068 Deum
1897 2012 2135 2068 timenti-

526 2101 626 2156 bus
655 2101 806 2168 viris,
843 2117 946 2172 pro
975 2109 1173 2156 vestra
1200 2101 1388 2172 gloria
1445 2101 1828 2173 prosperitate,
1859 2101 2137 2156 continua-

523 2206 632 2262 que
661 2189 858 2244 mentis
890 2197 944 2244 et
975 2190 1220 2261 corporis
1250 2191 1442 2256 salute,
1488 2189 1919 2260 omnipotentem
1949 2189 2128 2244 domi-

525 2293 678 2344 num,
705 2279 860 2347 cujus
889 2285 972 2334 est
1002 2278 1152 2332 salus
1181 2278 1358 2333 omnis
1371 2287 1423 2333 et
1435 2278 2134 2349 vita,totisdeprecabimur

530 2365 760 2432 nisibus,
793 2374 981 2422 utnec
1039 2367 1302 2438 temporis
1354 2367 1560 2432 fervor,
1620 2383 1723 2422 nec
1777 2366 1885 2422 loci
1944 2373 2136 2422 natura

521 2455 760 2524 insolita,
779 2471 880 2511 nec
909 2455 1164 2511 molestia
1195 2455 1451 2528 qualibet
1478 2463 1662 2510 vestro
1685 2455 1886 2526 insigni
1917 2455 2134 2526 corpori

525 2543 772 2599 nocitura
799 2543 1098 2615 contingat.
1162 2543 1530 2613 Quamobrem
1572 2544 1703 2599 nihil
1757 2546 1958 2599 horum
2013 2561 2136 2616 qua

526 2633 643 2686 sine
672 2631 772 2686 Dei
801 2633 991 2702 procul
1021 2632 1185 2688 dubio
1215 2649 1323 2688 non
1353 2633 1603 2688 evenient
1632 2641 1764 2688 nutu
1795 2633 2124 2700 dubitantes,

527 2719 658 2791 quin
687 2719 867 2790 potius
897 2720 953 2774 in
985 2720 1200 2775 Domini
1219 2720 1572 2782 miseratione
1599 2721 1727 2775 totis
1757 2720 1966 2776 viribus
1995 2737 2134 2776 con-

525 2805 774 2874 ﬁdentes,
807 2822 916 2862 non
947 2808 1120 2863 solum
1151 2824 1469 2879 corpoream
1527 2809 1972 2875 incolumitatem,
2034 2825 2131 2864 ve-

527 2911 648 2950 rum
677 2895 842 2950 etiam
871 2903 924 2950 et
957 2903 1280 2966 perpetuam
1337 2897 1534 2951 anima
1576 2905 1771 2952 vestra
1795 2893 2136 2950 merebimini

527 2982 759 3054 adipisci
788 2984 1018 3038 salutem
1048 2991 1102 3038 et
1131 2984 1383 3057 gloriam.
1415 2985 1684 3054 Dignetur
1712 2984 2137 3056 igiturpiissima

527 3071 792 3128 serenitas
821 3080 1026 3138 vestra,
1057 3072 1478 3128 clementissime
1535 3073 1835 3144 imperator
1863 3075 2126 3144 Auguste,

527 3177 624 3232 pro
679 3168 843 3216 tanta
897 3161 1044 3216 sedis
1073 3161 1394 3217 liberatione
1427 3169 1805 3234 tantorumque
1847 3163 2128 3218 hominum

529 3249 730 3305 Christi
748 3265 940 3305 cruore
988 3250 1399 3321 redemptorum
1447 3251 1767 3320 salvatione,
1827 3260 2046 3306 nostras
2076 3260 2129 3308 et

529 3337 796 3394 Ecclesia
825 3346 1026 3394 nostra
1051 3354 1242 3408 preces
1269 3339 1476 3405 audire,
1511 3339 1779 3409 singultus
1811 3340 2128 3410 prospicere

530 3435 584 3483 et
613 3427 749 3481 tanti
777 3427 1012 3499 gemitus
1042 3426 1310 3498 lacrymas
1339 3427 1680 3484 incessanter
1709 3426 1910 3482 effusas
1949 3436 2130 3484 atten-

531 3515 662 3571 dere
693 3533 706 3570 :
741 3523 1010 3588 quatenus
1039 3531 1194 3570 more
1223 3516 1401 3585 solito,
1436 3516 1672 3572 etsolita
1693 3516 1907 3586 pietatis
1919 3516 2130 3572 viscere

529 3603 691 3659 nobis
746 3603 1159 3674 compatientes,
1216 3620 1376 3676 opem
1419 3604 1811 3660 consolationis
1869 3605 2130 3661 citissime

532 3692 846 3764 petentibus
901 3693 1222 3758 tribuentes,
1265 3701 1426 3763 prout
1483 3701 1860 3764 opportunum
1894 3702 1996 3763 est,
2029 3711 2132 3750 nos

529 3789 790 3857 adjuvare
820 3788 1100 3860 satagatis,
1133 3789 1260 3861 quia
1288 3797 1410 3860 post
1452 3791 1626 3844 Deum
1677 3789 1841 3845 unica
1898 3807 2024 3862 spes
2052 3808 2132 3847 sa-

530 3875 658 3932 lutis
679 3884 731 3932 et
759 3875 1098 3932 liberationis
1127 3884 1335 3934 nostra
1364 3875 1564 3932 ﬁducia
1603 3893 1702 3933 vos
1731 3879 1922 3950 procui
1965 3880 2132 3936 dubio

527 3963 678 4020 estis.
711 3963 843 4019 Ideo
871 3981 971 4036 per
1001 3965 1370 4037 vosmetipsos
1411 3973 1790 4038 properantes,
1825 3983 2132 4041 congruum

527 4061 580 4108 et
607 4061 970 4125 opportunum
1000 4053 1158 4110 nobis
1187 4055 1438 4126 prabere
1470 4055 1736 4111 auxilium
1765 4072 1875 4112 non
1903 4056 2132 4113 diﬁ‘era-

533 4141 602 4198 tis
634 4161 648 4197 :
677 4150 736 4196 ut
768 4149 822 4198 et
849 4141 1132 4210 Dominus,
1168 4143 1258 4217 qui
1314 4144 1480 4218 elegit
1503 4161 1602 4200 vos
1631 4153 1794 4216 caput
1850 4146 2020 4217 orbis,
2081 4154 2134 4202 et

533 4231 813 4287 dominum
833 4229 978 4298 fecit,
1013 4232 1270 4288 auxilium
1301 4249 1460 4288 suum
1489 4233 1646 4289 vobis
1694 4235 1761 4289 de
1789 4244 1978 4291 sancto
2011 4235 2132 4290 mit-

533 4327 651 4376 tere
682 4337 900 4392 semper
952 4321 1224 4394 dignetur,
1283 4321 1655 4379 amantissime
1711 4321 1806 4379 fili.
1867 4325 2003 4378 Data
2034 4340 2133 4380 vm

539 4408 814 4465 Kalendas
844 4409 1008 4476 Junii,
1041 4409 1334 4466 indictione
1364 4409 1596 4466 decima.
1859 4400 1862 4402 ’

837 4601 909 4642 AD
939 4601 1416 4642 ARCHIEPISCOPUM
1447 4601 1844 4644 RAVENNATEM.

1179 4659 1359 4728 (Anno
1389 4660 1534 4730 877).

603 4757 872 4828 Praecipit
899 4760 966 4812 ut
993 4772 1124 4812 cum
1153 4757 1272 4812 suis
1298 4755 1672 4882 au/Z'raganeis
1701 4757 1773 4812 ad
1791 4759 2096 4815 concilium

1167 4843 1298 4882 accc
1338 4844 1370 4882 a
1406 4869 1418 4880 .

1167 4843 1418 4883 accedat.

611 4925 866 4979 Joannes
893 4922 1300 4996 archiepiscopo
1330 4923 1650 4980 Ravennati.

631 5019 773 5088 Quia
797 5021 910 5090 jam
941 5021 1012 5076 ad
1031 5021 1340 5092 periculosa
1383 5021 1732 5094 pervenimus
1761 5023 1828 5079 ab
1869 5025 2130 5096 Apostolo

541 5109 635 5183 (ΙΙ
670 5111 806 5166 Tim.
840 5110 946 5179 in),
979 5108 1109 5180 quin
1137 5110 1318 5181 potius
1346 5125 1379 5166 a
1407 5111 1641 5168 Domino
1671 5113 1948 5184 pradicta,
1993 5115 2130 5184 proh

545 5195 734 5254 dolorl
767 5203 1015 5268 tempora
1045 5215 1058 5252 :
1082 5198 1273 5272 Surgit
1295 5201 1448 5256 enim
1467 5215 1602 5273 gens
1613 5206 1813 5258 contra
1822 5206 2134 5274 gentem,et

535 5290 676 5344 sunt
695 5287 852 5342 inter
867 5288 985 5342 alia
1013 5287 1236 5344 inimici
1255 5289 1499 5346 hominis
1516 5290 1808 5347 domestici
1837 5293 1955 5363 ejus
1971 5291 2126 5360 (Luc.

535 5391 680 5444 xxr;
723 5376 883 5431 Mich.
919 5375 1020 5447 vn)
1053 5395 1067 5442 ;
1101 5386 1390 5434 creverunt
1444 5379 1852 5450 in0pinabiliter
1880 5380 2044 5447 mala,
2078 5389 2132 5435 et

540 5480 652 5522 non
682 5463 861 5520 solum
889 5465 1230 5524 extrinsecus
1258 5467 1410 5524 rabie
1439 5467 1736 5524 infidelium
1765 5469 2128 5524 barbarorum

539 5552 842 5623 atterimur,
876 5553 974 5614 sed
1004 5563 1058 5615 et
1105 5555 1429 5614 intrinsecus
1485 5557 1840 5630 perversitate
1896 5574 2129 5632 nequam

2231 517 2380 572 mala
2399 525 2880 589 pravorum,tanto
2901 533 3148 575 crescere
3163 519 3363 575 debent
3373 519 3518 575 bona
3538 528 3808 576 rectorum
3820 563 3835 576 .

2233 605 2366 674 Qua
2396 605 2641 676 profecto
2671 605 2791 662 ﬁeri
2817 614 3112 678 nequeunt,
3146 607 3250 662 nisi
3276 623 3377 678 per
3405 623 3694 664 commune
3724 607 3837 664 fra-

2233 701 2373 748 trum
2421 691 2715 768 collegium
2761 695 2818 748 in
2845 695 3081 766 idipsum
3121 710 3346 766 corpore
3374 695 3532 750 simul
3561 704 3614 752 et
3643 704 3834 752 mente

2233 781 2691 837 convenientium.
2711 783 2810 838 Est
2827 783 2970 837 enim
2986 783 3233 838 Ecclesia
3253 783 3354 838 Dei
3367 791 3591 855 propter
3605 800 3843 842 concor-

2233 869 2376 923 diam
2395 877 2544 924 tuam
2559 870 2865 925 visibilibus
2883 886 3048 942 quam
3062 869 3424 928 invisibilibus
3442 873 3690 928 hostibus
3709 889 3836 928 om-

2233 957 2362 1012 nino
2404 957 2682 1024 terribilis,
2733 965 2787 1013 et
2823 958 2970 1014 velut
3015 963 3332 1014 castrorum
3371 961 3520 1016 acies
3565 961 3839 1018 ordinata

2235 1045 2424 1114 (Cant.
2458 1045 2558 1117 v1).
2582 1045 2926 1117 Quapropter
2945 1033 3054 1100 tam
3068 1062 3170 1117 pro
3193 1047 3579 1104 ecclesiasticis
3600 1048 3835 1120 quibus-

2235 1133 2360 1188 dam
2382 1134 2820 1200 necessitatibus,
2846 1150 3008 1206 quam
3022 1150 3125 1205 pro
3145 1142 3284 1189 statu
3305 1142 3357 1190 et
3373 1151 3478 1206 pro
3497 1137 3836 1192 correctione

2234 1219 2568 1292 reipublica,
2601 1222 2920 1278 auctoritate
2967 1221 3266 1292 apostolica
3294 1223 3638 1279 decrevimus
3669 1240 3837 1280 reve-

2234 1309 2532 1364 rendorum
2555 1307 2781 1364 fratrum
2811 1317 2862 1364 et
2895 1309 3346 1380 coepiscOporum
3359 1318 3691 1366 nostrorum.
3717 1313 3835 1367 Ita-

2234 1396 2325 1452 lici
2353 1397 2508 1468 regni
2550 1397 2875 1463 universale,
2908 1397 2966 1452 id
2995 1405 3078 1454 est
3107 1397 3269 1454 totius
3305 1399 3621 1469 provincia,
3651 1399 3829 1456 advo-

2236 1499 2364 1540 care
2395 1484 2686 1540 concilium
2711 1503 2724 1550 ;
2759 1485 2940 1540 locum
2985 1492 3168 1540 autem
3196 1501 3465 1558 nusquam
3495 1487 3568 1542 ad
3595 1487 3700 1544 hoc
3725 1504 3832 1560 ge-

2235 1573 2462 1626 rendum
2511 1572 2774 1644 aptiorem
2804 1580 2858 1628 et
2884 1571 3191 1629 faciliorum
3239 1589 3400 1644 quam
3438 1575 3582 1644 apud
3610 1575 3834 1632 Raven—

2235 1674 2362 1714 nam
2388 1661 2628 1732 undique
2665 1660 3063 1716 conﬂuentibus
3087 1660 3318 1716 inveniri
3348 1677 3511 1732 posse
3541 1663 3832 1733 perspexi-

2235 1763 2376 1802 mus.
2411 1747 2678 1804 Occurrat
2708 1748 2872 1821 igitur
2900 1747 3152 1803 alacriter
3167 1763 3290 1804 cum
3312 1748 3676 1822 suﬁ‘raganeis
3698 1751 3832 1819 suis,

2237 1853 2376 1908 quos
2405 1836 2523 1906 ipsa
2567 1837 2860 1892 convenire
2899 1844 3242 1893 commoneat
3267 1837 3335 1892 ad
3363 1836 3704 1910 designatam
3735 1856 3836 1894 ur-

2237 1925 2362 1980 bem
2393 1925 2688 1980 sanctitatis
2732 1924 3067 1991 fraternitas,
3101 1933 3154 1980 et
3183 1933 3333 1980 tanto
3361 1926 3557 1982 deesse
3585 1941 3832 1983 conven-

2237 2013 2332 2080 tui,
2367 2029 2531 2084 quem
2561 2013 2768 2069 scilicet
2795 2013 2997 2069 ibidem
3025 2029 3126 2068 vm
3156 2013 3432 2070 Kalendas
3457 2015 3650 2081 Julias,
3684 2016 3839 2072 cele-

2236 2101 2443 2157 braturi
2473 2118 2680 2167 sumus,
2711 2103 2862 2157 nullo
2890 2103 3055 2158 modo
3082 2101 3342 2173 perferat,
3376 2117 3483 2174 quo
3513 2105 3838 2174 pullulantia

2235 2190 2292 2244 in
2321 2205 2458 2261 agro
2503 2190 2787 2247 Dominico
2818 2190 3021 2245 zizania
3065 2191 3340 2246 communi
3369 2191 3546 2248 studio
3575 2193 3836 2250 radicitus

2236 2285 2620 2348 amputentur;
2653 2287 2706 2333 et
2753 2279 3050 2334 salubrium
3097 2279 3350 2334 virtutum
3393 2280 3636 2351 germina
3681 2282 3834 2338 socio

2233 2381 2333 2437 pro
2362 2367 2448 2420 his
2496 2367 2789 2422 certamine
2818 2367 3034 2438 penitus
3080 2371 3412 2422 inserantur.
3445 2368 3662 2424 Fratres
3687 2385 3834 2440 pra-

2236 2462 2385 2510 terea
2415 2463 2469 2509 et
2497 2455 2856 2526 coepiscopos
2885 2463 3103 2510 nostros
3130 2456 3222 2527 qui
3255 2455 3356 2510 sub
3385 2457 3716 2514 beatitudine
3746 2475 3836 2514 ve-

2237 2545 2344 2592 stra
2372 2539 2578 2611 degunt
2605 2539 2672 2593 ad
2705 2539 2950 2594 eamdem
2992 2538 3354 2594 universalem
3399 2541 3667 2609 synodum
3696 2542 3801 2596 hor
3821 2572 3836 2582 ο

2237 2633 2346 2681 tatu
2377 2627 2676 2684 sanctitatis
2721 2636 2916 2682 vestra
2953 2627 3139 2682 venire
3185 2627 3544 2699 pracipimus.
3577 2628 3836 2702 Quisquis

2235 2724 2415 2770 autem
2459 2731 2756 2772 occurrere
2803 2715 3072 2772 sanctitati
3120 2723 3223 2772 tua
3263 2717 3400 2772 forte
3426 2718 3832 2788 contempserit,

2235 2803 2510 2860 canonicis
2554 2820 2613 2859 se
2657 2804 2871 2859 noverit
2917 2804 3374 2874 increpationibus
3427 2805 3613 2875 procul
3669 2806 3838 2862 dubio

2237 2892 2686 2958 submittendum,
2734 2893 2788 2947 in
2835 2901 3107 2963 promptu,
3167 2893 3466 2950 secundum
3511 2894 3836 2964 Apostolum

2236 2982 2312 3050 (ΙΙ
2331 2982 2449 3037 Cor.
2475 2981 2540 3051 x)
2565 2999 2580 3046 ;
2616 2981 2776 3036 nobis
2806 2981 3131 3036 habentibus
3160 2997 3379 3036 omnem
3399 2981 3588 3038 ulcisci
3608 2999 3839 3053 prorsus

2237 3069 2678 3124 inobedientiam.
2713 3071 2862 3124 Hanc
2891 3085 3024 3124 vero
3053 3070 3387 3140 apostolatus
3423 3070 3594 3125 nostri
3623 3071 3834 3141 episto-

2231 3158 2338 3213 lam
2370 3158 2458 3214 vel
2487 3157 2819 3228 exemplaria
2865 3158 3030 3222 illius,
3080 3159 3356 3213 beatitudo
3404 3167 3584 3214 vestra
3614 3159 3669 3213 in
3687 3159 3834 3214 dia-

2230 3247 2342 3302 cesi
2373 3264 2469 3302 sua
2500 3247 2753 3302 omnibus
2795 3245 3166 3301 indiﬂ'erenter
3214 3247 3486 3318 episcopis
3520 3263 3720 3318 parare
3744 3248 3832 3302 fa-

2229 3336 2354 3401 ciat,
2390 3352 2459 3390 ne
2491 3336 2708 3407 aliquod
2743 3335 2916 3406 possit
2945 3335 3013 3390 ab
3051 3335 3418 3390 inobedientia
3447 3335 3828 3406 excusationis,

2231 3424 2377 3495 quod
2407 3440 2518 3479 non
2548 3423 2782 3495 expedit,
2815 3423 3067 3480 velamen
3095 3423 3335 3479 obtendi.

2908 3531 3158 3586 LXXXI.

2409 3633 2482 3672 AD
2520 3633 2848 3675 ANSPERTUM
2883 3635 2954 3673 ET
2991 3634 3282 3676 ANTONIUM
3328 3633 3646 3674 EPXSCOPOS.

2845 3707 3026 3778 (Anno
3065 3707 3216 3780 8'77.)

2237 3798 2304 3854 Ut
2329 3798 2660 3880 Ravennam
2687 3795 2767 3880 ad.
2786 3797 3060 3867 synodum
3091 3797 3400 3863 accedant;
3431 3796 3572 3880 quod
3597 3797 3714 3852 nisi
3727 3813 3829 3870 pa-

2303 3871 2549 3932 ruerint,
2581 3871 2842 3922 minatur
2871 3883 2961 3922 eos
2991 3882 3049 3922 se
3079 3871 3734 3923 excommunicaturum.

2301 3955 2555 4009 JOANNEs
2584 3953 2874 4026 episcopus
2904 3957 3204 4010 ANSPERTO
3235 3955 3624 4012 Mediolanensi
3653 3955 3830 4012 archi-

2231 4042 2508 4115 episcopo,
2543 4051 2596 4098 et
2625 4045 2883 4098 ANTONIO
2916 4043 3176 4114 episcopo
3203 4043 3488 4099 Brixiensi.

2303 4131 2444 4201 Quia
2467 4131 2698 4187 diversis
2725 4147 2788 4188 ac
2816 4131 3203 4203 multiplicibus
3231 4132 3510 4188 Ecclesias
3538 4133 3639 4188 Dei
3669 4132 3828 4188 nobis

2231 4220 2554 4276 commissas
2594 4219 2950 4276 incommodis
2997 4221 3362 4291 perturbatas,
3395 4221 3672 4292 rebusque
3699 4237 3828 4292 pro-

2232 4309 2366 4380 priis
2423 4309 2792 4364 incunctanter
2857 4309 3116 4380 privatas,
3175 4317 3228 4364 et
3284 4325 3474 4364 earum
3533 4309 3828 4365 antistitum

2231 4399 2495 4454 honorem
2525 4397 2846 4452 diminutum
2880 4397 2997 4453 fore
3025 4397 3310 4464 videmus;
3342 4398 3603 4470 ipsarum,
3635 4414 3830 4454 secun-

2149 4480 2202 4541 D
2233 4487 2364 4543 dum
2387 4487 2704 4558 Apostolum
2735 4487 2810 4556 (II
2836 4487 2963 4548 Cor.
2989 4485 3092 4559 xx),
3127 4485 3485 4542 sollicitudine
3511 4485 3826 4558 quotidiana

2232 4575 2516 4646 compulsi,
2550 4575 2864 4631 necessario
2911 4575 3012 4630 rati
3063 4591 3252 4630 sumus
3291 4590 3393 4646 pro
3442 4575 3658 4630 illarum
3687 4582 3826 4630 statu

2231 4679 2295 4720 ac
2325 4664 2553 4736 pristina
2589 4664 3054 4738 redintegratione
3081 4663 3414 4737 generalem,
3447 4665 3564 4720 Deo
3593 4663 3825 4731 favente,

2231 4753 2500 4825 synodum
2555 4753 2836 4810 celebrare
2894 4771 2907 4808 :
2963 4768 3125 4826 quam
3183 4753 3485 4810 secundum
3549 4753 3827 4825 antiquam

2234 4841 2684 4899 consuetudinem
2721 4859 2846 4898 cum
2875 4843 3062 4898 Roma
3091 4857 3260 4915 agere
3285 4842 3688 4908 debuissemus,
3719 4857 3827 4898 non

2231 4938 2545 4986 recusantes
2591 4931 2724 4986 tanti
2770 4931 3019 4987 laborem
3055 4929 3281 4997 itineris,
3314 4945 3416 5002 pro
3445 4930 3710 4986 suavitate
3739 4937 3825 4986 ta-

2229 5035 2354 5075 men
2401 5020 2787 5076 venerabilium
2818 5019 3150 5076 confratrum
3190 5027 3508 5075 nostrorum
3533 5019 3827 5090 episcopo-

2229 5125 2368 5177 rum,
2429 5124 2564 5180 quos
2620 5109 2676 5164 in
2732 5109 3065 5166 consortium
3118 5116 3362 5164 nostrum
3406 5107 3600 5163 litteris
3641 5107 3826 5164 missis

2230 5197 2543 5266 ascivimus,
2577 5206 2830 5254 octavum
2877 5196 3248 5253 Kalendarum
3284 5195 3570 5264 Juliarum,
3603 5196 3826 5252 Raven-

2229 5302 2334 5353 na,
2377 5287 2667 5342 auxiliante
2714 5287 2968 5357 Domino,
3001 5286 3200 5342 erimus
3247 5285 3436 5356 procul
3482 5283 3647 5340 dubio
3673 5285 3826 5340 cele-

2231 5375 2451 5431 braturi.
2511 5377 2594 5431 Ad
2623 5391 2786 5448 quam
2842 5375 3092 5432 videlicet
3137 5373 3524 5429 fraternitatem
3583 5381 3824 5429 vestram

2229 5465 2376 5520 omni
2423 5464 2706 5522 occasione
2754 5463 3074 5536 postposita,
3109 5461 3365 5535 omnique
3397 5461 3648 5518 tarditate
3677 5477 3823 5533 pra-

2229 5555 2504 5624 termissa,
2533 5554 2620 5610 his
2647 5553 3010 5627 praesentibus
3057 5552 3242 5611 venire
3266 5551 3525 5622 jubemus
3553 5551 3820 5624 apicibus,
