4160 6328
407 373 512 426 733

1555 366 1913 424 EPISTOLE
1967 367 2055 422 ET
2111 367 2455 424 DECRETA.

3597 373 3702 426 ’734

409 498 676 563 quatenus
715 490 987 546 communi
1044 492 1332 546 multorum
1412 490 1637 546 fratrum
1691 498 2002 545 nostrorum
2032 489 2245 555 Abilis,
2279 497 2332 544 et
2358 490 2532 545 Deum
2572 490 2810 545 timentls
2865 491 2998 558 viri,
3035 492 3348 548 conservari
3377 491 3625 547 volumus
3655 498 3707 545 et

408 595 678 635 consensu
706 587 866 650 atque
895 580 1137 646 decreto,
1161 579 1412 635 Ecclesia
1429 579 1528 634 Dei
1546 578 1701 634 nobis
1718 578 2008 634 commissa

411 667 650 739 propria
698 667 980 739 dignitatis
1028 683 1152 736 Jura
1184 710 1196 733 ,
1230 683 1352 739 qua
1385 682 1417 721 a
1464 667 1791 738 quibusdam
1810 665 2007 736 inique

405 755 692 828 agentibus
722 764 845 809 sunt
874 763 1154 826 usurpata,
1190 755 1291 809 sub
1322 755 1634 826 integritate
1657 754 2002 825 recipientes,

404 843 676 898 malorum
731 843 972 898 omnium
1030 842 1250 898 tandem
1289 842 1470 898 securi
1511 841 1722 908 effecti,
1757 841 2007 895 ministe-

406 931 547 986 rium
574 929 901 1003 pontiﬁcale,
937 931 1083 1003 quod
1113 931 1368 984 nimirum
1396 945 1497 1001 pro
1523 930 1710 1002 gregis
1742 927 2010 984 Dominici

411 1019 568 1074 nobis
599 1019 876 1074 commissi
934 1011 1125 1085 salute,
1161 1019 1276 1073 Deo
1333 1018 1616 1090 largiente,
1650 1018 2006 1087 suscepimus,

409 1115 468 1161 ut
497 1107 724 1179 dignum
755 1113 836 1160 est
854 1105 1164 1178 gloriﬁcare
1195 1106 1469 1176 possimus
1503 1123 1516 1160 :
1550 1113 1883 1176 quapropter
1903 1104 2008 1159 ite-

409 1202 529 1250 rato
559 1202 611 1250 te
659 1210 911 1250 sermone
967 1195 1036 1248 ad
1068 1195 1313 1250 eamdem
1333 1236 1346 1260 ,
1379 1203 1437 1248 ut
1465 1194 1667 1250 dictum
1697 1201 1806 1260 est,
1841 1209 2006 1263 syno-

410 1285 541 1339 dum
593 1284 779 1338 venire
835 1283 1194 1354 pracipimus.
1255 1285 1396 1337 Nam
1466 1283 1511 1336 si
1551 1281 1772 1353 prafato
1818 1281 1906 1336 die
1941 1282 2010 1335 ad

408 1371 588 1442 ipsum
605 1372 978 1426 venerandum
998 1371 1287 1426 concilium
1309 1370 1690 1442 quoquomodo
1710 1384 2011 1440 properare

411 1459 551 1514 forte
605 1459 1084 1530 contempseritis,
1118 1467 1170 1514 et
1199 1475 1300 1529 pro
1347 1458 1610 1514 Ecclesia
1657 1457 1855 1512 Christi
1913 1456 2011 1512 Dei

411 1547 586 1602 nostri
614 1547 864 1613 utilitate,
903 1563 1026 1618 qua
1069 1546 1292 1601 instanti
1340 1553 1584 1616 tempore
1611 1545 1901 1616 plurimum
1933 1551 2014 1598 est

412 1635 1002 1700 necessaria,debitum
1034 1635 1319 1689 nobiscum
1348 1635 1593 1688 laborem
1616 1649 1832 1688 sumere
1855 1649 2015 1702 spre—

410 1723 612 1788 veritis,
647 1723 828 1778 sciatis
859 1738 958 1793 pro
982 1731 1130 1778 certo
1162 1722 1558 1778 communionis
1577 1720 1845 1776 nostrain
1865 1719 2011 1774 futu-

412 1828 528 1866 rum
557 1811 706 1865 nullo
736 1811 899 1865 modo
928 1827 1049 1866 esse
1080 1818 1382 1879 consortes,
1420 1811 1516 1864 sed
1538 1809 1719 1880 potius
1739 1808 2014 1864 canonica

412 1898 744 1955 auctoritatis
778 1913 1037 1964 censura,
1067 1906 1252 1969 utpote
1305 1905 1746 1970 transgressores
1805 1897 2012 1967 impro-

412 1987 530 2053 bos,
560 1986 867 2041 feriendum
897 1995 1058 2058 atque
1118 1987 1505 2041 damnandum.
1557 1986 1820 2056 Optamus
1851 2001 2013 2040 reve-

409 2075 639 2130 rentiam
684 2082 919 2129 vestram
967 2073 1022 2127 in
1068 2074 1282 2129 Christo
1326 2075 1465 2129 bene
1508 2074 1714 2129 valere.
1749 2074 1884 2128 Data
1914 2088 2013 2127 VIII

411 2163 530 2219 Kal.
564 2162 728 2230 Junii,
755 2162 1049 2218 indictione
1069 2162 1301 2218 decima.

1108 2278 1364 2332 LXXXII

689 2389 762 2429 AD
793 2389 976 2429 υιιεωί
1007 2389 1194 2428 DUCEM
1225 2388 1608 2428 VENE'TIARUM.

1010 2463 1189 2532 (Anno
1221 2462 1370 2533 877.)

409 2552 848 2608 Inobedientia-m
868 2554 1180 2613 accusat,et
1193 2553 1456 2605 monetur
1472 2550 1752 2621 episcopos
1778 2551 2014 2604 Venetia

481 2622 553 2677 ad
569 2623 840 2693 synodum
865 2624 938 2676 Ra
947 2638 1140 2675 vennce
1152 2620 1546 2676 celebrandum
1559 2620 1817 2675 accredere
1831 2624 2010 2686 curet,

480 2697 535 2748 et
566 2694 682 2764 ipse
714 2708 929 2764 quoque
965 2693 1050 2745 vel
1074 2693 1284 2755 veniat,
1321 2693 1416 2746 vel
1451 2693 1658 2762 legatos
1687 2693 1904 2745 mittat.

474 2789 726 2842 JOANNES
748 2788 1038 2858 episcopus
1067 2789 1216 2842 Urso
1247 2787 1375 2842 duci
1412 2786 1673 2842 Venetia.

477 2875 655 2930 Multis
688 2891 840 2930 esses
886 2876 1144 2929 nimirum
1188 2875 1351 2943 justa:
1407 2873 1764 2945 correptionis
1796 2890 1824 2927 a
1855 2875 2012 2929 nobis

409 2964 872 3035 increpationibus
931 2963 1346 3029 submittendus,
1378 2963 1483 3018 nisi
1540 2963 1835 3034 apostolica
1889 2979 2012 3017 mo-

411 3052 616 3107 deratio
664 3052 813 3107 circa
868 3059 919 3107 te
973 3051 1154 3106 minus
1209 3053 1490 3106 severitate
1547 3067 1711 3122 quam
1756 3050 2013 3122 patientia

413 3148 673 3196 uteratur.
734 3139 989 3211 Exceptis
1047 3141 1190 3195 enim
1253 3139 1566 3194 excessibus
1614 3139 1719 3193 illis
1749 3155 1884 3211 quos
1914 3156 2014 3209 per

415 3228 838 3284 inobedientiam
916 3229 1065 3300 prius
1145 3235 1488 3284 contraxeras
1521 3270 1534 3296 ,
1584 3228 1650 3281 ad
1720 3235 2016 3282 extremum

419 3319 579 3372 etiam
631 3317 958 3390 legationem
989 3317 1134 3372 beati
1190 3317 1332 3371 Petri
1390 3317 1670 3388 indignam
1714 3315 1816 3370 tuis
1846 3316 2016 3370 oculis

413 3406 689 3477 judicasti,
720 3422 842 3461 cum
871 3407 976 3461 hoc
1006 3422 1107 3461 nec
1163 3405 1382 3478 gentilis
1430 3405 1716 3476 quisquam
1745 3405 1902 3459 facile
1930 3404 2014 3459 fe-

417 3494 558 3550 cisse
591 3494 855 3550 clarescat
888 3511 899 3548 :
933 3495 1164 3548 maxime
1194 3511 1316 3548 cum
1347 3509 1412 3548 ea
1443 3511 1563 3564 qua
1606 3493 1882 3548 dilectioni
1912 3501 2017 3548 tua

415 3583 789 3649 mittebamus,
839 3591 1062 3654 paterna
1119 3591 1302 3637 essent
1357 3583 1607 3650 monita,
1642 3597 1751 3636 non
1815 3581 2016 3636 inimici

418 3671 652 3727 odientis
683 3671 928 3726 verbera.
965 3672 1073 3727 Sed
1103 3671 1207 3726 ista
1237 3671 1659 3738 dissxmulantes,
1708 3670 2010 3725 innotesci-

415 3778 537 3816 mus
567 3760 842 3816 dilectioni
871 3769 974 3816 tua
1003 3777 1104 3814 nos
1132 3768 1322 3816 octavo
1366 3760 1642 3814 Kalendas
1686 3759 1851 3813 Julias
1901 3761 2013 3814 Ra-

416 3865 608 3904 venna
639 3849 908 3920 synodum
945 3849 1108 3904 totius
1156 3848 1320 3904 Italia
1377 3849 1716 3903 sacerdotum
1763 3847 2012 3902 celebra-

417 3945 596 4004 turos;
632 3937 719 3994 cui
775 3938 1042 3993 interesse
1091 3937 1340 4010 volumus
1397 3945 1450 3991 et
1509 3937 1732 3991 marina
1774 3936 2014 3991 Venetia

414 4026 700 4096 antistites,
734 4027 826 4098 qui
857 4027 1035 4082 adhuc
1067 4041 1352 4097 superesse
1410 4034 1723 4094 noscuntur,
1757 4041 1863 4079 una
1890 4042 2013 4079 cum

417 4115 666 4188 personis
719 4115 790 4170 ad
843 4115 1214 4186 episcopatum
1273 4114 1479 4179 electis,
1515 4122 1566 4167 et
1616 4113 1722 4168 illis
1753 4130 1884 4184 quas
1917 4113 2012 4167 tibi

415 4205 528 4274 jam
558 4220 658 4276 per
687 4204 930 4259 diversas
978 4204 1236 4274 epistolas
1278 4202 1723 4274 significavimus.
1758 4201 2012 4270 Quapro-

416 4301 537 4364 pter
556 4293 694 4348 bene
711 4292 955 4364 profecto
986 4291 1239 4360 facies,_si
1269 4307 1362 4345 eos
1384 4291 1454 4344 ad
1483 4289 1800 4360 pradictam
1830 4288 2012 4343 venire

416 4382 683 4452 synodum
731 4397 839 4436 non
870 4380 1203 4452 impedieris,
1250 4380 1347 4433 sed
1379 4378 1554 4433 modis
1601 4377 1852 4432 omnibus
1881 4376 2014 4430 inci-

421 4469 636 4525 taveris.
654 4471 776 4525 Non
798 4470 943 4524 enim
960 4470 1171 4523 ruinam
1198 4483 1386 4522 eorum
1407 4467 1674 4539 cupimus,
1706 4465 1882 4532 absit;
1915 4465 2014 4520 sed

419 4557 563 4612 illius
594 4566 789 4612 statum
821 4558 1124 4613 reformare
1156 4557 1468 4628 provincia,
1505 4563 1558 4611 et
1589 4553 1853 4627 quidquid
1879 4554 2020 4608 inter
2047 4544 2100 4604 D

417 4663 514 4702 eos
535 4655 589 4702 et
633 4647 1110 4717 metropolitanum
1169 4645 1481 4717 quastionis
1511 4653 1564 4699 et
1619 4642 2016 4699 controversia

419 4735 665 4803 vertitur,
700 4735 962 4791 canonice
991 4733 1242 4789 difﬁnire.
1277 4735 1462 4806 Itaque
1511 4732 1887 4787 indubitanter
1918 4747 2019 4786 ve—

419 4823 588 4888 niant,
623 4831 674 4878 et
719 4832 830 4878 tam
874 4831 1060 4879 sancto
1109 4837 1510 4892 numerosoque
1567 4821 1794 4876 fratrum
1826 4820 2020 4875 deesse

421 4911 569 4966 nullo
597 4911 762 4967 modo
790 4911 1062 4982 patiantur
1082 4911 1334 4983 collegio.
1354 4911 1477 4964 Non
1498 4910 1659 4972 enim,
1685 4908 1815 4963 mihi
1837 4908 2017 4972 crede,

421 4999 477 5054 in
502 5000 682 5072 aliquo
722 5000 990 5064 minorati,
1033 5000 1176 5070 quod
1205 5006 1414 5054 avertat
1467 4997 1752 5062 Dominus,
1788 4997 1886 5052 sed
1915 5012 2020 5066 po-

421 5087 525 5142 tius
555 5088 901 5162 augmentati,
932 5087 1145 5142 Christo
1175 5087 1429 5158 propitio,
1464 5086 1533 5140 ad
1564 5086 1789 5157 prOpria
1835 5101 2021 5140 rever-

422 5184 622 5232 tentur.
659 5177 754 5232 Sin
783 5184 964 5232 autem
1011 5175 1281 5230 communi
1329 5173 1569 5230 omnium
1628 5175 1865 5239 decreto,
1898 5189 2021 5228 cum

423 5265 726 5321 Ecclesiam
755 5281 865 5320 non
893 5265 1112 5320 audisse
1133 5263 1438 5328 claruerint,
1462 5269 1620 5317 erunt
1637 5263 1825 5332 procul
1856 5260 2049 5326 dubio.

425 5354 880 5425 quemadmodum
913 5358 1314 5408 sacrosanctum
1347 5352 1414 5406 de
1473 5351 1848 5418 hujuscemodi
1877 5366 2020 5422 prae-

425 5443 553 5513 cipit
583 5442 957 5515 Evangelium.
1001 5441 1137 5495 Illud
1185 5449 1365 5496 autem
1414 5439 1530 5510 ipse
1564 5455 1663 5510 pro
1711 5447 1861 5494 certo
1888 5439 2021 5495 scito

426 5531 552 5602 quia
581 5531 713 5586 nihil
741 5547 840 5602 pro
869 5531 979 5586 ullo
1009 5530 1312 5584 mortalium
1355 5528 1598 5584 imminui
1631 5527 1889 5584 Ecclesia
1918 5535 2022 5583 tua

429 5619 677 5692 cupimus
704 5638 718 5686 ;
756 5607 865 5675 sed
893 5620 1060 5676 decus
1090 5626 1142 5676 et
1172 5619 1395 5692 genium
1424 5625 1573 5674 tuum
1607 5616 1775 5674 veluti
1807 5623 2020 5690 specta-

2108 585 2376 648 optamus.
2407 577 2561 633 Unde
2610 594 2892 633 monemus
2920 587 2978 633 ut
3008 587 3060 633 et
3089 579 3206 649 ipse
3263 579 3334 634 ad
3363 595 3462 634 nos
3491 579 3704 634 Raven-

2106 680 2235 719 nam
2289 664 2558 736 proticisci
2605 683 2674 720 ne
2731 666 3008 738 pigriteris
3042 684 3054 720 :
3091 666 3174 720 sin
3221 675 3402 721 autem
3437 709 3450 732 ,
3511 666 3704 720 saltem

2107 753 2283 807 virum
2360 769 2691 825 quemquam
2750 754 3071 808 industrium
3156 753 3313 808 nobis
3369 753 3558 826 gloria
3600 762 3704 808 tua

2107 840 2344 908 injuncta
2375 841 2644 912 legatione
2667 841 2982 912 fungentem
3011 841 3251 913 dirigere
3298 857 3407 895 non
3436 842 3706 896 detrectes

2107 928 2247 982 Data
2275 944 2332 982 vr
2363 929 2638 983 Kalendas
2665 929 2828 995 Junii,
2861 929 3153 984 indictione
3183 945 3242 983 χ.

2763 1026 3066 1080 LXXXIII.

2249 1122 2322 1162 AD
2353 1123 2572 1164 PETRUM
2603 1124 2673 1163 ET
2700 1124 2928 1163 LEONEM
2956 1123 3253 1163 EPISCOPOS
3283 1123 3557 1163 VENETIE.

2715 1192 2894 1262 (Anno
2927 1193 3077 1262 877.)

2115 1291 2179 1346 Ut
2218 1291 2541 1362 Ravennam
2571 1290 2641 1344 ad
2670 1290 2978 1344 concilium
3025 1289 3486 1362 proﬁciscantur,
3518 1289 3582 1342 in
3602 1307 3705 1362 quo

2181 1360 2578 1432 componenda
2606 1363 2744 1432 sunt
2775 1360 3168 1432 controversiae
3185 1375 3308 1430 qua
3334 1375 3466 1413 cum
3487 1360 3703 1417 metro-

2180 1430 2433 1498 politano
2463 1431 2760 1485 nonnullis
2791 1430 3172 1484 intercedunt.

2180 1517 2432 1572 JOANNES
2462 1517 2754 1588 episcOpus
2785 1519 2970 1572 Parno
2999 1525 3054 1572 et
3080 1517 3257 1571 LEONI
3287 1515 3560 1588 episcopis
3592 1515 3704 1569 Ve-

2111 1606 2290 1660 netia.

2182 1693 2495 1750 Universale
2532 1694 2753 1749 tandem
2784 1694 3072 1765 aliquando
3125 1709 3226 1748 nos
3263 1693 3544 1749 celebrare
3573 1707 3704 1748 con-

2114 1782 2296 1838 cilium
2323 1781 2605 1852 multiplex
2633 1791 2686 1836 et
2742 1782 3028 1836 multifaria
3056 1798 3157 1837 nos
3212 1782 3579 1838 Ecclesiarum
3605 1796 3706 1835 ne-
3767 1792 3773 1796 ·

2115 1871 2341 1926 cessitas
2371 1869 2516 1940 cogit
2541 1889 2554 1935 ;
2589 1877 2641 1924 et
2671 1871 2796 1926 ideo
2840 1887 2939 1941 pro
2967 1871 3069 1925 hac
3122 1870 3460 1924 moderanda
3483 1869 3570 1924 vel
3599 1867 3712 1923 dia-

2111 1959 2413 2029 pensanda,
2445 1965 2636 2012 octavo
2665 1958 2936 2012 Kalendas
2961 1958 3130 2012 Julias
3177 1957 3336 2025 hujus
3379 1955 3704 2020 indictionis,

2113 2043 2273 2097 totius
2306 2041 2472 2097 Italia
2501 2042 2644 2112 apud
2684 2043 2875 2097 urbem
2922 2043 3240 2097 Ravennam
3273 2040 3564 2096 convenire
3587 2040 3709 2108 jus-

2113 2129 2284 2184 simus
2345 2130 2684 2198 sacerdotes,
2720 2131 2791 2184 ad
2849 2146 3081 2201 quorum
3124 2129 3376 2185 videlicet
3440 2135 3708 2184 sacratum

2113 2218 2426 2288 collegium,
2459 2216 2736 2288 pontiﬁcio
2765 2226 2954 2272 nostro
2985 2217 3278 2282 mediante,
3303 2224 3538 2272 vestram
3570 2230 3710 2286 quo-

2113 2322 2218 2376 que
2249 2307 2589 2362 sanctitatem
2620 2321 2849 2361 occurre
2880 2320 3306 2370 commonemus,
3339 2321 3445 2358 una
3471 2319 3595 2359 cum
3625 2303 3708 2358 his

2113 2393 2206 2464 qui
2255 2394 2375 2448 loco
2425 2402 2548 2448 sunt
2575 2395 2954 2464 episcoporum
2997 2393 3375 2449 decedentium
3406 2391 3705 2464 subrogati.

2113 2482 2182 2536 Et
2233 2481 2340 2536 illis
2373 2482 2724 2536 nihilominus
2774 2497 2944 2552 quos,
2995 2482 3132 2536 Urso
3189 2480 3429 2553 glorioso
3476 2479 3602 2534 duci
3653 2485 3709 2533 et

2111 2569 2268 2624 vobis
2298 2569 2616 2634 scribentes,
2652 2569 2854 2624 nostris
2885 2569 3084 2640 sapius
3110 2577 3163 2624 et
3191 2567 3504 2638 expressius
3532 2566 3708 2636 signi-

2112 2657 2394 2713 ficavimus
2425 2656 2669 2728 syllabis,
2701 2667 2889 2730 atque,
2923 2665 2981 2712 ut
3007 2657 3254 2712 absolute
3281 2655 3710 2726 regulariterque

2110 2745 2370 2800 fateamur
2395 2789 2407 2811 ,
2439 2747 2690 2800 omnibus
2741 2747 2832 2817 qui
2889 2762 2947 2801 se
2980 2745 3139 2800 lasos
3186 2744 3492 2799 existimant
3522 2761 3536 2797 :
3572 2757 3708 2813 quos

2111 2833 2444 2906 generaliter
2503 2834 2820 2898 auctoritate
2851 2832 3151 2904 apostolica
3195 2832 3460 2888 sanctitas
3523 2839 3708 2886 vestra

2113 2937 2298 2977 secum
2328 2930 2712 2993 pr0peraturos
2751 2923 3016 2978 advocare
3045 2920 3286 2992 profecto
3328 2920 3566 2974 debebit.
3600 2920 3710 2973 Ita-

2114 3027 2238 3081 que,
2264 3010 2479 3077 fratres,
2505 3011 2871 3065 indubitanter
2891 3009 3151 3075 accedite,
3176 3017 3234 3062 ut
3252 3017 3444 3079 prater
3463 3023 3711 3062 commu-

2114 3114 2240 3152 nem
2286 3099 2570 3153 utilitatem
2626 3115 2747 3170 qua
2801 3099 2856 3151 in
2904 3099 3114 3167 synodo
3163 3105 3244 3150 est
3298 3095 3488 3166 procul
3545 3094 3710 3149 dubio

2048 3191 2096 3252 C
2117 3188 2513 3256 componenda,
2547 3185 2806 3257 quidquid
2836 3187 2975 3239 inter
3001 3185 3224 3239 fratrem
3252 3192 3306 3239 et
3344 3183 3713 3254 coepiscopum

2115 3283 2381 3340 nostrum,
2415 3275 2628 3329 Petrum
2660 3274 2908 3330 videlicet
2944 3273 3415 3344 metrOpolitanum
3470 3279 3711 3327 vestrum

2116 3372 2169 3418 et
2222 3363 2514 3434 praedictos
2539 3407 2554 3430 ,
2615 3363 3000 3418 controversia
3071 3362 3296 3417 vertitur
3328 3403 3342 3430 ,
3389 3360 3712 3417 canonicum

2115 3451 2278 3507 finem
2306 3452 2555 3522 accipiat,
2589 3459 2642 3506 et
2697 3468 2804 3522 pax
2833 3459 2885 3506 et
2931 3451 3285 3522 tranquillitas
3329 3449 3590 3505 Ecclesiis
3620 3465 3712 3504 ve-

2115 3541 2262 3611 stris,
2295 3540 2435 3596 sicut
2463 3541 2742 3608 condecet,
2790 3539 3131 3595 reformetur.
3162 3541 3284 3594 Non
3311 3555 3464 3611 ergo,
3500 3537 3711 3593 charis-

2115 3629 2256 3694 simi,
2293 3638 2401 3684 tam
2423 3637 2612 3684 sancto
2643 3644 3044 3700 numerosoque
3068 3627 3292 3682 fratrum
3323 3628 3516 3682 deesse
3544 3626 3710 3680 colle-

2113 3719 2204 3789 gio
2232 3719 2498 3789 patimini,
2534 3718 2658 3789 quia
2681 3733 2801 3787 nos,
2819 3717 2951 3772 mihi
2979 3716 3204 3781 credite,
3243 3715 3438 3770 nullius
3468 3723 3710 3770 vestrum

2113 3823 2297 3862 casum
2329 3807 2692 3878 exquirimus;
2724 3807 2887 3860 absit.
2931 3807 3314 3860 Verumtamen
3342 3805 3446 3858 nisi
3475 3804 3545 3858 ad
3575 3804 3714 3859 hanc

2114 3896 2301 3951 saltem
2333 3896 2720 3968 prasignatam
2750 3895 3112 3950 universalem
3161 3894 3429 3965 synodum
3457 3908 3711 3948 accesse-

2112 3985 2252 4054 ritis,
2287 3985 2561 4039 communi
2608 3992 2924 4040 cunctorum
2955 3983 3224 4038 sententia
3270 3981 3547 4037 canonicis
3578 3981 3714 4051 legi-

2113 4073 2216 4127 bus
2268 4073 2592 4138 subdemini,
2628 4081 2680 4127 et
2737 4089 2834 4142 pro
2886 4080 3034 4126 tanta
3097 4070 3463 4126 inobedientia
3520 4069 3713 4124 merito

2109 4161 2428 4231 puniemini.
2459 4165 2558 4214 Est
2584 4161 2756 4226 enim,
2791 4159 3043 4214 Samuele
3066 4166 3256 4213 sancto
3275 4159 3526 4222 docente,
3547 4159 3709 4229 quasi

2111 4253 2406 4318 peccatum
2429 4249 2730 4313 ariolandi,
2752 4263 3065 4320 repugnare
3090 4268 3106 4315 ;
3131 4249 3360 4318 etquasi
3387 4247 3568 4302 scelus
3595 4246 3712 4300 ido-

2115 4337 2373 4395 lolatriae.
2402 4337 2552 4390 nolle
2583 4335 2932 4406 acquiescere
2965 4333 3012 4402 (I
3031 4335 3157 4403 Reg.
3188 4331 3310 4403 xv).
3341 4332 3480 4386 Data
3499 4345 3556 4384 v1
3587 4328 3706 4385 Kal.

2110 4423 2273 4477 Junii.
2311 4423 2499 4478 indict.
2532 4437 2592 4478 x.

2798 4519 3096 4574 LXXXIV.

2690 4625 2762 4664 AD
2792 4623 3139 4672 AQUILEIEUS.

2740 4708 2918 4777 (Anno
2941 4705 3089 4774 8’77.)

2129 4805 2258 4872 Quae
2278 4805 2344 4860 de
2374 4821 2433 4860 eo
2463 4807 2696 4860 sinistre
2724 4804 3074 4874 ferebantur,
3106 4802 3170 4856 in
3195 4801 3452 4874 generali
3472 4801 3712 4857 concilio

2397 4877 2667 4932 canonice
2691 4873 3055 4929 terminanda
3084 4873 3390 4944 signiﬁcat.

2193 4974 2276 5030 Ad
2305 4976 2608 5037 AQUILEIUS
2630 4974 2697 5044 (Γ.
2722 4970 3177 5043 Aquileiensem).

2191 5089 2454 5145 Novimus
2481 5095 2716 5143 vestram
2748 5085 3134 5142 beatitudinem
3165 5100 3196 5139 a
3216 5084 3492 5140 nonnullis
3521 5085 3589 5141 de
3606 5084 3716 5157 qui-

2124 5179 2351 5234 busdam
2382 5176 2688 5232 sinisterius
2718 5173 3001 5240 diﬁ'amari,
3034 5171 3180 5246 quod
3193 5174 3438 5246 profecto
3470 5173 3524 5228 in
3553 5188 3714 5245 syno-

2122 5267 2232 5322 dali
2265 5275 2347 5322 est
2375 5272 2640 5322 conventu
2681 5263 2744 5336 [/2
2794 5262 3078 5336 integrius]
3133 5263 3361 5318 interius
3391 5271 3444 5319 et
3499 5261 3715 5332 perspi-

2122 5356 2303 5410 cacius
2360 5354 2749 5418 ventilandum,
2785 5361 2838 5408 et
2885 5352 3186 5408 secundum
3244 5353 3327 5408 sui
3385 5351 3711 5424 qualitatem,

2123 5443 2360 5515 regulari
2391 5458 2622 5499 censura
2651 5442 2827 5497 modis
2849 5441 3098 5497 omnibus
3115 5441 3429 5496 finiendum.
3464 5439 3571 5494 Sed
3589 5453 3714 5493 cre-

2125 5535 2322 5601 dimus,
2357 5532 2540 5587 divina
2578 5531 2790 5587 favente
2827 5531 3023 5604 gratia,
3055 5546 3154 5586 vos
3203 5545 3389 5586 coram
3416 5526 3620 5597 positos
3646 5525 3716 5580 ita

2123 5624 2362 5680 insontes
2420 5621 2794 5689 inveniendos,
2829 5628 2888 5675 ut
2946 5619 3144 5675 veritrs
3201 5617 3470 5690 exagitata
3509 5631 3618 5671 non
3648 5615 3716 5678 de
