4160 6344
483 315 591 372 ’735

1723 305 1751 358 J
1755 302 1953 361 OANN
1957 303 2020 360 IS
2075 302 2272 359 PAPE
2309 303 2451 360 VIII.

3686 303 3793 358 736

486 437 643 494 vobis
673 435 834 504 caeni,
870 435 1016 508 quod
1081 433 1240 500 absit,
1273 432 1369 488 sed
1412 429 1675 502 unguenti
1721 426 1977 484 commoti
1998 427 2091 496 ju—
2124 425 2176 488 A
2199 426 2476 484 Benedicti
2513 425 2839 500 degentibus
2885 439 3032 481 nunc
3081 431 3134 481 et
3185 422 3380 481 futuris
3427 423 3790 496 temporibus.

485 525 721 582 cundum
749 524 942 580 reddat
957 523 1214 588 odorem;
1246 521 1350 576 nisi
1370 519 1508 576 forte
1531 517 1779 574 absentia
1797 523 2092 588 procurata

483 629 612 669 vera
641 629 764 685 quae
800 611 1056 668 dicuntur
1100 611 1169 666 de
1205 609 1362 666 vobis
1419 607 1756 679 comprobet,
1790 613 1842 660 et
1873 618 2090 676 poenam

485 701 680 756 merito
725 701 980 772 irroget:
1031 715 1152 772 quae
1180 698 1227 752 si
1269 697 1519 762 adesset,
1555 694 1820 766 magistra
1884 690 2092 760 justitia

484 788 734 844 forsitam
789 787 1086 842 retulisset.
1130 787 1271 841 Data
1313 799 1374 838 χι
1431 783 1708 838 Kalendas
1755 779 1918 847 Junii,
1945 779 2090 834 indi-

484 877 665 933 ctione
693 875 922 932 decima.

1140 985 1410 1041 LXXXV.

628 1108 702 1150 AD
733 1107 1068 1150 GUAIFERIUM
1109 1105 1407 1146 PRINCIPEH

1050 1199 1230 1266 (Anno
1283 1197 1386 1251 877
1391 1195 1432 1266 .)

552 1328 802 1371 JOANNES
839 1312 1127 1384 episcopus
1147 1325 1444 1366 GUAIFERIO
1465 1307 1699 1381 principi
1729 1307 2085 1364 Salernitano.

557 1403 695 1472 Quia
739 1400 1221 1472 Neapolitanorum
1291 1399 1446 1454 ducis
1515 1397 1727 1469 legatos
1790 1397 2091 1452 secundum

486 1491 659 1563 ipsius
688 1497 742 1546 et
769 1496 952 1546 vestra
993 1487 1189 1559 scripta
1244 1486 1578 1559 praestolati,
1612 1501 1714 1542 nec
1739 1485 2090 1556 contemplati

485 1595 690 1645 sumus,
723 1577 916 1634 iterato
947 1576 1283 1634 excellentia
1309 1583 1414 1631 tuae
1457 1574 1702 1630 scribere
1731 1573 1998 1646 cogimur,
2033 1581 2092 1630 ut

484 1667 634 1722 illum
661 1682 696 1722 a
720 1664 946 1738 perﬁdis
991 1672 1322 1736 separatum,
1353 1664 1458 1736 piis
1488 1671 1691 1720 sanctae
1747 1663 1932 1716 matris
1980 1663 2090 1718 Ec-

1455 1101 1883 1144 εΑιειιΝιτΑΝυκ
1895 1127 1908 1142 .

483 1754 666 1812 clesiaa
719 1753 943 1826 gremiis
998 1753 1364 1808 restituamus.
1398 1753 1579 1823 Inquo
1623 1751 1748 1823 quia
1773 1751 1885 1820 jam
1912 1751 2089 1822 pluri-
2119 1779 2172 1839 Β

482 1859 633 1898 mum
651 1841 932 1910 laborasti,
965 1841 1283 1896 industriam
1311 1848 1461 1896 tuam
1497 1839 1628 1894 item
1665 1839 1902 1912 itemque
1931 1839 2092 1895 labo-

481 1947 609 1987 rare
638 1930 746 1986 ﬁne
777 1939 935 1986 tenus
971 1929 1338 1985 exhortamur.
1371 1927 1532 1997 Quod
1564 1927 1610 1982 si
1662 1926 1904 1999 iniquam
1933 1927 2094 1983 colli-

481 2019 760 2093 gationem
815 2017 995 2072 statim
1051 2017 1362 2088 dirumpere
1419 2023 1784 2088 praeparatur,
1817 2031 1940 2070 cum
1989 2017 2095 2072 hoc

481 2107 787 2165 certissime
814 2105 1118 2172 scierimus,
1151 2122 1252 2176 per
1281 2104 1645 2176 nosmetipsos
1677 2104 1745 2158 ad
1786 2104 2094 2173 Trajectum

482 2190 923 2264 properabimus,
958 2197 1011 2245 et
1041 2191 1144 2244 hoc
1173 2189 1320 2260 quod
1349 2188 1606 2262 quaeritur
1637 2196 1690 2244 et
1718 2189 1934 2260 quodve
1977 2189 2094 2259 jam

483 2279 810 2351 promissum
837 2284 921 2334 est
967 2277 1145 2343 etiam,
1175 2277 1404 2348 amplius
1464 2275 1822 2332 libentissime
1880 2276 2084 2350 largie-

482 2383 626 2433 mur,
661 2365 880 2422 clariori
909 2365 1170 2421 duntaxat
1213 2365 1532 2421 certitudine
1561 2380 1627 2421 ac
1681 2363 1807 2420 ﬁdei
1864 2365 2092 2420 veritate

483 2456 624 2510 inter
649 2461 935 2526 utramque
962 2461 1174 2525 partem
1203 2453 1538 2524 composita;
1571 2453 1662 2508 ubi
1695 2469 1912 2524 quoque
1943 2460 2092 2508 tuam

485 2542 922 2614 sanctissimique
953 2540 1195 2596 Landulﬁ
1243 2541 1517 2610 antistitis,
1549 2549 1602 2596 et
1647 2541 1894 2612 prmdicti
1922 2541 2078 2598 ducis

487 2645 592 2688 nec
620 2646 732 2687 non
765 2639 820 2686 et
851 2629 1132 2686 Pulcharis
1153 2629 1381 2702 gloriosi
1397 2629 1726 2701 praefecturii
1755 2630 1954 2685 adesse
1983 2645 2097 2700 prae

487 2719 718 2774 sentiam
738 2718 1009 2790 cupimus.
1048 2719 1117 2772 Et
1145 2725 1203 2772 ut
1231 2725 1424 2790 agatur
1457 2717 1734 2773 solertiam
1763 2726 1910 2772 tuam
1940 2725 2090 2772 sata-

487 2823 620 2880 gere
639 2805 971 2879 ﬂagitamus.
1009 2804 1170 2873 Quod
1199 2805 1246 2860 si
1273 2805 1410 2861 adeo
1452 2806 1598 2862 idem
1629 2806 1736 2860 dux
1793 2805 2090 2860 secundum

489 2895 744 2950 duritiam
773 2910 928 2948 suam
983 2901 1037 2949 et
1085 2909 1181 2949 cor
1226 2893 1573 2964 impmnitens
1627 2893 1958 2950 thezaurixat
1986 2893 2090 2948 sibi

486 2982 626 3038 iram
652 2982 707 3037 in
737 2983 826 3038 die
855 2982 952 3038 iraa
991 2981 1170 3054 (Rom.
1205 2981 1287 3053 ιι),
1336 2989 1395 3036 ut
1451 2990 1544 3037 aut
1569 2983 1845 3054 protelare
1885 2991 1975 3039 aut
2000 3000 2090 3056 pe-

487 3071 632 3126 nitus
663 3085 778 3128 sum
789 3070 961 3142 ipsius
991 3077 1044 3125 et
1070 3069 1362 3126 multorum
1385 3071 1571 3126 salutis
1596 3087 1816 3126 causam
1835 3081 2086 3128 contem-

488 3175 622 3216 nere
651 3158 799 3226 velit,
831 3166 885 3215 et
911 3159 1019 3216 hoc
1042 3159 1222 3230 ipsum
1240 3159 1418 3214 statim
1449 3175 1784 3232 cognoscere
1804 3161 2086 3232 cupimus:

488 3247 744 3320 quoniam
771 3247 930 3303 nobis
958 3263 1062 3304 nec
1105 3247 1432 3318 humanum,
1467 3263 1570 3304 nec
1602 3247 1846 3304 divinum
1874 3249 2092 3308 deficiet

487 3351 718 3408 prorsus
745 3335 1034 3393 consilium
1062 3343 1116 3390 et
1143 3336 1398 3391 auxilium
1449 3355 1465 3403 ;
1491 3337 1636 3407 quod
1672 3337 1832 3408 plane
1861 3339 2092 3394 reddere

491 3423 542 3480 ei
571 3424 872 3480 secundum
910 3439 1048 3496 opus
1079 3439 1238 3479 suum
1266 3432 1320 3478 et
1347 3425 1650 3480 secundum
1677 3425 1911 3482 fructum
1937 3427 2090 3482 adin-

487 3511 805 3569 ventionum
830 3527 1158 3568 suarum....
1181 3519 1293 3570 toto
1335 3513 1502 3569 corde
1537 3513 1871 3585 desiderant,
1904 3515 1958 3571 in
1989 3516 2092 3571 ad-

493 3609 657 3657 ventu
703 3600 852 3656 illius
908 3601 1227 3657 exsultent:
1261 3602 1389 3674 quia
1439 3610 1493 3657 et
1543 3602 1888 3674 omnipotens
1947 3605 2093 3660 Deus

492 3689 727 3744 blandus
749 3689 910 3758 justis
940 3697 993 3744 et
1033 3689 1294 3745 terribilis
1331 3690 1614 3761 apparebit
1642 3691 1874 3760 injustis.
1903 3693 2094 3748 Vestra

489 3777 673 3848 itaque
701 3776 1054 3832 dilectissima
1095 3778 1330 3833 charitas
1385 3778 1791 3834 devotissimam
1835 3796 1895 3835 se
1926 3797 2096 3853 super

488 3866 594 3922 hoc
621 3864 780 3920 nobis
807 3865 1078 3931 exhibeat,
1121 3873 1174 3920 et
1211 3881 1495 3938 quousque
1531 3867 1678 3923 vires
1705 3869 2090 3940 suppeditant,

489 3953 744 4010 laborare
771 3968 883 4008 non
909 3959 1107 4022 cesset,
1138 3961 1198 4008 ut
1225 3954 1356 4010 dum
1411 3955 1603 4010 vestris
1633 3957 1940 4013 hortatibus
1972 3960 2092 4016 haec

489 4049 682 4098 nostra
707 4042 998 4114 postulatio
1017 4043 1086 4098 ad
1117 4041 1366 4100 eﬁ‘ectum
1396 4044 1733 4116 pervenerit,
1766 4045 1962 4120 dignas
1990 4063 2094 4104 vo-

488 4130 573 4186 bis
593 4131 799 4204 gratias
828 4130 1150 4200 referamus,
1182 4140 1235 4188 et
1263 4133 1406 4204 apud
1451 4141 1670 4190 sanctos
1729 4135 2010 4207 apostolos
2039 4136 2096 4192 in

491 4219 825 4275 orationibus
861 4221 1065 4285 nostris
1107 4221 1427 4277 memoriam
1489 4223 1806 4279 habeamus.
1859 4225 1992 4279 Data
2032 4239 2093 4280 ιιι

494 4307 768 4364 Kalendas
793 4308 958 4376 Junii,
991 4309 1292 4366 indictione
1325 4310 1558 4366 decima.

1147 4450 1444 4506 LXXXVI.

495 4567 571 4610 ΔΙ)
601 4569 860 4612 CABOLUM
901 4569 1296 4612 ῙΠΡΕΚΔΤΟΒΕΗ
1339 4571 1621 4613 GEILONEM
1677 4572 1932 4616 ΑΒΒᾹΤΕΜ
1962 4575 2096 4617 TOR-

815 4658 1136 4699 TUTIENSEM
1201 4659 1450 4707 EJUSQUR
1489 4659 1808 4702 MONACHOS.

1055 4741 1238 4812 (Anno
1269 4742 1422 4810 877.)

577 4857 764 4932 Cellae,
797 4857 1016 4932 Godith,
1051 4875 1086 4913 a
1114 4858 1397 4932 Desiderio
1422 4859 1682 4932 principe
1711 4861 1970 4932 fundata:
1991 4880 2096 4922 sua

557 4928 1066 5000 juragconﬁrmat;
1121 4929 1318 5000 quibus
1366 4928 1526 5000 addit
1543 4928 1974 4990 immunitatem
2030 4937 2096 4992 ab

568 4999 724 5054 omni
753 5000 1060 5070 episcopali
1077 4999 1480 5070 juﬁsdictione
1497 5018 1648 5058 anno
1682 5003 1898 5060 Christi
1929 5008 2052 5062 877.

570 5103 824 5158 JOANNES
845 5103 1358 5175 epipcopus,servus
1379 5123 1657 5165 servorum
1677 5110 1798 5178 Dei,
1829 5111 2095 5182 spirituali

499 5191 610 5248 ﬁlio
629 5199 818 5248 nostro
863 5192 1100 5266 gloriosa
1146 5193 1367 5250 Canono
1412 5197 1725 5268 imperatori
1755 5201 2001 5274 Augusto
2030 5216 2096 5258 ac

499 5279 740 5337 GEILONI
768 5280 970 5352 inclyto
1015 5281 1196 5338 abbati
1251 5284 1569 5358 dilectisque
1602 5286 1726 5344 ﬁliis
1767 5289 1820 5343 in
1851 5291 2094 5345 Trenor-

495 5369 620 5426 chio
675 5370 1004 5426 monasterio
1053 5380 1256 5428 sanctae
1287 5381 1338 5430 et
1383 5374 1718 5433 intemeratae
1769 5393 2094 5451 semperque

496 5457 724 5530 virginis
744 5459 845 5515 Dei
871 5459 1151 5530 genitricis
1181 5462 1384 5530 Mariae,
1419 5471 1580 5536 atque
1610 5465 1852 5538 pretioso
1882 5467 2092 5524 confes-

494 5546 608 5603 sori
663 5547 862 5604 Christi
927 5548 1179 5607 Filiberto
1238 5551 1438 5626 largito
1473 5596 1486 5623 ,
1519 5555 1622 5610 sub
1669 5555 1864 5630 regula
1920 5558 2094 5615 sancti

2263 516 2557 588 Postquam
2585 514 2728 570 enim
2759 513 3053 568 auxiliante
3073 512 3308 579 Christo,
3331 512 3594 569 Ecclesiae
3623 513 3791 584 coepit

2191 603 2368 676 origo,
2405 619 2623 674 semper
2651 601 2937 672 impiorum
2967 600 3186 656 ﬂatibus
3230 601 3484 674 agitatur.
3521 597 3629 657 Sed
3658 601 3790 674 quia

2193 691 2392 746 nostris
2423 691 2756 762 temporibus
2776 689 2878 744 alis
2905 689 3281 760 imperialibus
3305 688 3625 756 sustollitur,
3655 704 3782 758 nos,

2191 779 2248 834 in
2275 786 2536 850 quantum
2565 778 2828 843 valemus,
2864 777 3180 849 apostolicis
3219 777 3622 833 auctoritatibus
3651 793 3784 834 con-

2191 866 2405 923 ﬁrmare
2487 867 2768 923 debemus.
2856 865 3088 922 Proinde
3145 867 3297 936 juxta
3327 865 3646 936 petitionem
3686 864 3791 921 ﬁlii

2191 956 2364 1011 nostri
2402 953 2892 1026 praecellentissimi
2919 954 3258 1026 imperatoris
3325 953 3524 1020 Caroli,
3557 953 3791 1025 privile-

2191 1043 2344 1116 gium
2370 1043 2680 1113 hujusmodi
2691 1043 3024 1100 auctoritatis
3039 1052 3240 1099 nostra:
3255 1042 3432 1098 eidem
3451 1043 3789 1098 monasterio

2191 1131 2390 1187 vestris
2417 1131 2720 1203 futurisque
2757 1131 3093 1202 temporibus
3129 1130 3503 1204 indulgemus,
3535 1129 3792 1186 concedi-

2191 1235 2311 1274 mus
2343 1227 2505 1291 atque
2531 1217 2928 1286 conﬁrmamus,
2959 1225 3018 1274 ut
3046 1219 3185 1275 sicut
3211 1219 3330 1290 ipse
3357 1217 3793 1291 gloriosissimus

2194 1307 2334 1362 tilius
2355 1315 2560 1374 noster,
2592 1323 2692 1378 per
2720 1306 3157 1378 deprecationem
3195 1306 3464 1362 Desiderii
3500 1305 3786 1377 principis,

2191 1395 2388 1452 cellam
2419 1411 2538 1468 quae
2567 1403 2792 1452 vocatur
2847 1394 3048 1450 Godith
3106 1395 3161 1449 in
3190 1410 3334 1466 pago
3363 1394 3694 1464 Vallavensi,
3727 1393 3786 1449 in

2191 1483 2313 1539 loco
2343 1483 2436 1556 qui
2465 1483 2664 1540 dicitur
2695 1482 2858 1538 Valiis
2886 1484 3150 1556 Augusta,
3181 1483 3303 1538 loco
3323 1483 3583 1553 praedicto
3606 1497 3786 1539 necne

2191 1571 2528 1642 praescriptis
2585 1571 2804 1637 sanctis,
2862 1586 2988 1627 cum
3041 1570 3182 1627 villis
3212 1587 3278 1627 ac
3307 1570 3651 1626 facultatibus
3681 1587 3782 1627 seu

2193 1659 2478 1730 stipendiis
2523 1659 2824 1725 concessit,
2884 1667 2936 1714 et
2981 1666 3255 1730 praecepto
3309 1676 3422 1715 suae
3450 1659 3784 1715 auctoritatis

2196 1748 2475 1804 roboravit
2501 1755 2663 1819 atque
2709 1747 3000 1820 privilegio
3045 1747 3276 1802 fratrum
3320 1756 3373 1803 et
3421 1745 3654 1802 ﬁliorum
3684 1763 3784 1802 no-

2199 1843 2434 1892 strorum
2463 1835 2840 1906 episcoporum
2886 1835 3102 1890 illarum
3139 1835 3427 1907 regionum
3469 1835 3786 1891 conﬁrmari

2197 1921 2322 1979 fecit
2355 1942 2368 1978 :
2402 1925 2474 1978 ita
2529 1923 2667 1979 sicut
2698 1923 2754 1977 in
2805 1923 2996 1978 eadem
3037 1925 3221 1980 charta
3276 1923 3574 1979 nobilitatis
3605 1923 3787 1996 'quam

2195 2009 2321 2067 fecit
2351 2011 2688 2078 Desiderius,
2725 2019 2778 2066 et
2802 2019 3077 2084 praecepto
3108 2010 3204 2066 ﬁlii
3248 2011 3420 2068 nostri
3449 2011 3627 2067 Caroli
3655 2026 3790 2068 con-

2195 2098 2414 2168 tinetur,
2449 2099 2769 2156 inconvulsa
2818 2107 3176 2170 permaneant
3207 2118 3220 2155 :
3253 2108 3312 2154 ut
3357 2099 3536 2154 nullus
3565 2115 3780 2173 regum,

2193 2203 2355 2243 nemo
2371 2188 2669 2243 antistitum
2698 2188 2784 2244 vel
2799 2188 3068 2256 abbatum,
3091 2203 3190 2244 seu
3219 2187 3443 2260 quilibet
3466 2203 3789 2260 quacunque

2193 2275 2456 2348 prmditus
2487 2277 2768 2349 dignitate,
2802 2277 2871 2332 de
2913 2277 3000 2331 his
3026 2293 3147 2348 quae
3186 2276 3242 2331 in
3263 2277 3368 2332 hoc
3385 2276 3674 2348 privilegio
3699 2275 3788 2332 vel

2193 2363 2250 2418 in
2303 2365 2591 2436 praeceptis
2641 2365 2814 2436 ipsius
2867 2363 2962 2419 ﬁlii
3003 2363 3176 2420 nostri
3206 2364 3381 2420 Caroli
3403 2364 3783 2434 continentur,

2195 2453 2494 2526 quidquam
2523 2452 2719 2508 exinde
2767 2453 3011 2508 minuere
3065 2453 3154 2508 vel
3193 2452 3413 2509 auferre
3458 2460 3788 2524 praesumat;

2193 2541 2290 2597 sed
2347 2549 2541 2597 cuncta
2595 2558 2716 2612 quae
2743 2541 2982 2612 praefatae
3045 2541 3292 2597 ecclesia
3337 2540 3558 2597 Godithi
3603 2539 3788 2596 oblata

2193 2637 2318 2686 sunt
2355 2630 2442 2685 vel
2498 2627 2685 2685 oﬁ’erri
2737 2629 3048 2702 pontigerit,
3109 2629 3428 2685 inconvulsa
3481 2637 3532 2686 et
3585 2628 3788 2684 illibata

2191 2726 2566 2792 permaneant.
2607 2718 2996 2782 Constituimus
3025 2717 3126 2772 alia
3173 2717 3485 2774 auctoritate
3514 2717 3658 2773 beati
3689 2718 3788 2774 Pe-

2152 2863 2156 2874 ,
2192 2807 2278 2876 tri,
2338 2815 2396 2862 ut
2454 2806 2687 2862 ecclesia
2746 2806 2803 2861 in
2831 2806 2974 2864 valle
3003 2807 3261 2878 praedicta
3289 2814 3615 2874 constructa,
3651 2813 3704 2862 et
3729 2805 3786 2861 in

2191 2897 2400 2950 honore
2428 2895 2744 2960 Salvatoris,
2778 2895 3004 2967 ejusque
3043 2894 3332 2951 Genitricis
3359 2895 3556 2965 dicata,
3587 2895 3787 2950 immu-

2191 2983 2274 3039 nis
2330 2983 2591 3038 habeatur
2647 2982 2716 3037 ab
2773 2983 2920 3038 omni
2975 2983 3344 3038 dominatione
3399 2991 3628 3050 terrena,
3662 2982 3790 3054 quia

2189 3071 2446 3142 injustum
2473 3070 2819 3126 decernimus
2845 3079 2901 3126 ut
2929 3071 3172 3144 gloriosa
3200 3071 3387 3126 mundi
3417 3071 3645 3144 Regina,
3666 3085 3788 3144 quas

2193 3176 2312 3217 cum
2343 3159 2478 3216 Filio
2495 3159 2682 3229 juncta
2701 3203 2713 3226 ,
2745 3161 2975 3214 exaltata
3013 3167 3098 3215 est
3125 3176 3290 3231 super
3327 3161 3523 3216 choros
3551 3159 3785 3233 angelo-

2193 3265 2334 3315 rum,
2361 3247 2611 3302 humanis
2631 3247 2894 3304 subdatur
2921 3248 3297 3320 potestatibus.
3349 3247 3786 3304 Anathematiza-

2191 3353 2332 3406 mus,
2364 3336 2548 3410 igitur,
2579 3345 2636 3391 ut
2663 3351 2824 3392 nemo
2851 3335 3147 3392 antistitum
3175 3337 3359 3393 locum
3380 3336 3484 3392 sibi
3510 3336 3788 3393 vindicare

2193 3425 2423 3492 audeat,
2455 3441 2553 3480 seu
2592 3425 2832 3496 qualibet
2877 3425 3164 3482 occasione
3211 3425 3587 3495 absolutionis,
3620 3433 3782 3498 atque

2195 3513 2768 3578 excommunicationis
2791 3557 2804 3584 ,
2853 3514 2941 3570 vel
2997 3530 3170 3570 sacrae
3232 3513 3590 3570 ordinationis
3638 3514 3787 3570 adire

2193 3609 2504 3674 praesumat,
2537 3602 2642 3658 nisi
2696 3603 2762 3658 ab
2817 3603 3014 3658 abbate
3067 3602 3193 3670 loci,
3225 3603 3368 3658 vela
3401 3602 3680 3658 monachis
3711 3602 3786 3658 ibi

2195 3693 2310 3747 Deo
2332 3690 2695 3746 servientibus
2742 3689 2900 3746 fuerit
2934 3691 3208 3747 invitatus.
3241 3691 3508 3748 Caeterum
3545 3691 3612 3746 ab
3639 3690 3787 3746 omni

2196 3779 2445 3835 saeculari
2481 3795 2717 3851 persona
2758 3779 3106 3836 decernimus
3144 3796 3268 3836 esse
3293 3778 3523 3836 liberum
3553 3787 3606 3836 et
3635 3779 3786 3852 quie-

2197 3876 2330 3935 tum,
2389 3875 2448 3922 ut
2476 3867 2532 3921 in
2587 3868 2878 3938 praeceptis
2921 3867 3016 3922 ﬁlii
3045 3869 3214 3923 nostri
3254 3868 3429 3924 Caroli
3455 3869 3782 3925 continetur.

2197 3955 2256 4012 Si
2287 3955 2408 4027 quis
2463 3962 2645 4010 autem
2711 3957 3003 4012 temerario
3059 3972 3193 4012 ausu
3213 3999 3226 4023 ,
3259 3971 3458 4028 magna
3509 3971 3784 4028 parvaque

2197 4059 2433 4116 persona
2453 4087 2466 4111 ,
2499 4051 2688 4100 contra
2726 4046 2832 4101 hoc
2869 4052 3111 4100 nostrum
3149 4045 3426 4101 decretum
3453 4061 3619 4119 agere
3644 4061 3785 4118 prae-

2198 4132 2511 4204 sumpserit,
2547 4133 2685 4190 sciat
2715 4149 2774 4190 se
2819 4133 3180 4190 anathematis
3211 4135 3428 4190 vinculo
3471 4151 3594 4190 esse
3624 4134 3786 4190 inno-

2197 4237 2402 4288 casum,
2436 4229 2488 4277 et
2515 4237 2548 4276 a
2578 4237 2750 4294 regno
2779 4221 2880 4278 Dei
2901 4222 3154 4290 alienum,
3179 4231 3364 4280 etcum
3383 4223 3564 4294 impiis
3584 4230 3787 4278 aeterno

2197 4310 2450 4366 incendio
2479 4310 2918 4366 condemnatum.
2953 4311 3224 4382 Scriptum
3253 4328 3351 4383 per
3395 4327 3614 4366 manum
3639 4312 3786 4366 Ana-

2199 4398 2346 4454 stasii
2363 4398 2554 4454 notarii
2584 4399 2876 4471 regionarii
2904 4407 2958 4454 et
2988 4399 3254 4455 scriniarii
3301 4407 3504 4457 sanctae
3532 4400 3788 4456 Romana

2119 4485 2172 4546 D
2193 4487 2476 4554 Ecclesiae,
2508 4487 2566 4542 in
2583 4503 2772 4544 mense
2800 4487 2958 4543 Junio
2986 4487 3280 4544 indictione
3310 4488 3492 4560 quinta
3510 4487 3782 4562 [decima].

2195 4577 2340 4632 Bene
2369 4575 2565 4632 valete.
2611 4577 2677 4632 In
2716 4578 2944 4650 plumbo
2983 4578 3218 4634 Joannis
3247 4595 3429 4650 papae.

2842 4701 3168 4759 LXXXVII.

2485 4821 2557 4860 Αι)
2583 4820 3059 4864 ARCHIEPISCOPUH
3087 4821 3484 4865 RAVENNATEM.

2794 4899 2976 4961 (Anno
3015 4896 3166 4965 877.)

2198 4983 2428 5058 Certum
2456 4985 2775 5058 praescribit
2784 4986 2932 5042 diem
2943 5002 3048 5058 quo
3077 4988 3356 5042 Ravenna;-
3383 5003 3514 5042 cum
3529 4986 3787 5058 omnibus

2265 5056 2384 5110 suis
2433 5053 2806 5127 suffraganeis
2835 5053 3143 5130 adfuturus
3217 5058 3291 5112 sit
3317 5058 3523 5130 {quod
3565 5057 3618 5113 si
3660 5057 3784 5130 quis

2298 5141 2501 5251 parertc
2532 5128 2952 5200 contempserit,
3003 5128 3788 5186 eacommunic‘ationem‘ilii

2298 5211 2458 5251 mina
2491 5213 2580 5252 ur.

2265 5284 2521 5341 JOANNES
2550 5286 2966 5372 archiepiscopo
2993 5287 3316 5356 Ravennati,

2267 5381 2375 5436 Iter
2397 5383 2542 5454 quod
2571 5399 2669 5454 pro
2700 5383 3050 5442 dissolvendo
3080 5383 3288 5441 foedere
3319 5385 3447 5441 olim
3476 5401 3506 5440 a
3535 5383 3792 5457 Neapoli-

2195 5471 2332 5526 tanis
2362 5486 2486 5527 cum
2516 5473 2833 5530 Sacracenis
2862 5474 2994 5530 inito
3039 5475 3343 5546 Trajectum
3371 5473 3600 5530 fecimus
3627 5489 3730 5530 nos
3760 5488 3796 5529 a

2190 5559 2460 5632 praeﬁnito
2501 5561 2588 5618 dic
2643 5563 2839 5638 synodi
2879 5563 3174 5622 retardavit
3205 5607 3220 5634 ,
3255 5563 3354 5622 sed
3396 5563 3524 5636 quia
3571 5570 3792 5622 auctore
