4160 6318
377 238 483 291 737
1511 235 1865 293 EPISTOLzE
1909 237 2000 292 ET
2052 236 2397 293 DECRETA.
3541 235 3659 292 .738

374 361 513 430 Deo,
535 359 655 430 ipso
675 358 923 427 discisso,
949 359 1100 432 quies
1122 360 1534 433 aliquareddita
1557 362 1961 432 comprobatur,
1997 360 2364 427 Alicitudine,
2434 359 2782 431 praecipiente
2828 360 3078 426 Domino,
3137 358 3320 414 favere
3375 357 3658 425 debemus,

373 463 503 504 ecce
529 448 598 502 de
627 448 821 503 itinere
862 449 1152 504 scribimus
1201 465 1300 505 nos
1329 450 1631 505 certissime
1679 458 1832 505 sexto
1875 450 1970 504 de-

372 536 516 592 cimo
545 536 822 591 Kalendas
853 539 1122 608 Augustas
1152 539 1423 593 Ravenna“:
1453 538 1682 604 futuros,
1716 538 1809 592 ubi
1840 554 1970 593 san-

375 625 535 679 ctitas
557 633 646 678 tua
675 641 776 696 per
801 641 859 679 se
889 642 1011 681 cum
1052 627 1303 680 omnibus
1334 625 1692 698 suﬂ‘raganeis
1724 625 1836 680 suis
1865 625 1973 696 epi-

377 713 580 783 sc0pis,
605 729 742 784 quos
772 713 888 784 ipsa
906 729 1207 770 convocare
1228 715 1410 782 debet,
1435 715 1630 769 adesse
1647 714 1970 769 duodecimo

375 801 748 856 Kalendarum
774 804 1161 873 Augustarum,
1199 803 1345 858 omni
1367 811 1578 858 remota
1599 803 1967 868 excusatione,

383 891 1041 959 procuret;utcommuni
1081 899 1305 946 tractatu
1343 891 1652 946 communia
1694 891 1974 947 Ecclesia-

379 994 503 1032 rum
535 985 719 1032 exorta
769 979 974 1032 zizania
1017 980 1348 1051 generaliter
1403 980 1718 1035 evellantur.
1772 980 1828 1035 Si
1855 979 1974 1051 quis

373 1073 555 1121 autem
585 1066 639 1120 in
669 1067 772 1121 hac
791 1075 947 1137 parte
969 1067 1260 1139 collegium
1288 1077 1527 1124 vestrum
1555 1068 1830 1139 putaverit
1878 1068 1972 1121 de-

376 1154 708 1219 clinandum,
761 1155 1154 1210 communionis
1202 1165 1400 1212 nostra
1431 1173 1462 1211 a
1493 1173 1552 1212 se
1581 1156 1794 1212 noverit
1848 1171 1977 1211 con-

379 1244 600 1298 sortium
632 1244 810 1298 modis
850 1243 1103 1298 omnibus
1147 1245 1529 1300 adimendum:
1560 1245 1717 1300 nobis
1784 1244 1976 1316 procul

377 1331 564 1401 dubio,
600 1332 901 1386 secundum
930 1333 1248 1402 Apostolum
1281 1335 1356 1404 (II
1386 1335 1505 1390 Cor.
1535 1333 1616 1403 χ),
1651 1333 1707 1388 in
1724 1341 1976 1404 promptu

378 1419 702 1474 habentibus
723 1419 912 1474 ulcisci
941 1437 1160 1476 omnem
1189 1422 1629 1477 inobedientiam.
1651 1421 1785 1476 Data
1804 1425 1974 1478 utau-

378 1525 504 1581 pra,
529 1507 822 1565 indictione
843 1525 900 1562 x.

985 1623 1334 1679 LXXXVIII.

999 1726 1072 1766 AD
1099 1726 1348 1768 EUMDEH.

972 1807 1153 1877 (Anno
1184 1807 1332 1876 877.)

383 1895 590 1952 Scribit
607 1911 677 1967 ise
690 1896 929 1966 jussisse
949 1899 1014 1950 ut
1024 1910 1216 1950 omnes
1230 1896 1412 1967 Italic
1433 1897 1696 1967 episcoPi,
1719 1900 1774 1950 et
1797 1897 1990 1966 praeci-

452 1981 564 2037 pue
603 1965 981 2032 Venetiarum,
1004 1967 1076 2020 ad
1087 1965 1361 2037 synodum
1387 1965 1668 2021 Ravennae
1698 1965 1987 2023 celebran-

457 2036 588 2090 dam
627 2037 918 2091 accedant.

451 2141 658 2196 10mm
687 2149 711 2176 ⁸
736 2141 1149 2211 archiepiscOpo
1169 2142 1485 2197 Ravennati.

443 2229 595 2284 Scire
625 2229 875 2284 volumus
905 2229 1133 2302 gloriam
1163 2238 1308 2284 tuam
1338 2247 1439 2300 pro
1469 2230 1650 2285 multis
1683 2230 1984 2286 necessita-

386 2315 534 2371 tibus
564 2325 763 2372 sanctae
794 2317 895 2372 Dei
921 2318 1200 2384 Ecclesiae,
1257 2319 1395 2373 sicut
1425 2319 1539 2387 jam
1568 2327 1620 2374 te
1652 2335 1760 2373 non
1815 2319 1984 2374 latere

390 2405 725 2460 credendum
755 2415 854 2471 est,
893 2407 1182 2461 undecimo
1201 2407 1475 2461 Kalendas
1504 2409 1776 2479 Augustas
1829 2407 1984 2462 istius

385 2492 612 2548 decimae
640 2493 969 2559 indictionis,
996 2495 1288 2561 Ravennae,
1323 2495 1498 2568 gratia
1529 2496 1704 2551 sancti
1752 2496 1982 2566 Spiritus

387 2580 742 2653 suffragante,
777 2583 1049 2652 synodum
1076 2599 1176 2638 nos
1207 2599 1333 2638 cum
1380 2583 1743 2639 confratribus
1801 2591 1854 2638 et
1883 2602 1981 2639 co-

387 2669 660 2740 episcopis
689 2670 888 2725 nostris
918 2671 1215 2727 instituisse
1245 2671 1362 2727 fore
1383 2673 1560 2727 modis
1573 2673 1823 2727 omnibus
1839 2673 1984 2729 cele-

389 2756 672 2813 brandam.
705 2761 785 2813 Ac
833 2775 993 2830 quam
1058 2759 1196 2814 sicut
1247 2777 1369 2827 nos,
1424 2761 1608 2816 multis
1664 2761 1980 2816 utilitatibus

386 2845 624 2913 omissis,
656 2860 758 2902 nec
785 2846 1029 2902 laborem
1057 2848 1278 2919 quidem
1304 2849 1529 2918 itineris,
1564 2865 1668 2904 nec
1707 2850 1978 2920 intempe-

388 2933 620 2988 rantiam
647 2934 791 2989 aeris
819 2943 1155 3006 recusantes,
1187 2953 1536 2993 occurremus
1582 2936 1741 3009 [edit.
1782 2941 1936 2995 Rom.
1957 2980 1974 3004 ,

386 3021 744 3094 occurimus];
775 3023 846 3077 ita
876 3025 1066 3078 omnes
1107 3024 1234 3081 hinc
1283 3034 1337 3080 et
1378 3025 1505 3080 inde
1553 3026 1798 3082 volumus
1835 3027 1977 3082 anti-
2010 3063 2059 3126 Ο

391 3109 545 3165 stites
599 3111 881 3177 advenire,
915 3120 972 3166 ut
1002 3112 1262 3184 quidquid
1308 3113 1364 3168 in
1392 3121 1579 3170 sancta
1606 3115 1706 3169 Dei
1735 3115 1983 3170 Ecclesia

389 3213 680 3269 perperam
707 3216 808 3270 per
835 3200 1160 3256 zizaniorum
1191 3211 1401 3257 satores
1421 3203 1661 3258 crevisse
1691 3203 1982 3275 dignosce-

388 3285 502 3347 tur,
534 3281 638 3337 hoc
651 3283 922 3338 communi
940 3291 1165 3340 tractatu
1177 3301 1276 3356 per
1296 3293 1542 3340 nostrum
1554 3301 1841 3341 commune
1863 3295 1981 3342 stu-

384 3368 534 3424 dium
563 3370 821 3426 radicitus
841 3372 1184 3443 exstirpetur.
1219 3373 1426 3428 Idcirco
1457 3382 1512 3428 tu
1531 3389 1621 3428 am
1649 3374 1982 3430 nobilitatem

386 3456 642 3530 ignorare
669 3475 781 3514 non
807 3460 1040 3530 patimur
1051 3462 1196 3532 quod
1217 3461 1506 3533 episcopos
1563 3463 1908 3518 Venetiarum
1931 3471 1984 3520 et

389 3545 593 3602 electos
615 3555 944 3620 vocatosque
972 3550 1260 3620 episcopos
1299 3550 1606 3607 vacantium
1662 3552 1872 3606 sedium
1910 3552 1983 3607 ad

388 3635 637 3690 eamdem
663 3638 948 3706 synodum,
982 3638 1120 3694 sicut
1141 3639 1254 3707 jam
1275 3654 1370 3694 eos
1399 3639 1734 3707 vocavimus,
1767 3641 1983 3696 occurri

389 3730 443 3779 et
470 3723 662 3780 iterato
683 3725 1106 3796 decreverimus,
1140 3736 1197 3782 ut
1228 3728 1370 3782 inter
1416 3729 1783 3784 reverendam
1842 3745 1982 3800 quo-

388 3827 495 3882 que
521 3814 990 3884 metropolitanum
1021 3823 1261 3870 vestrum
1291 3825 1344 3872 et
1372 3832 1472 3872 vos
1501 3817 1678 3872 omnis
1701 3817 1983 3873 altercatio

388 3899 704 3956 discutiatur
731 3903 1086 3973 examinetur,
1119 3912 1170 3958 et
1197 3919 1381 3960 coram
1410 3913 1597 3960 sancta
1631 3906 1839 3976 synodo
1887 3921 1983 3962 ca-

390 3989 584 4044 nonice
613 3991 951 4046 terminetur.
988 3993 1242 4064 Alioquin
1275 4001 1384 4048 tam
1411 3994 1611 4048 anobis
1625 4011 1832 4066 quama
1854 4011 1982 4049 san-

391 4085 477 4132 cta
507 4079 735 4149 synodo,
771 4080 1210 4146 siinobedientes
1235 4083 1352 4151 jam
1381 4083 1540 4137 toties
1555 4099 1654 4153 per
1697 4083 1986 4153 epistolam

389 4167 567 4221 vocati
596 4168 917 4235 exstiterint,
950 4177 1207 4241 tanquam
1229 4179 1636 4241 contemptores
1660 4171 1986 4241 synodicam

396 4255 717 4310 sententiam
747 4256 1021 4312 incurrere
1053 4259 1409 4314 merebuntur
1441 4277 1454 4312 :
1489 4259 1616 4331 quia
1644 4275 1770 4314 cum
1816 4260 1884 4314 sit
1914 4260 1984 4314 il-

388 4341 499 4398 linc
525 4345 839 4400 Ravennam
868 4347 1083 4402 brevior
1111 4348 1218 4413 via,
1250 4349 1319 4402 de
1349 4347 1536 4402 labore
1563 4348 1772 4402 itineris
1815 4364 1983 4403 excu-

1999 1714 2052 1774 B

2074 450 2348 520 praecipue
2375 457 2559 502 tamen
2586 447 2860 503 devotioni
2892 455 3016 514 tute,
3061 446 3375 502 dulcissima
3403 461 3468 501 ac
3499 444 3666 516 spiri-

2073 537 2228 592 tualis
2261 536 2368 591 filia
2398 544 2585 591 nostra
2611 536 2967 608 Angilberga,
3019 535 3149 590 olim
3207 533 3519 604 imperatrix
3551 534 3665 588 Au-

2075 634 2249 696 gusta,
2285 642 2447 697 quam
2477 625 2671 679 merito
2700 626 2876 679 honor
2905 631 3066 694 atque
3111 623 3416 678 reverentia
3481 629 3666 677 sancta

2073 722 2247 769 mater
2287 722 2472 768 nostra
2519 713 2764 768 Romana
2804 711 3069 777 Ecclesia,
3117 719 3175 765 ut
3221 710 3570 765 dilectissima
3616 717 3670 764 et

2074 802 2431 873 principalem
2461 802 2671 872 prolem
2702 801 3042 872 amplectitur
3081 814 3299 869 semper
3342 807 3394 854 et
3429 798 3662 853 refovet.

2075 890 2418 962 Quapropter
2473 889 2878 955 monasterium,
2937 887 3335 943 xenodochium
3394 887 3542 957 quod
3605 885 3674 940 ad

2077 981 2344 1034 honorem
2388 978 2676 1034 dominica:
2725 975 3156 1044 resurrectionis,
3205 983 3258 1029 et
3288 975 3387 1029 BB.
3449 981 3671 1044 aposto-

2077 1068 2274 1136 lorum,
2301 1076 2354 1122 et
2386 1075 2682 1138 martyrum
2726 1063 3126 1133 Bartholomaai,
3175 1063 3330 1130 Sixti,
3363 1069 3416 1117 et
3446 1061 3672 1117 Fabiani

2078 1156 2329 1226 prudenti
2376 1154 2688 1226 provisione
2733 1169 2765 1208 a
2804 1152 3140 1207 fundamenti
3168 1167 3344 1221 nuper
3386 1150 3674 1206 Placentiae

2079 1243 2350 1300 aedificare
2378 1243 2613 1311 voluisti,
2647 1242 2905 1297 laudabili
2935 1240 3348 1311 complectimur
3377 1239 3669 1307 desiderio,

2079 1341 2412 1404 paternoque
2455 1331 2680 1386 affectu.
2711 1372 2723 1385 .
2748 1373 2761 1386 .
2815 1329 3128 1400 Apostolica
3170 1327 3304 1381 illud
3360 1327 3674 1383 auctoritate

2079 1428 2258 1475 ratum
2286 1436 2350 1475 ac
2381 1419 2674 1474 stabilitum
2715 1417 3029 1488 perenniter
3050 1416 3412 1482 instituentes,
3445 1423 3498 1470 et
3526 1423 3584 1469 ut
3605 1415 3674 1468 ab

2079 1509 2226 1564 omni
2275 1507 2620 1579 impulsione,
2672 1515 2832 1578 atque
2894 1504 3264 1576 inquietudine
3313 1503 3676 1574 quorumlibet

2080 1596 2447 1652 infestantium
2476 1594 2779 1650 beatissimi
2807 1593 2953 1648 Petri
2966 1593 3190 1647 tuitione
3205 1592 3435 1646 illaesum
3454 1607 3675 1662 semper

2081 1692 2134 1740 et
2160 1685 2563 1752 inconcussum,
2595 1683 2828 1739 Domino
2839 1689 3180 1754 protegente,
3200 1687 3518 1751 permaneat
3537 1699 3552 1748 ;
3569 1681 3675 1736 hoc

2091 1773 2254 1828 etiam
2291 1772 2604 1828 omnimodo
2633 1771 2985 1844 providemus
3012 1778 3068 1825 et
3111 1769 3372 1824 stabiliter
3425 1769 3677 1824 decerni-

2090 1878 2210 1916 mus
2239 1869 2297 1915 ut
2324 1861 2576 1917 universa
2603 1877 2724 1932 quae
2770 1859 2972 1914 ibidem
3009 1858 3067 1912 in
3095 1858 3260 1914 rebus
3307 1856 3597 1912 mobilibus
3627 1864 3679 1912 et

2088 1949 2479 2016 immobilibus,
2536 1950 2681 2004 intus
2737 1948 2980 2019 forisque
3035 1946 3092 2001 in
3137 1945 3352 2000 familiis
3397 1945 3677 2018 utriusque

2089 2054 2269 2107 sexus,
2301 2046 2603 2108 cunctoque
2644 2043 2834 2091 ornatu
2878 2033 3268 2100 ecclesiastico,
3320 2041 3484 2106 atque
3530 2032 3680 2088 omni

2088 2125 2449 2197 suppellectili
2480 2126 2653 2181 semel
2680 2124 2912 2180 Domino
2942 2139 2975 2178 a
3004 2123 3162 2179 vobis
3193 2121 3498 2178 distributae
3529 2129 3674 2188 sunt,

2085 2213 2280 2270 futuris
2301 2215 2638 2285 temporibus
2667 2212 2986 2269 inconvulsa
3013 2211 3068 2266 in
3099 2211 3294 2266 eodem
3314 2218 3528 2266 sacrato
3558 2210 3679 2265 loco

2084 2303 2380 2374 persistant
2409 2303 2648 2358 omnium
2689 2302 2907 2373 penitus
2952 2300 3335 2355 diminutiones
3390 2299 3474 2355 vel
3521 2299 3679 2355 inva-
3713 2309 3722 2312 ‘

2086 2391 2238 2446 sione
2287 2393 2500 2462 sopita;
2535 2392 2591 2445 in
2620 2391 2700 2445 eis
2737 2389 2900 2445 etiam
2929 2387 3169 2454 familiis,
3203 2403 3336 2458 quas
3366 2387 3435 2442 ob
3467 2387 3678 2442 redem-

2084 2480 2344 2550 ptionem,
2397 2479 2590 2534 animae
2638 2487 2836 2535 vestra:
2892 2476 3148 2548 prudenti
3205 2483 3453 2546 respectu
3511 2475 3677 2531 liber-

2085 2576 2189 2623 tate
2212 2568 2473 2634 donastis,
2492 2567 2576 2622 vel
2598 2567 2653 2622 in
2681 2565 2949 2638 reliquum
2961 2563 3308 2630 donaveritis,
3333 2563 3494 2618 simili
3515 2563 3680 2619 modo

2081 2672 2182 2711 nos
2211 2657 2366 2711 vobis
2394 2655 2658 2723 favemus,
2693 2654 3015 2725 aspiramus,
3060 2661 3113 2708 et
3142 2652 3499 2723 apostolicum
3538 2667 3679 2723 prae-

2082 2745 2274 2800 bemus
2302 2761 2608 2813 assensum,
2656 2751 2922 2814 quatenus
2969 2750 3022 2797 et
3051 2740 3131 2795 illi
3191 2757 3385 2796 secura
3432 2740 3678 2796 libertate

2082 2833 2254 2905 potiti,
2317 2841 2369 2888 et
2413 2833 2590 2906 gratia
2645 2831 2748 2886 Dei
2804 2831 2942 2889 duce
3003 2829 3331 2900 sempiterna
3386 2828 3680 2900 suscipiant

2083 2923 2281 2995 gaudia
2325 2921 2466 2978 vitae.
2520 2919 3003 2976 Consecrationem
3049 2934 3195 2990 pono
3242 2918 3534 2973 abbatissae
3573 2916 3680 2973 loci

2081 3011 2268 3082 ipsius,
2303 3018 2362 3065 ut
2389 3009 2499 3064 filia
2555 3010 2753 3065 devota
2797 3007 3002 3081 petisti.
3063 3005 3546 3061 Mediolanensium
3592 3021 3678 3061 ar-

2080 3099 2430 3169 chiepiscopo
2451 3098 2824 3163 concedimus,
2858 3097 2944 3152 vel
2986 3095 3323 3167 Aquileiensi
3360 3095 3452 3166 qui
3480 3109 3681 3150 secun-

2080 3188 2209 3241 dum
2238 3202 2430 3242 vocem
2468 3184 2750 3258 Evangelii
2804 3199 2903 3256 per
2937 3183 3158 3249 ostium,
3206 3190 3257 3236 et
3303 3182 3563 3237 canonice
3594 3182 3677 3236 in-
3742 3199 3752 3209 ε

2081 3291 2301 3347 gressus
2363 3273 2539 3341 fuerit,
2612 3273 2808 3344 cuique
2878 3272 3038 3327 etiam
3095 3270 3458 3326 reformandae
3527 3270 3678 3341 pacis

2082 3363 2317 3418 studium
2337 3361 2657 3434 delegamus
2686 3377 2808 3415 cum
2835 3358 3210 3416 moderamine
3255 3357 3576 3430 disciplinae,
3609 3359 3675 3425 si,

2083 3451 2251 3522 quod,
2285 3450 2445 3520 absit,
2477 3451 2718 3505 humano
2746 3465 2899 3504 more
2939 3449 3195 3503 obortum
3251 3445 3413 3502 fuerit
3473 3446 3678 3503 ibidem

2083 3547 2369 3603 discordiae
2397 3547 2617 3602 malum.
2651 3546 2767 3600 Etsi
2805 3545 2988 3616 aliqua
3028 3561 3127 3616 pro
3151 3553 3398 3614 tempore
3429 3544 3676 3600 necessi-

2083 3638 2194 3686 tate
2223 3631 2641 3703 malignantium
2671 3630 2918 3702 gravedo
2951 3627 3243 3699 impulerit,
3306 3627 3533 3683 licenter
3575 3628 3681 3684 hoc

2083 3721 2151 3774 ad
2185 3720 2369 3774 sedem
2407 3719 2756 3790 apostolicam
2827 3717 3024 3772 referre
3049 3716 3395 3787 mandamus,
3428 3724 3487 3770 ut
3534 3717 3680 3788 quod

2085 3806 2306 3875 rectius,
2343 3816 2398 3864 et
2435 3807 2778 3878 praestantius
2817 3806 2982 3862 fuerit
3024 3805 3213 3874 judicii
3257 3805 3340 3860 sui
3398 3805 3681 3862 libramine

2085 3896 2332 3962 diﬁiniat,
2365 3896 2652 3968 scpiatque
2704 3895 3015 3966 Opprimere
3059 3893 3400 3966 suprafatum
3444 3910 3679 3950 venera-

2085 3985 2252 4041 bilem
2301 3984 2499 4040 locum.
2547 3986 2695 4038 Inter
2723 3985 2840 4040 haec
2860 3982 3026 4038 Paulo
3069 3982 3369 4038 venerabili
3400 3981 3680 4054 episcOpo,

2087 4073 2178 4144 qui
2225 4073 2471 4142 ejusdem
2516 4071 2666 4125 urbis
2720 4070 3044 4142 placentinze
3100 4070 3450 4140 praesulatum
3505 4071 3678 4141 gerit,

2085 4161 2361 4233 praebente
2390 4175 2738 4224 consensum,
2769 4167 2826 4213 ut
2855 4157 3039 4213 clerici
3068 4159 3434 4228 cujuscunque
3471 4158 3677 4212 ordinis

2087 4250 2157 4303 ad
2178 4263 2466 4302 numerum
2486 4245 2774 4301 duodecim
2803 4245 2857 4300 in
2888 4245 3082 4300 eodem
3108 4252 3296 4300 sancto
3331 4245 3451 4301 loco
3474 4245 3680 4316 jugiter

2087 4336 2412 4400 deserviant,
2450 4334 2737 4390 missarum
2767 4333 3034 4389 solemnia
3063 4333 3424 4399 celebrantes,
3459 4341 3679 4389 servato

394 4431 656 4487 sationem
683 4434 884 4490 habere
914 4452 1023 4489 non
1055 4443 1328 4506 poterunt.
1382 4437 1518 4491 Data
1561 4452 1661 4490 xw
1711 4436 1982 4492 Kalendas

2087 4426 2345 4479 duntaxat
2373 4424 2428 4478 in
2456 4440 2552 4478 eos
2581 4423 2825 4495 episcOpi
2871 4422 3073 4494 prOprii
3115 4421 3353 4493 regulari
3408 4430 3678 4493 respectu,

395 4521 646 4591 Augusti,
678 4521 972 4579 indictione
1021 4523 1251 4579 decima.

1037 4649 1342 4705 LXXXIX.

395 4747 756 4793 PRIVILBGIUM
784 4750 1140 4793 HONASTERIO
1169 4755 1238 4792 ET
1261 4753 1620 4794 XENODOCBIO
1637 4751 1987 4794 PLACENTINO

1037 4843 1380 4882 CONCESSUM.
1523 4825 1540 4831 ”

1022 4915 1201 4986 (Anno
1231 4919 1378 4986 877.)

401 4999 580 5072 [Apud
608 5001 817 5073 Campi,
839 5002 969 5059 dell’
1000 5006 1142 5060 Hist.
1163 5007 1298 5060 eccl.
1331 5005 1389 5059 di
1416 5005 1712 5071 Piacenza,
1746 5021 1800 5075 p.
1844 5001 1992 5076 463.]

467 5101 723 5155 JOANNES
753 5101 1066 5173 episcopus,
1095 5118 1286 5158 servus
1314 5119 1599 5158 servorum
1641 5101 1993 5169 Dei,ANGIL-

398 5200 594 5243 Βειιαλιε
625 5189 836 5245 dilectae
866 5189 988 5244 ﬁliae
1031 5190 1389 5261 imperatricis
1420 5193 1697 5264 Augusta,
1734 5197 1786 5245 et
1814 5205 1914 5261 per
1942 5197 1995 5245 te

399 5284 492 5332 tuo
533 5278 831 5334 venerabili
872 5279 1204 5335 monasterio
1254 5279 1542 5334 Placentiae
1598 5279 1814 5335 noviter
1858 5294 1993 5334 con-

400 5371 607 5420 structo
628 5366 682 5419 in
711 5376 1047 5438 perpetuum.

471 5453 736 5509 Omnibus
767 5455 985 5526 quidem
1008 5457 1164 5525 juxta
1208 5455 1514 5528 petentibus
1545 5455 1845 5528 apostolica
1877 5453 1992 5510 sol-

2089 4513 2370 4570 vocatione
2401 4513 2608 4568 scilicet
2637 4511 2901 4584 synodica
2938 4519 2990 4565 et
3020 4511 3362 4566 ordinatione
3383 4526 3682 4566 consecra-

2088 4603 2268 4669 tionis,
2293 4603 2365 4656 ita
2393 4610 2595 4666 tamen,
2624 4609 2683 4655 ut
2711 4601 2766 4654 in
2787 4601 2929 4656 dicto
2961 4600 3211 4656 coenobio
3242 4607 3296 4654 et
3341 4599 3683 4655 xenodochio

2089 4692 2362 4764 rebusque
2417 4690 2661 4762 ipsorum
2705 4689 2914 4744 nullum
2970 4705 3028 4742 se
3077 4687 3291 4743 noverit
3335 4703 3368 4742 a
3419 4687 3584 4742 modo
3631 4696 3686 4744 et

2090 4783 2352 4852 deinceps
2393 4781 2483 4849 jus
2520 4779 2801 4850 potestatis
2865 4777 3118 4843 habere;
3170 4792 3346 4848 neque
3407 4777 3566 4831 etiam
3614 4777 3685 4834 ad

2089 4871 2289 4925 missas
2347 4868 2700 4926 celebrandas
2771 4868 2917 4936 juxta
2973 4867 3191 4920 Patrum
3252 4864 3513 4933 instituta,
3582 4867 3689 4922 nisi

2091 4969 2369 5035 invitatus,
2408 4967 2680 5022 adveniat.
2730 4965 2987 5022 Decimus
3006 4964 3312 5034 verojuris,
3334 4965 3522 5032 vestri,
3549 4981 3688 5038 quas

2094 5073 2321 5137 pr0pter
2350 5064 2450 5120 Dei
2469 5078 2711 5119 amorem
2737 5070 3155 5133 vestrorumque
3194 5061 3466 5118 bonorum
3505 5080 3689 5120 recor-

2098 5162 2375 5217 dationem
2405 5160 2599 5216 devote
2619 5166 2783 5230 atque
2811 5157 3046 5214 libenter
3069 5159 3185 5227 jam
3199 5158 3377 5215 dictus
3398 5161 3687 5232 episcopus

2097 5266 2447 5332 suprataxato
2473 5256 2772 5314 venerabili
2814 5256 2935 5313 loco
2974 5257 3204 5328 largitus
3234 5266 3318 5313 est
3365 5259 3614 5314 volumus
3632 5265 3692 5313 ut

2097 5355 2305 5424 absque
2327 5353 2691 5423 refragatione
2720 5360 2832 5407 tam
2865 5353 3037 5424 ipsius
3077 5369 3240 5425 quam
3270 5363 3322 5410 et
3343 5371 3691 5411 sucessorum

2096 5453 2233 5521 ejus,
2261 5451 2407 5508 velut
2436 5451 2556 5522 ipsa
2586 5450 2866 5506 instituisti
2925 5467 3086 5508 sacro
3118 5453 3458 5508 xenodochio
3487 5467 3690 5522 perpe-

466 5613 491 5644 α
513 5607 679 5672 Forte,
703 5606 914 5661 Joannes
950 5609 1072 5666 Ursa
1103 5607 1412 5662 Venetiarum
1435 5609 1569 5674 duci,
1597 5611 1651 5661 ut
1672 5606 1918 5673 signiﬁcat
1937 5581 2038 5658 vox
2062 5605 2145 5657 illa
2169 5605 2380 5670 gloriam
2410 5606 2561 5670 tuam,
2590 5617 2737 5671 quam
2762 5607 2812 5657 et
2835 5605 2886 5656 in
2912 5605 3136 5670 epistola.
3162 5605 3321 5656 Hann.
