4160 6318
532 156 636 210 739

1801 152 2098 211 JOANNIS
2153 152 2346 210 PAPE
2404 157 2546 231 vm.

3716 162 3829 218 ⁸740

496 272 503 281 ”
527 277 743 334 tualiter
769 276 1088 333 habeantur.
1120 277 1348 348 Insuper
1366 277 1650 333 statuimus
1666 277 1840 346 vobis,
1860 286 1914 333 et
1930 286 2114 334 aucto—
2143 276 2201 338 A
2220 286 2329 334 tem
2359 289 2411 336 et
2439 282 2510 338 ad
2536 254 2840 355 profectum
2884 283 3105 341 honoris
3154 291 3354 341 sancta
3394 292 3499 341 tua
3543 285 3821 357 pertinere

528 366 679 422 ritate
723 365 1024 437 apostolica
1067 364 1388 433 stabilimus,
1446 374 1505 421 ut
1546 366 1694 435 juxta
1751 366 1895 438 quod
1948 365 2121 421 nostri

524 470 887 527 pracessores
915 453 1026 508 suis
1055 453 1153 508 tibi
1181 453 1483 527 privilegiis
1514 454 1855 510 concessisse
1885 462 1938 510 et
1965 455 2122 510 robo-

526 559 681 599 rasse
710 542 980 611 videntur,
1027 541 1277 597 universa
1320 558 1440 613 qua
1483 542 1611 596 olim
1658 542 1797 598 diva
1838 543 2119 598 memoria

526 630 827 686 Ludovicus
878 629 1263 685 serenissimus
1314 629 1608 700 imperator
1638 639 1690 685 et
1718 631 1802 685 vir
1843 638 1966 685 tuus
2020 646 2120 700 per

523 736 680 775 suam
708 717 1131 774 muniﬁcentiam
1161 718 1534 789 augustalibus
1565 718 1808 789 apicibus
1851 718 1947 772 tibi
1988 719 2117 772 dum

524 809 821 874 adviveret,
872 805 1167 862 contulisse
1205 807 1484 876 probatur,
1534 821 1631 860 seu
1677 805 1842 860 etiam
1889 822 1952 861 ea
1995 823 2117 878 qua

522 896 644 968 ipsa
671 903 795 967 post
805 894 1023 949 modum
1046 893 1417 965 imperialibus
1436 893 1837 965 largitionibus,
1858 894 1943 949 vel
1956 894 2117 949 etiam

523 983 851 1057 quibuslibet
898 982 1059 1051 justis
1101 982 1564 1054 acquisitionibus,
1624 982 1988 1053 emptionibus
2026 982 2115 1037 vel

523 1070 1031 1132 commutationibus
1059 1070 1114 1124 in
1140 1070 1413 1142 proprios,
1447 1070 1562 1125 sive
1586 1070 1698 1139 jam
1744 1071 1873 1126 dicti
1919 1086 2114 1125 mona-

523 1162 672 1218 sterii
698 1161 774 1215 tui
800 1176 931 1214 usus
950 1158 1248 1229 acquisisti,
1284 1175 1380 1213 seu
1411 1158 1465 1212 in
1484 1165 1765 1229 posterum
1782 1158 2114 1231 acquisitura

524 1268 619 1319 es;
650 1247 917 1320 simulque
963 1254 1014 1302 et
1057 1262 1123 1301 ea
1152 1263 1273 1319 qua
1302 1247 1372 1301 ad
1403 1246 1840 1318 supplementum
1869 1247 2115 1317 ejusdem

521 1338 719 1395 sacrati
749 1337 873 1402 loci,
909 1343 962 1391 et
1009 1344 1120 1390 tam
1164 1351 1354 1406 regum
1395 1351 1556 1407 quam
1593 1335 1821 1390 aliorum
1852 1350 2112 1406 quorum-

520 1427 650 1483 libet
693 1424 931 1480 ﬁdelium
976 1423 1268 1478 donatione
1305 1421 1393 1478 vel
1434 1422 1774 1489 liberalitate,
1824 1439 1970 1478 nunc
2025 1424 2113 1478 vel

519 1515 743 1587 posthac
783 1513 965 1568 addita
1018 1511 1187 1567 fuisse
1228 1511 1650 1582 comprobatur;
1679 1511 1873 1566 eodem
1916 1518 2109 1567 tenore

2220 378 2516 425 noscuntur
2541 371 2824 443 Ecclesia,
2850 372 2937 429 cui
2966 388 3038 428 ex
3066 372 3247 428 divina
3296 372 3547 445 largitate
3574 388 3821 444 praeesse

2220 456 2582 529 dignosceris,
2615 461 2962 517 enucleanter
2987 460 3251 532 perﬁcere
3281 461 3614 528 studeamus,
3664 461 3825 517 incli-

2218 545 2329 600 nati
2374 548 2630 617 precibus
2672 549 2779 603 tuis
2825 566 2926 621 per
2954 551 3059 606 hoc
3087 556 3331 605 nostrum
3360 549 3670 620 apostolicae
3712 565 3819 605 au-

2219 633 2481 689 ctaritatis
2528 634 2871 709 privilegium
2911 635 3294 692 confirmamus
3324 635 3420 690 tibi
3477 637 3821 693 successori-

2218 721 2427 794 busque
2447 723 2553 777 tuis
2584 724 2769 779 omnia
2794 724 3083 796 privilegia
3111 732 3223 780 tam
3255 740 3536 781 sacrorum
3593 724 3821 796 pontiﬁ-

2218 826 2341 865 cum
2366 828 2527 883 quam
2555 812 2918 883 gloriosorum
2961 815 3330 884 Augustorum
3358 821 3651 885 praecepta,
3694 829 3817 885 qua

2214 914 2315 969 pro
2336 900 2543 956 honore
2574 909 2778 957 sancta
2821 909 2926 957 tua
2973 902 3254 969 Ecclesia,
3289 909 3341 957 et
3368 918 3549 957 rerum
3574 902 3816 957 omnium

2214 987 2497 1042 mobilium
2537 996 2588 1043 et
2637 989 2992 1044 immobilium
3042 989 3332 1045 stabilitate
3392 990 3592 1045 collata
3648 999 3815 1056 sunt;

2213 1091 2316 1130 nec
2345 1092 2455 1131 non
2482 1083 2534 1131 et
2561 1077 2859 1147 apostolica
2885 1094 3115 1133 censura
3135 1077 3417 1132 statuimus
3436 1086 3494 1133 ut
3510 1078 3814 1134 secundum

2213 1178 2401 1219 sacros
2444 1180 2699 1232 canones,
2765 1165 2963 1236 Spiritu
3007 1167 3109 1221 Dei
3164 1166 3429 1233 conditas,
3490 1166 3678 1222 clerici
3723 1167 3814 1223 vel

2213 1251 2666 1318 sanctimoniales,
2700 1261 2792 1307 aut
2820 1252 2998 1310 vidua
3028 1254 3128 1308 sub
3158 1262 3250 1309 tua
3296 1262 3506 1325 tuaque
3546 1254 3815 1311 Ecclesia

2210 1354 2344 1394 cura
2373 1347 2427 1394 et
2452 1340 2813 1397 sollicitudine
2857 1349 3000 1396 stare
3048 1342 3302 1408 debeant,
3350 1342 3638 1413 nullusque
3692 1349 3806 1397 tam

2210 1427 2353 1482 sacri
2383 1428 2592 1483 ordinis
2618 1429 2880 1499 praeditus
2911 1429 3120 1485 honore
3160 1445 3324 1500 quam
3371 1429 3535 1484 etiam
3581 1430 3807 1486 sacula-

2208 1514 2350 1569 rium
2405 1516 2653 1571 minister
2726 1516 3064 1589 dignitatum,
3119 1533 3441 1589 quocunque
3485 1518 3651 1573 modo
3707 1533 3804 1573 eos

519 1611 569 1659 et
603 1603 791 1658 ordine
837 1617 945 1672 quo
992 1600 1089 1655 tibi
1134 1599 1222 1656 vel
1273 1607 1365 1655 tuo
1411 1599 1799 1670 pranominato
1856 1600 2107 1655 coenobio
2134 1621 2188 1682 D
2209 1619 2410 1674 easque
2438 1604 2507 1657 ad
2534 1603 2806 1674 publicum
2834 1605 3152 1675 pertrahere
3176 1605 3457 1674 judicium,
3489 1613 3583 1661 aut
3612 1605 3682 1660 ob
3701 1605 3807 1662 hoc

514 1691 870 1755 advenerunt,
917 1688 1126 1743 illibata
1163 1695 1215 1743 et
1265 1687 1519 1742 inviolata
1564 1694 1723 1759 atque
1780 1687 2107 1743 inconcussa

513 1785 868 1852 permaneant
896 1785 948 1832 et
998 1776 1297 1832 secundum
1345 1783 1450 1830 tua
1493 1775 1850 1830 ordinationis
1909 1782 2105 1830 statuta

514 1867 825 1939 persistant.
857 1865 927 1920 Et
956 1863 1001 1919 si
1033 1864 1173 1935 quis,
1206 1864 1352 1934 quod
1369 1871 1756 1933 nonoptamus,
1778 1870 1969 1918 contra
1990 1863 2107 1931 hac

516 1962 714 2010 statuta
769 1954 826 2007 in
879 1952 980 2007 Dei
1026 1950 1407 2022 omnipotentis
1462 1951 1643 2005 oblata
1698 1950 1787 2005 vel
1840 1966 2106 2006 concessa

514 2042 792 2099 servitium
846 2054 1014 2113 agere
1063 2039 1373 2109 tentaverit,
1432 2040 1520 2094 vel
1580 2038 1856 2110 quippiam
1911 2040 2106 2094 horum

513 2130 815 2203 infringere
860 2128 1148 2184 temerario
1181 2144 1314 2182 ausu
1356 2127 1603 2193 voluerit,
1662 2128 2104 2183 excommunica-

514 2219 645 2275 tioni
676 2217 977 2272 submissus
1006 2215 1153 2271 omni
1184 2215 1555 2272 ecclesiastico
1595 2216 1870 2271 consortio
1899 2224 2101 2286 careat,

516 2315 569 2363 et
617 2306 723 2362 nisi
751 2322 811 2361 se
859 2304 1112 2362 continuo
1141 2320 1174 2360 a
1203 2304 1295 2359 tali
1323 2303 1562 2375 nequitia
1592 2303 1853 2377 corrigat,
1887 2312 1941 2360 et
1971 2304 2105 2359 resi-

513 2395 703 2468 piscat,
748 2393 919 2450 sancti
963 2393 1103 2448 Petri
1145 2392 1424 2463 nostrique
1468 2392 1805 2463 apostolatus
1862 2392 2104 2448 auctori-

518 2492 624 2540 tate
663 2482 1021 2538 auathematis
1060 2480 1277 2537 vinculo
1322 2480 1610 2536 innodatus
1657 2497 1784 2536 reus
1829 2481 1884 2535 in
1928 2480 2105 2536 futuro

506 2573 710 2643 judicio
737 2579 1075 2643 permaneat,
1109 2578 1162 2625 et
1186 2586 1284 2641 pro
1315 2585 1544 2626 excessu
1575 2585 1685 2624 sua
1714 2577 1874 2625 tanta
1919 2577 2104 2624 trans-

511 2661 814 2734 gressionis
844 2676 966 2716 cum
994 2659 1132 2713 Juda
1160 2659 1420 2713 traditore
1466 2657 1773 2726 infrunitus,
1824 2667 1983 2730 atque
2013 2675 2105 2714 re-

511 2749 671 2804 bellis
700 2747 868 2803 sancti
896 2747 1117 2819 spiritus
1146 2747 1431 2815 sententia,
1464 2745 1555 2818 qui
1586 2762 1805 2818 semper
1833 2745 2017 2802 fictum
2051 2754 2106 2801 et

509 2837 831 2894 mendacem
852 2834 1059 2908 effugit,
1092 2835 1304 2890 noverit
1346 2851 1405 2890 se
1444 2834 1753 2889 habiturum
1798 2835 2104 2905 portionem

508 2926 564 2982 in
577 2926 827 3000 gehenna
855 2923 999 2996 ignis
1028 2922 1235 2979 aterni.
1263 2922 1531 2994 Scriptum
1559 2939 1656 2994 per
1672 2938 1886 2977 manum
1906 2922 2103 2978 Leonis

508 3013 703 3070 notarii
759 3011 1069 3085 regiouarii,
1130 3019 1183 3067 et
1255 3011 1527 3067 scriniarii
1585 3019 1788 3067 sancta
1841 3011 2101 3068 Romana

440 3156 449 3165 _
507 3101 789 3171 Ecclesia,
820 3100 875 3156 in
890 3118 1079 3156 mense
1098 3102 1365 3172 Augusto,
1385 3099 1680 3167 indictione
1701 3099 1932 3156 decima.
1954 3101 2099 3155 Bene

504 3191 702 3248 valete.
725 3189 986 3245 Kalendis
1000 3188 1230 3261 Augusti
1249 3205 1350 3260 per
1360 3204 1580 3243 manum
1599 3188 1821 3243 Joannis
1833 3188 2095 3259 episcOpi,

504 3279 659 3335 missi
696 3286 748 3334 et
781 3277 1117 3349 apocrisiarii
1164 3286 1366 3333 sancta
1413 3276 1561 3332 sedis
1602 3276 1935 3347 apostolicae,
1990 3276 2099 3330 im-

504 3374 733 3441 perante
783 3366 984 3421 domno
1047 3373 1233 3420 nostro
1292 3365 1502 3432 Carolo,
1552 3380 1585 3419 a
1645 3364 1762 3419 Deo
1810 3372 2094 3432 coronato,

504 3471 704 3528 magno
723 3455 1049 3525 imperatore
1077 3454 1339 3520 secundo,
1371 3461 1424 3509 et
1451 3460 1574 3526 post
1601 3451 1938 3509 consulatum
1983 3452 2098 3522 ejus

504 3560 649 3602 anno
677 3542 938 3610 secundo,
967 3542 1262 3598 indictione
1292 3560 1344 3597 x.
1376 3586 1383 3595 ι

1251 3648 1368 3704 XC.

901 3771 975 3813 AD
1003 3770 1343 3813 TlCINENSEM
1369 3767 1699 3808 EPISCOPUM.

1104 3846 1284 3917 (Auno
1314 3842 1463 3912 877.)

504 3936 1022 4008 Archiepiscopalz‘a
1074 3932 1327 4008 insignia
1382 3928 1596 3986 utenda
1632 3927 1896 4008 concedit
1924 4000 1935 4008 _
1961 3943 2093 4008 cum

574 3998 1126 4081 facultate‘vocandi
1174 3998 1246 4058 (id
1284 3999 1747 4081 sitq-mfyywdum
1775 3998 2089 4070 archiepis-

572 4071 730 4152 copo:
762 4078 1253 4134 Ravennatensem
1268 4076 1325 4129 et
1354 4071 1846 4129 Mediblanemem.

567 4185 821 4241 JOANNES
841 4182 1151 4254 episcopus,
1171 4196 1362 4236 servus
1384 4195 1668 4234 servorum
1690 4176 1809 4244 Dei,
1834 4192 2091 4233 reveren-

501 4273 726 4331 dissimo
751 4271 958 4328 JOANNi
986 4270 1043 4326 S.
1074 4268 1378 4327 Ticinensis
1403 4266 1689 4335 Ecclesia,
1723 4273 1852 4334 etc.,
1885 4264 1940 4321 in
1968 4281 2089 4337 per-

498 4370 741 4436 petuum.
954 4372 975 4397 ι

569 4452 833 4523 Supernae
877 4447 1245 4504 miserationis
1292 4445 1361 4502 ad
1416 4445 1522 4501 hoc
1566 4442 1844 4516 regiminis
1901 4456 2092 4499 curam

498 4538 860 4612 suscepimus,
917 4545 971 4593 et
1007 4535 1317 4607 apostolica
1363 4532 1730 4588 miserationis
1776 4530 2091 4588 sollicitudi-

497 4644 624 4685 nem
652 4628 911 4701 gerimus,
944 4633 1002 4680 ut
1022 4625 1168 4695 juste
1197 4620 1691 4694 precantiumvotis
1706 4619 1896 4675 libenti
1910 4618 2091 4674 animo

495 4717 813 4785 habeamus,
846 4723 900 4772 et
930 4713 1213 4773 libramine
1233 4710 1501 4783 aquitatis
1530 4707 1737 4765 cunctis
1757 4707 1810 4763 in
1844 4706 2092 4763 necessi-

496 4805 697 4861 tatibus
742 4803 935 4876 positis
983 4800 1273 4857 subvenire
1319 4799 1636 4854 debeamus.
1686 4796 1826 4852 Nam
1867 4813 2093 4853 summa

496 4893 645 4950 sedis
656 4900 912 4965 gerentes
930 4888 1321 4953 auctoritatem,
1344 4887 1413 4942 de
1432 4886 1823 4949 venerabilium
1847 4885 2093 4942 locorum

497 4981 806 5048 stabilitate,
854 4986 1116 5052 quantum
1147 4993 1213 5033 ex
1242 4975 1424 5031 divino
1464 4974 1728 5044 adjutorio
1757 4975 2092 5048 possibilitas

495 5070 675 5135 datur,
712 5077 962 5142 satagere
992 5066 1254 5122 debemus
1278 5084 1293 5132 ;
1326 5066 1430 5121 hoc
1445 5080 1678 5137 namque
1699 5064 1878 5121 studio
1895 5071 1948 5120 et
1963 5064 2093 5119 divi-

496 5175 566 5214 na
613 5157 852 5229 placatur
895 5153 1199 5224 clementia,
1246 5161 1300 5210 et
1327 5154 1447 5209 laus
1478 5162 1641 5226 atque
1670 5153 1868 5209 utilitas
1898 5151 2095 5207 Christi

496 5246 761 5304 Ecclesia
798 5251 1140 5317 procuratur.
1189 5243 1363 5318 Igitur
1407 5242 1716 5315 postulante
1754 5258 1787 5298 a
1815 5241 1974 5297 nobis
2002 5248 2095 5295 tua

496 5334 825 5403 reverentia,
851 5342 1111 5407 quantum
1138 5348 1205 5390 ea
1233 5349 1355 5406 qua
1381 5334 1451 5389 ad
1480 5332 1786 5391 stabilitatis
1815 5329 2094 5402 integrita-

614 5514 774 5567 Locus
798 5516 1075 5579 corruptus.

2131 2969 2181 3034 C

2209 1706 2297 1745 res
2313 1691 2530 1745 illorum
2544 1690 2864 1763 illarumque
2877 1692 2931 1746 in
2954 1693 3195 1747 bannum
3217 1708 3419 1764 ponere
3439 1701 3797 1763 prasumant;

2206 1779 2305 1834 sed
2335 1796 2493 1850 aquo
2517 1779 2722 1849 judicio
2752 1780 3084 1852 specialique
3111 1782 3401 1851 praseutia
3421 1788 3512 1836 tua
3527 1796 3808 1837 successo-

2205 1883 2433 1938 rumque
2460 1876 2677 1923 tuorum
2704 1868 2774 1923 de
2804 1868 3229 1940 quibuscumque
3245 1868 3422 1924 causis
3454 1868 3542 1924 vel
3569 1869 3808 1940 negotiis

2207 1970 2326 2027 qua
2356 1956 2654 2011 secundum
2691 1957 2955 2027 temporis
3001 1957 3306 2029 qualitatem
3351 1956 3666 2023 acciderint,
3713 1958 3803 2026 ju-

2207 2043 2400 2097 stitiam
2449 2043 2819 2116 judiciumque
2878 2044 3093 2100 faciant.
3170 2044 3455 2100 Sancimus
3523 2045 3686 2100 etiam
3742 2053 3805 2100 ut

2202 2132 2526 2206 monasteria
2555 2149 2676 2203 qua
2701 2133 2841 2187 intra
2871 2141 2976 2188 tua
3004 2132 3257 2189 diacesis
3302 2131 3438 2188 ﬁnes
3476 2133 3796 2203 consistunt,

2206 2219 2304 2274 sub
2334 2226 2427 2275 tuo
2457 2227 2509 2274 et
2539 2234 2725 2275 eorum
2772 2218 2863 2291 qui
2891 2220 2986 2274 tibi
3016 2221 3376 2276 successerint
3397 2222 3520 2290 jure
3534 2220 3798 2277 canonico

2204 2316 2562 2378 permaneant
2586 2307 2642 2362 iu
2662 2316 2981 2379 perpetuum
3012 2308 3277 2375 videlicet,
3313 2316 3366 2364 et
3392 2308 3801 2365 consecratione

2206 2396 2462 2451 abbatum
2492 2396 2579 2451 vel
2606 2396 3021 2463 abbatissarum,
3070 2403 3123 2452 et
3166 2398 3222 2451 in
3269 2413 3457 2453 eorum
3504 2413 3799 2469 earumque

2207 2483 2491 2540 criminum
2513 2484 2882 2550 discussione;
2916 2485 2987 2539 ita
3034 2500 3166 2540 sane
3211 2492 3269 2540 ut
3310 2485 3442 2539 nulli
3488 2485 3545 2539 in
3589 2486 3797 2540 eisdem

2208 2572 2604 2628 venerabilibus
2627 2572 2781 2639 locis,
2815 2572 3024 2644 quoties
3068 2581 3431 2644 Opportunum
3460 2573 3635 2642 fuerit,
3681 2573 3798 2628 sine

2206 2668 2296 2715 tua
2324 2669 2646 2733 tuorumque
2667 2677 3046 2718 successorum
3087 2660 3426 2733 providentia
3467 2669 3626 2733 atque
3664 2676 3796 2717 con-

2207 2765 2371 2805 sensu
2411 2749 2505 2804 ﬁat
2553 2750 2765 2817 electio,
2808 2750 2946 2806 sicut
2986 2750 3248 2806 canonica
3282 2750 3436 2818 jubet
3481 2750 3790 2816 auctoritas,

2207 2837 2356 2893 salvo
2384 2838 2592 2894 scilicet
2620 2839 2676 2892 in
2704 2838 2954 2893 omnibus
2985 2839 3130 2894 sedis
3161 2838 3472 2909 apostolica
3510 2838 3797 2910 privilegio

2207 2926 2465 2997 speciali;
2497 2927 2799 2998 harumque
2821 2935 3010 2982 tenore
3029 2926 3408 2998 pracipientes
3435 2935 3491 2981 ut
3520 2933 3792 2982 monaste-

2200 3014 2340 3069 rium
2386 3014 2442 3070 S.
2492 3015 2709 3084 Donati,
2760 3014 3040 3070 fundatum
3071 3030 3103 3069 a
3132 2998 3466 3085 Luitprando
3513 3014 3790 3085 episcopo,

2200 3103 2492 3160 decessore
2537 3110 2647 3170 tuo,
2691 3103 2745 3157 in
2789 3103 2911 3159 loco
2960 3103 3052 3175 qui
3101 3103 3300 3158 dicitur
3350 3103 3620 3176 Scogialo,
3670 3118 3794 3159 cum

2198 3192 2450 3248 omnibus
2477 3192 2643 3247 rebus
2672 3191 2964 3247 mobilibus
2995 3199 3048 3247 et
3091 3190 3457 3247 immobilibus
3497 3191 3794 3247 secundum

2198 3280 2507 3336 testamenti
2536 3280 2619 3335 sui
2649 3280 2848 3337 seriem
2873 3280 3100 3349 collatis,
3133 3288 3186 3335 et
3213 3279 3355 3334 aliud
3399 3279 3792 3338 monasterium

2190 3368 2255 3441 _S.
2288 3369 2472 3425 Maria
2500 3369 2736 3439 positum
2765 3368 2818 3422 in
2851 3368 3084 3437 Cariata,
3119 3385 3240 3439 qua
3264 3368 3374 3437 juri
3402 3367 3663 3424 Ecclesia
3681 3375 3789 3422 tua

2195 3457 2383 3529 procul
2412 3457 2574 3513 dubio
2605 3466 2658 3513 et
2686 3457 2957 3529 pertinere
2987 3457 3256 3523 videntur,
3290 3464 3342 3512 te
3371 3471 3792 3528 sucessoresque

2195 3555 2316 3602 tuos
2383 3547 2661 3618 perpetuis
2731 3545 3062 3617 temporibus
3137 3545 3541 3615 juridictionem
3602 3552 3788 3600 tenere

2192 3634 2502 3707 habereque
2532 3635 2897 3701 decernimus,
2933 3643 2986 3690 et
3017 3634 3265 3706 quamvis
3305 3633 3361 3688 in
3403 3632 3591 3689 alienis
3636 3647 3796 3704 paro-

2194 3722 2330 3778 chiis
2376 3722 2696 3791 consistant,
2742 3722 3037 3795 apostolica
3078 3722 3333 3791 jubemus
3374 3722 3690 3778 auctaritate
3736 3720 3792 3774 in

2192 3811 2444 3867 omnibus
2474 3828 2595 3883 qua
2614 3811 2913 3883 ibiagenda
2932 3810 3021 3867 vel
3034 3811 3335 3866 ordinanda
3357 3817 3535 3876 erunt,
3557 3809 3786 3865 liberam

2192 3899 2309 3955 sine
2336 3899 2562 3969 alicujus
2582 3900 3007 3956 contradictione
3022 3900 3229 3956 habeas
3262 3907 3583 3971 potestatem
3611 3916 3626 3966 ;
3658 3915 3792 3970 pre-

2191 3988 2441 4059 sbyteros
2488 4004 2622 4045 vero
2681 3997 2733 4044 et
2771 3989 3069 4044 monachos
3124 3988 3510 4060 pradictorum
3557 3986 3796 4042 omnium

2189 4076 2563 4133 cauobiorum
2583 4078 2652 4132 ad
2680 4086 2830 4133 tuum
2862 4076 3200 4146 canonicum,
3229 4084 3389 4148 prout
3416 4076 3783 4133 ecclesiastica

2187 4165 2484 4221 necessitas
2514 4166 2778 4240 exegerit,
2810 4166 2928 4222 sine
2948 4164 3176 4234 alicujus
3207 4164 3628 4221 cautradictioue
3667 4172 3783 4219 sta-

2186 4254 2384 4309 tuimus
2438 4255 2624 4311 venire
2651 4254 2961 4311 concilium.
2995 4253 3154 4323 Quod
3183 4253 3231 4309 si
3259 4253 3439 4326 aliqua
3474 4253 3532 4307 in
3580 4252 3790 4308 eisdem

2116 4326 2170 4388 D
2188 4343 2530 4399 monasteriis
2559 4350 2849 4415 pracepta,
2882 4359 3001 4415 qua
3021 4341 3295 4399 canonicis
3315 4341 3369 4396 in
3398 4341 3583 4413 aliquo
3626 4356 3794 4412 regu-

2190 4430 2259 4487 lis
2278 4432 2503 4488 obviare
2523 4432 2794 4505 videntur,
2826 4431 3026 4487 fuerint
3053 4438 3293 4502 reperta,
3315 4430 3487 4499 major
3504 4430 3611 4485 hoc
3626 4444 3791 4485 cauo-

2190 4520 2311 4576 uice
2340 4519 2574 4577 factumII
2587 4521 2657 4576 ab
2672 4520 2779 4576 illis
2794 4521 2999 4576 habere
3020 4519 3393 4576 auctoritatem
3417 4518 3782 4574 decernimus.

2192 4610 2269 4664 Ita
2298 4609 2458 4664 etiam
2486 4609 2556 4664 de
2575 4609 2902 4665 coemeteriis
2934 4625 3055 4683 qua
3098 4608 3238 4664 intra
3274 4607 3362 4664 vel
3406 4615 3557 4663 extra
3595 4606 3789 4662 civita-

2190 4704 2300 4753 tem
2331 4698 2672 4753 Ticinensem
2701 4698 3020 4764 consistunt,
3065 4696 3411 4768 pracipimus
3452 4703 3512 4750 ut
3557 4695 3661 4749 sub
3691 4702 3796 4750 tua

2188 4785 2450 4842 Ecclesia
2479 4801 2615 4842 cura.
2633 4794 2685 4841 et
2712 4793 2982 4857 potestate
3011 4784 3285 4855 antistitis,
3318 4785 3526 4855 absque
3562 4783 3790 4852 alicujus

2192 4874 2556 4931 controversia
2584 4882 2962 4946 permaneant.
3004 4874 3287 4929 Sancimus
3317 4873 3479 4928 etiam
3495 4871 3792 4943 apostolica

2192 4963 2510 5019 auctoritate
2538 4962 2821 5034 largiendo
2850 4962 2945 5019 tibi
2974 4962 3188 5033 tuisque
3232 4960 3641 5018 successoribus
3670 4975 3791 5015 cru-

2193 5067 2313 5108 cem
2329 5051 2533 5107 habere
2559 5066 2883 5123 quocunque
2911 5050 3144 5107 volueris
3172 5049 3341 5116 ferre,
3376 5049 3602 5121 pallium
3646 5062 3783 5120 quo-

2194 5156 2300 5211 que
2343 5139 2592 5195 similiter
2629 5139 2999 5205 concedimus,
3051 5154 3154 5195 nec
3195 5154 3305 5194 non
3354 5137 3534 5193 album
3584 5151 3785 5208 equum

2192 5236 2509 5300 coopertum
2547 5228 2791 5301 equitare
2819 5229 2875 5284 in
2905 5228 3068 5284 ramis
3098 5227 3417 5299 palmarum,
3451 5234 3504 5281 et
3546 5225 3789 5281 secunda

2193 5316 2327 5373 feria
2375 5327 2500 5390 post
2545 5319 2777 5375 Pascha.
2837 5317 3124 5375 Sancimus
3172 5316 3333 5373 etiam
3384 5323 3442 5371 ut
3488 5314 3790 5370 secundum
