4160 6320
317 243 415 298 ’741

1488 237 1843 294 ΕΡΙΒΤΟΙΑΕ
1902 239 1992 293 ET
2046 241 2396 296 DECRETA.

3526 249 3630 304 742

315 372 562 420 tenorem
619 362 839 434 capituli
930 361 1151 429 decimi,
1203 362 1347 433 quod
1406 362 1653 433 synodali
1705 361 1928 417 decreto
1957 364 2228 423 ALeonis
2277 363 2547 420 scriniarii
2590 364 2647 420 S.
2697 365 2760 420 R.
2806 366 2870 421 Ε.
2920 367 2975 420 in
3031 383 3220 422 mense
3271 369 3632 440 Septembris.

319 454 594 507 Ravenna
624 450 911 505 statuimus
939 467 1039 521 per
1055 449 1410 505 indictionem
1435 450 1727 515 decimam,
1747 449 1930 503 nullus

325 555 586 610 unquam,
640 539 898 608 cujusque
943 538 1219 610 dignitatis
1264 547 1354 592 aut
1407 537 1684 608 potentia,
1745 538 1929 602 homo,

321 627 478 699 quasi
524 627 626 680 sub
671 627 894 682 obtentu
944 626 1344 697 hospitalitatis,
1393 626 1448 679 in
1493 634 1583 680 tuo
1632 623 1932 679 venerabili

325 715 626 785 episcopio,
679 723 767 768 aut
798 714 853 767 in
892 714 1143 769 domibus
1193 714 1539 769 sacerdotum
1596 720 1832 778 tuorum,
1881 719 1934 766 et

327 803 570 858 omnium
602 802 927 857 clericorum
972 803 1089 856 sine
1135 810 1224 856 tua
1262 811 1590 872 tuorumque
1643 815 1928 855 successo-

326 907 450 945 rum
481 890 756 945 voluntate
784 890 1061 960 applicare
1089 897 1403 960 prasumat.
1430 889 1524 942 His
1545 889 1614 941 ita
1636 887 1933 958 pralibatis

327 979 670 1034 decernimus
717 986 773 1032 ut
821 979 868 1031 si
915 979 1152 1032 humana
1184 974 1606 1032 contradictione
1638 983 1740 1030 tua
1788 975 1934 1029 sedis

329 1067 621 1136 episcopus
649 1083 714 1120 ex
745 1066 849 1121 hoc
879 1065 1081 1119 mundo
1097 1065 1429 1135 migraverit,
1453 1064 1522 1118 de
1544 1064 1767 1134 proprio
1788 1063 1934 1118 clero

328 1171 492 1226 quem
520 1154 778 1208 idoneum
808 1171 923 1224 pra
955 1153 1166 1208 cateris
1198 1153 1379 1207 clerus
1424 1160 1476 1206 et
1504 1151 1736 1222 populus
1769 1167 1933 1220 repe-

327 1242 839 1312 rerit,,potestatem
868 1241 1058 1295 habeat
1107 1241 1403 1295 secundum
1449 1247 1649 1294 statuta
1695 1253 1932 1293 venera-

329 1330 518 1384 bilium
566 1331 804 1398 Patrum,
848 1338 900 1383 et
947 1331 1203 1384 Romana
1247 1329 1394 1383 sedis
1433 1327 1748 1395 antistitum,
1784 1325 1934 1380 nulla

331 1418 560 1474 seculari
592 1417 993 1472 contradicente
1031 1418 1290 1487 potentia,
1326 1415 1564 1486 eligendi
1593 1414 1928 1485 episcopum.

329 1506 488 1574 Quod
518 1507 563 1560 si
593 1505 822 1560 fortasse
851 1505 905 1558 in
937 1505 1127 1559 eadem
1156 1505 1345 1574 plebe,
1383 1504 1528 1574 quod
1557 1503 1777 1557 minime
1805 1518 1932 1557 cre-

325 1595 522 1660 dimus,
556 1602 716 1648 tanta
745 1594 894 1648 sedis
925 1595 1132 1647 honore
1162 1594 1359 1664 dignus
1390 1599 1640 1662 repertus
1676 1607 1785 1645 non
1817 1589 1932 1644 fue-

2031 453 2175 507 Bene
2203 453 2410 507 Valete.
2443 454 2639 507 Datum
2671 461 2752 508 est
2782 455 2883 510 hoc
2913 471 3058 510 nono
3097 457 3217 512 Kal.
3269 459 3631 529 Septembris,

2033 556 2130 610 per
2159 555 2380 594 manum
2411 542 2608 596 Leonis
2638 542 2881 612 episcOpi
2911 543 3062 597 missi
3108 553 3161 599 et
3204 546 3542 616 apocrisiarii
3574 548 3630 602 S.

2033 628 2180 682 sedis
2209 629 2540 699 apostolica,
2574 630 2877 700 imperante
2906 631 3105 687 domno
3137 633 3332 688 Carolo
3376 642 3637 690 coronato

2031 732 2232 787 magno
2262 717 2612 787 imperatore.
2663 720 2731 772 Et
2762 727 2818 771 ut
2861 719 3059 774 certius
3105 729 3363 791 appareat
3407 723 3511 778 hoc
3538 737 3640 778 no-

2033 811 2205 857 strum
2235 805 2598 875 privilegium,
2623 814 2675 860 et
2701 806 3080 862 inconcussum
3098 818 3430 878 permaneat,
3458 810 3638 881 sigillo

2033 899 2221 946 nostro
2245 893 2505 960 jussimus
2534 894 2804 966 insigniri.
2840 898 2996 950 Anno
3027 912 3085 950 ιι.
3131 897 3260 952 Post
3298 899 3638 954 consulatum

2035 980 2152 1048 ejus
2183 996 2326 1035 anno
2355 997 2414 1047 ιι,
2447 982 2638 1037 indict.
2679 998 2758 1036 xx.

2105 1069 2390 1123 Zacharias
2419 1070 2638 1124 humilis
2670 1071 2960 1141 episcopus
2990 1081 3191 1128 sancta
3220 1073 3484 1130 Ecclesia
3505 1078 3645 1130 Ana-

2035 1155 2278 1226 gniensis
2307 1156 2360 1209 in
2391 1158 2494 1212 hoc
2523 1158 2812 1230 privilegio
2842 1161 3094 1214 consensi
3125 1170 3178 1215 et
3210 1162 3423 1232 scripsi.

2104 1244 2292 1298 Petrus
2322 1245 2611 1316 episcopus
2658 1247 3230 1318 Forosemproniensis
3285 1250 3545 1306 Ecclesia
3585 1250 3641 1304 in

2034 1331 2139 1386 hoc
2168 1331 2452 1403 privilegio
2482 1333 2737 1388 consensi
2766 1343 2818 1388 et
2848 1336 3066 1406 scripsi.

2105 1421 2425 1474 Laurentius
2455 1423 2672 1476 humilis
2701 1423 2990 1494 episcOpus
3031 1425 3340 1496 Campania
3371 1427 3638 1484 Ecclesia

2034 1508 2286 1562 consensi
2316 1516 2368 1562 et
2393 1510 2606 1580 scripsi.

2105 1597 2212 1650 Leo
2258 1597 2473 1651 humilis
2525 1599 2834 1655 scriniarius
2885 1609 2936 1655 et
2979 1601 3221 1656 notarius
3270 1602 3325 1656 S.
3383 1603 3449 1658 R.
3492 1605 3555 1658 Ε.
3593 1612 3644 1659 et

326 1684 416 1748 rit,
450 1691 574 1737 tunc
605 1683 650 1735 si
680 1681 816 1736 alter
844 1683 911 1736 de
943 1682 1116 1736 altera
1158 1681 1406 1736 Ecclesia
1439 1679 1701 1745 canonice
1740 1678 1930 1748 provi-
1960 1716 2012 1774 B
2035 1699 2156 1737 cum
2178 1685 2422 1752 jussione
2447 1689 2883 1743 reverendissimi
2905 1690 2970 1744 D.
2992 1690 3215 1744 Joannis
3238 1705 3391 1760 papa
3413 1692 3628 1762 scripsi,

331 1771 546 1825 dendus
577 1779 678 1836 est,
711 1786 982 1826 consensu
1013 1778 1194 1824 tamen
1223 1779 1275 1822 et
1305 1769 1579 1824 voluntate
1610 1766 1780 1836 ipsius
1808 1765 1929 1834 ple—

332 1859 418 1913 bis
451 1859 667 1913 nonnisi
707 1867 868 1913 antea
916 1858 1122 1913 elcctus
1169 1859 1448 1912 ordinetur
1491 1856 1734 1911 antistes.
1768 1856 1941 1924 Atque

331 1947 389 2000 in
418 1947 502 2000 his
533 1947 780 2017 partibus
810 1946 954 2000 mala
982 1946 1316 2016 molesteque
1348 1943 1720 1999 consuetidine
1751 1958 1783 1996 a
1814 1941 1939 2012 qui-

330 2035 562 2090 busdam
591 2051 778 2089 sacras
809 2035 960 2106 leges
993 2035 1371 2106 ignorantibus
1417 2031 1684 2088 clericalis
1724 2030 1936 2084 ordinis

331 2112 479 2178 viros
513 2124 612 2177 sub
635 2124 770 2195 jugo
801 2123 1076 2176 servitutis
1106 2131 1229 2193 post
1256 2121 1723 2177 consecrationem
1741 2118 1934 2184 teneri,

331 2210 671 2283 famulosque
703 2211 841 2266 velle
871 2211 1053 2266 vocari
1083 2211 1406 2279 audivimus,
1441 2209 1584 2280 quod
1636 2206 1742 2262 dici
1784 2205 1938 2259 nefas

330 2309 432 2355 est.
473 2300 728 2354 Volumus
758 2307 920 2370 atque
952 2316 1209 2369 expresse
1232 2300 1486 2367 jubemus
1516 2304 1575 2350 ut
1604 2296 1740 2350 sicut
1770 2295 1816 2348 is
1847 2299 1938 2364 qui

329 2388 532 2442 nullius
561 2403 798 2459 unquam
829 2388 1154 2442 conditionis
1185 2387 1302 2452 fuit,
1337 2387 1409 2440 ita
1449 2386 1612 2440 etiam
1643 2392 1694 2437 et
1723 2381 1814 2435 ille
1845 2376 1938 2435 cui

331 2477 403 2532 ad
433 2478 536 2532 hoc
564 2475 800 2531 ofﬁcium
831 2476 1236 2546 suscipiendum
1256 2491 1468 2530 morum
1486 2473 1722 2544 dignitas
1744 2467 1936 2524 suffra-

337 2565 568 2637 gaverit,
625 2565 820 2618 nullius
859 2564 961 2620 viri
1018 2564 1232 2619 vinculo
1285 2563 1629 2634 postmodum
1684 2565 1936 2613 teneatur

331 2653 606 2708 astrictus.
640 2651 781 2720 Quia
809 2653 1044 2706 humana
1075 2653 1196 2724 lege
1217 2668 1326 2706 non
1357 2652 1515 2706 debet
1532 2648 1746 2711 arctari,
1773 2661 1934 2716 quem

334 2741 515 2796 divina
561 2741 730 2813 gratia
771 2742 839 2795 ad
895 2748 1098 2795 tantam
1156 2740 1296 2796 sacri
1354 2739 1558 2794 ordinis
1614 2735 1934 2808 dignitatem

329 2831 633 2901 provehere
664 2829 873 2902 dignita
903 2837 1004 2884 est.
1039 2829 1388 2899 Pracipimus
1431 2828 1592 2882 etiam
1623 2833 1680 2879 ut
1725 2824 1780 2876 in
1811 2836 1933 2875 om-

330 2918 493 2973 nibus
524 2918 813 2972 mobilibus
862 2926 914 2972 et
971 2917 1360 2982 immobilibus,
1409 2916 1681 2986 rebusque
1731 2917 1931 2965 sancta

332 3015 440 3061 tua
494 3006 756 3062 Ecclesia
826 3006 1258 3076 pertinentibus,
1331 3004 1642 3060 hominibus
1715 3013 1932 3072 quoque

2040 1779 2092 1824 et
2119 1771 2238 1825 aliis
2269 1772 2635 1829 roborandam
2665 1778 2881 1846 protuli,
2917 1786 2968 1832 et
3008 1787 3090 1832 est
3121 1778 3417 1850 sigillatum
3447 1780 3633 1851 sigillo

2037 1859 2292 1928 plumbeo
2307 1878 2510 1933 magno
2523 1863 2810 1934 impresso,
2828 1867 3062 1920 habente
3094 1866 3388 1938 imaginem
3412 1867 3640 1922 sanctis-

2040 1947 2160 2000 simi
2208 1947 2338 2002 olim
2386 1966 2542 2020 papa
2583 1953 2824 2022 Joannis,
2877 1970 2999 2009 cum
3043 1955 3238 2009 litteris
3284 1954 3641 2026 infrascriptis

2040 2035 2338 2112 similibus,
2360 2037 2611 2094 videlicet
2646 2058 2659 2094 :
2690 2042 2928 2096 Joannes
2958 2059 3114 2113 papa.

2761 2148 2903 2202 XCI.

2286 2245 2358 2285 AD
2398 2246 2734 2290 LAMBERTUM
2772 2252 3087 2292 GLORIOSUM
3126 2253 3391 2292 COMITEM.

2643 2323 2823 2393 (Anno
2865 2326 3038 2391 (877.)

2043 2406 2336 2476 Signiﬁcat
2368 2412 2744 2467 Romanorum
2773 2429 3070 2481 procerum
3105 2415 3316 2469 obsides
3351 2414 3481 2470 dari
3526 2433 3643 2471 non

2105 2495 2294 2560 posse;
2325 2485 2516 2534 monet
2535 2498 2606 2535 ne
2627 2483 2699 2560 ad
2725 2484 2928 2560 Urbem
2957 2486 3168 2550 veniat,
3204 2487 3336 2556 quia
3363 2487 3482 2558 ipse
3514 2503 3644 2542 eum

2112 2557 2377 2618 excipere
2406 2567 2520 2606 non
2548 2557 2751 2623 potest.

2107 2644 2361 2700 JOANNES
2393 2648 2682 2719 episcopus
2714 2651 3016 2706 LAMBERTO
3057 2651 3300 2722 glorioso
3333 2653 3536 2708 comiti.

2107 2732 2492 2789 Remeantibus
2520 2738 2698 2803 nobis,
2734 2740 2849 2793 Deo
2869 2740 3143 2810 praduce,
3164 2741 3414 2807 Romam,
3441 2757 3644 2798 convo-

2036 2820 2278 2876 cavimus
2310 2831 2474 2877 totam
2508 2825 2834 2896 Ecclesiam,
2868 2836 2920 2881 et
2950 2827 3085 2882 illud
3117 2829 3263 2899 quod
3283 2830 3441 2884 nobis
3462 2829 3530 2885 de
3551 2830 3644 2885 ob-

2036 2907 2244 2962 sidibus
2273 2911 2644 2967 Romanorum
2687 2931 2982 2984 procerum
3031 2917 3228 2970 dandis
3271 2917 3537 2983 edixeras,
3588 2918 3643 2972 in

2051 3007 2319 3053 conventu
2367 3000 2607 3056 ﬁdelium
2647 3012 2844 3058 sancta
2879 3005 2978 3059 Dei
3024 3004 3287 3061 Ecclesia
3331 3007 3646 3062 necessario

332 3096 615 3166 utriusque
647 3064 846 3163 sexus,‘
863 3102 974 3149 tam
1022 3094 1206 3149 liberis
1247 3110 1406 3165 quam
1438 3093 1630 3158 servis,
1677 3091 1881 3145 nullam
1911 3101 1945 3142 a
1981 3064 2361 3143 C"contulimus
2394 3107 2409 3143 :
2444 3091 2559 3143 sed.
2594 3091 2730 3145 heul
2765 3092 2892 3162 quid
2923 3093 3146 3148 dicam?
3176 3110 3297 3148 cum
3329 3101 3535 3148 tantum
3556 3102 3640 3149 to-

334 3199 610 3255 quoquam
664 3183 1101 3238 contrarietatem
1157 3190 1246 3236 aut
1292 3183 1508 3236 fortiam
1554 3181 1757 3235 nullam
1816 3179 1937 3234 vio—

333 3272 552 3326 lentiam
583 3271 1027 3328 autinvasionem
1053 3271 1258 3342 absque
1290 3270 1455 3342 legali
1494 3269 1704 3325 calculo
1735 3269 1936 3339 aliqui-

331 3361 433 3415 bus
458 3359 601 3418 ﬁeri.
643 3359 1038 3415 Conﬁrmamus
1069 3360 1231 3414 etiam
1279 3368 1478 3414 sancta
1522 3358 1787 3413 Ecclesia
1830 3366 1936 3412 tua

331 3449 730 3504 xenodochium
778 3447 1056 3502 fundatum
1100 3448 1236 3502 intra
1283 3447 1623 3502 Ticinensem
1659 3445 1934 3502 civitatem

326 3538 482 3606 juxta
511 3537 800 3593 ecclesiam
832 3537 885 3592 S.
931 3537 1110 3592 Maria
1159 3554 1279 3608 qua
1327 3536 1518 3592 dicitur
1559 3536 1755 3602 Minor,
1790 3536 1934 3606 quod

333 3624 478 3680 ﬁlius
505 3634 694 3681 noster
737 3625 988 3681 dominus
1037 3626 1262 3681 Carolus
1309 3626 1607 3696 imperator
1654 3627 1933 3696 Augustus

332 3714 510 3770 eidem
556 3715 834 3783 Ecclesia,
880 3729 913 3768 a
959 3731 1064 3786 qua
1111 3714 1307 3783 injuste
1356 3715 1688 3768 subtractum
1733 3713 1929 3780 fuerat,

329 3803 583 3876 legaliter
609 3820 708 3874 per
736 3804 994 3874 praccpti
1025 3804 1107 3858 sui
1153 3803 1408 3874 paginam
1455 3803 1739 3858 restituere
1770 3819 1931 3857 cura-

331 3892 428 3961 vit,
462 3899 521 3946 ut
551 3891 653 3946 sibi
677 3893 799 3960 jure
828 3908 894 3948 ac
923 3892 1160 3947 dictione
1191 3901 1281 3947 tua
1303 3901 1624 3963 tuorumque
1648 3906 1932 3947 successo-

330 3996 453 4035 rum
483 3980 599 4035 sine
631 3981 811 4052 aliqua
840 3980 1200 4053 refragatione
1249 3982 1630 4052 perpetualiter
1672 3988 1928 4048 maneat;

331 4068 726 4124 immunitatem
753 4068 917 4123 etiam
945 4069 1116 4139 ipsius
1148 4069 1393 4125 ecclesia
1425 4071 1720 4125 secundum
1751 4071 1929 4140 impe—

330 4156 486 4212 rialia
515 4165 784 4228 pracepta
822 4158 1123 4224 statuimus,
1157 4166 1210 4212 et
1247 4159 1352 4213 hoc
1401 4166 1586 4212 nostro
1631 4156 1930 4228 apostolico

328 4245 615 4318 privilegio
646 4245 1028 4301 inconcussam
1053 4245 1408 4317 stabilemque
1429 4245 1928 4314 manerejubemus.

331 4334 388 4388 Si
420 4334 540 4404 quis
571 4342 750 4389 autem
795 4334 1084 4389 temerario
1122 4351 1255 4388 ausu
1302 4342 1487 4388 contra
1530 4334 1686 4402 hujus
1733 4341 1929 4388 nostra

2038 3183 2145 3229 tam
2177 3178 2425 3232 eamdem
2453 3179 2755 3234 Ecclesiam
2787 3187 2974 3235 contra
2993 3196 3095 3235 nos
3116 3180 3545 3250 incitaverimus,
3573 3197 3640 3238 ac

2037 3263 2083 3317 si
2111 3281 2211 3334 pro
2241 3265 2402 3320 melle
2431 3282 2548 3320 eam
2578 3266 2702 3321 felle
2729 3275 2945 3337 potasse
2990 3268 3321 3324 videremur.
3357 3271 3638 3325 Romano-

2036 3369 2158 3405 rum
2188 3351 2327 3408 ﬁlios
2358 3355 2460 3408 sub
2486 3355 2588 3409 isto
2637 3356 2777 3410 coelo
2824 3372 2934 3410 non
2979 3355 3178 3429 legitur
3217 3356 3385 3413 fuisse
3418 3358 3640 3414 obsides

2035 3440 2207 3510 datos,
2245 3451 2444 3513 quanto
2473 3443 2649 3498 minus
2686 3443 2915 3498 istorum
2961 3446 3051 3515 qui
3099 3444 3413 3502 ﬁdelitatem
3457 3461 3636 3519 augu-

2035 3530 2225 3584 stalem
2256 3539 2307 3585 et
2335 3540 2514 3587 mente
2544 3533 2853 3588 custodiunt
2898 3541 2950 3588 et
2994 3549 3176 3604 opere,
3225 3536 3342 3589 Deo
3382 3536 3632 3604 juvante,

2034 3617 2361 3690 perﬁciunt?
2392 3621 2666 3692 Praecipue
2715 3638 2838 3676 cum
2882 3637 2983 3676 nos
3021 3622 3344 3676 miseremur
3372 3622 3436 3695 [Γ.
3467 3624 3634 3678 dubi-

2031 3708 2228 3779 temus]
2259 3709 2303 3762 si
2336 3710 2438 3763 hoc
2459 3725 2524 3764 ex
2545 3710 2817 3782 augustali
2831 3710 2988 3780 jussu
3009 3711 3359 3782 processerit,
3385 3719 3437 3766 et
3456 3712 3636 3783 ipsum

2030 3802 2412 3867 imperatorem
2437 3814 2547 3852 non
2573 3799 2858 3854 credamus
2887 3815 3044 3854 suum
3072 3816 3172 3856 nos
3195 3801 3335 3855 velle
3356 3808 3629 3856 secretum

2030 3879 2272 3941 latuisse.
2306 3887 2435 3940 Tale
2465 3887 2665 3958 quippe
2695 3888 2982 3944 consilium
3011 3905 3128 3944 non
3147 3889 3284 3943 alius
3329 3889 3629 3956 adinvenit,

2030 3982 2134 4037 nisi
2181 3983 2272 4038 ille
2327 3983 2419 4054 qui
2473 3985 2615 4040 hanc
2671 3993 2870 4040 terram
2928 3985 3251 4040 conturbare
3295 3985 3536 4053 molitur,
3579 3992 3633 4041 et

2031 4070 2303 4126 ineffabile
2357 4072 2611 4126 damnum
2668 4074 2869 4143 pOpulo
2927 4073 3027 4128 Dei
3081 4089 3350 4144 generare
3396 4075 3632 4130 versutis

2030 4161 2309 4217 fraudibus
2340 4161 2711 4226 machinatur;
2747 4160 2836 4231 qui
2882 4177 3076 4230 pacem
3121 4169 3173 4215 et
3218 4162 3458 4233 quietem
3508 4162 3632 4217 odio

2028 4249 2208 4313 habet,
2259 4256 2310 4302 et
2365 4248 2797 4303 dissensionibus
2847 4249 3032 4320 utique
3089 4250 3309 4319 gaudet.
3370 4250 3632 4319 Quamvis

2030 4344 2190 4390 antea
2217 4337 2444 4390 Romani
2475 4336 2629 4390 ovilis
2661 4345 2880 4392 senatus
2922 4344 3157 4392 mortem
3200 4337 3425 4410 eligant,
3471 4355 3632 4410 quam

332 4421 647 4493 apostolica
675 4423 1055 4493 praceptionis
1084 4422 1280 4476 seriem
1312 4421 1398 4492 pie
1430 4438 1462 4476 a
1492 4422 1650 4476 nobis
1680 4430 1732 4476 et
1761 4438 1930 4478 cano-
1956 4418 2011 4480 D
2033 4426 2174 4481 hanc
2221 4425 2516 4480 inauditam
2559 4433 2612 4480 et
2651 4426 2944 4495 pessimam
2994 4443 3110 4482 rem
3149 4425 3264 4482 ﬁeri
3311 4443 3636 4499 quocunque

331 4509 454 4566 nice
509 4510 908 4583 promulgatam
951 4510 1135 4565 venire
1193 4527 1466 4584 agereque
1525 4513 1828 4577 tentaverit,
1881 4520 1934 4567 et

332 4598 517 4654 omnia
547 4615 666 4670 qua
697 4599 948 4670 superius
980 4606 1173 4654 statuta
1203 4607 1347 4666 sunt,
1381 4608 1487 4655 tua
1518 4607 1719 4655 sancta
1749 4599 1932 4655 eccle-

335 4687 432 4742 sia
475 4685 582 4742 ﬁne
628 4695 785 4742 tenus
840 4704 949 4742 non
1006 4688 1400 4758 observaverit,
1441 4688 1576 4744 sciat
1625 4705 1684 4743 se
1729 4688 1937 4743 domini

329 4775 504 4829 nostri
578 4775 951 4846 apostolorum
1029 4776 1287 4847 principis
1357 4777 1504 4832 Petri
1578 4777 1935 4832 anathematis

330 4863 547 4919 vinculo
567 4864 900 4931 innodatum,
935 4871 988 4919 et
1017 4880 1142 4920 curn
1173 4865 1391 4920 diabolo
1423 4874 1476 4920 et
1505 4867 1620 4934 ejus
1651 4866 1934 4922 atrocissi-

332 4952 438 5007 mis
465 4953 698 5024 pompis,
732 4961 894 5024 atque
936 4968 1059 5009 cum
1099 4954 1235 5008 Juda
1282 4954 1538 5009 traditore
1578 4955 1796 5009 Domini
1837 4955 1937 5010 Dei

337 5049 391 5096 et
421 5041 720 5096 Salvatoris
765 5042 940 5096 nostri
989 5043 1118 5096 Jesu
1166 5043 1381 5108 Christi,
1431 5051 1636 5098 aterno
1683 5044 1936 5099 incendio

334 5130 828 5197 concremandum;
859 5139 912 5186 et
942 5130 1034 5201 qui
1063 5147 1165 5201 pro
1195 5131 1389 5185 intuitu
1435 5139 1638 5201 custos,
1674 5132 1938 5187 obediens

334 5226 497 5290 atque
524 5219 854 5274 observator
886 5220 1054 5288 hujus
1084 5227 1285 5275 nostra
1308 5219 1597 5275 salutifera
1624 5222 1941 5292 praceptio.

334 5306 422 5360 nis
451 5307 737 5375 exstiterit,
771 5307 1166 5363 benedictionis
1193 5309 1426 5380 gratiam
1458 5317 1510 5364 et
1533 5310 1942 5365 coelestisretri—

334 5395 575 5450 butionis
605 5403 810 5452 aterna
839 5396 1035 5469 gaudia
1084 5412 1117 5452 a
1153 5397 1298 5466 justo
1337 5398 1520 5466 judice
1561 5398 1793 5454 Domino
1825 5399 1940 5462 Deo

329 5498 520 5549 nostro
566 5493 830 5566 consequi
875 5501 1176 5551 mereatur.
1231 5493 1504 5566 Scriptum
1552 5511 1653 5567 per
1701 5511 1925 5553 manum

2030 4513 2192 4569 modo
2223 4514 2580 4569 consentiant.
2614 4513 2974 4585 Quapropter,
3008 4516 3135 4587 quia
3164 4516 3382 4571 omnino
3413 4523 3496 4571 est
3525 4515 3632 4570 im-

2031 4603 2312 4673 possibile,
2346 4611 2397 4657 et
2418 4603 2524 4658 tale
2556 4603 2684 4674 quid
2713 4604 2890 4658 omnis
2919 4605 3151 4675 inclytus
3182 4605 3411 4659 audiens
3442 4604 3496 4658 in
3527 4619 3637 4658 ma-

2034 4691 2233 4746 ximam
2263 4692 2630 4762 suspicionem
2674 4693 2936 4763 prorupit,
2970 4700 3128 4763 atque
3167 4692 3483 4763 simpliciter
3525 4709 3635 4749 non

2035 4780 2201 4835 fuisse
2229 4781 2431 4836 dictum
2459 4781 2636 4836 modis
2666 4781 2914 4835 omnibus
2944 4781 3231 4836 astimavit
3263 4799 3276 4834 :
3309 4781 3631 4837 mandamus

2037 4870 2313 4925 dilectioni
2342 4878 2463 4938 tua,
2498 4887 2658 4942 quam
2688 4871 2968 4925 absentem
2998 4869 3134 4924 sicut
3162 4877 3485 4940 prasentem
3517 4888 3638 4925 am-

2036 4958 2341 5029 plectimur,
2374 4967 2432 5012 ut
2460 4959 2564 5014 huc
2610 4959 2758 5013 nullo
2802 4959 2964 5013 modo
3006 4957 3269 5030 fatigeris,
3303 4959 3426 5031 quia
3473 4959 3638 5015 modo

2037 5056 2089 5102 te
2119 5048 2422 5103 nullatenus
2451 5048 2693 5119 recipere
2725 5063 3033 5118 possumus,
3067 5063 3168 5102 nec
3206 5054 3406 5103 tectum
3437 5048 3639 5121 aliquid

2038 5153 2182 5193 nunc
2213 5138 2485 5210 agendum
2514 5137 2630 5191 fore
2658 5151 2889 5191 necesse
2933 5144 3206 5207 putamus.
3257 5138 3393 5192 Cum
3437 5146 3638 5208 autem,

2041 5228 2156 5282 Deo
2181 5228 2416 5296 juvante,
2451 5227 2517 5279 ad
2548 5241 2713 5280 unam
2744 5225 3090 5281 concordiam
3133 5234 3184 5281 et
3213 5243 3373 5282 unam
3404 5227 3640 5299 quietem

2039 5315 2350 5386 reipublica
2380 5331 2542 5370 causa
2571 5315 2810 5383 redierit,
2842 5323 2894 5369 et
2922 5315 3031 5369 litis
3061 5313 3342 5389 ﬁgmenta,
3374 5333 3495 5388 qua
3516 5324 3642 5371 tan-

2043 5421 2203 5476 quam
2235 5404 2370 5458 telas
2398 5419 2720 5459 aranearum
2757 5412 3010 5476 putamus
3053 5414 3243 5462 contra
3286 5405 3642 5478 Augustalem

2041 5493 2375 5563 majestatem
2403 5493 2613 5564 oborta,
2647 5493 2822 5567 sopita
2851 5495 3172 5563 exstiterint,
3206 5509 3306 5551 nos
3347 5501 3400 5550 et
3440 5493 3641 5550 nobili-
