4160 6310
540 168 644 222 ’743

542 385 828 441 utilitatem
855 387 1132 457 pertinere
1157 383 1593 455 cognoverimus,
1611 392 1792 440 tecum
1812 391 1865 439 et
1884 392 2134 452 tractare,

541 480 593 528 et
622 482 807 545 utpote
834 490 962 531 cum
988 482 1151 529 tanta
1179 472 1478 543 prudentia
1507 471 1625 528 viro
1644 488 1909 545 peragere
1930 489 2142 527 summa

539 560 828 618 dilectione
876 562 1202 619 curabimus.
1246 563 1418 616 Antea
1465 568 1648 616 autem
1694 561 1843 616 nullo
1879 561 2043 617 modo
2086 568 2139 615 te

532 650 721 707 venire
748 658 983 722 oportet,
1018 650 1146 721 quia
1192 649 1344 704 nullo
1391 649 1554 705 modo
1598 657 1670 715 te,
1707 649 1845 705 sicut
1881 649 2136 719 diximus,

533 739 803 811 recipere,
837 738 911 793 ﬁli
941 738 1284 805 charissime,
1318 753 1632 809 possumus.
1664 738 1804 792 Data
1832 752 1916 791 xu
1943 737 2141 793 Kalen-

535 826 633 881 das
661 826 1022 893 Novembris,
1055 825 1349 882 indictione
1380 841 1461 880 xx.

1250 958 1417 1013 XCII.

790 1068 863 1110 AD
901 1068 1173 1110 WIDONEH
1212 1069 1521 1110 BPISCOPUM
1557 1068 1888 1110 INIVENSEI.

1160 1152 1338 1220 (Anno
1369 1149 1518 1222 877.)

542 1240 786 1299 Causam
814 1238 1118 1297 Leontardi
1144 1238 1460 1311 cujusdam,
1493 1240 1589 1311 qui
1618 1238 1987 1295 homicidium
2009 1255 2139 1311 cum

612 1313 745 1368 aliis
760 1311 1137 1382 commiserat,
1157 1310 1211 1365 ei
1222 1311 1441 1380 delegat
1457 1326 1483 1377 ;·
1501 1310 1780 1376 hortatur,
1797 1314 1864 1364 ut
1873 1310 2139 1382 quoniam

606 1383 999 1455 gravissimam
1027 1381 1119 1435 illi
1137 1384 1310 1455 antea
1320 1382 1718 1455 paenitentiam
1737 1380 2134 1448 constituerat,

604 1452 767 1509 modo
795 1453 1058 1507 leviorem
1085 1452 1420 1507 constituat.

604 1540 840 1596 Wmoru
870 1538 1129 1610 episcOpo
1168 1538 1425 1593 Inivensi.
1456 1574 1461 1577 τ

1779 169 2078 229 JOANNIS
2132 170 2329 229 ΡΛΡΛΕ
2375 172 2521 229 VIII.

540 303 704 352 tatem
732 304 877 353 tuam
924 295 1266 367 recipiemus,
1299 301 1351 350 et
1399 308 1466 351 ea
1508 310 1629 366 qua
1674 295 1747 350 ad
1793 310 2139 352 communem
2157 297 2215 360 A

3736 186 3849 243 ’τιτι

2935 300 3127 357 XCIII.

2604 399 2679 440 an
2715 400 3173 446 caaonoumu
3209 407 3396 449 manu
3422 401 3467 450 ³.

2858 478 3036 547 (Anno
3076 479 3226 551 877.)

2238 560 2399 644 Dolet
2417 560 2483 617 de
2504 562 2688 644 Caroli
2703 565 3064 644 impera_tor_is
3092 568 3266 644 obitu,
3309 570 3573 644 hortatur
3590 576 3677 644 ut
3698 590 3839 644 pro-

2307 633 2483 714 missa
2499 649 2601 704 pro
2618 633 2879 714 Romana:
2895 638 3157 714 Ecclesia
3171 633 3445 714 dignitate
3456 633 3736 714 impleat}
3762 645 3841 699 lc-

2308 705 2466 792 gatos
2484 706 2869 792 semissqu
2879 708 3214 792 pollicetur:
3229 705 3620 792 ejusprecitius
3643 714 3837 792 Theot-

2308 788 2467 856 maro
2484 775 2896 856 archiepiscopo
2910 778 3157 848 pallium
3177 775 3401 856 mittit}
3422 798 3586 856 quem
3609 789 3838 856 aposto-

2309 842 2432 923 licae
2477 843 2625 899 sedis
2670 842 3076 923 reditusfquos
3104 850 3253 923 apud
3287 842 3606 923 Bajoariam
3644 842 3835 921 habet,

2309 913 2538 969 Romam
2570 918 2882 971 annuatim
2913 913 3307 977 transmittere
3316 913 3498 993 jubet.

2309 999 2752 1058 ΟΑιιοιοιίΑΝΝο.

2308 1088 2569 1158 Apicibus
2616 1089 2802 1163 igitur,
2852 1092 3093 1165 gloriose
3136 1094 3240 1167 ﬁli,
3288 1104 3484 1154 vestra
3528 1098 3840 1157 dilectionis

2238 1176 2508 1248 susceptis
2535 1193 2657 1233 cum
2685 1188 2836 1250 parte
2878 1183 3274 1253 gratulationis,
3320 1194 3504 1242 vestra
3548 1188 3841 1245 incolumi-

2238 1270 2345 1320 tate
2382 1267 2869 1340 prosperitatisque
2916 1286 3214 1339 successu;
3268 1274 3448 1329 Caroli
3490 1260 3841 1347 imperatoris

2236 1358 2413 1406 morte
2462 1353 2683 1424 audita,
2744 1356 2911 1412 nimio
2969 1357 3199 1416 tristitia
3262 1359 3433 1417 fateor
3483 1379 3719 1419 maerore
3772 1382 3842 1421 ex

2236 1439 2405 1495 latere
2435 1457 2623 1497 sumus
2648 1443 2813 1498 attriti
2843 1445 2941 1501 sed
2970 1446 3147 1503 subito
3177 1448 3377 1505 undam
3404 1451 3603 1506 mentis
3635 1461 3843 1509 nostra

2237 1528 2564 1601 cogitatione
2592 1531 2660 1585 ad
2688 1532 2931 1588 divinum
2954 1534 3221 1604 judicium
3260 1537 3603 1610 aliquatenus
3632 1541 3840 1597 sustol-

606 1627 944 1685 Leontardus
971 1627 1188 1699 quidam
1217 1635 1324 1683 tua
1369 1626 1672 1683 diaceseos
1714 1627 1897 1694 homo,
1933 1625 2141 1698 singul.
2166 1614 2430 1708 Blentes,
2458 1616 2514 1672 in
2545 1616 2678 1708 illud
2736 1621 2980 1692 Apostoli
3026 1622 3386 1696 obstupefacti
3431 1627 3679 1699 cogimur
3706 1644 3845 1686 voce

533 1717 678 1772 tibus
714 1725 768 1772 et
804 1716 1012 1790 gemitu
1060 1715 1214 1771 tritus
1258 1724 1506 1772 sanctam
1550 1715 1736 1771 sedem
1783 1714 2137 1786 apostolicam

533 1813 588 1862 et
641 1813 883 1861 nostram
939 1803 1297 1859 humilitatem
1350 1803 1499 1871 adiit,
1560 1803 1806 1859 referens
1855 1820 1915 1858 se
1959 1803 2137 1874 primo

530 1894 747 1967 quidem
777 1893 1056 1949 homicidii
1100 1892 1359 1949 incidisse
1404 1900 1637 1959 reatum,
1684 1900 1737 1947 et
1781 1908 1813 1946 a
1857 1891 2138 1948 sanctitate

531 1990 622 2039 tua
649 1981 1023 2054 panitentiam
1052 1980 1353 2051 accepisse,
1386 1996 1547 2052 quam
1576 1988 1629 2035 et
1655 1980 1967 2053 peregerit;
2000 1987 2052 2035 et
2073 1995 2138 2035 ea

529 2078 771 2143 peracta,
806 2070 1215 2125 miserationem
1244 2077 1299 2123 et
1353 2067 1847 2125 reconciliationem
1878 2067 2138 2124 ecclesia-

532 2159 728 2216 sticam
758 2166 850 2215 tuo
872 2158 1079 2229 judicio
1109 2157 1492 2229 promeruerit.
1523 2158 1652 2213 Post
1680 2172 1812 2213 vero
1861 2173 1986 2213 cum
2016 2156 2138 2212 aliis

531 2247 647 2303 suis
677 2246 991 2304 concivibus
1021 2246 1289 2318 quosdam
1309 2245 1597 2316 pradones
1617 2245 1836 2316 publica
1857 2245 2138 2301 sanctione

522 2336 713 2407 jussus
745 2335 814 2390 sit
843 2334 1076 2407 insequi,
1108 2343 1165 2389 ut
1196 2334 1243 2389 si
1271 2349 1366 2389 eos
1394 2349 1591 2405 capere
1619 2334 1940 2404 potuissent,
1959 2333 2137 2389 modis

531 2424 785 2479 omnibus
814 2423 1124 2479 interimere
1144 2438 1256 2478 non
1274 2422 1640 2477 admitterent.
1664 2422 1861 2477 Contra
1880 2438 2019 2493 quos
2034 2421 2136 2479 iste

533 2528 660 2570 cum
685 2511 808 2567 aliis
837 2509 1215 2583 proﬁciscens,
1248 2510 1440 2565 asserit
1456 2510 1600 2582 quod
1621 2526 1730 2565 uno
1749 2526 1813 2565 ex
1827 2510 1933 2565 illis
1952 2519 2132 2581 capto,

532 2600 722 2657 oculos
752 2601 1244 2670 comprehensores
1274 2600 1391 2668 ejus
1420 2598 1680 2663 eruerint,
1705 2614 1772 2654 ac
1784 2614 1883 2669 per
1902 2600 2004 2653 hoc
2019 2598 2137 2669 ipse

528 2689 714 2761 prado
772 2688 1040 2744 nefandus
1096 2688 1261 2744 vitam
1318 2685 1533 2743 ﬁnierit.
1585 2688 1701 2743 Hoc
1747 2686 1928 2758 itaque
1971 2686 2132 2754 facto,

527 2776 790 2848 prafatus
838 2776 1178 2831 Leontardus
1217 2774 1593 2846 paenitentiam
1640 2783 2016 2846 suscepturus,
2066 2776 2136 2830 ad

526 2873 679 2920 tuam
723 2864 1068 2936 prasentiam
1124 2862 1351 2920 veniens
1373 2905 1387 2929 ,
1445 2863 1820 2932 hujuscemodi
1884 2863 2018 2918 dixit
2076 2879 2137 2919 se

534 2948 703 3005 fuisse
755 2956 849 3004 tuo
906 2947 1114 3018 judicio
1164 2947 1468 3017 judicatum
1518 2963 1531 3001 :
1583 2955 1829 3003 sanctam
1884 2946 2136 3004 videlicet

532 3036 973 3095 communionem
1029 3036 1135 3091 nisi
1172 3036 1244 3091 ad
1287 3036 1487 3092 exitum
1544 3036 1666 3091 vita
1696 3051 1805 3091 non
1848 3044 2138 3107 perceptu‘

528 3143 689 3195 rum;
730 3141 927 3182 carnes
958 3133 1010 3180 et
1037 3124 1243 3192 vinum,
1277 3124 1516 3196 exceptis
1547 3124 1737 3179 diebus
1768 3124 2067 3180 Dominicis
2087 3133 2139 3181 et

530 3222 847 3271 sanctorum
861 3212 1266 3283 festivitatibus,
1282 3230 1391 3268 non
1408 3220 1743 3284 sumpturum
1764 3231 1778 3278 ;
1802 3228 2016 3269 comam
2028 3227 2138 3268 non

529 3318 805 3369 rasuram,
837 3317 1064 3357 uxorem
1092 3318 1201 3357 non
1245 3309 1630 3372 accepturum;
1661 3317 1784 3357 cum
1823 3300 2137 3356 hominibus

522 3406 634 3447 non
660 3399 1105 3447 conversaturum
1129 3408 1143 3456 ;
1174 3389 1231 3444 in
1258 3388 1444 3445 cinere
1472 3397 1526 3445 et
1546 3388 1724 3446 cilicio
1754 3389 2089 3460 gemiturum
2120 3407 2135 3457 ;

527 3478 702 3536 servis
731 3479 1007 3551 rebusque
1055 3478 1167 3533 suis
1215 3494 1327 3533 non
1372 3477 1817 3545 dominaturum;
1866 3477 2138 3533 seniorem

526 3568 853 3625 beneﬁcium
908 3584 1020 3623 non
1075 3567 1405 3637 habiturum,
1459 3574 1513 3622 et
1563 3566 1686 3622 aliis
1739 3566 1826 3622 his
1874 3566 2139 3622 similibus

528 3656 671 3713 forte
698 3656 945 3712 fruendis
974 3672 1085 3712 non
1117 3655 1428 3711 fruiturum.
1460 3654 1596 3723 Qua
1624 3654 1806 3710 omnia
1833 3655 2137 3721 audientes,

529 3752 587 3801 et
606 3744 797 3799 intimo
825 3743 994 3800 corde
1021 3751 1338 3815 pensantes,
1369 3743 1673 3799 invenimus
1695 3743 1900 3814 aliquid
1920 3742 2141 3815 gravius

528 3840 584 3888 te
615 3848 782 3904 quam
834 3831 1089 3903 expediit,
1143 3831 1189 3886 si
1232 3832 1306 3886 ita
1348 3839 1449 3897 est,
1495 3830 1794 3900 judicasse.
1846 3831 2016 3901 Hujus
2063 3830 2144 3887 rei

525 3921 704 3994 gratia
751 3936 911 3976 omne
953 3920 1115 3990 hujus
1157 3919 1420 3989 judicium
1462 3919 1560 3975 tibi
1606 3919 1943 3989 dimittimus,
1989 3928 2043 3975 et
2085 3927 2141 3975 ut

527 4017 716 4066 nostra
745 4025 909 4081 super
937 4009 1043 4065 hoc
1071 4008 1191 4066 vice
1214 4008 1284 4064 ad
1304 4008 1579 4065 mitiorem
1599 4008 1654 4063 in
1673 4024 1738 4065 eo
1758 4007 2142 4081 proferandam

534 4097 879 4154 sentientiam
907 4097 1230 4169 perfruaris,
1262 4098 1440 4154 modis
1470 4098 1723 4154 omnibus
1742 4099 2094 4153 exhortamur
2124 4120 2139 4160 ε

533 4195 802 4260 quatenus
832 4202 934 4259 pro
964 4203 1151 4244 amore
1180 4187 1548 4259 apostolorum
1581 4195 1632 4243 et
1669 4195 1875 4258 nostro,
1906 4194 1958 4242 et
1985 4187 2143 4242 labo-

532 4292 648 4333 rem
699 4276 942 4344 itineris,
976 4285 1030 4333 et
1073 4277 1486 4348 lacrymabilem
1531 4276 1776 4347 pradicti
1815 4275 2006 4331 latoris
2054 4275 2144 4329 in-

2175 2999 2225 3062 C

2240 1720 2542 1776 erumpere,
2576 1707 2818 1763 dicentes
2851 1727 2865 1764 :
2901 1710 2941 1766 0
2986 1712 3337 1783 profundum
3368 1714 3700 1772 divitian
3740 1734 3841 1774 sa—

2233 1792 2470 1863 pientia
2480 1797 2537 1849 et
2547 1797 2803 1852 scientia:
2812 1800 2911 1854 Dei
2924 1804 3122 1871 lquam
3133 1802 3532 1860 inscrutabilia
3542 1809 3681 1861 sunt
3681 1807 3715 1878 j
3718 1806 3840 1863 udi-

2239 1881 2329 1936 cia
2346 1882 2486 1953 ejus,
2510 1886 2567 1938 et
2585 1885 3001 1957 investigabiles
3024 1890 3127 1943 via:
3147 1890 3269 1960 ejus
3291 1896 3311 1946 !
3328 1890 3461 1958 Quis
3472 1893 3626 1948 enim
3645 1910 3844 1966 cogno-

2238 1970 2322 2023 vit
2350 1985 2581 2026 sensum
2600 1973 2861 2030 Domini?
2880 1980 2984 2031 aut
3002 1978 3126 2049 quis
3143 1980 3505 2036 consiliarius
3525 1983 3647 2053 ejus
3673 1985 3793 2053 fuit
3813 1984 3845 2039 7

2240 2056 2415 2125 (Rom.
2454 2059 2563 2130 x1.)
2610 2059 2767 2128 Quod
2805 2062 3010 2120 idcirco
3066 2064 3296 2121 dicimus
3338 2076 3603 2139 quatenus
3649 2070 3845 2127 sedula

2237 2145 2414 2200 cordis
2462 2148 2741 2205 meditatio
2784 2150 3036 2209 humanae
3089 2153 3390 2227 fragilitatis
3435 2155 3491 2211 in
3554 2157 3659 2214 hoc
3704 2159 3845 2214 mari

2238 2248 2440 2306 magno
2469 2251 2691 2292 cursum
2728 2237 2852 2295 vita
2898 2239 3164 2296 instabilis
3211 2242 3409 2299 intueri
3452 2260 3562 2300 non
3610 2246 3845 2302 desinati

2238 2329 2400 2393 atque
2453 2323 2524 2378 ad
2580 2341 2643 2380 ea
2697 2327 2895 2398 gaudia
2924 2345 3045 2399 qua
3084 2338 3209 2384 sunt
3254 2329 3362 2386 ﬁxa
3409 2340 3463 2387 et
3516 2332 3841 2402 immobilia,

2237 2418 2424 2465 nostra
2451 2412 2609 2479 actio,
2642 2415 2822 2487 gratia
2850 2416 3049 2472 Christi
3078 2418 3234 2488 duce,
3276 2419 3535 2477 anhelare
3582 2430 3838 2479 contenta

2238 2497 2395 2553 bonis
2439 2501 2697 2571 operibus
2741 2518 3020 2576 nunquam
3062 2506 3308 2562 desistat.
3366 2509 3447 2564 De
3494 2525 3660 2565 causa
3708 2527 3842 2568 sane

2236 2587 2405 2642 vestri
2428 2588 2499 2643 ad
2528 2606 2629 2645 nos
2658 2591 2943 2664 adventus,
2977 2602 3269 2668 vestraque
3298 2596 3683 2653 sublimissima
3710 2614 3842 2670 pro-

2236 2673 2515 2744 missione,
2549 2679 2804 2737 Romana
2832 2682 3097 2738 Ecclesia
3136 2700 3298 2755 supra
3340 2700 3529 2742 omnes
3576 2687 3668 2759 qui
3715 2687 3840 2745 fue-

2238 2770 2361 2816 runt
2391 2774 2514 2821 ante
2543 2783 2663 2838 vos,
2699 2768 2945 2837 ejusdem
2973 2770 3323 2840 exaltatione,
3364 2788 3489 2829 cum
3523 2775 3628 2831 hoc
3675 2792 3847 2847 opere

2238 2852 2451 2923 comple
2481 2855 2651 2923 eritis,
2677 2857 2851 2913 aderit
2896 2858 2990 2914 ille
3037 2860 3205 2915 vestri
3244 2861 3559 2930 retributor,
3608 2864 3702 2936 qui
3748 2880 3853 2936 per

2236 2942 2674 2999 controversiam
2723 2945 3019 3015 juramenti
3080 2946 3411 3005 conﬁrmans
3451 2951 3704 3007 modulos
3749 2954 3850 3009 hu-

2246 3042 2418 3085 mana
2447 3031 2756 3100 locutionis,
2784 3034 2856 3089 ait
2889 3050 2901 3090 :
2949 3037 3068 3094 Vivo
3098 3040 3221 3109 ego,
3242 3037 3383 3094 dicit
3401 3041 3693 3110 Dominus,
3712 3043 3846 3114 quia

2235 3117 2618 3189 gloriﬁcantes
2649 3138 2739 3177 me
2765 3123 3082 3195 gloriﬁcabo
3106 3125 3156 3194 (Ι
3181 3129 3309 3198 Reg.
3342 3126 3424 3197 ιι).
3457 3128 3600 3184 Dum
3619 3145 3650 3183 a
3672 3128 3843 3185 collo-

2237 3206 2386 3288 quio,
2416 3215 2473 3263 ut
2499 3208 2697 3277 dicitis,
2731 3209 2959 3267 fratrum
2998 3221 3306 3269 vestrorum
3353 3214 3562 3271 fueritis
3608 3217 3838 3288 reversi,

2236 3286 2446 3366 legatos
2476 3314 2541 3352 ex
2570 3297 2742 3355 latere
2772 3308 2962 3356 nostro
2980 3301 3048 3355 ad
3069 3317 3166 3358 vos
3188 3302 3500 3359 solemniter
3518 3286 3836 3378 dirigemus.

2238 3398 2473 3457 cumque
2500 3386 2701 3459 pagina
2729 3387 3095 3459 capitulariter
3138 3391 3445 3448 continente
3492 3408 3558 3448 ea
3591 3410 3715 3465 qua
3741 3409 3840 3450 vos

2237 3473 2397 3527 matri
2424 3482 2621 3531 vestra
2650 3476 2905 3533 Romana
2932 3478 3195 3535 Ecclesia
3223 3489 3514 3553 vestroque
3541 3489 3836 3553 protector,

2238 3559 2396 3616 beato
2422 3562 2584 3618 Petro
2613 3565 2859 3635 apostolo
2878 3567 3260 3638 perpetualiter
3287 3568 3498 3624 debetis
3516 3570 3836 3627 concedere.

2240 3648 2451 3718 Quibus
2478 3652 2738 3723 peractis,
2779 3654 2997 3710 demum
3044 3671 3233 3712 rursus
3262 3657 3635 3713 ordinabiliter
3664 3666 3718 3715 et
3744 3659 3843 3714 ho-

2240 3736 2465 3794 noriﬁce
2504 3739 2796 3809 mittemus,
2831 3741 2922 3814 qui
2965 3759 3065 3799 vos
3111 3761 3235 3800 cum
3277 3753 3389 3801 tota
3436 3746 3703 3813 decentia,
3750 3755 3839 3802 ut-

2239 3834 2366 3897 pote
2396 3834 2603 3883 tantum
2632 3845 2823 3902 regem
2871 3830 2943 3885 ad
2990 3831 3177 3889 limina
3218 3833 3584 3905 apostolorum
3624 3835 3841 3892 ductare

2243 3916 2513 3983 studeant,
2546 3932 2761 3990 unaque
2809 3920 3188 3977 conveniente:
3242 3922 3311 3978 de
3360 3931 3502 3979 statu
3532 3923 3843 3995 reipublica

2242 4005 2513 4077 totiusque
2570 4005 2859 4063 Christiani
2929 4010 3114 4081 populi
3186 4010 3480 4067 salvatione
3556 4012 3845 4068 salubriter

2240 4098 2489 4160 tractare,
2540 4094 2656 4150 Deo
2711 4095 3024 4167 Opitulante,
3092 4115 3158 4156 ac
3213 4100 3466 4156 ordinare
3534 4101 3833 4157 valeamus.

2242 4181 2390 4237 Inter
2405 4198 2544 4254 qua,
2562 4200 2769 4255 quaso,
2793 4183 2868 4239 ﬁli
2880 4186 3215 4255 charissima,
3241 4204 3457 4260 quoque
3476 4187 3632 4261 [edit
3661 4193 3840 4258 Rom.,

2243 4270 2525 4344 quotquot]
2547 4271 2795 4329 inﬁdeles
2807 4282 3021 4330 nostros
3038 4284 3343 4348 nostraque
3359 4276 3483 4333 vita
3503 4277 3839 4347 insidiantes,

525 4364 823 4421 tentionem
844 4409 861 4433 ,
924 4364 1013 4421 vel
1065 4364 1394 4435 poenitentia
1458 4363 1874 4419 amaritudinem
1917 4362 2138 4419 omnino
2158 4359 2211 4420 D
2235 4361 2619 4432 quoquomodo
2646 4361 2735 4418 vel
2764 4362 3158 4434 signiﬁcatione
3187 4365 3436 4436 poteritis
3483 4382 3846 4440 cognoscere,

525 4453 904 4521 considerans,
940 4452 1123 4508 mitius
1155 4468 1281 4509 cum
1305 4467 1372 4507 eo
1410 4467 1575 4524 agere
1622 4467 1731 4506 non
1759 4452 2053 4521 detrectes,
2085 4459 2139 4507 et

527 4556 594 4597 eo
627 4541 775 4613 quod
804 4541 877 4596 ad
907 4548 1124 4596 sanctos
1156 4539 1437 4612 apostolos
1466 4538 1593 4595 fecit
1630 4538 1944 4611 confugium
1970 4540 2026 4593 in
2053 4539 2138 4594 his

526 4646 650 4701 qua
680 4629 992 4702 oportuerit,
1026 4646 1095 4684 ne
1126 4629 1289 4696 forte,
1322 4628 1377 4683 in
1425 4627 1864 4699 desperationem
1902 4628 2135 4695 labatur,

527 4718 781 4775 misereri
839 4718 986 4773 illius
1037 4733 1313 4790 nunquam
1370 4715 1622 4783 omittas;
1675 4716 1802 4787 quia
1850 4715 2135 4786 Dominus,

522 4805 663 4862 sicut
701 4823 802 4879 per
850 4807 1175 4878 prOphetam
1218 4805 1476 4877 loquitur,
1526 4804 1955 4861 misericordiam
2000 4806 2136 4877 vult,

525 4901 579 4949 et
632 4909 742 4950 non
800 4894 1129 4953 sacriﬁcium
1176 4894 1324 4961 (Ose.
1367 4896 1471 4965 vr).
1534 4894 1773 4966 Ideoque
1829 4910 2138 4963 monemus,

523 4997 784 5054 rogamus
830 4993 889 5039 ut
930 4982 1363 5039 misericordiam
1420 4983 1471 5039 ei
1518 4982 1819 5055 impendas,
1873 4992 2139 5057 quatenus

522 5071 593 5127 de
640 5070 981 5143 impensione
1036 5071 1429 5129 misericordia
1476 5072 1800 5141 audientes,
1864 5073 2140 5129 sanctitati

524 5168 631 5217 tua
659 5161 1009 5217 multimodas
1038 5162 1242 5234 gratias
1276 5160 1597 5218 referamus.
1631 5161 1897 5234 Optamus
1930 5162 2137 5218 sancti-

522 5256 694 5305 tatem
726 5257 876 5305 tuam
919 5250 975 5304 in
1023 5250 1238 5306 Christo
1285 5251 1426 5307 bene
1475 5251 1681 5308 valere.
1728 5252 1867 5307 Data
1911 5266 1973 5306 nr
2016 5250 2135 5306 Kal.

528 5337 881 5407 Novembris,
912 5338 1206 5397 indictione
1236 5354 1317 5394 ιι.

598 5471 623 5500 ι
647 5458 1032 5511 Carolomannus
1081 5459 1173 5510 fuit
1216 5456 1448 5510 Ludovici
1490 5458 1763 5511 Germania
1821 5459 1951 5522 regis
1985 5459 2131 5523 ﬁlius,

533 5537 594 5580 ac
622 5526 854 5579 Ludovici
898 5527 970 5578 Pii
1003 5527 1310 5590 imperatoris
1357 5538 1526 5591 nepos,
1590 5527 1651 5578 ad
1684 5537 1830 5589 quem
1851 5526 2034 5590 aliquot
2056 5526 2137 5577 in-

2237 4447 2447 4503 nullum
2476 4449 2616 4520 apud
2648 4465 2746 4506 vos
2775 4459 3097 4525 vestrosque
3139 4452 3331 4510 ﬁdeles
3374 4454 3588 4510 valeant
3632 4455 3842 4527 aliqua-

2240 4543 2395 4592 tenus
2448 4537 2627 4619 locum
2677 4539 2766 4595 vel
2820 4540 3027 4596 aditum
3081 4542 3343 4610 invenire,
3420 4559 3488 4598 ne
3543 4543 3844 4600 immumda

2239 4640 2431 4680 eorum
2477 4627 2768 4697 praesentia
2813 4628 2991 4701 aliqua
3037 4631 3297 4687 consortii
3359 4630 3573 4688 macula
3633 4633 3845 4705 regium

2240 4714 2457 4771 culmen
2510 4717 2802 4790 contagiet.
2861 4718 3092 4774 Pallium
3145 4736 3294 4788 vero,
3351 4728 3532 4777 vestra
3589 4722 3846 4792 petitione

2237 4802 2517 4873 inclinati,
2575 4804 2899 4863 Theotmaro
2944 4808 3359 4880 archiepiscopo
3418 4810 3845 4866 consuetudina-

2239 4890 2364 4946 liter
2420 4891 2741 4965 dirigentes,
2798 4904 3048 4967 Optamus
3102 4905 3161 4952 ut
3215 4897 3320 4954 hoc
3374 4897 3573 4954 decore
3616 4898 3846 4954 interius

2240 4978 2446 5052 fulgeat
2476 4981 2531 5035 in
2558 4983 2732 5039 oculis
2761 4983 2958 5040 interni
2999 4984 3217 5054 judicis,
3271 5002 3379 5057 quo
3427 4986 3562 5041 nitet
3606 4987 3845 5043 exterius

2239 5069 2490 5124 humanis
2538 5071 2834 5140 obtutibus,
2883 5074 3098 5146 cuique,
3164 5091 3370 5146 quaso,
3421 5075 3741 5133 committite
3784 5092 3848 5133 ea

2245 5173 2365 5228 qua
2393 5158 2537 5229 apud
2566 5161 2887 5233 Bagoariam
2921 5162 3112 5218 beatus
3132 5163 3325 5218 Petrus
3354 5164 3635 5235 apostolus
3665 5165 3846 5231 habet,

2240 5245 2318 5299 uti
2349 5247 2506 5302 nobis
2537 5250 2842 5305 annualiter
2888 5250 3094 5306 reditus
3122 5251 3240 5320 ejus
3286 5252 3512 5308 Romam
3560 5252 3849 5308 transmit-

2241 5341 2337 5389 tat.
2372 5335 2507 5392 Data
2535 5353 2726 5394 mense
2756 5338 3074 5407 Novembri,
3102 5338 3399 5397 indictione
3419 5356 3524 5396 xv.

2239 5462 2314 5530 ira
2339 5463 2623 5515 scribuntur
2665 5466 2901 5528 epistola,
2949 5470 2999 5516 et
3034 5464 3096 5516 de
3119 5478 3214 5529 quo
3238 5466 3343 5518 Ado
3386 5467 3437 5518 in
3482 5468 3581 5518 ﬁne
3598 5468 3827 5530 Chroni.,

2246 5528 2335 5581 lib.
2357 5543 2412 5593 ιι,
2453 5532 2637 5583 Chron.
2665 5545 2852 5597 corum,
2896 5533 3169 5597 Aimoinus,
3208 5532 3294 5585 lib.
3320 5548 3367 5585 v.
3413 5547 3459 5586 c.
3515 5534 3602 5599 28,
3636 5528 3839 5599 Regina.
