4160 6322
295 316 404 370 ’745

940 465 944 467 >
1014 439 1206 500 XCIV.

369 541 443 580 AD
473 539 856 583 THEOTHARUM
887 541 1366 588 ARCHIEPISCOPUM
1393 550 1820 590 JUVANNENSEM.

921 618 1101 688 (Anno
1135 621 1285 692 877.)

303 705 554 783 Pallium
565 706 618 760 ei
629 706 884 783 concedit
899 725 916 761 :
936 709 1173 783 mandat
1192 713 1255 783 ut
1275 712 1490 766 reditus
1503 729 1634 783 quos
1651 714 1900 767 Romana

331 775 580 830 Ecclesia
608 776 758 845 aput
790 778 1116 846 Bayozriim
1147 779 1327 843 habet,
1367 775 1597 836 Romam
1629 783 1849 840 mittat.

370 861 716 918 Tuaormno
747 865 1162 936 archiepiscopo
1191 869 1506 923 Juvanensi.

372 950 580 1006 Idcirco
628 958 773 1005 tuam
835 951 1224 1008 fraternitatem
1285 963 1436 1010 tanto
1501 955 1655 1027 pallii
1703 957 1898 1014 decore

302 1037 608 1093 studuimus
635 1039 922 1106 decorare,
955 1050 1034 1108 ut,
1087 1043 1299 1099 Christo
1334 1044 1655 1115 opitulante,
1689 1054 1742 1100 et
1771 1055 1896 1101 ante

301 1126 402 1182 Dei
423 1127 611 1182 oculos
631 1127 789 1182 bonis
811 1137 862 1183 et
893 1131 1096 1185 sanctis
1113 1131 1323 1186 actibus
1351 1133 1583 1202 polleas,
1615 1141 1666 1187 et.
1695 1142 1898 1189 sanctae

301 1213 559 1270 Romana:
588 1215 872 1284 Ecclesia},
905 1234 936 1271 a
967 1234 1072 1289 qua
1102 1227 1260 1288 potus
1291 1220 1539 1290 praeclari
1578 1221 1760 1291 poculi
1811 1238 1902 1276 su-

299 1302 425 1370 mis,
459 1304 687 1359 devotus
717 1321 936 1376 semper
965 1305 1140 1361 ﬁdelis
1165 1307 1386 1373 existas,
1435 1309 1554 1377 ejus
1585 1309 1639 1363 in
1663 1309 1900 1364 futurum

298 1389 522 1447 effectus
552 1391 847 1462 particeps,
880 1394 1032 1462 cujus
1059 1395 1236 1450 locata
1279 1397 1669 1467 perpetualiter
1700 1396 1900 1452 funda-

300 1478 500 1535 mentis
528 1480 792 1546 consistit,
829 1488 882 1535 et
912 1483 1056 1552 apud
1096 1483 1557 1540 Carolomannum
1586 1501 1776 1557 regem
1819 1485 1901 1540 di-

309 1567 514 1624 lectum
549 1567 715 1622 tilium
747 1577 994 1624 nostrum
1034 1571 1382 1641 quotidianus
1426 1573 1763 1628 interventor
1797 1589 1901 1644 pro

317 1655 560 1712 Romana
607 1657 852 1713 Ecclesia
895 1658 1179 1713 hortamur
1213 1660 1432 1714 existas.
1479 1661 1626 1716 Inter
1673 1661 1791 1717 haec
1840 1677 1904 1716 ea

1398 321 1752 378 EPISTOLE
1805 321 1898 378 ET
1951 318 2300 382 DECRETA.

3486 334 3593 392 ’748

1926 445 2131 509 Asicut
2159 449 2391 504 idoneus
2421 445 2522 506 Dei
2558 451 2802 507 minister
2845 465 3089 525 oppones
3129 463 3182 513 te
3227 465 3445 514 murum
3484 473 3590 531 pro

1998 537 2162 592 domo
2215 539 2424 592 Domini
2469 547 2522 594 et
2567 539 2682 595 zelo
2727 541 2874 596 illius
2921 559 3207 611 accensus,
3259 561 3370 602 non
3409 547 3589 604 solum

1999 627 2139 698 regi,
2163 627 2262 680 sed
2286 627 2539 682 omnibus
2553 628 2684 684 inea
2703 646 2964 700 perverse
2985 633 3186 703 aliquid
3209 650 3379 707 agere
3395 636 3590 692 volen-

1999 713 2162 779 tibus,
2206 723 2427 770 strenue
2470 717 2725 772 resistere
2765 733 2874 773 non
2916 721 3316 789 pratermittas,
3362 723 3592 780 honori-

2000 799 2167 857 ﬁcans
2220 802 2574 858 ministerium
2637 814 2807 870 tuum,
2856 808 3095 878 quandiu
3125 809 3310 864 divina
3363 811 3592 867 sinceris

1998 890 2272 946 voluntate
2302 907 2516 947 summo
2546 894 2852 950 sacerdotio
2884 893 3058 968 fungi,
3091 897 3458 970 populumque
3489 900 3594 956 Do-

2000 977 2130 1032 mini
2162 978 2258 1032 tibi
2301 980 2652 1035 commissum
2695 990 2897 1038 sancta
2942 983 3206 1040 doctrinm
3249 985 3450 1056 pabulo
3497 1002 3599 1058 pa-

2001 1081 2177 1131 scere,
2211 1068 2526 1123 sacerdotes
2557 1069 2762 1124 scilicet
2803 1078 2857 1125 et
2891 1071 3292 1128 ecclesiasticos
3338 1073 3486 1130 viros
3531 1089 3600 1131 ac

2002 1153 2253 1222 feminas,
2310 1171 2409 1210 nec
2441 1171 2549 1210 non
2595 1155 2790 1212 viduas
2835 1165 2889 1212 et
2937 1159 3400 1226 sanctimoniales,
3445 1161 3599 1231 juxta

2001 1241 2251 1296 ordinem
2272 1259 2430 1297 suum
2458 1258 2558 1314 pro
2570 1243 2778 1299 viribus
2810 1241 3006 1315 regei'e
3033 1247 3298 1318 tuerique,
3331 1257 3386 1303 ut
3416 1257 3602 1319 pastor

2001 1328 2233 1385 idoneus
2280 1345 2464 1386 coram
2511 1329 2740 1387 Domino
2778 1348 3038 1403 appareas
3094 1343 3350 1406 prompta
3416 1345 3600 1393 mente

2000 1433 2262 1487 procures
2295 1435 2308 1472 :
2340 1418 2593 1490 quoniam
2641 1435 2743 1475 nos
2791 1421 3102 1490 apostolica
3159 1422 3306 1478 sedis
3351 1424 3602 1495 apicibus

2001 1505 2297 1561 admonere
2326 1507 2708 1579 exhortarique
2737 1509 3052 1564 curavimus
3093 1526 3285 1583 regem
3331 1520 3596 1580 vestrum,

2001 1601 2058 1647 ut
2085 1593 2180 1647 tibi
2206 1610 2307 1664 pro
2335 1594 2464 1649 Jesu
2493 1595 2692 1650 Christi
2715 1596 2929 1652 Domini
2959 1597 3128 1654 nostri
3158 1614 3343 1655 amore
3386 1599 3440 1654 in
3480 1616 3599 1656 om-

2002 1680 2162 1736 nibus
2183 1698 2305 1752 quaa
2336 1691 2535 1738 sanctae
2557 1684 2818 1740 Ecclesiae
2847 1682 2942 1739 tibi
2965 1686 3272 1742 commissa
3318 1687 3606 1745 utiliasunt

304 1760 426 1816 quae
453 1745 644 1801 beatus
673 1747 859 1800 Petrus
907 1747 1188 1817 apostolus
1219 1749 1362 1818 apud
1391 1748 1760 1818 Bajoariorum
1790 1756 1903 1804 ter-

2007 1745 2271 1825 obediens
2301 1779 2354 1826 et
2380 1772 2596 1840 adjutor
2626 1773 2877 1838 devotus,
2905 1773 3044 1829 sicut
3069 1783 3445 1832 antecessores
3473 1791 3604 1833 suos

303 1835 551 1904 ramjure
580 1833 924 1905 pr0prietatis
963 1835 1226 1906 possidet,
1270 1843 1374 1892 tute
1420 1837 1697 1893 industriae
1744 1853 1905 1910 saga-

305 1921 986 1994 citatiquecommittimus,
1023 1931 1291 1995 quatenus
1321 1927 1520 1998 amodo
1552 1933 1606 1980 et
1634 1925 1905 1996 deinceps

303 2025 515 2067 annuos
553 2025 742 2066 eorum
770 2011 974 2066 reditus
1002 2012 1230 2068 Romam
1275 2013 1391 2069 sine
1429 2029 1588 2070 mora
1631 2013 1905 2069 transmit-

305 2106 410 2154 tas.
443 2099 581 2155 Data
609 2115 796 2156 mense
816 2099 1136 2167 Novembri,
1169 2101 1464 2159 indictione
1495 2117 1577 2157 xx.

1019 2207 1186 2262 XCV.

472 2311 546 2350 AD
566 2310 868 2352 EDEBEDUM
898 2310 1379 2352 ARCHIEPISCOPUM
1410 2311 1730 2352 ANGLORUM.

929 2383 1110 2454 (Anno
1141 2387 1290 2454 s77.)

306 2472 663 2544 Laudatcjus
681 2473 841 2544 pium
860 2489 992 2543 erga
1013 2472 1200 2528 sedem
1221 2475 1590 2544 apostolicam
1619 2475 1900 2540 animum,

381 2543 530 2598 dolet
564 2543 630 2599 de
657 2543 941 2616 adversis:
975 2549 1165 2597 monet
1179 2548 1242 2598 ut
1252 2543 1354 2616 pro
1392 2545 1643 2616 Ecclesia
1677 2547 1907 2614 fortiter

379 2626 438 2668 se
466 2618 657 2684 gerat,-
679 2613 927 2684 ostendit
953 2629 1160 2668 uxores
1195 2613 1311 2669 non
1348 2631 1467 2670 esse
1503 2613 1908 2681 dimittendas;

383 2683 626 2756 nuntiat
657 2699 715 2738 se
754 2683 826 2737 ad
861 2700 1046 2755 regem
1097 2686 1406 2756 scripsisse,
1458 2690 1524 2740 ut
1563 2687 1742 2740 debito
1778 2702 1907 2740 eum

385 2755 592 2828 (tonare
615 2775 633 2820 ;
658 2767 1034 2828 prosequatur
1046 2755 1270 2811 demum
1303 2758 1422 2828 ejus
1441 2757 1702 2811 Ecclesia:
1728 2757 1908 2828 privi-

388 2825 534 2896 legia
549 2825 867 2892 conﬁrmat.

385 2911 862 2968 Reverendissimo
914 2921 968 2968 et
1011 2913 1356 2968 sanctissimo
1403 2911 1664 2969 confratri
1725 2921 1910 2969 nostro

313 3003 584 3058 anm-mo
611 3001 1024 3090 archiepiscppo
1053 3002 1232 3073 gentis
1263 3001 1586 3075 Anglorum.

400 3089 610 3146 Vestris
633 3089 853 3146 relectis
881 3088 1129 3161 apicibus
1174 3097 1378 3162 quanta
1424 3107 1567 3146 verae
1612 3088 1914 3145 dilectionis

314 3188 369 3236 et
397 3178 718 3235 sinceritatis
759 3177 914 3246 ﬁdes,
961 3195 1066 3250 qua
1111 3179 1385 3234 Christum
1441 3179 1616 3233 Deum
1664 3185 1907 3232 vestrum

312 3267 732 3339 proximumque
784 3266 1026 3339 diligitis,
1087 3267 1142 3320 in
1189 3267 1348 3323 vobis
1384 3266 1647 3322 consistat
1708 3273 1760 3320 et
1821 3265 1911 3336 pia

313 3356 605 3412 devotione
635 3355 780 3412 circa
809 3356 997 3411 sedem
1027 3355 1380 3426 apostolicam
1410 3354 1640 3420 ferveat,
1675 3353 1910 3408 evidenti

315 3444 572 3500 duntaxat
599 3443 874 3500 intellectu
903 3443 1266 3515 perspicimus
1298 3462 1314 3511 ;
1347 3459 1472 3500 cum
1495 3458 1646 3498 more
1663 3449 1912 3498 anteces-

317 3549 502 3589 sorum
522 3540 844 3600 vestrorum,
878 3541 931 3587 et
960 3547 1156 3588 causas
1187 3540 1384 3588 vestrae
1404 3531 1669 3587 Ecclesia:
1712 3547 1912 3586 neces-

317 3622 494 3677 sarias
513 3629 698 3676 nostro
729 3621 1062 3692 praesulatui,
1098 3620 1251 3692 quasi
1291 3636 1390 3676 suo
1418 3619 1630 3676 doctori
1681 3617 1909 3686 referre,

317 3717 372 3764 et
400 3725 432 3764 a
460 3710 590 3765 sede
611 3709 908 3781 apostolica
937 3725 1100 3779 super
1129 3708 1456 3780 quibusdam
1505 3707 1618 3762 suis
1647 3723 1783 3778 quas
1819 3722 1915 3777 pa-

316 3799 446 3854 titur
487 3798 908 3854 adversitatibus
947 3797 1276 3862 consultum,
1327 3805 1380 3852 et
1413 3795 1750 3852 auctoritatis
1796 3812 1916 3850 mu-

320 3885 506 3943 nimen
532 3886 785 3957 accipere
813 3885 1084 3958 quaesistis
1115 3904 1130 3951 ;
1160 3885 1215 3939 in
1243 3901 1352 3956 qua
1381 3886 1528 3940 Deus
1571 3884 1915 3956 omnipotens

321 3974 487 4031 totius
514 3975 776 4032 Ecclesia:
803 3974 985 4045 posuit
1014 3973 1442 4028 fundamentum.
1493 3974 1562 4028 Et
1608 3972 1736 4044 quia
1783 3972 1916 4028 dura

323 4063 572 4136 quaedam
591 4063 646 4118 in
676 4062 962 4134 praesentis
984 4061 1167 4118 saeculi
1187 4063 1318 4124 vita,
1356 4078 1478 4132 quae
1507 4077 1637 4116 vere
1690 4059 1915 4116 tentatio

319 4161 404 4208 est
435 4168 594 4222 super
621 4159 842 4218 terram,
876 4150 1037 4222 positi
1067 4150 1305 4222 quotidie
1340 4148 1640 4214 sustinetis,
1671 4164 1782 4202 non
1828 4163 1917 4204 so-

324 4241 439 4295 lum
459 4227 650 4295 ﬂemus
679 4248 882 4305 nostra,
910 4256 1032 4311 quae
1071 4239 1316 4294 similiter
1339 4237 1592 4308 patimur,
1637 4236 1734 4290 sed
1779 4251 1916 4291 con-

322 4329 571 4384 dolemus
617 4336 671 4384 et
713 4328 889 4393 vobis,
945 4327 1092 4392 talia,
1145 4327 1282 4397 proh
1329 4323 1519 4380 dolori
1570 4323 1914 4394 patientibus,

323 4417 576 4489 quoniam
605 4417 754 4472 omni
776 4417 892 4486 jam
919 4415 1123 4470 mundo
1154 4415 1208 4468 in
1238 4413 1477 4485 maligno
1506 4411 1702 4482 posito,
1736 4411 1919 4466 multis

2006 1857 2282 1928 piissimos
2310 1875 2474 1930 reges
2503 1859 2826 1933 Anglorum,
2867 1870 3118 1918 narrante
3142 1863 3384 1930 historia,
3433 1863 3602 1922 fuisse

2003 1946 2320 2013 recolimus,
2354 1948 2586 2003 existere
2616 1965 2722 2004 non
2755 1950 3125 2020 praetermittat
3155 1970 3171 2017 ;
3207 1951 3252 2006 si
3287 1959 3340 2006 et
3371 1967 3602 2024 regnum

2003 2035 2106 2089 sibi
2135 2035 2506 2106 temporaliter
2534 2052 2856 2092 concessum
2888 2038 3122 2094 voluerit
3172 2039 3402 2096 retinere
3431 2057 3600 2098 secu-

2001 2139 2143 2188 rum,
2177 2131 2228 2178 et
2259 2123 2426 2178 vitam
2469 2125 2818 2195 postmodum
2861 2127 3014 2197 regni
3064 2127 3345 2198 percipere
3395 2127 3598 2200 sempi-

2002 2207 2160 2262 terni.
2195 2206 2290 2261 His
2319 2215 2501 2263 autem
2532 2224 2669 2279 quos
2697 2209 2900 2264 asseris
2939 2225 3138 2265 uxores
3167 2211 3418 2281 proprias
3466 2227 3604 2268 con-

2001 2301 2085 2350 tra
2111 2304 2446 2366 praeceptum
2465 2295 2682 2351 Domini
2710 2297 3040 2368 relinquere,
3056 2298 3402 2370 precipimus
3430 2315 3608 2373 neque

2001 2383 2178 2438 virum
2209 2385 2277 2438 ab
2307 2399 2474 2439 uxore
2504 2400 2682 2456 neque
2711 2400 2975 2440 uxorema
2993 2386 3133 2452 viro,
3171 2386 3276 2441 nisi
3305 2402 3468 2443 causa
3489 2387 3599 2444 for-

2002 2472 2291 2528 nicationis
2340 2473 2624 2528 discedere
2657 2491 2671 2528 :
2706 2474 2852 2544 quod
2910 2473 2957 2528 si
2999 2474 3071 2529 ob
3107 2475 3214 2530 hoc
3262 2475 3596 2544 discesserit,

2003 2575 2225 2615 manere
2254 2560 2537 2631 innuptum
2570 2561 2656 2616 vel
2686 2561 2984 2631 innuptam,
3016 2569 3110 2620 aut
3139 2562 3243 2618 sibi
3288 2571 3476 2620 mutuo
3504 2580 3600 2620 re-

2005 2648 2304 2712 conciliari,
2358 2649 2616 2719 quoniam
2664 2649 2881 2704 dicente
2941 2649 3174 2706 Domino
3207 2651 3388 2724 :quod
3449 2653 3598 2708 Deus

2004 2737 2334 2807 conjunxit,
2355 2736 2514 2792 homo
2540 2753 2655 2793 non
2683 2741 2907 2809 separet
2937 2737 3158 2806 (Matth.
3183 2743 3308 2808 xxx)
3333 2756 3348 2803 ;
3380 2747 3434 2793 et
3459 2739 3596 2796 ideo

2007 2839 2130 2880 cum
2161 2824 2394 2895 priorem
2425 2824 2666 2897 legitimo
2683 2825 2786 2879 sibi
2815 2825 3162 2880 matrimonio
3184 2825 3428 2894 junctam
3458 2826 3604 2898 quis-

2009 2928 2173 2984 quam
2213 2913 2469 2967 deserere
2512 2921 2744 2984 nequeat
2789 2913 2940 2967 nulla
2985 2913 3194 2969 ratione
3237 2913 3316 2968 illi
3373 2929 3604 2984 prorsus

2009 3000 2327 3056 conceditur
2355 3000 2538 3067 aliam,
2557 3000 2986 3072 viventepriore,
3003 3001 3312 3057 conducere
3345 3020 3358 3067 ;
3391 3001 3598 3072 quodsi

2011 3087 2219 3156 fecerit,
2253 3095 2308 3142 et
2335 3103 2440 3142 non
2463 3088 2760 3142 emendare
2792 3088 2892 3142 sub
2921 3086 3292 3144 satisfactione
3308 3089 3598 3158 studuerit,

2013 3177 2082 3232 ab
2111 3176 2375 3231 Ecclesia:
2402 3176 2674 3230 consortio
2690 3184 2908 3230 maneat
2935 3185 3237 3246 separatus.
3275 3175 3382 3232 Sed
3421 3192 3600 3250 neque

2011 3265 2079 3319 de
2108 3263 2330 3334 propria
2357 3265 2681 3336 cognatione
2709 3263 3007 3318 secundum
3043 3264 3215 3320 sancti
3243 3263 3600 3334 prmcessoris

2011 3352 2182 3407 nostri
2213 3351 2462 3424 Gregorii
2483 3351 2722 3408 doctoris
2749 3351 2930 3424 gentis
2963 3360 3158 3408 vestrm
3184 3351 3458 3408 decretale
3490 3360 3604 3406 sta-

2012 3443 2178 3490 tutum
2209 3436 2327 3504 (lib.
2347 3449 2490 3500 xxu,
2515 3436 2679 3507 epist.
2713 3437 2804 3503 3t)
2835 3435 3090 3506 cuiquam
3121 3435 3322 3491 ducere
3367 3435 3603 3506 permit-

2011 3531 2113 3578 tas.
2143 3523 2257 3578 Nos
2285 3538 2521 3594 namque
2543 3523 2689 3578 sedis
2719 3531 2825 3578 tua:
2872 3523 3236 3594 privilegium,
3285 3539 3447 3594 quam
3481 3523 3605 3578 vice

2014 3611 2157 3667 beati
2204 3611 2490 3682 Augustini
2534 3627 2566 3666 a
2609 3620 2798 3666 sancto
2842 3611 3111 3682 Gregorio
3157 3625 3260 3681 pro
3310 3610 3604 3666 multorum

2013 3696 2185 3750 salute
2233 3703 2286 3750 et
2325 3695 2684 3750 conversione
2730 3694 2858 3750 illuc
2899 3693 3095 3750 directi
3136 3694 3305 3767 regis,
3346 3693 3607 3749 illibatum

2014 3784 2109 3838 tibi
2136 3783 2385 3839 volumus
2400 3783 2588 3854 procul
2618 3783 2784 3838 dubio
2813 3769 3166 3848 conservare,
3198 3791 3253 3838 et
3292 3791 3351 3838 ut
3395 3782 3466 3838 ab
3485 3797 3606 3837 om-

2015 3872 2174 3927 nibus
2201 3871 2506 3938 ordinibus,
2537 3879 2644 3928 tam
2689 3870 3078 3928 ecclesiasticis
3127 3887 3290 3944 quam
3335 3868 3609 3928 saeculari-

2014 3960 2137 4028 bus,
2187 3961 2522 4016 custodiatur
2569 3959 2623 4014 in
2687 3967 3030 4030 perpetuum.
3088 3959 3389 4016 secundum
3435 3959 3609 4030 ipsius

2016 4049 2190 4105 sancti
2219 4047 2576 4119 przecessoris
2605 4048 2777 4103 nostri
2801 4047 3054 4119 Gregorii
3088 4046 3258 4119 [forte
3303 4048 3458 4104 deest
3491 4053 3608 4102 sta-

2016 4153 2208 4209 tutum,
2223 4145 2471 4216 autquid
2493 4141 2700 4214 simile]
2717 4143 2869 4208 cujus
2889 4141 3171 4213 sapientiae
3203 4141 3386 4197 radius
3414 4141 3608 4198 Eccle-

2017 4233 2154 4288 siam
2185 4232 2380 4287 Christi
2409 4247 2506 4300 per
2529 4231 2721 4285 orbem
2751 4228 3002 4284 diffusam
3035 4229 3278 4296 irradiat,
3329 4228 3607 4286 sancimus

2016 4323 2178 4387 atque
2206 4315 2572 4386 praeeipimus.
2595 4314 2666 4368 Et
2683 4313 2947 4385 quidquid
2975 4311 3190 4368 adversi
3223 4328 3254 4366 a
3283 4326 3608 4384 quocunque

2017 4403 2236 4459 homine
2256 4403 2324 4457 de
2355 4411 2505 4473 parte
2543 4410 2634 4457 tua
2671 4401 2832 4457 nobis
2861 4399 3016 4456 fuerit
3046 4388 3297 4468 relatum,
3344 4408 3470 4456 ante
3514 4415 3606 4455 ve-

315 4487 523 4578 ubique
545 4504 866 4562 adversariis
894 4503 1160 4559 adversus
1191 4501 1391 4557 Christi
1422 4500 1650 4555 famulos
1680 4499 1916 4554 existen—
1944 4489 1998 4551 D
2020 4509 2134 4546 ram
2162 4491 2531 4562 cognitionem
2559 4490 2870 4546 nullatenus
2899 4489 3178 4545 credimus
3202 4508 3218 4556 ;
3249 4487 3379 4578 quin
3425 4487 3606 4578 potius

324 4593 492 4664 tibus,
525 4602 726 4666 quanto
759 4593 1020 4659 majores,
1053 4599 1104 4647 et
1142 4607 1306 4662 supra
1349 4589 1570 4645 modum
1613 4587 1916 4643 crebriores

323 4683 650 4740 tentationes
692 4681 934 4754 quotidie
991 4679 1359 4736 imminuerint
1407 4679 1553 4735 circa
1617 4692 1739 4746 nos,
1772 4684 1918 4731 tanto

325 4771 525 4828 Christi
565 4769 890 4827 fretisolatio
921 4768 1251 4825 valentiores
1264 4783 1387 4824 esse
1416 4767 1700 4831 debemus;
1731 4772 1919 4820 nostra

327 4873 492 4918 sacra
517 4867 772 4916 narrante
791 4859 965 4914 serie:
991 4860 1196 4914 Beatus
1218 4859 1304 4913 vir
1315 4859 1410 4928 qui
1430 4855 1632 4926 suffert
1651 4855 1919 4910 tentatio-

330 4966 485 5014 nem,
509 4950 774 5020 quoniam
793 4965 926 5004 cum
959 4947 1224 5018 probatus
1262 4944 1462 5016 fuerit,
1487 4944 1731 5016 accipiet
1759 4957 1917 4999 coro-

323 5055 465 5094 nam
475 5040 622 5104 vitae,
647 5054 816 5110 quam
831 5037 1091 5108 promisit
1108 5037 1253 5090 Deus
1269 5033 1629 5104 diligentibus
1645 5048 1703 5087 se
1725 5051 1744 5098 ;
1767 5032 1917 5102 ipse-

327 5143 434 5198 que
455 5128 600 5183 Deus
615 5125 938 5182 benedictus
959 5125 1023 5179 in
1043 5124 1268 5188 saecula,
1290 5123 1384 5194 qui
1401 5134 1517 5176 non
1545 5121 1801 5192 patietur
1818 5134 1919 5174 nos

332 5217 548 5271 tentari
566 5230 741 5286 supra
761 5214 818 5270 id
833 5213 975 5286 quod
989 5227 1282 5284 possumus
1304 5210 1446 5279 (Jac.
1471 5209 1531 5277 ι),
1553 5207 1768 5263 dicente
1782 5209 1920 5276 Apo-

333 5305 478 5359 stolo
495 5320 510 5357 :
526 5304 620 5359 sed
638 5303 814 5376 faciet
834 5319 965 5358 cum
983 5301 1300 5356 tentatione
1318 5300 1676 5369 proventum,
1709 5299 1774 5351 ut
1791 5311 1920 5367 pos-

327 5393 510 5449 simus
528 5392 810 5448 sustinere
847 5390 898 5460 (Ι
927 5391 1046 5446 Cor.
1072 5389 1154 5457 x).
1187 5387 1301 5442 Nos
1331 5393 1514 5440 tamen
1542 5399 1642 5456 pro
1673 5383 1920 5438 instantis

331 5479 592 5552 temporis
615 5478 938 5536 necessitate
964 5479 1244 5533 hortamur
1289 5482 1344 5530 et.
1386 5489 1671 5529 monemus
1717 5471 1920 5528 frater-

331 5569 560 5625 nitatem
586 5575 829 5626 vestram
846 5574 924 5636 ut,
955 5565 1102 5622 omni
1133 5562 1318 5621 saeculi
1355 5561 1550 5620 timore
1595 5560 1918 5634 postposito,

557 5683 794 5738 ΡΑτιιοι..
827 5679 1070 5736 CXXVI.

2014 4579 2180 4636 etiam
2211 4595 2398 4652 regem
2425 4587 2667 4634 vestrum
2709 4578 3110 4645 admonuimus,
3142 4586 3200 4633 ut
3252 4577 3476 4650 dignum
3507 4575 3606 4632 bo-

2015 4685 2203 4725 norem
2246 4668 2340 4722 tibi
2383 4683 2482 4738 pro
2523 4683 2710 4723 amore
2751 4667 2881 4722 Jesu
2927 4665 3125 4722 Christi
3170 4664 3388 4721 Domini
3433 4661 3606 4719 nostri

2015 4757 2314 4828 impendat,
2357 4764 2410 4812 et
2437 4755 2620 4812 omnia
2639 4753 2912 4826 privilegii
2943 4753 3020 4808 tui
3040 4753 3168 4822 jura
3212 4760 3472 4823 perpetua
3501 4759 3610 4806 sta-

2015 4845 2223 4901 bilitate
2253 4852 2304 4900 et
2335 4859 2664 4901 conservare
2691 4859 2755 4900 ac
2783 4841 3103 4897 indimiunta
3164 4839 3442 4896 custodire
3483 4853 3612 4910 pro-

2017 4942 2187 4999 curet,
2223 4933 2267 4986 si
2295 4933 2523 5004 gratiam
2553 4940 2606 4987 et
2634 4929 3066 4986 benedictionem
3096 4927 3244 4983 sedis
3273 4926 3608 4998 apostolicae,

2017 5021 2158 5077 sicut
2203 5029 2582 5076 antecessores
2619 5020 2736 5088 ejus
2782 5017 2922 5073 bene
2958 5015 3205 5072 faciendo
3248 5015 3450 5071 habere
3487 5029 3610 5072 me-

2018 5117 2264 5177 ruerunt,
2296 5110 2414 5181 pari
2443 5109 2607 5164 modo
2655 5107 2885 5163 voluerit
2939 5105 3043 5160 iste
3071 5104 3296 5161 habere.
3351 5104 3494 5184 Data
3537 5107 3606 5162 ut

2018 5215 2210 5272 supra.

2712 5299 2903 5356 XCVI.

2179 5406 2252 5446 Αι)
2272 5404 2630 5446 numerum
2661 5403 2968 5444 EPISCOPUM
2996 5402 3450 5446 NEAPOLITANUI.

2633 5479 2815 5547 (Anno
2845 5476 2998 5549 877.)

2023 5568 2389 5626 Commendat
2417 5567 2604 5624 solm
2641 5566 2778 5634 ﬁdei
2803 5582 2970 5640 quem
2991 5565 3314 5624 ostenderat
3342 5566 3610 5650 adversus

3188 5677 3259 5731 ιι
